  <div class='ocr_page' id='page_1' title='image "/cluster/home/n/w/nwhite01/storage/ocr_20150623/11/mdp.39015013266690/824.png"; bbox 0 0 3972 6160; ppageno 0'>
   <div class='ocr_carea' id='block_1_1' title="bbox 307 341 449 397">
    <p class='ocr_par' dir='ltr' id='par_1_1' title="bbox 307 341 449 397">
     <span class='ocr_line' id='line_1_1' title="bbox 307 341 449 397; baseline -0.021 0"><span class='ocrx_word' id='word_1_1' title='bbox 307 341 449 397; x_wconf 76' lang='grc'>1597</span> 
     </span>
    </p>
   </div>
   <div class='ocr_carea' id='block_1_2' title="bbox 1478 337 2406 398">
    <p class='ocr_par' dir='ltr' id='par_1_2' title="bbox 1478 337 2406 398">
     <span class='ocr_line' id='line_1_2' title="bbox 1478 337 2406 398; baseline 0.003 -4"><span class='ocrx_word' id='word_1_2' title='bbox 1478 337 1752 394; x_wconf 70' lang='lat' dir='ltr'><strong>CONTRA</strong></span> <span class='ocrx_word' id='word_1_3' title='bbox 1791 341 2066 398; x_wconf 68' lang='grc' dir='ltr'>σηεοΜ</span> <span class='ocrx_word' id='word_1_4' title='bbox 2107 343 2233 398; x_wconf 84' lang='lat' dir='ltr'><strong>LIB.</strong></span> <span class='ocrx_word' id='word_1_5' title='bbox 2275 344 2406 398; x_wconf 71' lang='lat' dir='ltr'><strong>Vill.</strong></span> 
     </span>
    </p>
   </div>
   <div class='ocr_carea' id='block_1_3' title="bbox 3423 355 3561 411">
    <p class='ocr_par' dir='ltr' id='par_1_3' title="bbox 3423 355 3561 411">
     <span class='ocr_line' id='line_1_3' title="bbox 3423 355 3561 411; baseline 0.022 -3"><span class='ocrx_word' id='word_1_6' title='bbox 3423 356 3446 408; x_wconf 75' lang='grc'><strong>1</strong></span> <span class='ocrx_word' id='word_1_7' title='bbox 3459 355 3561 411; x_wconf 81' lang='lat'><strong>598</strong></span> 
     </span>
    </p>
   </div>
   <div class='ocr_carea' id='block_1_4' title="bbox 297 452 1861 536">
    <p class='ocr_par' dir='ltr' id='par_1_4' title="bbox 297 452 1861 524">
     <span class='ocr_line' id='line_1_4' title="bbox 297 452 1861 524; baseline -0.003 -13"><span class='ocrx_word' id='word_1_8' title='bbox 297 455 528 510; x_wconf 84' lang='grc' dir='ltr'>στιανῶν</span> <span class='ocrx_word' id='word_1_9' title='bbox 580 453 724 522; x_wconf 82' lang='grc' dir='ltr'>λόγῳ</span> <span class='ocrx_word' id='word_1_10' title='bbox 771 452 1132 523; x_wconf 72' lang='grc' dir='ltr'>αἱρετώτερόν</span> <span class='ocrx_word' id='word_1_11' title='bbox 1185 453 1300 504; x_wconf 76' lang='grc' dir='ltr'>ἐστι</span> <span class='ocrx_word' id='word_1_12' title='bbox 1366 452 1468 506; x_wconf 78' lang='grc' dir='ltr'><strong>κᾶν</strong></span> <span class='ocrx_word' id='word_1_13' title='bbox 1525 454 1861 524; x_wconf 71' lang='grc' dir='ltr'>ἀμφιϐάλλει</span> 
     </span>
    </p>
   </div>
   <div class='ocr_carea' id='block_1_5' title="bbox 1976 452 3562 536">
    <p class='ocr_par' dir='ltr' id='par_1_5' title="bbox 1991 457 3562 536">
     <span class='ocr_line' id='line_1_5' title="bbox 1991 457 3562 536; baseline 0.01 -25"><span class='ocrx_word' id='word_1_14' title='bbox 1991 458 2117 511; x_wconf 88' lang='lat' dir='ltr'><strong>bant</strong></span> <span class='ocrx_word' id='word_1_15' title='bbox 2141 460 2552 528; x_wconf 74' lang='lat' dir='ltr'><strong>argumentandi</strong></span> <span class='ocrx_word' id='word_1_16' title='bbox 2575 457 3121 531; x_wconf 73' lang='lat' dir='ltr'><strong>generibus,quorum</strong></span> <span class='ocrx_word' id='word_1_17' title='bbox 3137 463 3318 536; x_wconf 87' lang='lat' dir='ltr'><strong>aliquo</strong></span> <span class='ocrx_word' id='word_1_18' title='bbox 3336 475 3562 525; x_wconf 88' lang='lat' dir='ltr'><strong>utuntur</strong></span> 
     </span>
    </p>
   </div>
   <div class='ocr_carea' id='block_1_6' title="bbox 265 540 1877 616">
    <p class='ocr_par' dir='ltr' id='par_1_6' title="bbox 265 540 1877 616">
     <span class='ocr_line' id='line_1_6' title="bbox 265 540 1877 616; baseline -0.001 -17"><span class='ocrx_word' id='word_1_19' title='bbox 265 545 422 616; x_wconf 75' lang='grc' dir='ltr'>-περὶ</span> <span class='ocrx_word' id='word_1_20' title='bbox 455 542 634 596; x_wconf 80' lang='grc' dir='ltr'>αὐτῶν</span> <span class='ocrx_word' id='word_1_21' title='bbox 659 559 670 571; x_wconf 93' lang='grc'>·</span> <span class='ocrx_word' id='word_1_22' title='bbox 705 541 798 594; x_wconf 75' lang='grc' dir='ltr'><strong>καὶ</strong></span> <span class='ocrx_word' id='word_1_23' title='bbox 831 541 905 611; x_wconf 83' lang='grc' dir='ltr'><strong>μὴ</strong></span> <span class='ocrx_word' id='word_1_24' title='bbox 939 540 1080 592; x_wconf 79' lang='grc' dir='ltr'>οὕτω</span> <span class='ocrx_word' id='word_1_25' title='bbox 1113 540 1355 611; x_wconf 80' lang='grc' dir='ltr'><strong>θρασέως</strong></span> <span class='ocrx_word' id='word_1_26' title='bbox 1397 541 1574 609; x_wconf 87' lang='grc' dir='ltr'>λέγειν</span> <span class='ocrx_word' id='word_1_27' title='bbox 1624 545 1749 614; x_wconf 82' lang='grc' dir='ltr'>περὶ</span> <span class='ocrx_word' id='word_1_28' title='bbox 1783 545 1877 598; x_wconf 92' lang='grc' dir='ltr'><strong>τοῦ</strong></span> 
     </span>
    </p>
   </div>
   <div class='ocr_carea' id='block_1_7' title="bbox 305 629 1878 703">
    <p class='ocr_par' dir='ltr' id='par_1_7' title="bbox 305 629 1878 703">
     <span class='ocr_line' id='line_1_7' title="bbox 305 629 1878 703; baseline 0.001 -16"><span class='ocrx_word' id='word_1_29' title='bbox 305 633 478 700; x_wconf 85' lang='grc' dir='ltr'>Ἰησοῦ</span> <span class='ocrx_word' id='word_1_30' title='bbox 511 633 538 703; x_wconf 72' lang='grc' dir='ltr'>ἢ</span> <span class='ocrx_word' id='word_1_31' title='bbox 575 631 681 684; x_wconf 81' lang='grc' dir='ltr'><strong>τῶν</strong></span> <span class='ocrx_word' id='word_1_32' title='bbox 717 629 972 701; x_wconf 75' lang='grc' dir='ltr'><strong>μαθητῶν</strong></span> <span class='ocrx_word' id='word_1_33' title='bbox 1003 630 1166 684; x_wconf 88' lang='grc' dir='ltr'>αὐτοῦ</span> <span class='ocrx_word' id='word_1_34' title='bbox 1186 671 1200 694; x_wconf 96' lang='grc'><strong>,</strong></span> <span class='ocrx_word' id='word_1_35' title='bbox 1236 631 1269 684; x_wconf 80' lang='grc' dir='ltr'><strong>ἃ</strong></span> <span class='ocrx_word' id='word_1_36' title='bbox 1298 632 1374 702; x_wconf 79' lang='grc' dir='ltr'>μὴ</span> <span class='ocrx_word' id='word_1_37' title='bbox 1401 632 1716 687; x_wconf 78' lang='grc' dir='ltr'>ἐπίστανται</span> <span class='ocrx_word' id='word_1_38' title='bbox 1743 675 1756 698; x_wconf 95' lang='grc'><strong>,</strong></span> <span class='ocrx_word' id='word_1_39' title='bbox 1785 637 1878 688; x_wconf 80' lang='grc' dir='ltr'>καὶ</span> 
     </span>
    </p>
   </div>
   <div class='ocr_carea' id='block_1_8' title="bbox 1985 549 3558 625">
    <p class='ocr_par' dir='ltr' id='par_1_8' title="bbox 1985 549 3558 625">
     <span class='ocr_line' id='line_1_8' title="bbox 1985 549 3558 625; baseline 0.009 -25"><span class='ocrx_word' id='word_1_40' title='bbox 1985 549 2213 619; x_wconf 80' lang='lat' dir='ltr'><strong>singula:</strong></span> <span class='ocrx_word' id='word_1_41' title='bbox 2234 551 2679 620; x_wconf 85' lang='lat' dir='ltr'><strong>philosophorum</strong></span> <span class='ocrx_word' id='word_1_42' title='bbox 2699 563 2862 608; x_wconf 72' lang='lat' dir='ltr'><strong>sectae.</strong></span> <span class='ocrx_word' id='word_1_43' title='bbox 2891 555 2957 608; x_wconf 89' lang='lat' dir='ltr'><strong>ad</strong></span> <span class='ocrx_word' id='word_1_44' title='bbox 2987 555 3036 608; x_wconf 90' lang='lat' dir='ltr'><strong>id</strong></span> <span class='ocrx_word' id='word_1_45' title='bbox 3067 558 3212 625; x_wconf 90' lang='lat' dir='ltr'><strong>quod</strong></span> <span class='ocrx_word' id='word_1_46' title='bbox 3244 559 3347 612; x_wconf 85' lang='lat' dir='ltr'><strong>sibi</strong></span> <span class='ocrx_word' id='word_1_47' title='bbox 3384 560 3558 614; x_wconf 81' lang='lat' dir='ltr'><strong>visum</strong></span> 
     </span>
    </p>
   </div>
   <div class='ocr_carea' id='block_1_9' title="bbox 1984 643 2569 710">
    <p class='ocr_par' dir='ltr' id='par_1_9' title="bbox 1984 643 2569 710">
     <span class='ocr_line' id='line_1_9' title="bbox 1984 643 2569 710; baseline 0.007 -16"><span class='ocrx_word' id='word_1_48' title='bbox 1984 648 2066 694; x_wconf 82' lang='lat' dir='ltr'><strong>est</strong></span> <span class='ocrx_word' id='word_1_49' title='bbox 2092 643 2569 710; x_wconf 79' lang='lat' dir='ltr'><strong>comprobatulum.</strong></span> 
     </span>
    </p>
   </div>
   <div class='ocr_carea' id='block_1_10' title="bbox 289 717 3556 810">
    <p class='ocr_par' dir='ltr' id='par_1_10' title="bbox 289 717 3556 810">
     <span class='ocr_line' id='line_1_10' title="bbox 289 717 3556 810; baseline 0.006 -30"><span class='ocrx_word' id='word_1_50' title='bbox 289 727 678 796; x_wconf 79' lang='grc' dir='ltr'>ἀποφαίνονται</span> <span class='ocrx_word' id='word_1_51' title='bbox 733 726 792 778; x_wconf 80' lang='grc' dir='ltr'><strong>οὑ</strong></span> <span class='ocrx_word' id='word_1_52' title='bbox 845 725 984 795; x_wconf 82' lang='grc' dir='ltr'>μετὰ</span> <span class='ocrx_word' id='word_1_53' title='bbox 1031 726 1130 796; x_wconf 83' lang='grc' dir='ltr'>τῆς</span> <span class='ocrx_word' id='word_1_54' title='bbox 1173 725 1514 797; x_wconf 77' lang='grc' dir='ltr'><strong>καλουμένης</strong></span> <span class='ocrx_word' id='word_1_55' title='bbox 1556 728 1707 798; x_wconf 82' lang='grc' dir='ltr'>παρὰ</span> <span class='ocrx_word' id='word_1_56' title='bbox 1755 733 1867 794; x_wconf 87' lang='grc' dir='ltr'>τοῖς</span> <span class='ocrx_word' id='word_1_57' title='bbox 1895 717 2009 786; x_wconf 75' lang='grc' dir='ltr'><strong>ἀπὸ</strong></span> <span class='ocrx_word' id='word_1_58' title='bbox 2036 735 2137 806; x_wconf 80' lang='grc' dir='ltr'>τῆς</span> <span class='ocrx_word' id='word_1_59' title='bbox 2162 738 2329 801; x_wconf 77' lang='grc' dir='ltr'>Στοᾶς</span> <span class='ocrx_word' id='word_1_60' title='bbox 2360 739 2811 808; x_wconf 73' lang='grc' dir='ltr'>καταληπτικῆς</span> <span class='ocrx_word' id='word_1_61' title='bbox 2867 739 2976 810; x_wconf 88' lang='grc'>(11)</span> <span class='ocrx_word' id='word_1_62' title='bbox 3031 744 3391 810; x_wconf 60' lang='grc' dir='ltr'>φαντασίας,</span> <span class='ocrx_word' id='word_1_63' title='bbox 3446 745 3556 798; x_wconf 79' lang='grc' dir='ltr'>οὐδ’</span> 
     </span>
    </p>
   </div>
   <div class='ocr_carea' id='block_1_11' title="bbox 289 810 3560 900">
    <p class='ocr_par' dir='ltr' id='par_1_11' title="bbox 289 810 3560 900">
     <span class='ocr_line' id='line_1_11' title="bbox 289 810 3560 900; baseline 0.005 -30"><span class='ocrx_word' id='word_1_64' title='bbox 289 820 382 870; x_wconf 78' lang='grc' dir='ltr'><strong>ἀπ’</strong></span> <span class='ocrx_word' id='word_1_65' title='bbox 411 817 567 870; x_wconf 86' lang='grc' dir='ltr'>ἄλλου</span> <span class='ocrx_word' id='word_1_66' title='bbox 592 816 736 878; x_wconf 88' lang='grc' dir='ltr'>τινὸς</span> <span class='ocrx_word' id='word_1_67' title='bbox 770 815 1076 886; x_wconf 73' lang='grc' dir='ltr'><strong>κριτηρίου,</strong></span> <span class='ocrx_word' id='word_1_68' title='bbox 1141 817 1270 884; x_wconf 74' lang='grc' dir='ltr'>περὶ</span> <span class='ocrx_word' id='word_1_69' title='bbox 1308 810 1368 869; x_wconf 77' lang='grc' dir='ltr'>οὗ</span> <span class='ocrx_word' id='word_1_70' title='bbox 1405 815 1515 886; x_wconf 72' lang='grc'>(12)</span> <span class='ocrx_word' id='word_1_71' title='bbox 1570 817 1774 888; x_wconf 79' lang='grc' dir='ltr'><strong>ἑκάστη</strong></span> <span class='ocrx_word' id='word_1_72' title='bbox 1829 820 1938 874; x_wconf 86' lang='grc' dir='ltr'><strong>τῶν</strong></span> <span class='ocrx_word' id='word_1_73' title='bbox 1987 824 2292 895; x_wconf 80' lang='grc' dir='ltr'>φιλοσόφων</span> <span class='ocrx_word' id='word_1_74' title='bbox 2341 828 2551 900; x_wconf 82' lang='grc' dir='ltr'>αἵρεσις</span> <span class='ocrx_word' id='word_1_75' title='bbox 2593 830 2654 883; x_wconf 88' lang='grc' dir='ltr'><strong>τὸ</strong></span> <span class='ocrx_word' id='word_1_76' title='bbox 2714 831 3034 900; x_wconf 86' lang='grc' dir='ltr'>φαινόμενον</span> <span class='ocrx_word' id='word_1_77' title='bbox 3080 831 3154 894; x_wconf 81' lang='grc' dir='ltr'>ὡς</span> <span class='ocrx_word' id='word_1_78' title='bbox 3209 831 3353 896; x_wconf 75' lang='grc' dir='ltr'>ἔδοξε</span> <span class='ocrx_word' id='word_1_79' title='bbox 3403 850 3560 886; x_wconf 81' lang='grc' dir='ltr'>κατε·</span> 
     </span>
    </p>
   </div>
   <div class='ocr_carea' id='block_1_12' title="bbox 294 929 584 965">
    <p class='ocr_par' dir='ltr' id='par_1_12' title="bbox 294 929 584 965">
     <span class='ocr_line' id='line_1_12' title="bbox 294 929 584 965; baseline -0.003 0"><span class='ocrx_word' id='word_1_80' title='bbox 294 929 584 965; x_wconf 81' lang='grc' dir='ltr'>σκευασεν.</span> 
     </span>
    </p>
   </div>
   <div class='ocr_carea' id='block_1_13' title="bbox 384 1004 1876 1081">
    <p class='ocr_par' dir='ltr' id='par_1_13' title="bbox 384 1004 1876 1081">
     <span class='ocr_line' id='line_1_13' title="bbox 384 1004 1876 1081; baseline 0.005 -21"><span class='ocrx_word' id='word_1_81' title='bbox 384 1004 516 1071; x_wconf 77' lang='grc' dir='ltr'>Εἶτ’,</span> <span class='ocrx_word' id='word_1_82' title='bbox 570 1008 690 1060; x_wconf 81' lang='grc' dir='ltr'>ἐπεί</span> <span class='ocrx_word' id='word_1_83' title='bbox 735 1024 900 1080; x_wconf 84' lang='grc' dir='ltr'>φησιν</span> <span class='ocrx_word' id='word_1_84' title='bbox 937 1010 966 1060; x_wconf 99' lang='lat'><strong>6</strong></span> <span class='ocrx_word' id='word_1_85' title='bbox 1000 1007 1227 1070; x_wconf 83' lang='grc' dir='ltr'>Κέλσος,</span> <span class='ocrx_word' id='word_1_86' title='bbox 1275 1007 1566 1061; x_wconf 75' lang='grc' dir='ltr'>Πειστέον·</span> <span class='ocrx_word' id='word_1_87' title='bbox 1601 1008 1710 1081; x_wconf 82' lang='grc'>(15)</span> <span class='ocrx_word' id='word_1_88' title='bbox 1744 1007 1876 1076; x_wconf 79' lang='grc' dir='ltr'>οὖν,</span> 
     </span>
    </p>
   </div>
   <div class='ocr_carea' id='block_1_14' title="bbox 288 1098 1880 1167">
    <p class='ocr_par' dir='ltr' id='par_1_14' title="bbox 288 1098 1880 1167">
     <span class='ocr_line' id='line_1_14' title="bbox 288 1098 1880 1167; baseline 0.003 -16"><span class='ocrx_word' id='word_1_89' title='bbox 288 1098 378 1152; x_wconf 75' lang='grc' dir='ltr'>ὅτι</span> <span class='ocrx_word' id='word_1_90' title='bbox 426 1099 852 1167; x_wconf 78' lang='grc' dir='ltr'>παραδίδονται</span> <span class='ocrx_word' id='word_1_91' title='bbox 898 1113 1058 1152; x_wconf 76' lang='grc' dir='ltr'>τισιν</span> <span class='ocrx_word' id='word_1_92' title='bbox 1109 1099 1497 1167; x_wconf 76' lang='grc' dir='ltr'><strong>ἐπιμεληταῖς</strong></span> <span class='ocrx_word' id='word_1_93' title='bbox 1545 1100 1722 1154; x_wconf 87' lang='grc' dir='ltr'>τοῦδε</span> <span class='ocrx_word' id='word_1_94' title='bbox 1771 1102 1880 1155; x_wconf 86' lang='grc' dir='ltr'><strong>τοῦ</strong></span> 
     </span>
    </p>
   </div>
   <div class='ocr_carea' id='block_1_15' title="bbox 288 1191 1878 1261">
    <p class='ocr_par' dir='ltr' id='par_1_15' title="bbox 288 1191 1878 1261">
     <span class='ocr_line' id='line_1_15' title="bbox 288 1191 1878 1261; baseline 0 -17"><span class='ocrx_word' id='word_1_95' title='bbox 288 1191 733 1260; x_wconf 78' lang='grc' dir='ltr'>δεσμωτηρίουο</span> <span class='ocrx_word' id='word_1_96' title='bbox 780 1191 998 1244; x_wconf 79' lang='grc' dir='ltr'>λεκτέον</span> <span class='ocrx_word' id='word_1_97' title='bbox 1053 1191 1189 1261; x_wconf 75' lang='grc' dir='ltr'>πρὸς</span> <span class='ocrx_word' id='word_1_98' title='bbox 1246 1191 1405 1242; x_wconf 79' lang='grc' dir='ltr'>αὑτὸν</span> <span class='ocrx_word' id='word_1_99' title='bbox 1433 1231 1446 1253; x_wconf 95' lang='grc'><strong>,</strong></span> <span class='ocrx_word' id='word_1_100' title='bbox 1489 1192 1570 1244; x_wconf 82' lang='grc' dir='ltr'>ὅτι</span> <span class='ocrx_word' id='word_1_101' title='bbox 1617 1192 1878 1245; x_wconf 85' lang='grc' dir='ltr'>σπουδαία</span> 
     </span>
    </p>
   </div>
   <div class='ocr_carea' id='block_1_16' title="bbox 286 1281 1870 1353">
    <p class='ocr_par' dir='ltr' id='par_1_16' title="bbox 286 1281 1870 1353">
     <span class='ocr_line' id='line_1_16' title="bbox 286 1281 1870 1353; baseline 0 -19"><span class='ocrx_word' id='word_1_102' title='bbox 286 1283 430 1352; x_wconf 70' lang='grc' dir='ltr'>ψυχὴ</span> <span class='ocrx_word' id='word_1_103' title='bbox 463 1281 625 1352; x_wconf 76' lang='grc' dir='ltr'>ἐλύθη</span> <span class='ocrx_word' id='word_1_104' title='bbox 657 1281 768 1353; x_wconf 69' lang='lat' dir='ltr'><strong>(ii)</strong></span> <span class='ocrx_word' id='word_1_105' title='bbox 808 1281 917 1336; x_wconf 82' lang='grc' dir='ltr'>ἀπὸ</span> <span class='ocrx_word' id='word_1_106' title='bbox 945 1281 1052 1334; x_wconf 81' lang='grc' dir='ltr'><strong>τῶν</strong></span> <span class='ocrx_word' id='word_1_107' title='bbox 1081 1282 1180 1351; x_wconf 84' lang='grc' dir='ltr'>τῆς</span> <span class='ocrx_word' id='word_1_108' title='bbox 1213 1283 1411 1344; x_wconf 84' lang='grc' dir='ltr'>κακίας</span> <span class='ocrx_word' id='word_1_109' title='bbox 1445 1281 1660 1351; x_wconf 82' lang='grc' dir='ltr'>δεσμῶν</span> <span class='ocrx_word' id='word_1_110' title='bbox 1686 1282 1779 1334; x_wconf 75' lang='grc' dir='ltr'>καὶ</span> <span class='ocrx_word' id='word_1_111' title='bbox 1814 1284 1870 1335; x_wconf 83' lang='grc' dir='ltr'>ὲν</span> 
     </span>
    </p>
   </div>
   <div class='ocr_carea' id='block_1_17' title="bbox 285 1371 1872 1444">
    <p class='ocr_par' dir='ltr' id='par_1_17' title="bbox 285 1371 1872 1444">
     <span class='ocr_line' id='line_1_17' title="bbox 285 1371 1872 1444; baseline 0.009 -23"><span class='ocrx_word' id='word_1_112' title='bbox 285 1372 362 1442; x_wconf 79' lang='grc' dir='ltr'><strong>τῷ</strong></span> <span class='ocrx_word' id='word_1_113' title='bbox 393 1373 491 1443; x_wconf 82' lang='grc' dir='ltr'><strong>βίῳ</strong></span> <span class='ocrx_word' id='word_1_114' title='bbox 514 1373 642 1438; x_wconf 80' lang='grc' dir='ltr'>τῶν,</span> <span class='ocrx_word' id='word_1_115' title='bbox 671 1374 746 1436; x_wconf 85' lang='grc' dir='ltr'>ὼς</span> <span class='ocrx_word' id='word_1_116' title='bbox 773 1374 1054 1442; x_wconf 82' lang='grc' dir='ltr'><strong>ὠνόμασεν</strong></span> <span class='ocrx_word' id='word_1_117' title='bbox 1081 1375 1108 1425; x_wconf 89' lang='lat'><strong>6</strong></span> <span class='ocrx_word' id='word_1_118' title='bbox 1133 1372 1418 1444; x_wconf 75' lang='grc' dir='ltr'>Ἱερεμίας,</span> <span class='ocrx_word' id='word_1_119' title='bbox 1448 1371 1710 1441; x_wconf 52' lang='grc' dir='ltr'><strong>δεσμίων⁴</strong></span> <span class='ocrx_word' id='word_1_120' title='bbox 1736 1371 1872 1442; x_wconf 62' lang='grc' dir='ltr'><strong>γῆς,</strong></span> 
     </span>
    </p>
   </div>
   <div class='ocr_carea' id='block_1_18' title="bbox 284 1462 1868 1533">
    <p class='ocr_par' dir='ltr' id='par_1_18' title="bbox 284 1462 1868 1533">
     <span class='ocr_line' id='line_1_18' title="bbox 284 1462 1868 1533; baseline -0.003 -17"><span class='ocrx_word' id='word_1_121' title='bbox 284 1465 370 1517; x_wconf 76' lang='grc' dir='ltr'><strong>διὰ</strong></span> <span class='ocrx_word' id='word_1_122' title='bbox 396 1463 486 1517; x_wconf 80' lang='grc' dir='ltr'><strong>τὸν</strong></span> <span class='ocrx_word' id='word_1_123' title='bbox 512 1465 734 1516; x_wconf 84' lang='grc' dir='ltr'>εἰπόντα</span> <span class='ocrx_word' id='word_1_124' title='bbox 779 1462 988 1533; x_wconf 84' lang='grc' dir='ltr'>Ἰησοῦν</span> <span class='ocrx_word' id='word_1_125' title='bbox 1015 1463 1127 1532; x_wconf 80' lang='grc'>(15)</span> <span class='ocrx_word' id='word_1_126' title='bbox 1147 1503 1161 1527; x_wconf 92' lang='grc'><strong>,</strong></span> <span class='ocrx_word' id='word_1_127' title='bbox 1194 1464 1270 1526; x_wconf 86' lang='grc' dir='ltr'>ὡς</span> <span class='ocrx_word' id='word_1_128' title='bbox 1303 1463 1408 1533; x_wconf 81' lang='grc' dir='ltr'><strong>πρὸ</strong></span> <span class='ocrx_word' id='word_1_129' title='bbox 1446 1462 1640 1516; x_wconf 83' lang='grc' dir='ltr'>πολλοῦ</span> <span class='ocrx_word' id='word_1_130' title='bbox 1677 1463 1868 1533; x_wconf 85' lang='grc' dir='ltr'>χρόνου</span> 
     </span>
    </p>
   </div>
   <div class='ocr_carea' id='block_1_19' title="bbox 284 1551 1866 1624">
    <p class='ocr_par' dir='ltr' id='par_1_19' title="bbox 284 1551 1866 1624">
     <span class='ocr_line' id='line_1_19' title="bbox 284 1551 1866 1624; baseline 0 -19"><span class='ocrx_word' id='word_1_131' title='bbox 284 1555 384 1623; x_wconf 77' lang='grc' dir='ltr'>τῆς</span> <span class='ocrx_word' id='word_1_132' title='bbox 416 1553 709 1623; x_wconf 80' lang='grc' dir='ltr'>ἐπιδημίας</span> <span class='ocrx_word' id='word_1_133' title='bbox 731 1552 897 1606; x_wconf 78' lang='grc' dir='ltr'>αὐτοῦ</span> <span class='ocrx_word' id='word_1_134' title='bbox 935 1556 1194 1624; x_wconf 83' lang='grc' dir='ltr'>προεῖπεν</span> <span class='ocrx_word' id='word_1_135' title='bbox 1224 1555 1252 1606; x_wconf 85' lang='grc' dir='ltr'>ὁ</span> <span class='ocrx_word' id='word_1_136' title='bbox 1281 1554 1571 1623; x_wconf 81' lang='grc' dir='ltr'>προφήτης</span> <span class='ocrx_word' id='word_1_137' title='bbox 1621 1551 1866 1615; x_wconf 81' lang='grc' dir='ltr'>Ἡσαΐας.</span> 
     </span>
    </p>
   </div>
   <div class='ocr_carea' id='block_1_20' title="bbox 286 1640 1869 1714">
    <p class='ocr_par' dir='ltr' id='par_1_20' title="bbox 286 1640 1869 1714">
     <span class='ocr_line' id='line_1_20' title="bbox 286 1640 1869 1714; baseline -0.001 -21"><span class='ocrx_word' id='word_1_138' title='bbox 286 1641 350 1693; x_wconf 87' lang='grc' dir='ltr'><strong>Τί</strong></span> <span class='ocrx_word' id='word_1_139' title='bbox 377 1641 432 1694; x_wconf 87' lang='grc' dir='ltr'>δὲ</span> <span class='ocrx_word' id='word_1_140' title='bbox 459 1641 735 1710; x_wconf 87' lang='grc' dir='ltr'>προειπὼν</span> <span class='ocrx_word' id='word_1_141' title='bbox 764 1644 796 1714; x_wconf 86' lang='grc' dir='ltr'>ῆ</span> <span class='ocrx_word' id='word_1_142' title='bbox 824 1641 948 1706; x_wconf 83' lang='grc' dir='ltr'>τοῖς</span> <span class='ocrx_word' id='word_1_143' title='bbox 980 1641 1250 1710; x_wconf 80' lang='grc' dir='ltr'>δεσμίοις</span> <span class='ocrx_word' id='word_1_144' title='bbox 1277 1641 1550 1706; x_wconf 77' lang='grc' dir='ltr'><strong>ἐξελθεῖν</strong></span> <span class='ocrx_word' id='word_1_145' title='bbox 1569 1680 1584 1704; x_wconf 90' lang='grc'><strong>,</strong></span> <span class='ocrx_word' id='word_1_146' title='bbox 1619 1640 1717 1693; x_wconf 75' lang='grc' dir='ltr'><strong>καὶ</strong></span> <span class='ocrx_word' id='word_1_147' title='bbox 1745 1641 1869 1706; x_wconf 78' lang='grc' dir='ltr'>τοῖς</span> 
     </span>
    </p>
   </div>
   <div class='ocr_carea' id='block_1_21' title="bbox 284 1734 1868 1809">
    <p class='ocr_par' dir='ltr' id='par_1_21' title="bbox 284 1734 1868 1809">
     <span class='ocr_line' id='line_1_21' title="bbox 284 1734 1868 1809; baseline 0.001 -19"><span class='ocrx_word' id='word_1_148' title='bbox 284 1737 354 1790; x_wconf 79' lang='grc' dir='ltr'><strong>ἐν</strong></span> <span class='ocrx_word' id='word_1_149' title='bbox 381 1736 458 1802; x_wconf 82' lang='grc' dir='ltr'>τῷ</span> <span class='ocrx_word' id='word_1_150' title='bbox 479 1738 678 1791; x_wconf 76' lang='grc' dir='ltr'>σκότει</span> <span class='ocrx_word' id='word_1_151' title='bbox 708 1738 1210 1807; x_wconf 64' lang='grc' dir='ltr'><strong>ἀνακαλυφθῆναι</strong></span> <span class='ocrx_word' id='word_1_152' title='bbox 1243 1739 1354 1809; x_wconf 85' lang='grc'>(16)</span> <span class='ocrx_word' id='word_1_153' title='bbox 1378 1756 1390 1804; x_wconf 92' lang='grc'><strong>;</strong></span> <span class='ocrx_word' id='word_1_154' title='bbox 1433 1741 1544 1793; x_wconf 75' lang='grc' dir='ltr'><strong>Καὶ</strong></span> <span class='ocrx_word' id='word_1_155' title='bbox 1576 1734 1728 1802; x_wconf 77' lang='grc' dir='ltr'>οὗτός</span> <span class='ocrx_word' id='word_1_156' title='bbox 1749 1755 1812 1806; x_wconf 89' lang='grc' dir='ltr'><strong>γε</strong></span> <span class='ocrx_word' id='word_1_157' title='bbox 1840 1739 1868 1792; x_wconf 90' lang='lat'><strong>6</strong></span> 
     </span>
    </p>
   </div>
   <div class='ocr_carea' id='block_1_22' title="bbox 295 1830 1867 1903">
    <p class='ocr_par' dir='ltr' id='par_1_22' title="bbox 295 1830 1867 1903">
     <span class='ocr_line' id='line_1_22' title="bbox 295 1830 1867 1903; baseline 0 -21"><span class='ocrx_word' id='word_1_158' title='bbox 295 1830 502 1899; x_wconf 83' lang='grc' dir='ltr'>Ἰησοῦς</span> <span class='ocrx_word' id='word_1_159' title='bbox 527 1871 540 1895; x_wconf 92' lang='grc'><strong>,</strong></span> <span class='ocrx_word' id='word_1_160' title='bbox 579 1830 653 1893; x_wconf 87' lang='grc' dir='ltr'><strong>ὡς</strong></span> <span class='ocrx_word' id='word_1_161' title='bbox 701 1831 728 1882; x_wconf 89' lang='grc' dir='ltr'>ὁ</span> <span class='ocrx_word' id='word_1_162' title='bbox 775 1831 934 1894; x_wconf 78' lang='grc' dir='ltr'>αὐτὸς</span> <span class='ocrx_word' id='word_1_163' title='bbox 979 1830 1202 1895; x_wconf 67' lang='grc' dir='ltr'>Ἡσαΐας</span> <span class='ocrx_word' id='word_1_164' title='bbox 1243 1832 1370 1903; x_wconf 80' lang='grc' dir='ltr'>περὶ</span> <span class='ocrx_word' id='word_1_165' title='bbox 1413 1831 1574 1884; x_wconf 73' lang='grc' dir='ltr'>αὑτοῦ</span> <span class='ocrx_word' id='word_1_166' title='bbox 1618 1833 1867 1902; x_wconf 87' lang='grc' dir='ltr'>προεῖπε,</span> 
     </span>
    </p>
   </div>
   <div class='ocr_carea' id='block_1_23' title="bbox 285 1921 1869 1989">
    <p class='ocr_par' dir='ltr' id='par_1_23' title="bbox 285 1921 1869 1989">
     <span class='ocr_line' id='line_1_23' title="bbox 285 1921 1869 1989; baseline -0.001 -15"><span class='ocrx_word' id='word_1_167' title='bbox 285 1921 642 1989; x_wconf 71' lang='grc' dir='ltr'>καθημένοις</span> <span class='ocrx_word' id='word_1_168' title='bbox 680 1924 751 1974; x_wconf 77' lang='grc' dir='ltr'><strong>ἐν</strong></span> <span class='ocrx_word' id='word_1_169' title='bbox 789 1921 948 1989; x_wconf 76' lang='grc' dir='ltr'><strong>χώρᾳ</strong></span> <span class='ocrx_word' id='word_1_170' title='bbox 991 1923 1085 1974; x_wconf 74' lang='grc' dir='ltr'><strong>καὶ</strong></span> <span class='ocrx_word' id='word_1_171' title='bbox 1129 1921 1273 1988; x_wconf 81' lang='grc' dir='ltr'>σκιᾷ</span> <span class='ocrx_word' id='word_1_172' title='bbox 1325 1921 1584 1976; x_wconf 70' lang='grc' dir='ltr'>θανάτου</span> <span class='ocrx_word' id='word_1_173' title='bbox 1631 1921 1869 1974; x_wconf 83' lang='grc' dir='ltr'>ἀνέτειλε</span> 
     </span>
    </p>
   </div>
   <div class='ocr_carea' id='block_1_24' title="bbox 284 2012 1870 2084">
    <p class='ocr_par' dir='ltr' id='par_1_24' title="bbox 284 2012 1870 2084">
     <span class='ocr_line' id='line_1_24' title="bbox 284 2012 1870 2084; baseline 0.003 -21"><span class='ocrx_word' id='word_1_174' title='bbox 284 2012 407 2081; x_wconf 65' lang='grc' dir='ltr'><strong>ερῶς</strong></span> <span class='ocrx_word' id='word_1_175' title='bbox 427 2030 441 2044; x_wconf 88' lang='grc'><strong>·</strong></span> <span class='ocrx_word' id='word_1_176' title='bbox 478 2013 552 2075; x_wconf 85' lang='grc' dir='ltr'>ὼς</span> <span class='ocrx_word' id='word_1_177' title='bbox 577 2013 664 2066; x_wconf 69' lang='grc' dir='ltr'>διὰ</span> <span class='ocrx_word' id='word_1_178' title='bbox 693 2013 838 2066; x_wconf 80' lang='grc' dir='ltr'>τοῦθ’</span> <span class='ocrx_word' id='word_1_179' title='bbox 868 2016 1015 2084; x_wconf 76' lang='grc' dir='ltr'>ἡμᾶς</span> <span class='ocrx_word' id='word_1_180' title='bbox 1049 2015 1227 2082; x_wconf 83' lang='grc' dir='ltr'>λέγειν</span> <span class='ocrx_word' id='word_1_181' title='bbox 1251 2033 1263 2045; x_wconf 91' lang='grc'><strong>·</strong></span> <span class='ocrx_word' id='word_1_182' title='bbox 1294 2015 1707 2084; x_wconf 74' lang='grc' dir='ltr'>Διαρῤήξωμεν</span> <span class='ocrx_word' id='word_1_183' title='bbox 1730 2015 1870 2079; x_wconf 81' lang='grc' dir='ltr'>τοὺς</span> 
     </span>
    </p>
   </div>
   <div class='ocr_carea' id='block_1_25' title="bbox 283 2104 1870 2174">
    <p class='ocr_par' dir='ltr' id='par_1_25' title="bbox 283 2104 1870 2174">
     <span class='ocr_line' id='line_1_25' title="bbox 283 2104 1870 2174; baseline 0.003 -20"><span class='ocrx_word' id='word_1_184' title='bbox 283 2105 545 2172; x_wconf 77' lang='grc' dir='ltr'>δεσμοὺς</span> <span class='ocrx_word' id='word_1_185' title='bbox 571 2104 769 2157; x_wconf 77' lang='grc' dir='ltr'>αὐτῶν</span> <span class='ocrx_word' id='word_1_186' title='bbox 791 2146 804 2168; x_wconf 90' lang='grc'><strong>,</strong></span> <span class='ocrx_word' id='word_1_187' title='bbox 835 2106 931 2158; x_wconf 80' lang='grc' dir='ltr'><strong>καὶ</strong></span> <span class='ocrx_word' id='word_1_188' title='bbox 968 2107 1396 2173; x_wconf 65' lang='grc' dir='ltr'>ἁποῤῥίψωμεν</span> <span class='ocrx_word' id='word_1_189' title='bbox 1432 2108 1534 2174; x_wconf 64' lang='grc' dir='ltr'><strong>ἀφ’</strong></span> <span class='ocrx_word' id='word_1_190' title='bbox 1572 2105 1742 2174; x_wconf 69' lang='grc' dir='ltr'><strong>ἡμῶν</strong></span> <span class='ocrx_word' id='word_1_191' title='bbox 1763 2107 1870 2158; x_wconf 75' lang='grc' dir='ltr'><strong>τὸν</strong></span> 
     </span>
    </p>
   </div>
   <div class='ocr_carea' id='block_1_26' title="bbox 283 2194 1868 2267">
    <p class='ocr_par' dir='ltr' id='par_1_26' title="bbox 283 2194 1868 2267">
     <span class='ocr_line' id='line_1_26' title="bbox 283 2194 1868 2267; baseline 0.003 -21"><span class='ocrx_word' id='word_1_192' title='bbox 283 2194 459 2262; x_wconf 70' lang='grc' dir='ltr'><strong>ζυγὸν</strong></span> <span class='ocrx_word' id='word_1_193' title='bbox 488 2195 703 2248; x_wconf 78' lang='grc' dir='ltr'>αὐτῶν.</span> <span class='ocrx_word' id='word_1_194' title='bbox 748 2197 809 2248; x_wconf 83' lang='grc' dir='ltr'><strong>Εἰ</strong></span> <span class='ocrx_word' id='word_1_195' title='bbox 843 2197 886 2248; x_wconf 93' lang='grc' dir='ltr'>δ’</span> <span class='ocrx_word' id='word_1_196' title='bbox 923 2197 1144 2249; x_wconf 78' lang='grc' dir='ltr'>ἐδύνατο</span> <span class='ocrx_word' id='word_1_197' title='bbox 1179 2195 1406 2250; x_wconf 76' lang='grc' dir='ltr'>ἀκοῦσαι</span> <span class='ocrx_word' id='word_1_198' title='bbox 1436 2197 1535 2266; x_wconf 75' lang='grc' dir='ltr'><strong>τῆς</strong></span> <span class='ocrx_word' id='word_1_199' title='bbox 1572 2196 1868 2267; x_wconf 81' lang='grc' dir='ltr'>βαθύτητος</span> 
     </span>
    </p>
   </div>
   <div class='ocr_carea' id='block_1_27' title="bbox 281 2286 1868 2361">
    <p class='ocr_par' dir='ltr' id='par_1_27' title="bbox 281 2286 1868 2361">
     <span class='ocr_line' id='line_1_27' title="bbox 281 2286 1868 2361; baseline 0.003 -25"><span class='ocrx_word' id='word_1_200' title='bbox 281 2286 386 2336; x_wconf 81' lang='grc' dir='ltr'>τῶν</span> <span class='ocrx_word' id='word_1_201' title='bbox 411 2287 756 2354; x_wconf 76' lang='grc' dir='ltr'>Εὐαγγελίων</span> <span class='ocrx_word' id='word_1_202' title='bbox 780 2290 806 2340; x_wconf 90' lang='lat'><strong>6</strong></span> <span class='ocrx_word' id='word_1_203' title='bbox 832 2289 1034 2352; x_wconf 83' lang='grc' dir='ltr'>Κέλσος</span> <span class='ocrx_word' id='word_1_204' title='bbox 1063 2291 1155 2342; x_wconf 69' lang='grc' dir='ltr'>καὶ</span> <span class='ocrx_word' id='word_1_205' title='bbox 1179 2292 1226 2342; x_wconf 91' lang='grc' dir='ltr'>οἱ</span> <span class='ocrx_word' id='word_1_206' title='bbox 1262 2291 1656 2360; x_wconf 86' lang='grc' dir='ltr'>παραπλησίως</span> <span class='ocrx_word' id='word_1_207' title='bbox 1677 2290 1868 2361; x_wconf 78' lang='grc' dir='ltr'>ἐκείνῳ</span> 
     </span>
    </p>
   </div>
   <div class='ocr_carea' id='block_1_28' title="bbox 281 2375 1867 2449">
    <p class='ocr_par' dir='ltr' id='par_1_28' title="bbox 281 2375 1867 2449">
     <span class='ocr_line' id='line_1_28' title="bbox 281 2375 1867 2449; baseline 0.004 -23"><span class='ocrx_word' id='word_1_208' title='bbox 281 2375 401 2427; x_wconf 77' lang='grc' dir='ltr'>καθ’</span> <span class='ocrx_word' id='word_1_209' title='bbox 445 2377 601 2446; x_wconf 80' lang='grc' dir='ltr'>ἡμῶν</span> <span class='ocrx_word' id='word_1_210' title='bbox 646 2376 1000 2448; x_wconf 80' lang='grc' dir='ltr'>διακείμενοι,</span> <span class='ocrx_word' id='word_1_211' title='bbox 1046 2380 1144 2431; x_wconf 76' lang='grc' dir='ltr'><strong>οὐκ</strong></span> <span class='ocrx_word' id='word_1_212' title='bbox 1172 2379 1235 2433; x_wconf 87' lang='grc' dir='ltr'><strong>ἂν</strong></span> <span class='ocrx_word' id='word_1_213' title='bbox 1281 2381 1411 2449; x_wconf 75' lang='grc' dir='ltr'>ἡμῖν</span> <span class='ocrx_word' id='word_1_214' title='bbox 1454 2380 1867 2433; x_wconf 76' lang='grc' dir='ltr'>συνεϐούλευσεν</span> 
     </span>
    </p>
   </div>
   <div class='ocr_carea' id='block_1_29' title="bbox 279 2461 1869 2542">
    <p class='ocr_par' dir='ltr' id='par_1_29' title="bbox 279 2461 1869 2542">
     <span class='ocr_line' id='line_1_29' title="bbox 279 2461 1869 2542; baseline 0.004 -26"><span class='ocrx_word' id='word_1_215' title='bbox 279 2461 360 2527; x_wconf 76' lang='grc' dir='ltr'>οἷς</span> <span class='ocrx_word' id='word_1_216' title='bbox 405 2466 686 2535; x_wconf 80' lang='grc' dir='ltr'>ὠνόμασεν</span> <span class='ocrx_word' id='word_1_217' title='bbox 728 2468 1084 2538; x_wconf 72' lang='grc' dir='ltr'>ἐπιμεληταῖς</span> <span class='ocrx_word' id='word_1_218' title='bbox 1131 2467 1224 2520; x_wconf 87' lang='grc' dir='ltr'><strong>τοῦ</strong></span> <span class='ocrx_word' id='word_1_219' title='bbox 1278 2469 1649 2542; x_wconf 79' lang='grc' dir='ltr'>δεσμωτηρίου</span> <span class='ocrx_word' id='word_1_220' title='bbox 1686 2471 1869 2523; x_wconf 88' lang='grc' dir='ltr'>πείθε-</span> 
     </span>
    </p>
   </div>
   <div class='ocr_carea' id='block_1_30' title="bbox 284 2557 1869 2632">
    <p class='ocr_par' dir='ltr' id='par_1_30' title="bbox 284 2557 1869 2632">
     <span class='ocr_line' id='line_1_30' title="bbox 284 2557 1869 2632; baseline 0.003 -24"><span class='ocrx_word' id='word_1_221' title='bbox 284 2557 424 2609; x_wconf 76' lang='grc' dir='ltr'>σθαι.</span> <span class='ocrx_word' id='word_1_222' title='bbox 456 2558 768 2629; x_wconf 77' lang='grc' dir='ltr'>Γέγραπται</span> <span class='ocrx_word' id='word_1_223' title='bbox 798 2559 852 2611; x_wconf 83' lang='grc' dir='ltr'><strong>δὲ</strong></span> <span class='ocrx_word' id='word_1_224' title='bbox 886 2561 943 2611; x_wconf 79' lang='grc' dir='ltr'><strong>ἐν</strong></span> <span class='ocrx_word' id='word_1_225' title='bbox 971 2558 1049 2628; x_wconf 82' lang='grc' dir='ltr'><strong>τῷ</strong></span> <span class='ocrx_word' id='word_1_226' title='bbox 1081 2559 1396 2629; x_wconf 72' lang='grc' dir='ltr'>Εὐαγγελίῳ</span> <span class='ocrx_word' id='word_1_227' title='bbox 1419 2601 1432 2624; x_wconf 91' lang='grc'><strong>,</strong></span> <span class='ocrx_word' id='word_1_228' title='bbox 1473 2561 1554 2613; x_wconf 81' lang='grc' dir='ltr'>ὅτι</span> <span class='ocrx_word' id='word_1_229' title='bbox 1600 2563 1734 2632; x_wconf 82' lang='grc' dir='ltr'>γυνή</span> <span class='ocrx_word' id='word_1_230' title='bbox 1784 2577 1869 2624; x_wconf 84' lang='grc' dir='ltr'><strong>τις</strong></span> 
     </span>
    </p>
   </div>
   <div class='ocr_carea' id='block_1_31' title="bbox 280 2645 1867 2721">
    <p class='ocr_par' dir='ltr' id='par_1_31' title="bbox 280 2645 1867 2721">
     <span class='ocr_line' id='line_1_31' title="bbox 280 2645 1867 2721; baseline 0.003 -21"><span class='ocrx_word' id='word_1_231' title='bbox 280 2645 348 2718; x_wconf 75' lang='grc' dir='ltr'>ἦν</span> <span class='ocrx_word' id='word_1_232' title='bbox 384 2649 803 2717; x_wconf 83' lang='grc' dir='ltr'>συγκύπτουσα,</span> <span class='ocrx_word' id='word_1_233' title='bbox 839 2652 933 2703; x_wconf 73' lang='grc' dir='ltr'>καὶ</span> <span class='ocrx_word' id='word_1_234' title='bbox 981 2651 1054 2721; x_wconf 82' lang='grc' dir='ltr'>μὴ</span> <span class='ocrx_word' id='word_1_235' title='bbox 1088 2651 1356 2721; x_wconf 84' lang='grc' dir='ltr'>δυναμένη</span> <span class='ocrx_word' id='word_1_236' title='bbox 1388 2651 1662 2720; x_wconf 68' lang='grc' dir='ltr'>ἀνακῦψαι</span> <span class='ocrx_word' id='word_1_237' title='bbox 1696 2655 1775 2716; x_wconf 86' lang='grc' dir='ltr'><strong>είς</strong></span> <span class='ocrx_word' id='word_1_238' title='bbox 1807 2654 1867 2706; x_wconf 83' lang='grc' dir='ltr'><strong>τὸ</strong></span> 
     </span>
    </p>
   </div>
   <div class='ocr_carea' id='block_1_32' title="bbox 282 2739 1866 2814">
    <p class='ocr_par' dir='ltr' id='par_1_32' title="bbox 282 2739 1866 2814">
     <span class='ocr_line' id='line_1_32' title="bbox 282 2739 1866 2814; baseline 0.004 -23"><span class='ocrx_word' id='word_1_239' title='bbox 282 2739 569 2802; x_wconf 83' lang='grc' dir='ltr'>παντελές·</span> <span class='ocrx_word' id='word_1_240' title='bbox 614 2741 804 2810; x_wconf 85' lang='grc' dir='ltr'>ἦντινα</span> <span class='ocrx_word' id='word_1_241' title='bbox 850 2743 877 2793; x_wconf 89' lang='lat'><strong>6</strong></span> <span class='ocrx_word' id='word_1_242' title='bbox 923 2741 1130 2812; x_wconf 84' lang='grc' dir='ltr'>Ἰησοῦς</span> <span class='ocrx_word' id='word_1_243' title='bbox 1184 2740 1344 2806; x_wconf 85' lang='grc' dir='ltr'>ίδὼν,</span> <span class='ocrx_word' id='word_1_244' title='bbox 1393 2743 1487 2796; x_wconf 71' lang='grc' dir='ltr'>καὶ</span> <span class='ocrx_word' id='word_1_245' title='bbox 1534 2743 1674 2814; x_wconf 81' lang='grc' dir='ltr'>ὁρῶν</span> <span class='ocrx_word' id='word_1_246' title='bbox 1719 2745 1866 2814; x_wconf 69' lang='grc' dir='ltr'>παρὰ</span> 
     </span>
    </p>
   </div>
   <div class='ocr_carea' id='block_1_33' title="bbox 280 2832 1865 2905">
    <p class='ocr_par' dir='ltr' id='par_1_33' title="bbox 280 2832 1865 2905">
     <span class='ocr_line' id='line_1_33' title="bbox 280 2832 1865 2905; baseline 0.002 -21"><span class='ocrx_word' id='word_1_247' title='bbox 280 2833 398 2885; x_wconf 83' lang='grc' dir='ltr'>τίνα</span> <span class='ocrx_word' id='word_1_248' title='bbox 438 2832 551 2903; x_wconf 84' lang='grc'>(17)</span> <span class='ocrx_word' id='word_1_249' title='bbox 581 2832 758 2886; x_wconf 81' lang='grc' dir='ltr'>αἰτίαν</span> <span class='ocrx_word' id='word_1_250' title='bbox 794 2832 1097 2900; x_wconf 77' lang='grc' dir='ltr'>συγκύπτει</span> <span class='ocrx_word' id='word_1_251' title='bbox 1122 2874 1135 2896; x_wconf 92' lang='grc'><strong>,</strong></span> <span class='ocrx_word' id='word_1_252' title='bbox 1172 2834 1271 2886; x_wconf 74' lang='grc' dir='ltr'><strong>οὐκ</strong></span> <span class='ocrx_word' id='word_1_253' title='bbox 1305 2834 1706 2905; x_wconf 78' lang='grc' dir='ltr'>ἐπιτρεπομένη</span> <span class='ocrx_word' id='word_1_254' title='bbox 1736 2835 1865 2888; x_wconf 82' lang='grc' dir='ltr'>ἁνα-</span> 
     </span>
    </p>
   </div>
   <div class='ocr_carea' id='block_1_34' title="bbox 282 2922 1866 2994">
    <p class='ocr_par' dir='ltr' id='par_1_34' title="bbox 282 2922 1866 2994">
     <span class='ocr_line' id='line_1_34' title="bbox 282 2922 1866 2994; baseline 0.003 -18"><span class='ocrx_word' id='word_1_255' title='bbox 282 2924 503 2977; x_wconf 73' lang='grc' dir='ltr'>κύπτειν</span> <span class='ocrx_word' id='word_1_256' title='bbox 538 2925 616 2986; x_wconf 89' lang='grc' dir='ltr'><strong>είς</strong></span> <span class='ocrx_word' id='word_1_257' title='bbox 644 2925 704 2976; x_wconf 79' lang='grc' dir='ltr'>τὸ</span> <span class='ocrx_word' id='word_1_258' title='bbox 738 2925 1018 2988; x_wconf 84' lang='grc' dir='ltr'>παντελὲς,</span> <span class='ocrx_word' id='word_1_259' title='bbox 1051 2922 1168 2977; x_wconf 80' lang='grc' dir='ltr'>εἷπε</span> <span class='ocrx_word' id='word_1_260' title='bbox 1189 2943 1201 2956; x_wconf 78' lang='grc' dir='ltr'><strong>ο</strong></span> <span class='ocrx_word' id='word_1_261' title='bbox 1241 2927 1470 2992; x_wconf 72' lang='grc' dir='ltr'>Ταύτην</span> <span class='ocrx_word' id='word_1_262' title='bbox 1489 2926 1556 2978; x_wconf 83' lang='grc' dir='ltr'>δὲ</span> <span class='ocrx_word' id='word_1_263' title='bbox 1575 2926 1866 2994; x_wconf 75' lang='grc' dir='ltr'>θυγατέρα</span> 
     </span>
    </p>
   </div>
   <div class='ocr_carea' id='block_1_35' title="bbox 2054 1014 3555 1086">
    <p class='ocr_par' dir='ltr' id='par_1_35' title="bbox 2054 1014 3555 1086">
     <span class='ocr_line' id='line_1_35' title="bbox 2054 1014 3555 1086; baseline 0.004 -19"><span class='ocrx_word' id='word_1_264' title='bbox 2054 1014 2142 1067; x_wconf 77' lang='grc'><strong>54.</strong></span> <span class='ocrx_word' id='word_1_265' title='bbox 2196 1016 2274 1068; x_wconf 88' lang='lat' dir='ltr'><strong>Ad</strong></span> <span class='ocrx_word' id='word_1_266' title='bbox 2333 1017 2383 1070; x_wconf 90' lang='lat' dir='ltr'><strong>id</strong></span> <span class='ocrx_word' id='word_1_267' title='bbox 2427 1019 2571 1086; x_wconf 91' lang='lat' dir='ltr'><strong>quod</strong></span> <span class='ocrx_word' id='word_1_268' title='bbox 2627 1019 2778 1072; x_wconf 84' lang='lat' dir='ltr'><strong>addit</strong></span> <span class='ocrx_word' id='word_1_269' title='bbox 2835 1018 3022 1073; x_wconf 87' lang='lat' dir='ltr'><strong>Celsus</strong></span> <span class='ocrx_word' id='word_1_270' title='bbox 3060 1034 3074 1070; x_wconf 83' lang='lat'><strong>:</strong></span> <span class='ocrx_word' id='word_1_271' title='bbox 3109 1019 3434 1073; x_wconf 87' lang='lat' dir='ltr'><strong>Credendum</strong></span> <span class='ocrx_word' id='word_1_272' title='bbox 3477 1028 3555 1073; x_wconf 84' lang='lat' dir='ltr'><strong>est</strong></span> 
     </span>
    </p>
   </div>
   <div class='ocr_carea' id='block_1_36' title="bbox 1980 1105 3554 1178">
    <p class='ocr_par' dir='ltr' id='par_1_36' title="bbox 1980 1105 3554 1178">
     <span class='ocr_line' id='line_1_36' title="bbox 1980 1105 3554 1178; baseline 0.004 -21"><span class='ocrx_word' id='word_1_273' title='bbox 1980 1105 2144 1174; x_wconf 77' lang='lat' dir='ltr'><strong>igitur</strong></span> <span class='ocrx_word' id='word_1_274' title='bbox 2171 1106 2406 1160; x_wconf 82' lang='lat' dir='ltr'><strong>homines</strong></span> <span class='ocrx_word' id='word_1_275' title='bbox 2440 1109 2755 1176; x_wconf 74' lang='lat' dir='ltr'><strong>quibusdam</strong></span> <span class='ocrx_word' id='word_1_276' title='bbox 2810 1110 3114 1162; x_wconf 82' lang='lat' dir='ltr'><strong>commissos</strong></span> <span class='ocrx_word' id='word_1_277' title='bbox 3144 1109 3332 1178; x_wconf 80' lang='lat' dir='ltr'><strong>fuisse,</strong></span> <span class='ocrx_word' id='word_1_278' title='bbox 3365 1112 3554 1178; x_wconf 79' lang='lat' dir='ltr'><strong>quibus</strong></span> 
     </span>
    </p>
   </div>
   <div class='ocr_carea' id='block_1_37' title="bbox 1980 1200 3557 1270">
    <p class='ocr_par' dir='ltr' id='par_1_37' title="bbox 1980 1200 3557 1270">
     <span class='ocr_line' id='line_1_37' title="bbox 1980 1200 3557 1270; baseline 0.004 -21"><span class='ocrx_word' id='word_1_279' title='bbox 1980 1213 2160 1250; x_wconf 88' lang='lat' dir='ltr'><strong>carcer</strong></span> <span class='ocrx_word' id='word_1_280' title='bbox 2183 1200 2281 1251; x_wconf 87' lang='lat' dir='ltr'><strong>iste</strong></span> <span class='ocrx_word' id='word_1_281' title='bbox 2313 1216 2458 1253; x_wconf 74' lang='lat' dir='ltr'><strong>cura:</strong></span> <span class='ocrx_word' id='word_1_282' title='bbox 2495 1209 2601 1267; x_wconf 85' lang='lat' dir='ltr'><strong>est,</strong></span> <span class='ocrx_word' id='word_1_283' title='bbox 2639 1203 3099 1270; x_wconf 85' lang='lat' dir='ltr'><strong>respondendum,</strong></span> <span class='ocrx_word' id='word_1_284' title='bbox 3153 1204 3391 1255; x_wconf 86' lang='lat' dir='ltr'><strong>animam</strong></span> <span class='ocrx_word' id='word_1_285' title='bbox 3446 1205 3557 1256; x_wconf 85' lang='lat' dir='ltr'><strong>vir-</strong></span> 
     </span>
    </p>
   </div>
   <div class='ocr_carea' id='block_1_38' title="bbox 1980 1288 3549 1360">
    <p class='ocr_par' dir='ltr' id='par_1_38' title="bbox 1980 1288 3549 1360">
     <span class='ocr_line' id='line_1_38' title="bbox 1980 1288 3549 1360; baseline 0.004 -19"><span class='ocrx_word' id='word_1_286' title='bbox 1980 1288 2076 1341; x_wconf 85' lang='lat' dir='ltr'><strong>tuti</strong></span> <span class='ocrx_word' id='word_1_287' title='bbox 2111 1288 2346 1343; x_wconf 78' lang='lat' dir='ltr'><strong>deditam</strong></span> <span class='ocrx_word' id='word_1_288' title='bbox 2375 1290 2507 1344; x_wconf 81' lang='lat' dir='ltr'><strong>solvi</strong></span> <span class='ocrx_word' id='word_1_289' title='bbox 2547 1292 2800 1360; x_wconf 67' lang='lat' dir='ltr'><strong>nequitiae</strong></span> <span class='ocrx_word' id='word_1_290' title='bbox 2825 1293 3061 1348; x_wconf 86' lang='lat' dir='ltr'><strong>vinculis</strong></span> <span class='ocrx_word' id='word_1_291' title='bbox 3089 1293 3171 1346; x_wconf 89' lang='lat' dir='ltr'><strong>vel</strong></span> <span class='ocrx_word' id='word_1_292' title='bbox 3201 1295 3252 1346; x_wconf 92' lang='lat' dir='ltr'><strong>in</strong></span> <span class='ocrx_word' id='word_1_293' title='bbox 3289 1296 3390 1347; x_wconf 81' lang='lat' dir='ltr'><strong>hac</strong></span> <span class='ocrx_word' id='word_1_294' title='bbox 3420 1295 3549 1359; x_wconf 87' lang='lat' dir='ltr'><strong>vita,</strong></span> 
     </span>
    </p>
   </div>
   <div class='ocr_carea' id='block_1_39' title="bbox 1981 1379 3546 1452">
    <p class='ocr_par' dir='ltr' id='par_1_39' title="bbox 1981 1379 3546 1452">
     <span class='ocr_line' id='line_1_39' title="bbox 1981 1379 3546 1452; baseline 0.005 -22"><span class='ocrx_word' id='word_1_295' title='bbox 1981 1379 2067 1434; x_wconf 87' lang='lat' dir='ltr'><strong>uln</strong></span> <span class='ocrx_word' id='word_1_296' title='bbox 2103 1389 2255 1446; x_wconf 86' lang='lat' dir='ltr'><strong>sunt,</strong></span> <span class='ocrx_word' id='word_1_297' title='bbox 2303 1390 2360 1434; x_wconf 91' lang='lat' dir='ltr'><strong>ut</strong></span> <span class='ocrx_word' id='word_1_298' title='bbox 2403 1379 2672 1436; x_wconf 85' lang='lat' dir='ltr'><strong>Jeremias</strong></span> <span class='ocrx_word' id='word_1_299' title='bbox 2726 1383 2985 1452; x_wconf 84' lang='lat' dir='ltr'><strong>loquitur,</strong></span> <span class='ocrx_word' id='word_1_300' title='bbox 3034 1385 3193 1437; x_wconf 78' lang='lat' dir='ltr'><strong>vincti</strong></span> <span class='ocrx_word' id='word_1_301' title='bbox 3233 1395 3385 1438; x_wconf 71' lang='lat' dir='ltr'><strong>terrm</strong></span> <span class='ocrx_word' id='word_1_302' title='bbox 3406 1386 3447 1437; x_wconf 87' lang='grc'>².</span> <span class='ocrx_word' id='word_1_303' title='bbox 3491 1385 3546 1438; x_wconf 88' lang='lat' dir='ltr'><strong>Id</strong></span> 
     </span>
    </p>
   </div>
   <div class='ocr_carea' id='block_1_40' title="bbox 1977 1471 3545 1543">
    <p class='ocr_par' dir='ltr' id='par_1_40' title="bbox 1977 1471 3545 1543">
     <span class='ocr_line' id='line_1_40' title="bbox 1977 1471 3545 1543; baseline 0.002 -18"><span class='ocrx_word' id='word_1_304' title='bbox 1977 1471 2123 1525; x_wconf 89' lang='lat' dir='ltr'><strong>enim</strong></span> <span class='ocrx_word' id='word_1_305' title='bbox 2155 1471 2311 1528; x_wconf 84' lang='lat' dir='ltr'><strong>Jesus</strong></span> <span class='ocrx_word' id='word_1_306' title='bbox 2341 1473 2657 1537; x_wconf 81' lang='lat' dir='ltr'><strong>declaravit,</strong></span> <span class='ocrx_word' id='word_1_307' title='bbox 2695 1483 2749 1526; x_wconf 90' lang='lat' dir='ltr'><strong>ut</strong></span> <span class='ocrx_word' id='word_1_308' title='bbox 2778 1473 2937 1543; x_wconf 84' lang='lat' dir='ltr'><strong>longe</strong></span> <span class='ocrx_word' id='word_1_309' title='bbox 2963 1482 3087 1526; x_wconf 85' lang='lat' dir='ltr'><strong>ante</strong></span> <span class='ocrx_word' id='word_1_310' title='bbox 3113 1472 3232 1540; x_wconf 84' lang='lat' dir='ltr'><strong>ejus</strong></span> <span class='ocrx_word' id='word_1_311' title='bbox 3255 1479 3545 1530; x_wconf 85' lang='lat' dir='ltr'><strong>adventum</strong></span> 
     </span>
    </p>
   </div>
   <div class='ocr_carea' id='block_1_41' title="bbox 1976 1559 3548 1634">
    <p class='ocr_par' dir='ltr' id='par_1_41' title="bbox 1976 1559 3548 1634">
     <span class='ocr_line' id='line_1_41' title="bbox 1976 1559 3548 1634; baseline 0.003 -22"><span class='ocrx_word' id='word_1_312' title='bbox 1976 1559 2142 1616; x_wconf 83' lang='lat' dir='ltr'><strong>lsaias</strong></span> <span class='ocrx_word' id='word_1_313' title='bbox 2175 1565 2437 1632; x_wconf 83' lang='lat' dir='ltr'><strong>propheta</strong></span> <span class='ocrx_word' id='word_1_314' title='bbox 2485 1564 2830 1634; x_wconf 67' lang='lat' dir='ltr'><strong>prwdixerat.</strong></span> <span class='ocrx_word' id='word_1_315' title='bbox 2867 1564 3029 1633; x_wconf 81' lang='grc'><strong>782</strong></span> <span class='ocrx_word' id='word_1_316' title='bbox 3080 1563 3218 1630; x_wconf 86' lang='lat' dir='ltr'><strong>Quid</strong></span> <span class='ocrx_word' id='word_1_317' title='bbox 3272 1572 3454 1617; x_wconf 89' lang='lat' dir='ltr'><strong>autem</strong></span> <span class='ocrx_word' id='word_1_318' title='bbox 3503 1566 3548 1617; x_wconf 93' lang='lat' dir='ltr'><strong>is</strong></span> 
     </span>
    </p>
   </div>
   <div class='ocr_carea' id='block_1_42' title="bbox 1975 1652 3549 1722">
    <p class='ocr_par' dir='ltr' id='par_1_42' title="bbox 1975 1652 3549 1722">
     <span class='ocr_line' id='line_1_42' title="bbox 1975 1652 3549 1722; baseline 0 -18"><span class='ocrx_word' id='word_1_319' title='bbox 1975 1652 2224 1720; x_wconf 79' lang='lat' dir='ltr'><strong>praedixit</strong></span> <span class='ocrx_word' id='word_1_320' title='bbox 2248 1669 2408 1722; x_wconf 85' lang='lat' dir='ltr'><strong>quam</strong></span> <span class='ocrx_word' id='word_1_321' title='bbox 2449 1653 2691 1708; x_wconf 81' lang='lat' dir='ltr'><strong>futurum</strong></span> <span class='ocrx_word' id='word_1_322' title='bbox 2715 1668 2860 1717; x_wconf 89' lang='lat' dir='ltr'><strong>esse,</strong></span> <span class='ocrx_word' id='word_1_323' title='bbox 2896 1664 2952 1706; x_wconf 88' lang='lat' dir='ltr'><strong>ut.</strong></span> <span class='ocrx_word' id='word_1_324' title='bbox 2982 1653 3142 1706; x_wconf 78' lang='lat' dir='ltr'><strong>vincti</strong></span> <span class='ocrx_word' id='word_1_325' title='bbox 3194 1654 3394 1706; x_wconf 63' lang='lat' dir='ltr'><strong>exirent</strong></span> <span class='ocrx_word' id='word_1_326' title='bbox 3419 1663 3465 1706; x_wconf 88' lang='lat' dir='ltr'><strong>et</strong></span> <span class='ocrx_word' id='word_1_327' title='bbox 3495 1655 3549 1704; x_wconf 89' lang='lat' dir='ltr'><strong>in</strong></span> 
     </span>
    </p>
   </div>
   <div class='ocr_carea' id='block_1_43' title="bbox 1971 1743 3550 1812">
    <p class='ocr_par' dir='ltr' id='par_1_43' title="bbox 1971 1743 3550 1812">
     <span class='ocr_line' id='line_1_43' title="bbox 1971 1743 3550 1812; baseline 0.001 -16"><span class='ocrx_word' id='word_1_328' title='bbox 1971 1743 2192 1797; x_wconf 80' lang='lat' dir='ltr'><strong>tenebris</strong></span> <span class='ocrx_word' id='word_1_329' title='bbox 2235 1745 2390 1812; x_wconf 79' lang='lat' dir='ltr'><strong>positi</strong></span> <span class='ocrx_word' id='word_1_330' title='bbox 2415 1744 2773 1798; x_wconf 81' lang='lat' dir='ltr'><strong>revelarentur</strong></span> <span class='ocrx_word' id='word_1_331' title='bbox 2799 1745 2857 1798; x_wconf 78' lang='lat' dir='ltr'><strong>&quot;l</strong></span> <span class='ocrx_word' id='word_1_332' title='bbox 2887 1745 2952 1798; x_wconf 87' lang='lat' dir='ltr'><strong>Et</strong></span> <span class='ocrx_word' id='word_1_333' title='bbox 2979 1744 3068 1799; x_wconf 87' lang='lat' dir='ltr'><strong>hic</strong></span> <span class='ocrx_word' id='word_1_334' title='bbox 3101 1745 3214 1812; x_wconf 82' lang='lat' dir='ltr'><strong>ipse</strong></span> <span class='ocrx_word' id='word_1_335' title='bbox 3244 1744 3422 1808; x_wconf 81' lang='lat' dir='ltr'><strong>Jesus,</strong></span> <span class='ocrx_word' id='word_1_336' title='bbox 3446 1745 3550 1798; x_wconf 64' lang='lat' dir='ltr'><strong>sieo</strong></span> 
     </span>
    </p>
   </div>
   <div class='ocr_carea' id='block_1_44' title="bbox 1969 1835 3548 1904">
    <p class='ocr_par' dir='ltr' id='par_1_44' title="bbox 1969 1835 3548 1904">
     <span class='ocr_line' id='line_1_44' title="bbox 1969 1835 3548 1904; baseline 0.002 -17"><span class='ocrx_word' id='word_1_337' title='bbox 1969 1846 2028 1887; x_wconf 86' lang='lat' dir='ltr'><strong>ut</strong></span> <span class='ocrx_word' id='word_1_338' title='bbox 2063 1835 2205 1888; x_wconf 85' lang='lat' dir='ltr'><strong>idem</strong></span> <span class='ocrx_word' id='word_1_339' title='bbox 2247 1835 2415 1891; x_wconf 86' lang='lat' dir='ltr'><strong>Isaias</strong></span> <span class='ocrx_word' id='word_1_340' title='bbox 2469 1837 2535 1891; x_wconf 90' lang='lat' dir='ltr'><strong>de</strong></span> <span class='ocrx_word' id='word_1_341' title='bbox 2592 1836 2684 1890; x_wconf 88' lang='lat' dir='ltr'><strong>illo</strong></span> <span class='ocrx_word' id='word_1_342' title='bbox 2722 1837 2992 1904; x_wconf 77' lang='lat' dir='ltr'><strong>praedixit,</strong></span> <span class='ocrx_word' id='word_1_343' title='bbox 3024 1837 3321 1890; x_wconf 79' lang='lat' dir='ltr'><strong>sedentibus</strong></span> <span class='ocrx_word' id='word_1_344' title='bbox 3362 1837 3414 1889; x_wconf 88' lang='lat' dir='ltr'><strong>in</strong></span> <span class='ocrx_word' id='word_1_345' title='bbox 3463 1854 3548 1890; x_wconf 90' lang='lat' dir='ltr'><strong>re-</strong></span> 
     </span>
    </p>
   </div>
   <div class='ocr_carea' id='block_1_45' title="bbox 1970 1924 3550 1993">
    <p class='ocr_par' dir='ltr' id='par_1_45' title="bbox 1970 1924 3550 1993">
     <span class='ocr_line' id='line_1_45' title="bbox 1970 1924 3550 1993; baseline 0.004 -20"><span class='ocrx_word' id='word_1_346' title='bbox 1970 1924 2124 1992; x_wconf 87' lang='lat' dir='ltr'><strong>gione</strong></span> <span class='ocrx_word' id='word_1_347' title='bbox 2150 1933 2197 1976; x_wconf 90' lang='lat' dir='ltr'><strong>et</strong></span> <span class='ocrx_word' id='word_1_348' title='bbox 2230 1926 2415 1979; x_wconf 90' lang='lat' dir='ltr'><strong>umbra</strong></span> <span class='ocrx_word' id='word_1_349' title='bbox 2461 1927 2644 1980; x_wconf 89' lang='lat' dir='ltr'><strong>mortis</strong></span> <span class='ocrx_word' id='word_1_350' title='bbox 2683 1926 2776 1979; x_wconf 71' lang='lat' dir='ltr'><strong>lux</strong></span> <span class='ocrx_word' id='word_1_351' title='bbox 2808 1930 2961 1980; x_wconf 79' lang='lat' dir='ltr'><strong>ortus</strong></span> <span class='ocrx_word' id='word_1_352' title='bbox 2991 1927 3120 1978; x_wconf 61' lang='lat' dir='ltr'><strong>est‘</strong></span> <span class='ocrx_word' id='word_1_353' title='bbox 3151 1945 3165 1993; x_wconf 88' lang='lat'><strong>;</strong></span> <span class='ocrx_word' id='word_1_354' title='bbox 3200 1928 3271 1979; x_wconf 72' lang='lat' dir='ltr'><strong>ita</strong></span> <span class='ocrx_word' id='word_1_355' title='bbox 3306 1936 3360 1980; x_wconf 89' lang='lat' dir='ltr'><strong>ul</strong></span> <span class='ocrx_word' id='word_1_356' title='bbox 3403 1942 3550 1981; x_wconf 91' lang='lat' dir='ltr'><strong>nunc</strong></span> 
     </span>
    </p>
   </div>
   <div class='ocr_carea' id='block_1_46' title="bbox 1972 2014 3546 2082">
    <p class='ocr_par' dir='ltr' id='par_1_46' title="bbox 1972 2014 3546 2082">
     <span class='ocr_line' id='line_1_46' title="bbox 1972 2014 3546 2082; baseline 0.003 -16"><span class='ocrx_word' id='word_1_357' title='bbox 1972 2014 2177 2067; x_wconf 90' lang='lat' dir='ltr'><strong>idcirco</strong></span> <span class='ocrx_word' id='word_1_358' title='bbox 2229 2015 2475 2070; x_wconf 89' lang='lat' dir='ltr'><strong>dicamus</strong></span> <span class='ocrx_word' id='word_1_359' title='bbox 2523 2033 2538 2070; x_wconf 88' lang='lat'><strong>:</strong></span> <span class='ocrx_word' id='word_1_360' title='bbox 2579 2015 2955 2082; x_wconf 85' lang='lat' dir='ltr'><strong>Dirumpamus</strong></span> <span class='ocrx_word' id='word_1_361' title='bbox 3016 2017 3227 2070; x_wconf 88' lang='lat' dir='ltr'><strong>vincula</strong></span> <span class='ocrx_word' id='word_1_362' title='bbox 3268 2034 3446 2071; x_wconf 86' lang='lat' dir='ltr'><strong>eorum</strong></span> <span class='ocrx_word' id='word_1_363' title='bbox 3499 2026 3546 2070; x_wconf 89' lang='lat' dir='ltr'><strong>et</strong></span> 
     </span>
    </p>
   </div>
   <div class='ocr_carea' id='block_1_47' title="bbox 1968 2103 3548 2174">
    <p class='ocr_par' dir='ltr' id='par_1_47' title="bbox 1968 2103 3548 2174">
     <span class='ocr_line' id='line_1_47' title="bbox 1968 2103 3548 2174; baseline 0.003 -20"><span class='ocrx_word' id='word_1_364' title='bbox 1968 2103 2313 2171; x_wconf 84' lang='lat' dir='ltr'><strong>projiciamus</strong></span> <span class='ocrx_word' id='word_1_365' title='bbox 2341 2120 2372 2156; x_wconf 91' lang='lat' dir='ltr'><strong>a</strong></span> <span class='ocrx_word' id='word_1_366' title='bbox 2402 2105 2548 2157; x_wconf 89' lang='lat' dir='ltr'><strong>nobis</strong></span> <span class='ocrx_word' id='word_1_367' title='bbox 2566 2104 2756 2174; x_wconf 86' lang='lat' dir='ltr'><strong>jugum</strong></span> <span class='ocrx_word' id='word_1_368' title='bbox 2785 2107 3018 2171; x_wconf 85' lang='lat' dir='ltr'><strong>ipsorum</strong></span> <span class='ocrx_word' id='word_1_369' title='bbox 3044 2107 3086 2159; x_wconf 80' lang='grc'>³.</span> <span class='ocrx_word' id='word_1_370' title='bbox 3115 2106 3263 2170; x_wconf 87' lang='lat' dir='ltr'><strong>Quod</strong></span> <span class='ocrx_word' id='word_1_371' title='bbox 3292 2107 3334 2159; x_wconf 90' lang='lat' dir='ltr'><strong>si</strong></span> <span class='ocrx_word' id='word_1_372' title='bbox 3360 2106 3548 2160; x_wconf 88' lang='lat' dir='ltr'><strong>Celsus</strong></span> 
     </span>
    </p>
   </div>
   <div class='ocr_carea' id='block_1_48' title="bbox 1969 2195 3547 2266">
    <p class='ocr_par' dir='ltr' id='par_1_48' title="bbox 1969 2195 3547 2266">
     <span class='ocr_line' id='line_1_48' title="bbox 1969 2195 3547 2266; baseline 0.001 -19"><span class='ocrx_word' id='word_1_373' title='bbox 1969 2204 2024 2248; x_wconf 86' lang='lat' dir='ltr'><strong>et</strong></span> <span class='ocrx_word' id='word_1_374' title='bbox 2047 2195 2136 2263; x_wconf 89' lang='lat' dir='ltr'><strong>qui</strong></span> <span class='ocrx_word' id='word_1_375' title='bbox 2164 2196 2351 2248; x_wconf 84' lang='lat' dir='ltr'><strong>eodem</strong></span> <span class='ocrx_word' id='word_1_376' title='bbox 2392 2211 2521 2266; x_wconf 83' lang='lat' dir='ltr'><strong>erga</strong></span> <span class='ocrx_word' id='word_1_377' title='bbox 2550 2212 2647 2250; x_wconf 89' lang='lat' dir='ltr'><strong>nos</strong></span> <span class='ocrx_word' id='word_1_378' title='bbox 2674 2211 2737 2250; x_wconf 84' lang='lat' dir='ltr'><strong>ac</strong></span> <span class='ocrx_word' id='word_1_379' title='bbox 2763 2197 2851 2249; x_wconf 83' lang='lat' dir='ltr'><strong>ille</strong></span> <span class='ocrx_word' id='word_1_380' title='bbox 2883 2207 3012 2251; x_wconf 88' lang='lat' dir='ltr'><strong>sunt</strong></span> <span class='ocrx_word' id='word_1_381' title='bbox 3049 2199 3254 2260; x_wconf 89' lang='lat' dir='ltr'><strong>animo,</strong></span> <span class='ocrx_word' id='word_1_382' title='bbox 3292 2198 3342 2249; x_wconf 88' lang='lat' dir='ltr'><strong>in</strong></span> <span class='ocrx_word' id='word_1_383' title='bbox 3371 2197 3547 2250; x_wconf 78' lang='lat' dir='ltr'><strong>Evan-</strong></span> 
     </span>
    </p>
   </div>
   <div class='ocr_carea' id='block_1_49' title="bbox 1970 2284 3546 2355">
    <p class='ocr_par' dir='ltr' id='par_1_49' title="bbox 1970 2284 3546 2355">
     <span class='ocr_line' id='line_1_49' title="bbox 1970 2284 3546 2355; baseline 0.001 -17"><span class='ocrx_word' id='word_1_384' title='bbox 1970 2284 2091 2355; x_wconf 78' lang='lat' dir='ltr'><strong>gelii</strong></span> <span class='ocrx_word' id='word_1_385' title='bbox 2149 2285 2488 2338; x_wconf 86' lang='lat' dir='ltr'><strong>altitudinem</strong></span> <span class='ocrx_word' id='word_1_386' title='bbox 2565 2293 2857 2353; x_wconf 86' lang='lat' dir='ltr'><strong>penetrare</strong></span> <span class='ocrx_word' id='word_1_387' title='bbox 2913 2288 3238 2355; x_wconf 86' lang='lat' dir='ltr'><strong>potuissent,</strong></span> <span class='ocrx_word' id='word_1_388' title='bbox 3294 2295 3546 2339; x_wconf 73' lang='lat' dir='ltr'><strong>auctores</strong></span> 
     </span>
    </p>
   </div>
   <div class='ocr_carea' id='block_1_50' title="bbox 1971 2371 3546 2444">
    <p class='ocr_par' dir='ltr' id='par_1_50' title="bbox 1971 2371 3546 2444">
     <span class='ocr_line' id='line_1_50' title="bbox 1971 2371 3546 2444; baseline 0.001 -16"><span class='ocrx_word' id='word_1_389' title='bbox 1971 2377 2124 2428; x_wconf 79' lang='lat' dir='ltr'><strong>nobis</strong></span> <span class='ocrx_word' id='word_1_390' title='bbox 2155 2392 2258 2430; x_wconf 90' lang='lat' dir='ltr'><strong>non</strong></span> <span class='ocrx_word' id='word_1_391' title='bbox 2293 2376 2521 2430; x_wconf 84' lang='lat' dir='ltr'><strong>inissent</strong></span> <span class='ocrx_word' id='word_1_392' title='bbox 2556 2385 2615 2428; x_wconf 77' lang='lat' dir='ltr'><strong>ut</strong></span> <span class='ocrx_word' id='word_1_393' title='bbox 2640 2376 2742 2429; x_wconf 90' lang='lat' dir='ltr'><strong>illis</strong></span> <span class='ocrx_word' id='word_1_394' title='bbox 2769 2371 2905 2444; x_wconf 81' lang='lat' dir='ltr'><strong>q&#39;uos</strong></span> <span class='ocrx_word' id='word_1_395' title='bbox 2933 2385 3093 2430; x_wconf 84' lang='lat' dir='ltr'><strong>vocat</strong></span> <span class='ocrx_word' id='word_1_396' title='bbox 3122 2376 3276 2443; x_wconf 84' lang='lat' dir='ltr'><strong>hujus</strong></span> <span class='ocrx_word' id='word_1_397' title='bbox 3308 2377 3546 2430; x_wconf 80' lang='lat' dir='ltr'><strong>carceris</strong></span> 
     </span>
    </p>
   </div>
   <div class='ocr_carea' id='block_1_51' title="bbox 1969 2468 3544 2537">
    <p class='ocr_par' dir='ltr' id='par_1_51' title="bbox 1969 2468 3544 2537">
     <span class='ocr_line' id='line_1_51' title="bbox 1969 2468 3544 2537; baseline 0 -17"><span class='ocrx_word' id='word_1_398' title='bbox 1969 2469 2308 2521; x_wconf 80' lang='lat' dir='ltr'><strong>curatoribus</strong></span> <span class='ocrx_word' id='word_1_399' title='bbox 2337 2468 2780 2536; x_wconf 82' lang='lat' dir='ltr'><strong>obsequeremnr.</strong></span> <span class='ocrx_word' id='word_1_400' title='bbox 2811 2468 3164 2537; x_wconf 75' lang='lat' dir='ltr'><strong>Evangelium</strong></span> <span class='ocrx_word' id='word_1_401' title='bbox 3204 2476 3392 2522; x_wconf 87' lang='lat' dir='ltr'><strong>narrat</strong></span> <span class='ocrx_word' id='word_1_402' title='bbox 3426 2484 3544 2520; x_wconf 90' lang='lat' dir='ltr'><strong>mu-</strong></span> 
     </span>
    </p>
   </div>
   <div class='ocr_carea' id='block_1_52' title="bbox 1969 2557 3545 2626">
    <p class='ocr_par' dir='ltr' id='par_1_52' title="bbox 1969 2557 3545 2626">
     <span class='ocr_line' id='line_1_52' title="bbox 1969 2557 3545 2626; baseline 0.001 -17"><span class='ocrx_word' id='word_1_403' title='bbox 1969 2557 2157 2611; x_wconf 89' lang='lat' dir='ltr'><strong>lierem</strong></span> <span class='ocrx_word' id='word_1_404' title='bbox 2188 2560 2477 2626; x_wconf 81' lang='lat' dir='ltr'><strong>quamdam</strong></span> <span class='ocrx_word' id='word_1_405' title='bbox 2519 2559 2688 2612; x_wconf 83' lang='lat' dir='ltr'><strong>fuisse</strong></span> <span class='ocrx_word' id='word_1_406' title='bbox 2737 2572 2857 2625; x_wconf 84' lang='lat' dir='ltr'><strong>quae</strong></span> <span class='ocrx_word' id='word_1_407' title='bbox 2896 2559 3153 2612; x_wconf 87' lang='lat' dir='ltr'><strong>inclinata</strong></span> <span class='ocrx_word' id='word_1_408' title='bbox 3191 2575 3293 2611; x_wconf 82' lang='lat' dir='ltr'><strong>non</strong></span> <span class='ocrx_word' id='word_1_409' title='bbox 3319 2559 3545 2612; x_wconf 83' lang='lat' dir='ltr'><strong>omnino</strong></span> 
     </span>
    </p>
   </div>
   <div class='ocr_carea' id='block_1_53' title="bbox 1970 2647 3544 2718">
    <p class='ocr_par' dir='ltr' id='par_1_53' title="bbox 1970 2647 3544 2718">
     <span class='ocr_line' id='line_1_53' title="bbox 1970 2647 3544 2718; baseline 0.001 -17"><span class='ocrx_word' id='word_1_410' title='bbox 1970 2658 2183 2717; x_wconf 81' lang='lat' dir='ltr'><strong>poterat</strong></span> <span class='ocrx_word' id='word_1_411' title='bbox 2211 2665 2431 2702; x_wconf 89' lang='lat' dir='ltr'><strong>sursum</strong></span> <span class='ocrx_word' id='word_1_412' title='bbox 2469 2649 2741 2718; x_wconf 86' lang='lat' dir='ltr'><strong>respicere</strong></span> <span class='ocrx_word' id='word_1_413' title='bbox 2763 2648 2804 2702; x_wconf 77' lang='grc' dir='ltr'>θ.</span> <span class='ocrx_word' id='word_1_414' title='bbox 2840 2647 3012 2714; x_wconf 83' lang='lat' dir='ltr'><strong>Quam</strong></span> <span class='ocrx_word' id='word_1_415' title='bbox 3047 2666 3167 2702; x_wconf 83' lang='lat' dir='ltr'><strong>cum</strong></span> <span class='ocrx_word' id='word_1_416' title='bbox 3200 2648 3357 2704; x_wconf 77' lang='lat' dir='ltr'><strong>Jesns</strong></span> <span class='ocrx_word' id='word_1_417' title='bbox 3395 2650 3544 2702; x_wconf 74' lang='lat' dir='ltr'><strong>vide-</strong></span> 
     </span>
    </p>
   </div>
   <div class='ocr_carea' id='block_1_54' title="bbox 1970 2740 3542 2809">
    <p class='ocr_par' dir='ltr' id='par_1_54' title="bbox 1970 2740 3542 2809">
     <span class='ocr_line' id='line_1_54' title="bbox 1970 2740 3542 2809; baseline 0.001 -16"><span class='ocrx_word' id='word_1_418' title='bbox 1970 2751 2050 2793; x_wconf 81' lang='lat' dir='ltr'><strong>ret</strong></span> <span class='ocrx_word' id='word_1_419' title='bbox 2081 2740 2353 2807; x_wconf 80' lang='lat' dir='ltr'><strong>sciretque</strong></span> <span class='ocrx_word' id='word_1_420' title='bbox 2406 2757 2509 2809; x_wconf 87' lang='lat' dir='ltr'><strong>qua</strong></span> <span class='ocrx_word' id='word_1_421' title='bbox 2554 2743 2620 2796; x_wconf 88' lang='lat' dir='ltr'><strong>de</strong></span> <span class='ocrx_word' id='word_1_422' title='bbox 2657 2759 2819 2797; x_wconf 89' lang='lat' dir='ltr'><strong>causa</strong></span> <span class='ocrx_word' id='word_1_423' title='bbox 2873 2744 2977 2797; x_wconf 90' lang='lat' dir='ltr'><strong>hoc</strong></span> <span class='ocrx_word' id='word_1_424' title='bbox 3009 2743 3197 2796; x_wconf 90' lang='lat' dir='ltr'><strong>morbo</strong></span> <span class='ocrx_word' id='word_1_425' title='bbox 3244 2743 3542 2808; x_wconf 75' lang='lat' dir='ltr'><strong>laboraret,</strong></span> 
     </span>
    </p>
   </div>
   <div class='ocr_carea' id='block_1_55' title="bbox 1969 2830 3534 2904">
    <p class='ocr_par' dir='ltr' id='par_1_55' title="bbox 1969 2830 3534 2904">
     <span class='ocr_line' id='line_1_55' title="bbox 1969 2830 3534 2904; baseline 0 -20"><span class='ocrx_word' id='word_1_426' title='bbox 1969 2831 2104 2884; x_wconf 87' lang='lat' dir='ltr'><strong>dixit</strong></span> <span class='ocrx_word' id='word_1_427' title='bbox 2138 2848 2152 2885; x_wconf 92' lang='lat'><strong>:</strong></span> <span class='ocrx_word' id='word_1_428' title='bbox 2185 2830 2336 2886; x_wconf 78' lang='lat' dir='ltr'><strong>lianc</strong></span> <span class='ocrx_word' id='word_1_429' title='bbox 2362 2831 2531 2899; x_wconf 78' lang='lat' dir='ltr'><strong>filiam</strong></span> <span class='ocrx_word' id='word_1_430' title='bbox 2561 2835 2786 2888; x_wconf 67' lang='lat' dir='ltr'><strong>Abrahae</strong></span> <span class='ocrx_word' id='word_1_431' title='bbox 2815 2851 2972 2902; x_wconf 87' lang='lat' dir='ltr'><strong>quam</strong></span> <span class='ocrx_word' id='word_1_432' title='bbox 3013 2834 3243 2904; x_wconf 87' lang='lat' dir='ltr'><strong>alligavit</strong></span> <span class='ocrx_word' id='word_1_433' title='bbox 3278 2832 3534 2900; x_wconf 78' lang='lat' dir='ltr'><strong>Satanas,</strong></span> 
     </span>
    </p>
   </div>
   <div class='ocr_carea' id='block_1_56' title="bbox 1967 2925 3544 2994">
    <p class='ocr_par' dir='ltr' id='par_1_56' title="bbox 1967 2925 3544 2994">
     <span class='ocr_line' id='line_1_56' title="bbox 1967 2925 3544 2994; baseline 0.001 -18"><span class='ocrx_word' id='word_1_434' title='bbox 1967 2939 2086 2976; x_wconf 84' lang='lat' dir='ltr'><strong>ecce</strong></span> <span class='ocrx_word' id='word_1_435' title='bbox 2113 2925 2288 2978; x_wconf 81' lang='lat' dir='ltr'><strong>decem</strong></span> <span class='ocrx_word' id='word_1_436' title='bbox 2337 2938 2382 2978; x_wconf 88' lang='lat' dir='ltr'><strong>et</strong></span> <span class='ocrx_word' id='word_1_437' title='bbox 2414 2935 2528 2978; x_wconf 88' lang='lat' dir='ltr'><strong>octo</strong></span> <span class='ocrx_word' id='word_1_438' title='bbox 2571 2928 2748 2990; x_wconf 80' lang='lat' dir='ltr'><strong>annis,</strong></span> <span class='ocrx_word' id='word_1_439' title='bbox 2782 2943 2884 2979; x_wconf 85' lang='lat' dir='ltr'><strong>non</strong></span> <span class='ocrx_word' id='word_1_440' title='bbox 2929 2927 3155 2994; x_wconf 81' lang='lat' dir='ltr'><strong>oportuit</strong></span> <span class='ocrx_word' id='word_1_441' title='bbox 3196 2928 3325 2980; x_wconf 85' lang='lat' dir='ltr'><strong>solvi</strong></span> <span class='ocrx_word' id='word_1_442' title='bbox 3365 2944 3396 2978; x_wconf 82' lang='grc' dir='ltr'><strong>α</strong></span> <span class='ocrx_word' id='word_1_443' title='bbox 3431 2928 3544 2978; x_wconf 86' lang='lat' dir='ltr'><strong>vin-</strong></span> 
     </span>
    </p>
   </div>
   <div class='ocr_carea' id='block_1_57' title="bbox 292 3013 1861 3091">
    <p class='ocr_par' dir='ltr' id='par_1_57' title="bbox 292 3013 1861 3088">
     <span class='ocr_line' id='line_1_57' title="bbox 292 3013 1861 3088; baseline 0.003 -19"><span class='ocrx_word' id='word_1_444' title='bbox 292 3018 534 3086; x_wconf 70' lang='grc' dir='ltr'>Ἀϐραὰμ</span> <span class='ocrx_word' id='word_1_445' title='bbox 561 3013 777 3080; x_wconf 73' lang='grc' dir='ltr'>οὖσαν,</span> <span class='ocrx_word' id='word_1_446' title='bbox 811 3016 891 3084; x_wconf 55' lang='grc' dir='ltr'><strong>’ἣν</strong></span> <span class='ocrx_word' id='word_1_447' title='bbox 919 3019 1143 3088; x_wconf 75' lang='grc' dir='ltr'>ἔδησεν</span> <span class='ocrx_word' id='word_1_448' title='bbox 1179 3023 1211 3072; x_wconf 84' lang='grc' dir='ltr'><strong><em>ό</em></strong></span> <span class='ocrx_word' id='word_1_449' title='bbox 1237 3018 1530 3085; x_wconf 76' lang='grc' dir='ltr'>Σατανᾶς,</span> <span class='ocrx_word' id='word_1_450' title='bbox 1548 3021 1697 3085; x_wconf 79' lang='grc' dir='ltr'>ἰδοὺ,</span> <span class='ocrx_word' id='word_1_451' title='bbox 1719 3021 1861 3074; x_wconf 71' lang='grc' dir='ltr'>δέκα</span> 
     </span>
    </p>
   </div>
   <div class='ocr_carea' id='block_1_58' title="bbox 1976 3013 3537 3091">
    <p class='ocr_par' dir='ltr' id='par_1_58' title="bbox 1976 3013 3537 3082">
     <span class='ocr_line' id='line_1_58' title="bbox 1976 3013 3537 3082; baseline 0.002 -17"><span class='ocrx_word' id='word_1_452' title='bbox 1976 3014 2086 3067; x_wconf 79' lang='lat' dir='ltr'><strong>culo</strong></span> <span class='ocrx_word' id='word_1_453' title='bbox 2121 3015 2218 3066; x_wconf 85' lang='lat' dir='ltr'><strong>isto</strong></span> <span class='ocrx_word' id='word_1_454' title='bbox 2250 3015 2336 3067; x_wconf 87' lang='lat' dir='ltr'><strong>die</strong></span> <span class='ocrx_word' id='word_1_455' title='bbox 2371 3013 2587 3070; x_wconf 76' lang='lat' dir='ltr'><strong>Sabbati</strong></span> <span class='ocrx_word' id='word_1_456' title='bbox 2609 3017 2665 3070; x_wconf 73' lang='lat'><strong>7?</strong></span> <span class='ocrx_word' id='word_1_457' title='bbox 2693 3020 2833 3082; x_wconf 77' lang='lat' dir='ltr'><strong>Quot</strong></span> <span class='ocrx_word' id='word_1_458' title='bbox 2864 3019 3159 3070; x_wconf 88' lang='lat' dir='ltr'><strong>etiamnum</strong></span> <span class='ocrx_word' id='word_1_459' title='bbox 3200 3028 3326 3071; x_wconf 84' lang='lat' dir='ltr'><strong>sunt</strong></span> <span class='ocrx_word' id='word_1_460' title='bbox 3348 3026 3400 3070; x_wconf 92' lang='lat' dir='ltr'><strong>et</strong></span> <span class='ocrx_word' id='word_1_461' title='bbox 3424 3017 3537 3077; x_wconf 84' lang='lat' dir='ltr'><strong>alii,</strong></span> 
     </span>
    </p>
   </div>
   <div class='ocr_carea' id='block_1_59' title="bbox 281 3108 1864 3178">
    <p class='ocr_par' dir='ltr' id='par_1_59' title="bbox 281 3108 1864 3178">
     <span class='ocr_line' id='line_1_59' title="bbox 281 3108 1864 3178; baseline 0.003 -19"><span class='ocrx_word' id='word_1_462' title='bbox 281 3109 378 3160; x_wconf 78' lang='grc' dir='ltr'><strong>καὶ</strong></span> <span class='ocrx_word' id='word_1_463' title='bbox 407 3108 557 3161; x_wconf 72' lang='grc' dir='ltr'>όιιτὼ</span> <span class='ocrx_word' id='word_1_464' title='bbox 591 3109 694 3176; x_wconf 79' lang='grc' dir='ltr'>ἐτη</span> <span class='ocrx_word' id='word_1_465' title='bbox 724 3108 858 3178; x_wconf 88' lang='grc'>(18),</span> <span class='ocrx_word' id='word_1_466' title='bbox 895 3113 1006 3163; x_wconf 82' lang='grc' dir='ltr'><strong>οὐκ</strong></span> <span class='ocrx_word' id='word_1_467' title='bbox 1043 3109 1163 3164; x_wconf 78' lang='grc' dir='ltr'>ἔδει</span> <span class='ocrx_word' id='word_1_468' title='bbox 1186 3111 1448 3174; x_wconf 70' lang='grc' dir='ltr'>λυθῆναι</span> <span class='ocrx_word' id='word_1_469' title='bbox 1477 3110 1595 3164; x_wconf 74' lang='grc' dir='ltr'><strong>ἀπὸ</strong></span> <span class='ocrx_word' id='word_1_470' title='bbox 1630 3111 1736 3164; x_wconf 90' lang='grc' dir='ltr'><strong>τοῦ</strong></span> <span class='ocrx_word' id='word_1_471' title='bbox 1771 3110 1864 3164; x_wconf 83' lang='grc' dir='ltr'>δε-</span> 
     </span>
    </p>
   </div>
   <div class='ocr_carea' id='block_1_60' title="bbox 279 3197 1862 3267">
    <p class='ocr_par' dir='ltr' id='par_1_60' title="bbox 279 3197 1862 3267">
     <span class='ocr_line' id='line_1_60' title="bbox 279 3197 1862 3267; baseline 0.001 -15"><span class='ocrx_word' id='word_1_472' title='bbox 279 3197 438 3266; x_wconf 84' lang='grc' dir='ltr'>σμοῦ</span> <span class='ocrx_word' id='word_1_473' title='bbox 463 3201 673 3251; x_wconf 81' lang='grc' dir='ltr'>τούτου</span> <span class='ocrx_word' id='word_1_474' title='bbox 701 3200 770 3251; x_wconf 70' lang='grc' dir='ltr'><strong>ἐν</strong></span> <span class='ocrx_word' id='word_1_475' title='bbox 793 3198 868 3267; x_wconf 77' lang='grc' dir='ltr'>τῇ</span> <span class='ocrx_word' id='word_1_476' title='bbox 900 3198 1086 3267; x_wconf 74' lang='grc' dir='ltr'>ἡμέρᾳ</span> <span class='ocrx_word' id='word_1_477' title='bbox 1113 3199 1219 3253; x_wconf 84' lang='grc' dir='ltr'><strong>τοῦ</strong></span> <span class='ocrx_word' id='word_1_478' title='bbox 1251 3199 1591 3263; x_wconf 75' lang='grc' dir='ltr'>Σαϐϐάτου;</span> <span class='ocrx_word' id='word_1_479' title='bbox 1618 3200 1778 3253; x_wconf 86' lang='grc' dir='ltr'>Πόσοι</span> <span class='ocrx_word' id='word_1_480' title='bbox 1806 3200 1862 3254; x_wconf 84' lang='grc' dir='ltr'>δὲ</span> 
     </span>
    </p>
   </div>
   <div class='ocr_carea' id='block_1_61' title="bbox 278 3286 1866 3358">
    <p class='ocr_par' dir='ltr' id='par_1_61' title="bbox 278 3286 1866 3358">
     <span class='ocr_line' id='line_1_61' title="bbox 278 3286 1866 3358; baseline 0.002 -19"><span class='ocrx_word' id='word_1_481' title='bbox 278 3286 374 3340; x_wconf 66' lang='grc' dir='ltr'>καὶ</span> <span class='ocrx_word' id='word_1_482' title='bbox 421 3287 566 3341; x_wconf 78' lang='grc' dir='ltr'>ἄλλοι</span> <span class='ocrx_word' id='word_1_483' title='bbox 597 3286 692 3339; x_wconf 80' lang='grc' dir='ltr'><strong>νῦν</strong></span> <span class='ocrx_word' id='word_1_484' title='bbox 721 3287 992 3356; x_wconf 83' lang='grc' dir='ltr'>δεδεμένοι</span> <span class='ocrx_word' id='word_1_485' title='bbox 1024 3289 1127 3340; x_wconf 73' lang='grc' dir='ltr'>ὑπὸ</span> <span class='ocrx_word' id='word_1_486' title='bbox 1156 3287 1247 3340; x_wconf 82' lang='grc' dir='ltr'><strong>τοῦ</strong></span> <span class='ocrx_word' id='word_1_487' title='bbox 1279 3289 1492 3343; x_wconf 81' lang='grc' dir='ltr'>Σατανᾶ</span> <span class='ocrx_word' id='word_1_488' title='bbox 1527 3291 1866 3358; x_wconf 72' lang='grc' dir='ltr'>συγκόπτου-</span> 
     </span>
    </p>
   </div>
   <div class='ocr_carea' id='block_1_62' title="bbox 283 3377 1866 3448">
    <p class='ocr_par' dir='ltr' id='par_1_62' title="bbox 283 3377 1866 3448">
     <span class='ocr_line' id='line_1_62' title="bbox 283 3377 1866 3448; baseline 0.003 -18"><span class='ocrx_word' id='word_1_489' title='bbox 283 3396 386 3443; x_wconf 90' lang='grc' dir='ltr'>σιν,</span> <span class='ocrx_word' id='word_1_490' title='bbox 421 3378 481 3431; x_wconf 76' lang='grc' dir='ltr'><strong>οὐ</strong></span> <span class='ocrx_word' id='word_1_491' title='bbox 514 3377 796 3448; x_wconf 85' lang='grc' dir='ltr'>δυνάμενοι</span> <span class='ocrx_word' id='word_1_492' title='bbox 831 3378 897 3429; x_wconf 85' lang='grc' dir='ltr'>δι’</span> <span class='ocrx_word' id='word_1_493' title='bbox 928 3381 1130 3431; x_wconf 82' lang='grc' dir='ltr'>ἐκεῖνον</span> <span class='ocrx_word' id='word_1_494' title='bbox 1161 3379 1434 3447; x_wconf 66' lang='grc' dir='ltr'>ἀνακύψαι</span> <span class='ocrx_word' id='word_1_495' title='bbox 1466 3382 1546 3441; x_wconf 82' lang='grc' dir='ltr'>εἰς</span> <span class='ocrx_word' id='word_1_496' title='bbox 1581 3381 1638 3432; x_wconf 72' lang='grc' dir='ltr'>τὸ</span> <span class='ocrx_word' id='word_1_497' title='bbox 1669 3399 1866 3434; x_wconf 91' lang='grc' dir='ltr'>παντε-</span> 
     </span>
    </p>
   </div>
   <div class='ocr_carea' id='block_1_63' title="bbox 279 3469 1864 3540">
    <p class='ocr_par' dir='ltr' id='par_1_63' title="bbox 279 3469 1864 3540">
     <span class='ocr_line' id='line_1_63' title="bbox 279 3469 1864 3540; baseline 0.001 -19"><span class='ocrx_word' id='word_1_498' title='bbox 279 3471 389 3533; x_wconf 75' lang='grc' dir='ltr'>λὲς,</span> <span class='ocrx_word' id='word_1_499' title='bbox 418 3470 637 3523; x_wconf 84' lang='grc' dir='ltr'>θέλοντα</span> <span class='ocrx_word' id='word_1_500' title='bbox 669 3471 815 3540; x_wconf 74' lang='grc' dir='ltr'>ἡμᾶς</span> <span class='ocrx_word' id='word_1_501' title='bbox 838 3470 987 3523; x_wconf 77' lang='grc' dir='ltr'>κάτω</span> <span class='ocrx_word' id='word_1_502' title='bbox 1022 3470 1275 3539; x_wconf 85' lang='grc' dir='ltr'>βλέπειν;</span> <span class='ocrx_word' id='word_1_503' title='bbox 1321 3471 1431 3522; x_wconf 72' lang='grc' dir='ltr'>Καὶ</span> <span class='ocrx_word' id='word_1_504' title='bbox 1457 3469 1631 3532; x_wconf 75' lang='grc' dir='ltr'>οὐδείς</span> <span class='ocrx_word' id='word_1_505' title='bbox 1666 3487 1728 3538; x_wconf 82' lang='grc' dir='ltr'>γε</span> <span class='ocrx_word' id='word_1_506' title='bbox 1767 3472 1864 3523; x_wconf 83' lang='grc' dir='ltr'>αὑ-</span> 
     </span>
    </p>
   </div>
   <div class='ocr_carea' id='block_1_64' title="bbox 279 3559 1860 3633">
    <p class='ocr_par' dir='ltr' id='par_1_64' title="bbox 279 3559 1860 3633">
     <span class='ocr_line' id='line_1_64' title="bbox 279 3559 1860 3633; baseline -0.001 -19"><span class='ocrx_word' id='word_1_507' title='bbox 279 3565 403 3624; x_wconf 71' lang='grc' dir='ltr'>τοὺς</span> <span class='ocrx_word' id='word_1_508' title='bbox 431 3561 668 3633; x_wconf 86' lang='grc' dir='ltr'>ἀνορθοῖ,</span> <span class='ocrx_word' id='word_1_509' title='bbox 693 3563 740 3614; x_wconf 83' lang='grc' dir='ltr'><strong>εί</strong></span> <span class='ocrx_word' id='word_1_510' title='bbox 766 3562 838 3632; x_wconf 86' lang='grc' dir='ltr'><strong>μὴ</strong></span> <span class='ocrx_word' id='word_1_511' title='bbox 868 3563 895 3614; x_wconf 88' lang='lat'><strong>6</strong></span> <span class='ocrx_word' id='word_1_512' title='bbox 919 3563 977 3613; x_wconf 86' lang='grc' dir='ltr'><strong>ὲν</strong></span> <span class='ocrx_word' id='word_1_513' title='bbox 1000 3560 1076 3631; x_wconf 84' lang='grc' dir='ltr'>τῷ</span> <span class='ocrx_word' id='word_1_514' title='bbox 1100 3561 1274 3630; x_wconf 85' lang='grc' dir='ltr'>Ἰησοῦ</span> <span class='ocrx_word' id='word_1_515' title='bbox 1306 3559 1648 3630; x_wconf 84' lang='grc' dir='ltr'>ἐπιδημήσας</span> <span class='ocrx_word' id='word_1_516' title='bbox 1672 3559 1860 3627; x_wconf 83' lang='grc' dir='ltr'>Λόγος,</span> 
     </span>
    </p>
   </div>
   <div class='ocr_carea' id='block_1_65' title="bbox 277 3649 1864 3726">
    <p class='ocr_par' dir='ltr' id='par_1_65' title="bbox 277 3649 1864 3726">
     <span class='ocr_line' id='line_1_65' title="bbox 277 3649 1864 3726; baseline -0.004 -18"><span class='ocrx_word' id='word_1_517' title='bbox 277 3656 371 3708; x_wconf 73' lang='grc' dir='ltr'><strong>καὶ</strong></span> <span class='ocrx_word' id='word_1_518' title='bbox 407 3656 667 3726; x_wconf 80' lang='grc' dir='ltr'>πρότερον</span> <span class='ocrx_word' id='word_1_519' title='bbox 700 3654 754 3707; x_wconf 76' lang='grc' dir='ltr'><strong>δὲ</strong></span> <span class='ocrx_word' id='word_1_520' title='bbox 791 3653 1150 3725; x_wconf 77' lang='grc' dir='ltr'>θεοφορήσας.</span> <span class='ocrx_word' id='word_1_521' title='bbox 1187 3654 1298 3705; x_wconf 72' lang='grc' dir='ltr'><strong>Καὶ</strong></span> <span class='ocrx_word' id='word_1_522' title='bbox 1325 3649 1455 3724; x_wconf 77' lang='grc' dir='ltr'>ἦλθέ</span> <span class='ocrx_word' id='word_1_523' title='bbox 1492 3666 1555 3718; x_wconf 87' lang='grc' dir='ltr'>γε</span> <span class='ocrx_word' id='word_1_524' title='bbox 1588 3653 1616 3705; x_wconf 88' lang='grc' dir='ltr'><strong>ό</strong></span> <span class='ocrx_word' id='word_1_525' title='bbox 1657 3651 1864 3722; x_wconf 86' lang='grc' dir='ltr'>Ἰησοῦς</span> 
     </span>
    </p>
   </div>
   <div class='ocr_carea' id='block_1_66' title="bbox 275 3745 1863 3816">
    <p class='ocr_par' dir='ltr' id='par_1_66' title="bbox 275 3745 1863 3816">
     <span class='ocr_line' id='line_1_66' title="bbox 275 3745 1863 3816; baseline -0.001 -17"><span class='ocrx_word' id='word_1_526' title='bbox 275 3745 635 3816; x_wconf 76' lang='grc' dir='ltr'>ἐλευθερῶσαι</span> <span class='ocrx_word' id='word_1_527' title='bbox 664 3746 869 3808; x_wconf 82' lang='grc' dir='ltr'>πάντας</span> <span class='ocrx_word' id='word_1_528' title='bbox 914 3747 1040 3807; x_wconf 76' lang='grc' dir='ltr'>τοὺς</span> <span class='ocrx_word' id='word_1_529' title='bbox 1083 3745 1718 3816; x_wconf 87' lang='grc' dir='ltr'>καταδυναστευομένους</span> <span class='ocrx_word' id='word_1_530' title='bbox 1758 3745 1863 3798; x_wconf 73' lang='grc' dir='ltr'>ὑπὸ</span> 
     </span>
    </p>
   </div>
   <div class='ocr_carea' id='block_1_67' title="bbox 277 3833 1861 3906">
    <p class='ocr_par' dir='ltr' id='par_1_67' title="bbox 277 3833 1861 3906">
     <span class='ocr_line' id='line_1_67' title="bbox 277 3833 1861 3906; baseline -0.003 -16"><span class='ocrx_word' id='word_1_531' title='bbox 277 3837 369 3890; x_wconf 83' lang='grc' dir='ltr'><strong>τοῦ</strong></span> <span class='ocrx_word' id='word_1_532' title='bbox 398 3836 661 3896; x_wconf 68' lang='grc' dir='ltr'>διαϐόλου,</span> <span class='ocrx_word' id='word_1_533' title='bbox 691 3840 782 3887; x_wconf 75' lang='grc' dir='ltr'>καὶ</span> <span class='ocrx_word' id='word_1_534' title='bbox 805 3835 931 3904; x_wconf 70' lang='grc' dir='ltr'>περ).</span> <span class='ocrx_word' id='word_1_535' title='bbox 959 3834 1166 3887; x_wconf 78' lang='grc' dir='ltr'>ἐκείνου</span> <span class='ocrx_word' id='word_1_536' title='bbox 1191 3833 1361 3888; x_wconf 85' lang='grc' dir='ltr'>εἰπὼν</span> <span class='ocrx_word' id='word_1_537' title='bbox 1395 3834 1531 3904; x_wconf 85' lang='grc' dir='ltr'>μετά</span> <span class='ocrx_word' id='word_1_538' title='bbox 1560 3851 1706 3897; x_wconf 84' lang='grc' dir='ltr'>τινος</span> <span class='ocrx_word' id='word_1_539' title='bbox 1733 3852 1861 3906; x_wconf 85' lang='grc' dir='ltr'>πρε-</span> 
     </span>
    </p>
   </div>
   <div class='ocr_carea' id='block_1_68' title="bbox 279 3926 1863 3998">
    <p class='ocr_par' dir='ltr' id='par_1_68' title="bbox 279 3926 1863 3998">
     <span class='ocr_line' id='line_1_68' title="bbox 279 3926 1863 3998; baseline -0.001 -17"><span class='ocrx_word' id='word_1_540' title='bbox 279 3928 485 3998; x_wconf 79' lang='grc' dir='ltr'>πούσης</span> <span class='ocrx_word' id='word_1_541' title='bbox 519 3927 666 3996; x_wconf 80' lang='grc' dir='ltr'>αῦτῷ</span> <span class='ocrx_word' id='word_1_542' title='bbox 702 3926 1000 3996; x_wconf 78' lang='grc' dir='ltr'>βαθύτητος</span> <span class='ocrx_word' id='word_1_543' title='bbox 1047 3928 1139 3989; x_wconf 89' lang='grc' dir='ltr'><strong>τὸ,</strong></span> <span class='ocrx_word' id='word_1_544' title='bbox 1175 3927 1306 3980; x_wconf 78' lang='grc' dir='ltr'><strong>Νῦν</strong></span> <span class='ocrx_word' id='word_1_545' title='bbox 1333 3929 1365 3979; x_wconf 81' lang='grc' dir='ltr'><em>ὁ</em></span> <span class='ocrx_word' id='word_1_546' title='bbox 1397 3926 1596 3994; x_wconf 78' lang='grc' dir='ltr'>ἄρχων</span> <span class='ocrx_word' id='word_1_547' title='bbox 1628 3926 1734 3980; x_wconf 84' lang='grc' dir='ltr'><strong>τοῦ</strong></span> <span class='ocrx_word' id='word_1_548' title='bbox 1759 3927 1863 3980; x_wconf 85' lang='grc' dir='ltr'><strong>κό-</strong></span> 
     </span>
    </p>
   </div>
   <div class='ocr_carea' id='block_1_69' title="bbox 276 4012 1860 4087">
    <p class='ocr_par' dir='ltr' id='par_1_69' title="bbox 276 4012 1860 4087">
     <span class='ocr_line' id='line_1_69' title="bbox 276 4012 1860 4087; baseline -0.003 -15"><span class='ocrx_word' id='word_1_549' title='bbox 276 4037 436 4087; x_wconf 80' lang='grc' dir='ltr'>σμου</span> <span class='ocrx_word' id='word_1_550' title='bbox 470 4018 681 4071; x_wconf 84' lang='grc' dir='ltr'>τούτου</span> <span class='ocrx_word' id='word_1_551' title='bbox 726 4017 1010 4083; x_wconf 79' lang='grc' dir='ltr'>κέκριται.</span> <span class='ocrx_word' id='word_1_552' title='bbox 1062 4016 1136 4068; x_wconf 83' lang='grc' dir='ltr'><strong>Οὐ</strong></span> <span class='ocrx_word' id='word_1_553' title='bbox 1186 4016 1572 4087; x_wconf 80' lang='grc' dir='ltr'>λοιδοροῦμεθα</span> <span class='ocrx_word' id='word_1_554' title='bbox 1615 4012 1706 4070; x_wconf 73' lang='grc' dir='ltr'><strong>οὖν</strong></span> <span class='ocrx_word' id='word_1_555' title='bbox 1749 4019 1860 4079; x_wconf 88' lang='grc' dir='ltr'>τοῖς</span> 
     </span>
    </p>
   </div>
   <div class='ocr_carea' id='block_1_70' title="bbox 275 4104 1858 4177">
    <p class='ocr_par' dir='ltr' id='par_1_70' title="bbox 275 4104 1858 4177">
     <span class='ocr_line' id='line_1_70' title="bbox 275 4104 1858 4177; baseline -0.002 -18"><span class='ocrx_word' id='word_1_556' title='bbox 275 4106 402 4177; x_wconf 73' lang='grc' dir='ltr'>τῇδε</span> <span class='ocrx_word' id='word_1_557' title='bbox 438 4106 716 4174; x_wconf 85' lang='grc' dir='ltr'>δαίμοσιν,</span> <span class='ocrx_word' id='word_1_558' title='bbox 745 4104 858 4157; x_wconf 88' lang='grc' dir='ltr'>ἀλλ’</span> <span class='ocrx_word' id='word_1_559' title='bbox 912 4104 1208 4174; x_wconf 78' lang='grc' dir='ltr'>ἐλέγχομεν</span> <span class='ocrx_word' id='word_1_560' title='bbox 1244 4104 1344 4166; x_wconf 76' lang='grc' dir='ltr'><strong>τὰς</strong></span> <span class='ocrx_word' id='word_1_561' title='bbox 1390 4107 1476 4157; x_wconf 78' lang='grc' dir='ltr'>ἐπ’</span> <span class='ocrx_word' id='word_1_562' title='bbox 1521 4105 1727 4176; x_wconf 81' lang='grc' dir='ltr'>ὀλέθρῳ</span> <span class='ocrx_word' id='word_1_563' title='bbox 1766 4105 1858 4158; x_wconf 87' lang='grc' dir='ltr'><strong>τοῦ</strong></span> 
     </span>
    </p>
   </div>
   <div class='ocr_carea' id='block_1_71' title="bbox 276 4194 1858 4266">
    <p class='ocr_par' dir='ltr' id='par_1_71' title="bbox 276 4194 1858 4266">
     <span class='ocr_line' id='line_1_71' title="bbox 276 4194 1858 4266; baseline -0.002 -16"><span class='ocrx_word' id='word_1_564' title='bbox 276 4198 466 4266; x_wconf 80' lang='grc' dir='ltr'>γένους</span> <span class='ocrx_word' id='word_1_565' title='bbox 507 4195 614 4248; x_wconf 83' lang='grc' dir='ltr'><strong>τῶν</strong></span> <span class='ocrx_word' id='word_1_566' title='bbox 662 4195 963 4265; x_wconf 76' lang='grc' dir='ltr'>ἀνθρώπιον</span> <span class='ocrx_word' id='word_1_567' title='bbox 1007 4195 1287 4265; x_wconf 75' lang='grc' dir='ltr'>ἐνεργείας</span> <span class='ocrx_word' id='word_1_568' title='bbox 1337 4194 1542 4257; x_wconf 79' lang='grc' dir='ltr'>αὐτῶν,</span> <span class='ocrx_word' id='word_1_569' title='bbox 1589 4197 1858 4265; x_wconf 81' lang='grc' dir='ltr'>προφάσει</span> 
     </span>
    </p>
   </div>
   <div class='ocr_carea' id='block_1_72' title="bbox 276 4285 1855 4359">
    <p class='ocr_par' dir='ltr' id='par_1_72' title="bbox 276 4285 1855 4359">
     <span class='ocr_line' id='line_1_72' title="bbox 276 4285 1855 4359; baseline -0.001 -20"><span class='ocrx_word' id='word_1_570' title='bbox 276 4285 541 4359; x_wconf 51' lang='grc' dir='ltr'>χῃσμῶν</span> <span class='ocrx_word' id='word_1_571' title='bbox 575 4287 666 4338; x_wconf 72' lang='grc' dir='ltr'><strong>καὶ</strong></span> <span class='ocrx_word' id='word_1_572' title='bbox 695 4285 987 4356; x_wconf 86' lang='grc' dir='ltr'>θεραπείας</span> <span class='ocrx_word' id='word_1_573' title='bbox 1019 4285 1305 4356; x_wconf 86' lang='grc' dir='ltr'>σωμάτων,</span> <span class='ocrx_word' id='word_1_574' title='bbox 1339 4286 1432 4338; x_wconf 75' lang='grc' dir='ltr'>καὶ</span> <span class='ocrx_word' id='word_1_575' title='bbox 1467 4285 1640 4339; x_wconf 79' lang='grc' dir='ltr'>ἄλλων</span> <span class='ocrx_word' id='word_1_576' title='bbox 1665 4285 1855 4347; x_wconf 85' lang='grc' dir='ltr'>τινῶν,</span> 
     </span>
    </p>
   </div>
   <div class='ocr_carea' id='block_1_73' title="bbox 1969 3105 3542 3176">
    <p class='ocr_par' dir='ltr' id='par_1_73' title="bbox 1969 3105 3542 3176">
     <span class='ocr_line' id='line_1_73' title="bbox 1969 3105 3542 3176; baseline 0.003 -20"><span class='ocrx_word' id='word_1_577' title='bbox 1969 3105 2058 3173; x_wconf 89' lang='lat' dir='ltr'><strong>qui</strong></span> <span class='ocrx_word' id='word_1_578' title='bbox 2106 3105 2258 3174; x_wconf 79' lang='lat' dir='ltr'><strong>ligati</strong></span> <span class='ocrx_word' id='word_1_579' title='bbox 2289 3122 2316 3157; x_wconf 85' lang='lat' dir='ltr'><strong>a</strong></span> <span class='ocrx_word' id='word_1_580' title='bbox 2365 3108 2566 3159; x_wconf 87' lang='lat' dir='ltr'><strong>Sat:ma</strong></span> <span class='ocrx_word' id='word_1_581' title='bbox 2616 3107 2975 3168; x_wconf 77' lang='lat' dir='ltr'><strong>int-linantur,</strong></span> <span class='ocrx_word' id='word_1_582' title='bbox 3013 3123 3110 3161; x_wconf 88' lang='lat' dir='ltr'><strong>nec</strong></span> <span class='ocrx_word' id='word_1_583' title='bbox 3150 3111 3373 3161; x_wconf 86' lang='lat' dir='ltr'><strong>omnino</strong></span> <span class='ocrx_word' id='word_1_584' title='bbox 3419 3125 3542 3176; x_wconf 82' lang='lat' dir='ltr'><strong>pos-</strong></span> 
     </span>
    </p>
   </div>
   <div class='ocr_carea' id='block_1_74' title="bbox 1967 3196 3541 3265">
    <p class='ocr_par' dir='ltr' id='par_1_74' title="bbox 1967 3196 3541 3265">
     <span class='ocr_line' id='line_1_74' title="bbox 1967 3196 3541 3265; baseline 0.001 -16"><span class='ocrx_word' id='word_1_585' title='bbox 1967 3204 2094 3249; x_wconf 88' lang='lat' dir='ltr'><strong>sunt</strong></span> <span class='ocrx_word' id='word_1_586' title='bbox 2122 3210 2336 3250; x_wconf 89' lang='lat' dir='ltr'><strong>sursum</strong></span> <span class='ocrx_word' id='word_1_587' title='bbox 2373 3197 2664 3265; x_wconf 80' lang='lat' dir='ltr'><strong>reSpicere,</strong></span> <span class='ocrx_word' id='word_1_588' title='bbox 2700 3205 2989 3265; x_wconf 81' lang='lat' dir='ltr'><strong>prapterea</strong></span> <span class='ocrx_word' id='word_1_589' title='bbox 3025 3197 3167 3264; x_wconf 90' lang='lat' dir='ltr'><strong>quod</strong></span> <span class='ocrx_word' id='word_1_590' title='bbox 3211 3196 3297 3250; x_wconf 81' lang='lat' dir='ltr'><strong>ille</strong></span> <span class='ocrx_word' id='word_1_591' title='bbox 3326 3208 3541 3250; x_wconf 82' lang='lat' dir='ltr'><strong>nostros</strong></span> 
     </span>
    </p>
   </div>
   <div class='ocr_carea' id='block_1_75' title="bbox 1965 3285 3540 3353">
    <p class='ocr_par' dir='ltr' id='par_1_75' title="bbox 1965 3285 3540 3353">
     <span class='ocr_line' id='line_1_75' title="bbox 1965 3285 3540 3353; baseline -0.001 -14"><span class='ocrx_word' id='word_1_592' title='bbox 1965 3286 2019 3339; x_wconf 89' lang='lat' dir='ltr'><strong>in</strong></span> <span class='ocrx_word' id='word_1_593' title='bbox 2073 3295 2276 3340; x_wconf 87' lang='lat' dir='ltr'><strong>terram</strong></span> <span class='ocrx_word' id='word_1_594' title='bbox 2317 3285 2506 3340; x_wconf 91' lang='lat' dir='ltr'><strong>oculos</strong></span> <span class='ocrx_word' id='word_1_595' title='bbox 2549 3288 2657 3338; x_wconf 76' lang='lat' dir='ltr'><strong>vult</strong></span> <span class='ocrx_word' id='word_1_596' title='bbox 2700 3285 2899 3353; x_wconf 83' lang='lat' dir='ltr'><strong>dejici?</strong></span> <span class='ocrx_word' id='word_1_597' title='bbox 2937 3285 3046 3340; x_wconf 89' lang='lat' dir='ltr'><strong>llos</strong></span> <span class='ocrx_word' id='word_1_598' title='bbox 3097 3287 3338 3340; x_wconf 82' lang='lat' dir='ltr'><strong>erexerit</strong></span> <span class='ocrx_word' id='word_1_599' title='bbox 3383 3301 3540 3341; x_wconf 81' lang='lat' dir='ltr'><strong>nemo</strong></span> 
     </span>
    </p>
   </div>
   <div class='ocr_carea' id='block_1_76' title="bbox 1966 3376 3537 3448">
    <p class='ocr_par' dir='ltr' id='par_1_76' title="bbox 1966 3376 3537 3448">
     <span class='ocr_line' id='line_1_76' title="bbox 1966 3376 3537 3448; baseline 0.003 -21"><span class='ocrx_word' id='word_1_600' title='bbox 1966 3385 2164 3444; x_wconf 64' lang='lat' dir='ltr'><strong>printer</strong></span> <span class='ocrx_word' id='word_1_601' title='bbox 2179 3377 2416 3431; x_wconf 81' lang='lat' dir='ltr'><strong>Verbum</strong></span> <span class='ocrx_word' id='word_1_602' title='bbox 2441 3377 2582 3445; x_wconf 88' lang='lat' dir='ltr'><strong>quod</strong></span> <span class='ocrx_word' id='word_1_603' title='bbox 2604 3378 2653 3429; x_wconf 91' lang='lat' dir='ltr'><strong>in</strong></span> <span class='ocrx_word' id='word_1_604' title='bbox 2676 3376 2803 3430; x_wconf 88' lang='lat' dir='ltr'><strong>.Iesu</strong></span> <span class='ocrx_word' id='word_1_605' title='bbox 2833 3379 3074 3443; x_wconf 71' lang='lat' dir='ltr'><strong>advenit,</strong></span> <span class='ocrx_word' id='word_1_606' title='bbox 3099 3380 3351 3448; x_wconf 82' lang='lat' dir='ltr'><strong>quodque</strong></span> <span class='ocrx_word' id='word_1_607' title='bbox 3381 3388 3537 3432; x_wconf 88' lang='lat' dir='ltr'><strong>antea</strong></span> 
     </span>
    </p>
   </div>
   <div class='ocr_carea' id='block_1_77' title="bbox 1966 3467 3540 3539">
    <p class='ocr_par' dir='ltr' id='par_1_77' title="bbox 1966 3467 3540 3539">
     <span class='ocr_line' id='line_1_77' title="bbox 1966 3467 3540 3539; baseline 0.001 -19"><span class='ocrx_word' id='word_1_608' title='bbox 1966 3482 2062 3520; x_wconf 90' lang='lat' dir='ltr'><strong>suo</strong></span> <span class='ocrx_word' id='word_1_609' title='bbox 2092 3468 2286 3535; x_wconf 90' lang='lat' dir='ltr'><strong>spiritu</strong></span> <span class='ocrx_word' id='word_1_610' title='bbox 2315 3467 2921 3535; x_wconf 80' lang='lat' dir='ltr'><strong>prepbetasaﬂlaverat.</strong></span> <span class='ocrx_word' id='word_1_611' title='bbox 2952 3469 3360 3539; x_wconf 79' lang='lat' dir='ltr'><strong>Venitnamque</strong></span> <span class='ocrx_word' id='word_1_612' title='bbox 3387 3470 3540 3524; x_wconf 84' lang='lat' dir='ltr'><strong>Jesus</strong></span> 
     </span>
    </p>
   </div>
   <div class='ocr_carea' id='block_1_78' title="bbox 1967 3559 3538 3628">
    <p class='ocr_par' dir='ltr' id='par_1_78' title="bbox 1967 3559 3538 3628">
     <span class='ocr_line' id='line_1_78' title="bbox 1967 3559 3538 3628; baseline 0.003 -19"><span class='ocrx_word' id='word_1_613' title='bbox 1967 3567 2024 3611; x_wconf 91' lang='lat' dir='ltr'><strong>nt</strong></span> <span class='ocrx_word' id='word_1_614' title='bbox 2049 3573 2238 3611; x_wconf 88' lang='lat' dir='ltr'><strong>omnes</strong></span> <span class='ocrx_word' id='word_1_615' title='bbox 2266 3574 2554 3628; x_wconf 82' lang='lat' dir='ltr'><strong>Oppressos</strong></span> <span class='ocrx_word' id='word_1_616' title='bbox 2583 3575 2610 3611; x_wconf 87' lang='lat' dir='ltr'><strong>a</strong></span> <span class='ocrx_word' id='word_1_617' title='bbox 2641 3559 2856 3614; x_wconf 82' lang='lat' dir='ltr'><strong>diabolo</strong></span> <span class='ocrx_word' id='word_1_618' title='bbox 2884 3561 3187 3615; x_wconf 73' lang='lat' dir='ltr'><strong>liberaret&quot;</strong></span> <span class='ocrx_word' id='word_1_619' title='bbox 3214 3580 3226 3616; x_wconf 94' lang='lat'>:</span> <span class='ocrx_word' id='word_1_620' title='bbox 3265 3571 3316 3614; x_wconf 92' lang='lat' dir='ltr'><strong>et</strong></span> <span class='ocrx_word' id='word_1_621' title='bbox 3353 3563 3418 3615; x_wconf 85' lang='lat' dir='ltr'><strong>de</strong></span> <span class='ocrx_word' id='word_1_622' title='bbox 3447 3562 3538 3614; x_wconf 90' lang='lat' dir='ltr'><strong>illo</strong></span> 
     </span>
    </p>
   </div>
   <div class='ocr_carea' id='block_1_79' title="bbox 1965 3643 3538 3713">
    <p class='ocr_par' dir='ltr' id='par_1_79' title="bbox 1965 3643 3538 3713">
     <span class='ocr_line' id='line_1_79' title="bbox 1965 3643 3538 3713; baseline 0.006 -19"><span class='ocrx_word' id='word_1_623' title='bbox 1965 3643 2100 3695; x_wconf 81' lang='lat' dir='ltr'><strong>dixit</strong></span> <span class='ocrx_word' id='word_1_624' title='bbox 2131 3658 2252 3695; x_wconf 88' lang='lat' dir='ltr'><strong>cum</strong></span> <span class='ocrx_word' id='word_1_625' title='bbox 2287 3644 2518 3710; x_wconf 87' lang='lat' dir='ltr'><strong>quadam</strong></span> <span class='ocrx_word' id='word_1_626' title='bbox 2555 3660 2676 3713; x_wconf 74' lang='lat' dir='ltr'><strong>qua:</strong></span> <span class='ocrx_word' id='word_1_627' title='bbox 2720 3645 2893 3713; x_wconf 86' lang='lat' dir='ltr'><strong>ipsum</strong></span> <span class='ocrx_word' id='word_1_628' title='bbox 2942 3649 3172 3701; x_wconf 85' lang='lat' dir='ltr'><strong>decebat</strong></span> <span class='ocrx_word' id='word_1_629' title='bbox 3205 3649 3492 3702; x_wconf 90' lang='lat' dir='ltr'><strong>altitudine</strong></span> <span class='ocrx_word' id='word_1_630' title='bbox 3522 3666 3538 3704; x_wconf 90' lang='lat'><strong>:</strong></span> 
     </span>
    </p>
   </div>
   <div class='ocr_carea' id='block_1_80' title="bbox 1966 3734 3542 3808">
    <p class='ocr_par' dir='ltr' id='par_1_80' title="bbox 1966 3734 3542 3808">
     <span class='ocr_line' id='line_1_80' title="bbox 1966 3734 3542 3808; baseline 0.002 -19"><span class='ocrx_word' id='word_1_631' title='bbox 1966 3734 2122 3789; x_wconf 89' lang='lat' dir='ltr'><strong>Nunc</strong></span> <span class='ocrx_word' id='word_1_632' title='bbox 2149 3737 2388 3805; x_wconf 78' lang='lat' dir='ltr'><strong>princeps</strong></span> <span class='ocrx_word' id='word_1_633' title='bbox 2402 3735 2559 3804; x_wconf 84' lang='lat' dir='ltr'><strong>hujus</strong></span> <span class='ocrx_word' id='word_1_634' title='bbox 2585 3738 2765 3788; x_wconf 87' lang='lat' dir='ltr'><strong>mundi</strong></span> <span class='ocrx_word' id='word_1_635' title='bbox 2784 3736 3061 3804; x_wconf 79' lang='lat' dir='ltr'><strong>judicatus</strong></span> <span class='ocrx_word' id='word_1_636' title='bbox 3086 3740 3204 3792; x_wconf 68' lang='lat' dir='ltr'><strong>est”.</strong></span> <span class='ocrx_word' id='word_1_637' title='bbox 3231 3737 3347 3792; x_wconf 86' lang='lat' dir='ltr'><strong>Non</strong></span> <span class='ocrx_word' id='word_1_638' title='bbox 3381 3741 3542 3808; x_wconf 74' lang='lat' dir='ltr'><strong>igitur</strong></span> 
     </span>
    </p>
   </div>
   <div class='ocr_carea' id='block_1_81' title="bbox 1964 3828 3536 3901">
    <p class='ocr_par' dir='ltr' id='par_1_81' title="bbox 1964 3828 3536 3901">
     <span class='ocr_line' id='line_1_81' title="bbox 1964 3828 3536 3901; baseline 0.001 -18"><span class='ocrx_word' id='word_1_639' title='bbox 1964 3828 2305 3883; x_wconf 68' lang='lat' dir='ltr'><strong>dmmonibus</strong></span> <span class='ocrx_word' id='word_1_640' title='bbox 2339 3829 2428 3882; x_wconf 91' lang='lat' dir='ltr'><strong>hic</strong></span> <span class='ocrx_word' id='word_1_641' title='bbox 2458 3829 2803 3882; x_wconf 80' lang='lat' dir='ltr'><strong>versantibus</strong></span> <span class='ocrx_word' id='word_1_642' title='bbox 2854 3831 3250 3896; x_wconf 82' lang='lat' dir='ltr'><strong>maledicimus,</strong></span> <span class='ocrx_word' id='word_1_643' title='bbox 3282 3834 3376 3886; x_wconf 90' lang='lat' dir='ltr'><strong>sed</strong></span> <span class='ocrx_word' id='word_1_644' title='bbox 3404 3847 3536 3901; x_wconf 88' lang='lat' dir='ltr'><strong>ope-</strong></span> 
     </span>
    </p>
   </div>
   <div class='ocr_carea' id='block_1_82' title="bbox 1963 3921 3540 3993">
    <p class='ocr_par' dir='ltr' id='par_1_82' title="bbox 1963 3921 3540 3993">
     <span class='ocr_line' id='line_1_82' title="bbox 1963 3921 3540 3993; baseline 0.001 -19"><span class='ocrx_word' id='word_1_645' title='bbox 1963 3923 2202 3975; x_wconf 86' lang='lat' dir='ltr'><strong>rationes</strong></span> <span class='ocrx_word' id='word_1_646' title='bbox 2230 3935 2418 3974; x_wconf 87' lang='lat' dir='ltr'><strong>corum</strong></span> <span class='ocrx_word' id='word_1_647' title='bbox 2453 3921 2518 3975; x_wconf 89' lang='lat' dir='ltr'><strong>ad</strong></span> <span class='ocrx_word' id='word_1_648' title='bbox 2555 3921 2769 3990; x_wconf 74' lang='lat' dir='ltr'><strong>generis</strong></span> <span class='ocrx_word' id='word_1_649' title='bbox 2808 3921 3031 3976; x_wconf 88' lang='lat' dir='ltr'><strong>humani</strong></span> <span class='ocrx_word' id='word_1_650' title='bbox 3080 3925 3373 3993; x_wconf 79' lang='lat' dir='ltr'><strong>perniciem</strong></span> <span class='ocrx_word' id='word_1_651' title='bbox 3419 3933 3540 3977; x_wconf 78' lang='lat' dir='ltr'><strong>ten-</strong></span> 
     </span>
    </p>
   </div>
   <div class='ocr_carea' id='block_1_83' title="bbox 1963 4013 3540 4085">
    <p class='ocr_par' dir='ltr' id='par_1_83' title="bbox 1963 4013 3540 4085">
     <span class='ocr_line' id='line_1_83' title="bbox 1963 4013 3540 4085; baseline 0.001 -19"><span class='ocrx_word' id='word_1_652' title='bbox 1963 4014 2156 4066; x_wconf 84' lang='lat' dir='ltr'><strong>dentes</strong></span> <span class='ocrx_word' id='word_1_653' title='bbox 2187 4013 2556 4068; x_wconf 87' lang='lat' dir='ltr'><strong>damnamus:</strong></span> <span class='ocrx_word' id='word_1_654' title='bbox 2597 4015 3034 4085; x_wconf 86' lang='lat' dir='ltr'><strong>quandoquidem</strong></span> <span class='ocrx_word' id='word_1_655' title='bbox 3086 4015 3436 4069; x_wconf 87' lang='lat' dir='ltr'><strong>oraculorum</strong></span> <span class='ocrx_word' id='word_1_656' title='bbox 3483 4025 3540 4070; x_wconf 75' lang='lat' dir='ltr'><strong>ct</strong></span> 
     </span>
    </p>
   </div>
   <div class='ocr_carea' id='block_1_84' title="bbox 1961 4105 3535 4176">
    <p class='ocr_par' dir='ltr' id='par_1_84' title="bbox 1961 4105 3535 4176">
     <span class='ocr_line' id='line_1_84' title="bbox 1961 4105 3535 4176; baseline 0.001 -19"><span class='ocrx_word' id='word_1_657' title='bbox 1961 4105 2304 4158; x_wconf 84' lang='lat' dir='ltr'><strong>curationum</strong></span> <span class='ocrx_word' id='word_1_658' title='bbox 2326 4106 2665 4175; x_wconf 88' lang='lat' dir='ltr'><strong>aliarumque</strong></span> <span class='ocrx_word' id='word_1_659' title='bbox 2691 4123 2870 4162; x_wconf 90' lang='lat' dir='ltr'><strong>rerum</strong></span> <span class='ocrx_word' id='word_1_660' title='bbox 2893 4108 3112 4161; x_wconf 79' lang='lat' dir='ltr'><strong>nomine</strong></span> <span class='ocrx_word' id='word_1_661' title='bbox 3136 4109 3239 4160; x_wconf 89' lang='lat' dir='ltr'><strong>huc</strong></span> <span class='ocrx_word' id='word_1_662' title='bbox 3262 4117 3535 4176; x_wconf 84' lang='lat' dir='ltr'><strong>spectant,</strong></span> 
     </span>
    </p>
   </div>
   <div class='ocr_carea' id='block_1_85' title="bbox 1961 4196 3536 4265">
    <p class='ocr_par' dir='ltr' id='par_1_85' title="bbox 1961 4196 3536 4265">
     <span class='ocr_line' id='line_1_85' title="bbox 1961 4196 3536 4265; baseline 0.004 -21"><span class='ocrx_word' id='word_1_663' title='bbox 1961 4202 2018 4245; x_wconf 89' lang='grc' dir='ltr'><strong>ιιι</strong></span> <span class='ocrx_word' id='word_1_664' title='bbox 2042 4196 2301 4257; x_wconf 91' lang='lat' dir='ltr'><strong>animam,</strong></span> <span class='ocrx_word' id='word_1_665' title='bbox 2329 4211 2449 4263; x_wconf 76' lang='lat' dir='ltr'><strong>qua:</strong></span> <span class='ocrx_word' id='word_1_666' title='bbox 2483 4196 2532 4249; x_wconf 92' lang='lat' dir='ltr'><strong>in</strong></span> <span class='ocrx_word' id='word_1_667' title='bbox 2564 4197 2664 4250; x_wconf 89' lang='lat' dir='ltr'><strong>hoc</strong></span> <span class='ocrx_word' id='word_1_668' title='bbox 2694 4197 2894 4250; x_wconf 87' lang='lat' dir='ltr'><strong>humile</strong></span> <span class='ocrx_word' id='word_1_669' title='bbox 2919 4212 3113 4265; x_wconf 89' lang='lat' dir='ltr'><strong>corpus</strong></span> <span class='ocrx_word' id='word_1_670' title='bbox 3135 4197 3344 4257; x_wconf 88' lang='lat' dir='ltr'><strong>incidit,</strong></span> <span class='ocrx_word' id='word_1_671' title='bbox 3372 4213 3400 4248; x_wconf 90' lang='lat' dir='ltr'><strong>a</strong></span> <span class='ocrx_word' id='word_1_672' title='bbox 3430 4198 3536 4250; x_wconf 88' lang='lat' dir='ltr'><strong>Deo</strong></span> 
     </span>
    </p>
   </div>
   <div class='ocr_carea' id='block_1_86' title="bbox 1960 4289 3537 4357">
    <p class='ocr_par' dir='ltr' id='par_1_86' title="bbox 1960 4289 3537 4357">
     <span class='ocr_line' id='line_1_86' title="bbox 1960 4289 3537 4357; baseline 0.003 -19"><span class='ocrx_word' id='word_1_673' title='bbox 1960 4295 2214 4354; x_wconf 87' lang='lat' dir='ltr'><strong>separent</strong></span> <span class='ocrx_word' id='word_1_674' title='bbox 2243 4306 2255 4339; x_wconf 90' lang='lat'><strong>:</strong></span> <span class='ocrx_word' id='word_1_675' title='bbox 2283 4303 2447 4356; x_wconf 89' lang='lat' dir='ltr'><strong>quam</strong></span> <span class='ocrx_word' id='word_1_676' title='bbox 2482 4289 2730 4355; x_wconf 89' lang='lat' dir='ltr'><strong>corporis</strong></span> <span class='ocrx_word' id='word_1_677' title='bbox 2779 4289 3144 4342; x_wconf 85' lang='lat' dir='ltr'><strong>humilitatem</strong></span> <span class='ocrx_word' id='word_1_678' title='bbox 3193 4290 3284 4357; x_wconf 90' lang='lat' dir='ltr'><strong>qui</strong></span> <span class='ocrx_word' id='word_1_679' title='bbox 3331 4289 3537 4342; x_wconf 86' lang='lat' dir='ltr'><strong>intelli-</strong></span> 
     </span>
    </p>
   </div>
   <div class='ocr_carea' id='block_1_87' title="bbox 276 4376 1861 4450">
    <p class='ocr_par' dir='ltr' id='par_1_87' title="bbox 276 4376 1858 4450">
     <span class='ocr_line' id='line_1_87' title="bbox 276 4376 1858 4450; baseline -0.002 -19"><span class='ocrx_word' id='word_1_680' title='bbox 276 4380 508 4450; x_wconf 79' lang='grc' dir='ltr'>χωρίσαι</span> <span class='ocrx_word' id='word_1_681' title='bbox 541 4379 634 4432; x_wconf 88' lang='grc' dir='ltr'><strong>τοῦ</strong></span> <span class='ocrx_word' id='word_1_682' title='bbox 669 4377 804 4430; x_wconf 83' lang='grc' dir='ltr'>Θεοῦ</span> <span class='ocrx_word' id='word_1_683' title='bbox 838 4377 1174 4449; x_wconf 84' lang='grc' dir='ltr'>βουλομένων</span> <span class='ocrx_word' id='word_1_684' title='bbox 1222 4378 1319 4448; x_wconf 81' lang='grc' dir='ltr'><strong>τὴν</strong></span> <span class='ocrx_word' id='word_1_685' title='bbox 1363 4376 1710 4448; x_wconf 74' lang='grc' dir='ltr'>ἐμπεσοῦσαν</span> <span class='ocrx_word' id='word_1_686' title='bbox 1755 4377 1858 4445; x_wconf 71' lang='grc' dir='ltr'><strong>ψυ-</strong></span> 
     </span>
    </p>
   </div>
   <div class='ocr_carea' id='block_1_88' title="bbox 1976 4376 3538 4450">
    <p class='ocr_par' dir='ltr' id='par_1_88' title="bbox 1976 4378 3538 4449">
     <span class='ocr_line' id='line_1_88' title="bbox 1976 4378 3538 4449; baseline 0.004 -22"><span class='ocrx_word' id='word_1_687' title='bbox 1976 4387 2118 4445; x_wconf 65' lang='grc' dir='ltr'>ζιιιιι,</span> <span class='ocrx_word' id='word_1_688' title='bbox 2151 4379 2462 4432; x_wconf 74' lang='lat' dir='ltr'><strong>exclamant</strong></span> <span class='ocrx_word' id='word_1_689' title='bbox 2493 4386 2506 4431; x_wconf 81' lang='lat'><strong>:‘</strong></span> <span class='ocrx_word' id='word_1_690' title='bbox 2542 4378 2708 4432; x_wconf 85' lang='lat' dir='ltr'><strong>Miser</strong></span> <span class='ocrx_word' id='word_1_691' title='bbox 2736 4396 2828 4449; x_wconf 87' lang='lat' dir='ltr'><strong>ego</strong></span> <span class='ocrx_word' id='word_1_692' title='bbox 2869 4380 3046 4444; x_wconf 84' lang='lat' dir='ltr'><strong>homo,</strong></span> <span class='ocrx_word' id='word_1_693' title='bbox 3075 4381 3194 4448; x_wconf 85' lang='lat' dir='ltr'><strong>quis</strong></span> <span class='ocrx_word' id='word_1_694' title='bbox 3227 4396 3304 4432; x_wconf 88' lang='lat' dir='ltr'><strong>me</strong></span> <span class='ocrx_word' id='word_1_695' title='bbox 3340 4381 3538 4434; x_wconf 87' lang='lat' dir='ltr'><strong>libera-</strong></span> 
     </span>
    </p>
   </div>
   <div class='ocr_carea' id='block_1_89' title="bbox 278 4468 1856 4544">
    <p class='ocr_par' dir='ltr' id='par_1_89' title="bbox 278 4468 1856 4544">
     <span class='ocr_line' id='line_1_89' title="bbox 278 4468 1856 4544; baseline -0.003 -20"><span class='ocrx_word' id='word_1_696' title='bbox 278 4473 380 4544; x_wconf 82' lang='grc' dir='ltr'>χὴν</span> <span class='ocrx_word' id='word_1_697' title='bbox 412 4473 490 4534; x_wconf 83' lang='grc' dir='ltr'><strong>είς</strong></span> <span class='ocrx_word' id='word_1_698' title='bbox 520 4471 580 4523; x_wconf 82' lang='grc' dir='ltr'><strong>τὸ</strong></span> <span class='ocrx_word' id='word_1_699' title='bbox 623 4469 782 4541; x_wconf 82' lang='grc' dir='ltr'>σῶμα</span> <span class='ocrx_word' id='word_1_700' title='bbox 824 4471 921 4540; x_wconf 77' lang='grc' dir='ltr'>τῆς</span> <span class='ocrx_word' id='word_1_701' title='bbox 949 4468 1330 4532; x_wconf 86' lang='grc' dir='ltr'>ταπεινώσεως</span> <span class='ocrx_word' id='word_1_702' title='bbox 1358 4485 1370 4499; x_wconf 78' lang='grc'><strong><em>⁸</em></strong></span> <span class='ocrx_word' id='word_1_703' title='bbox 1408 4469 1597 4540; x_wconf 83' lang='grc' dir='ltr'>ἦντινα</span> <span class='ocrx_word' id='word_1_704' title='bbox 1641 4469 1689 4522; x_wconf 86' lang='grc' dir='ltr'>οἱ</span> <span class='ocrx_word' id='word_1_705' title='bbox 1735 4469 1856 4539; x_wconf 84' lang='grc' dir='ltr'>νοή-</span> 
     </span>
    </p>
   </div>
   <div class='ocr_carea' id='block_1_90' title="bbox 349 4585 1756 4650">
    <p class='ocr_par' dir='ltr' id='par_1_90' title="bbox 349 4585 1756 4650">
     <span class='ocr_line' id='line_1_90' title="bbox 349 4585 1756 4650; baseline -0.001 -8"><span class='ocrx_word' id='word_1_706' title='bbox 349 4593 368 4621; x_wconf 80' lang='grc'>³</span> <span class='ocrx_word' id='word_1_707' title='bbox 409 4589 609 4642; x_wconf 86' lang='lat' dir='ltr'><strong>’l‘hren.</strong></span> <span class='ocrx_word' id='word_1_708' title='bbox 635 4590 715 4648; x_wconf 85' lang='lat' dir='ltr'><strong>Ill,</strong></span> <span class='ocrx_word' id='word_1_709' title='bbox 748 4588 838 4642; x_wconf 77' lang='grc'><strong>54.</strong></span> <span class='ocrx_word' id='word_1_710' title='bbox 911 4589 932 4619; x_wconf 82' lang='grc'><em>³</em></span> <span class='ocrx_word' id='word_1_711' title='bbox 970 4587 1072 4640; x_wconf 72' lang='lat' dir='ltr'><strong>lsa.</strong></span> <span class='ocrx_word' id='word_1_712' title='bbox 1101 4589 1321 4650; x_wconf 82' lang='lat' dir='ltr'><strong>thx,9.</strong></span> <span class='ocrx_word' id='word_1_713' title='bbox 1399 4585 1422 4618; x_wconf 73' lang='grc'>⁸</span> <span class='ocrx_word' id='word_1_714' title='bbox 1458 4585 1564 4640; x_wconf 84' lang='lat' dir='ltr'><strong>lsa.</strong></span> <span class='ocrx_word' id='word_1_715' title='bbox 1593 4602 1667 4650; x_wconf 80' lang='lat' dir='ltr'><strong>Ix,</strong></span> <span class='ocrx_word' id='word_1_716' title='bbox 1701 4588 1756 4641; x_wconf 76' lang='grc'><strong>2.</strong></span> 
     </span>
    </p>
   </div>
   <div class='ocr_carea' id='block_1_91' title="bbox 279 4657 1493 4724">
    <p class='ocr_par' dir='ltr' id='par_1_91' title="bbox 279 4657 1493 4724">
     <span class='ocr_line' id='line_1_91' title="bbox 279 4657 1493 4724; baseline -0.002 -12"><span class='ocrx_word' id='word_1_717' title='bbox 279 4660 366 4713; x_wconf 67' lang='grc'><strong>53.</strong></span> <span class='ocrx_word' id='word_1_718' title='bbox 441 4663 461 4692; x_wconf 89' lang='grc'><strong>⁹</strong></span> <span class='ocrx_word' id='word_1_719' title='bbox 498 4659 654 4714; x_wconf 83' lang='lat' dir='ltr'><strong>Joan.</strong></span> <span class='ocrx_word' id='word_1_720' title='bbox 687 4674 794 4722; x_wconf 76' lang='lat' dir='ltr'><strong>xw,</strong></span> <span class='ocrx_word' id='word_1_721' title='bbox 829 4660 914 4712; x_wconf 86' lang='lat' dir='ltr'><strong>ll.</strong></span> <span class='ocrx_word' id='word_1_722' title='bbox 993 4659 1036 4690; x_wconf 86' lang='grc'>¹⁰</span> <span class='ocrx_word' id='word_1_723' title='bbox 1076 4658 1232 4712; x_wconf 65' lang='lat' dir='ltr'><strong>non].</strong></span> <span class='ocrx_word' id='word_1_724' title='bbox 1263 4673 1367 4724; x_wconf 85' lang='lat' dir='ltr'><strong>vn,</strong></span> <span class='ocrx_word' id='word_1_725' title='bbox 1402 4657 1493 4711; x_wconf 72' lang='grc'><strong>24.</strong></span> 
     </span>
    </p>
   </div>
   <div class='ocr_carea' id='block_1_92' title="bbox 352 4775 1841 4843">
    <p class='ocr_par' dir='ltr' id='par_1_92' title="bbox 352 4775 1841 4843">
     <span class='ocr_line' id='line_1_92' title="bbox 352 4775 1841 4843; baseline 0.005 -18"><span class='ocrx_word' id='word_1_726' title='bbox 352 4775 464 4841; x_wconf 87' lang='lat' dir='ltr'><strong>(ll)</strong></span> <span class='ocrx_word' id='word_1_727' title='bbox 500 4775 984 4843; x_wconf 78' lang='grc' dir='ltr'>Καταληπτικῆς.</span> <span class='ocrx_word' id='word_1_728' title='bbox 1017 4775 1154 4829; x_wconf 89' lang='lat' dir='ltr'><strong>Tull.</strong></span> <span class='ocrx_word' id='word_1_729' title='bbox 1198 4777 1290 4831; x_wconf 87' lang='lat' dir='ltr'><strong>lib.</strong></span> <span class='ocrx_word' id='word_1_730' title='bbox 1329 4787 1451 4832; x_wconf 83' lang='lat' dir='ltr'><strong>net</strong></span> <span class='ocrx_word' id='word_1_731' title='bbox 1491 4793 1544 4832; x_wconf 86' lang='lat' dir='ltr'><strong>tv</strong></span> <span class='ocrx_word' id='word_1_732' title='bbox 1592 4779 1841 4832; x_wconf 77' lang='lat' dir='ltr'><strong>Academ.</strong></span> 
     </span>
    </p>
   </div>
   <div class='ocr_carea' id='block_1_93' title="bbox 278 4847 1846 4915">
    <p class='ocr_par' dir='ltr' id='par_1_93' title="bbox 278 4847 1846 4915">
     <span class='ocr_line' id='line_1_93' title="bbox 278 4847 1846 4915; baseline 0.005 -22"><span class='ocrx_word' id='word_1_733' title='bbox 278 4852 465 4915; x_wconf 60' lang='lat' dir='ltr'><strong>quiest.</strong></span> <span class='ocrx_word' id='word_1_734' title='bbox 499 4860 515 4897; x_wconf 91' lang='lat'><strong><em>:</em></strong></span> <span class='ocrx_word' id='word_1_735' title='bbox 547 4847 611 4898; x_wconf 85' lang='lat' dir='ltr'><strong>At</strong></span> <span class='ocrx_word' id='word_1_736' title='bbox 643 4848 777 4900; x_wconf 86' lang='lat' dir='ltr'><strong>scire</strong></span> <span class='ocrx_word' id='word_1_737' title='bbox 806 4848 1007 4915; x_wconf 77' lang='lat' dir='ltr'><strong>negatis</strong></span> <span class='ocrx_word' id='word_1_738' title='bbox 1030 4863 1345 4915; x_wconf 89' lang='lat' dir='ltr'><strong>quemquam</strong></span> <span class='ocrx_word' id='word_1_739' title='bbox 1371 4865 1480 4902; x_wconf 85' lang='lat' dir='ltr'><strong>rem</strong></span> <span class='ocrx_word' id='word_1_740' title='bbox 1507 4849 1667 4902; x_wconf 88' lang='lat' dir='ltr'><strong>ullam</strong></span> <span class='ocrx_word' id='word_1_741' title='bbox 1695 4891 1708 4912; x_wconf 95' lang='lat'><strong>,</strong></span> <span class='ocrx_word' id='word_1_742' title='bbox 1745 4850 1846 4902; x_wconf 85' lang='lat' dir='ltr'><strong>nisi</strong></span> 
     </span>
    </p>
   </div>
   <div class='ocr_carea' id='block_1_94' title="bbox 279 4913 1841 4986">
    <p class='ocr_par' dir='ltr' id='par_1_94' title="bbox 279 4913 1841 4986">
     <span class='ocr_line' id='line_1_94' title="bbox 279 4913 1841 4986; baseline 0.004 -20"><span class='ocrx_word' id='word_1_743' title='bbox 279 4913 603 4986; x_wconf 53' lang='lat' dir='ltr'><strong>capientem;</strong></span> <span class='ocrx_word' id='word_1_744' title='bbox 643 4927 689 4968; x_wconf 88' lang='lat' dir='ltr'><strong>ct</strong></span> <span class='ocrx_word' id='word_1_745' title='bbox 728 4916 822 4969; x_wconf 86' lang='lat' dir='ltr'><strong>hoc</strong></span> <span class='ocrx_word' id='word_1_746' title='bbox 851 4913 1057 4984; x_wconf 81' lang='lat' dir='ltr'><strong>quidem</strong></span> <span class='ocrx_word' id='word_1_747' title='bbox 1116 4913 1257 4970; x_wconf 82' lang='lat' dir='ltr'><strong>Zeno</strong></span> <span class='ocrx_word' id='word_1_748' title='bbox 1312 4931 1457 4986; x_wconf 84' lang='lat' dir='ltr'><strong>gestu</strong></span> <span class='ocrx_word' id='word_1_749' title='bbox 1512 4919 1841 4985; x_wconf 79' lang='lat' dir='ltr'><strong>conﬁciebat.</strong></span> 
     </span>
    </p>
   </div>
   <div class='ocr_carea' id='block_1_95' title="bbox 288 4981 1844 5054">
    <p class='ocr_par' dir='ltr' id='par_1_95' title="bbox 288 4981 1844 5054">
     <span class='ocr_line' id='line_1_95' title="bbox 288 4981 1844 5054; baseline 0.004 -19"><span class='ocrx_word' id='word_1_750' title='bbox 288 4981 428 5035; x_wconf 81' lang='lat' dir='ltr'><strong>Nam</strong></span> <span class='ocrx_word' id='word_1_751' title='bbox 459 4999 573 5054; x_wconf 86' lang='lat' dir='ltr'><strong>cum</strong></span> <span class='ocrx_word' id='word_1_752' title='bbox 628 4981 1059 5054; x_wconf 30' lang='lat' dir='ltr'><strong>extensis-digitis</strong></span> <span class='ocrx_word' id='word_1_753' title='bbox 1106 4981 1374 5041; x_wconf 61' lang='lat' dir='ltr'><strong>adversam</strong></span> <span class='ocrx_word' id='word_1_754' title='bbox 1417 4981 1630 5042; x_wconf 81' lang='lat' dir='ltr'><strong>manum</strong></span> <span class='ocrx_word' id='word_1_755' title='bbox 1668 4999 1844 5042; x_wconf 86' lang='lat' dir='ltr'><strong>osten-</strong></span> 
     </span>
    </p>
   </div>
   <div class='ocr_carea' id='block_1_96' title="bbox 286 5052 1844 5122">
    <p class='ocr_par' dir='ltr' id='par_1_96' title="bbox 286 5052 1844 5122">
     <span class='ocr_line' id='line_1_96' title="bbox 286 5052 1844 5122; baseline 0.004 -21"><span class='ocrx_word' id='word_1_756' title='bbox 286 5058 456 5112; x_wconf 81' lang='lat' dir='ltr'><strong>derat,</strong></span> <span class='ocrx_word' id='word_1_757' title='bbox 486 5052 645 5115; x_wconf 85' lang='lat' dir='ltr'><strong>visus,</strong></span> <span class='ocrx_word' id='word_1_758' title='bbox 683 5052 968 5122; x_wconf 73' lang='lat' dir='ltr'><strong>inquiebat,</strong></span> <span class='ocrx_word' id='word_1_759' title='bbox 1008 5055 1310 5122; x_wconf 81' lang='lat' dir='ltr'><strong>huiusmodi</strong></span> <span class='ocrx_word' id='word_1_760' title='bbox 1353 5068 1450 5112; x_wconf 87' lang='lat' dir='ltr'><strong>est.</strong></span> <span class='ocrx_word' id='word_1_761' title='bbox 1490 5058 1692 5112; x_wconf 80' lang='lat' dir='ltr'><strong>Deinde</strong></span> <span class='ocrx_word' id='word_1_762' title='bbox 1726 5074 1844 5111; x_wconf 88' lang='lat' dir='ltr'><strong>cum</strong></span> 
     </span>
    </p>
   </div>
   <div class='ocr_carea' id='block_1_97' title="bbox 283 5122 1844 5196">
    <p class='ocr_par' dir='ltr' id='par_1_97' title="bbox 283 5122 1844 5196">
     <span class='ocr_line' id='line_1_97' title="bbox 283 5122 1844 5196; baseline 0.005 -26"><span class='ocrx_word' id='word_1_763' title='bbox 283 5122 498 5196; x_wconf 62' lang='lat' dir='ltr'><strong>paulum</strong></span> <span class='ocrx_word' id='word_1_764' title='bbox 529 5124 722 5196; x_wconf 79' lang='lat' dir='ltr'><strong>digitos</strong></span> <span class='ocrx_word' id='word_1_765' title='bbox 763 5125 1168 5188; x_wconf 73' lang='lat' dir='ltr'><strong>constrinxerat,</strong></span> <span class='ocrx_word' id='word_1_766' title='bbox 1229 5145 1470 5181; x_wconf 87' lang='lat' dir='ltr'><strong>assensus</strong></span> <span class='ocrx_word' id='word_1_767' title='bbox 1515 5128 1844 5196; x_wconf 87' lang='lat' dir='ltr'><strong>hujusmodi.</strong></span> 
     </span>
    </p>
   </div>
   <div class='ocr_carea' id='block_1_98' title="bbox 287 5190 1854 5265">
    <p class='ocr_par' dir='ltr' id='par_1_98' title="bbox 287 5190 1854 5265">
     <span class='ocr_line' id='line_1_98' title="bbox 287 5190 1854 5265; baseline 0.003 -22"><span class='ocrx_word' id='word_1_768' title='bbox 287 5190 417 5243; x_wconf 82' lang='lat' dir='ltr'><strong>Tum</strong></span> <span class='ocrx_word' id='word_1_769' title='bbox 468 5209 582 5265; x_wconf 81' lang='lat' dir='ltr'><strong>cum</strong></span> <span class='ocrx_word' id='word_1_770' title='bbox 617 5193 771 5260; x_wconf 83' lang='lat' dir='ltr'><strong>plane</strong></span> <span class='ocrx_word' id='word_1_771' title='bbox 815 5207 1207 5257; x_wconf 82' lang='lat' dir='ltr'><strong>compresserat,</strong></span> <span class='ocrx_word' id='word_1_772' title='bbox 1260 5190 1596 5265; x_wconf 75' lang='lat' dir='ltr'><strong>pugnumque</strong></span> <span class='ocrx_word' id='word_1_773' title='bbox 1638 5197 1854 5264; x_wconf 81' lang='lat' dir='ltr'><strong>fecerat,</strong></span> 
     </span>
    </p>
   </div>
   <div class='ocr_carea' id='block_1_99' title="bbox 279 5263 1856 5330">
    <p class='ocr_par' dir='ltr' id='par_1_99' title="bbox 279 5263 1856 5330">
     <span class='ocr_line' id='line_1_99' title="bbox 279 5263 1856 5330; baseline 0.002 -15"><span class='ocrx_word' id='word_1_774' title='bbox 279 5263 789 5324; x_wconf 76' lang='lat' dir='ltr'><strong>comprehensionem</strong></span> <span class='ocrx_word' id='word_1_775' title='bbox 827 5265 974 5315; x_wconf 81' lang='lat' dir='ltr'><strong>illaut</strong></span> <span class='ocrx_word' id='word_1_776' title='bbox 1010 5281 1119 5317; x_wconf 85' lang='lat' dir='ltr'><strong>esse</strong></span> <span class='ocrx_word' id='word_1_777' title='bbox 1147 5263 1372 5318; x_wconf 76' lang='lat' dir='ltr'><strong>dicebat.</strong></span> <span class='ocrx_word' id='word_1_778' title='bbox 1429 5263 1548 5330; x_wconf 83' lang='lat' dir='ltr'><strong>Qua</strong></span> <span class='ocrx_word' id='word_1_779' title='bbox 1572 5263 1856 5318; x_wconf 13' lang='lat' dir='ltr'><strong>emisimili-</strong></span> 
     </span>
    </p>
   </div>
   <div class='ocr_carea' id='block_1_100' title="bbox 281 5332 1851 5403">
    <p class='ocr_par' dir='ltr' id='par_1_100' title="bbox 281 5332 1851 5403">
     <span class='ocr_line' id='line_1_100' title="bbox 281 5332 1851 5403; baseline 0.003 -19"><span class='ocrx_word' id='word_1_780' title='bbox 281 5332 468 5403; x_wconf 53' lang='lat' dir='ltr'><strong>tudine</strong></span> <span class='ocrx_word' id='word_1_781' title='bbox 502 5333 658 5385; x_wconf 87' lang='lat' dir='ltr'><strong>etiam</strong></span> <span class='ocrx_word' id='word_1_782' title='bbox 687 5348 874 5403; x_wconf 63' lang='lat' dir='ltr'><strong>nomen</strong></span> <span class='ocrx_word' id='word_1_783' title='bbox 903 5334 950 5385; x_wconf 86' lang='lat' dir='ltr'><strong>ei</strong></span> <span class='ocrx_word' id='word_1_784' title='bbox 978 5335 1071 5397; x_wconf 89' lang='lat' dir='ltr'><strong>rei,</strong></span> <span class='ocrx_word' id='word_1_785' title='bbox 1097 5337 1234 5402; x_wconf 85' lang='lat' dir='ltr'><strong>quod</strong></span> <span class='ocrx_word' id='word_1_786' title='bbox 1261 5345 1380 5388; x_wconf 85' lang='lat' dir='ltr'><strong>ante</strong></span> <span class='ocrx_word' id='word_1_787' title='bbox 1404 5353 1507 5387; x_wconf 89' lang='lat' dir='ltr'><strong>non</strong></span> <span class='ocrx_word' id='word_1_788' title='bbox 1538 5337 1731 5403; x_wconf 74' lang='lat' dir='ltr'><strong>fuerat,</strong></span> <span class='ocrx_word' id='word_1_789' title='bbox 1751 5353 1851 5388; x_wconf 86' lang='grc' dir='ltr'>κα-</span> 
     </span>
    </p>
   </div>
   <div class='ocr_carea' id='block_1_101' title="bbox 279 5400 1848 5470">
    <p class='ocr_par' dir='ltr' id='par_1_101' title="bbox 279 5400 1848 5470">
     <span class='ocr_line' id='line_1_101' title="bbox 279 5400 1848 5470; baseline 0.003 -16"><span class='ocrx_word' id='word_1_790' title='bbox 279 5400 510 5470; x_wconf 68' lang='grc' dir='ltr'>τάληψιν</span> <span class='ocrx_word' id='word_1_791' title='bbox 536 5403 800 5466; x_wconf 86' lang='lat' dir='ltr'><strong>imposuit.</strong></span> <span class='ocrx_word' id='word_1_792' title='bbox 834 5400 967 5455; x_wconf 87' lang='lat' dir='ltr'><strong>Cum</strong></span> <span class='ocrx_word' id='word_1_793' title='bbox 1007 5400 1182 5455; x_wconf 85' lang='lat' dir='ltr'><strong>autem</strong></span> <span class='ocrx_word' id='word_1_794' title='bbox 1217 5403 1400 5456; x_wconf 61' lang='lat' dir='ltr'><strong>lteram</strong></span> <span class='ocrx_word' id='word_1_795' title='bbox 1429 5400 1643 5457; x_wconf 86' lang='lat' dir='ltr'><strong>manum</strong></span> <span class='ocrx_word' id='word_1_796' title='bbox 1671 5407 1848 5458; x_wconf 86' lang='lat' dir='ltr'><strong>admo-</strong></span> 
     </span>
    </p>
   </div>
   <div class='ocr_carea' id='block_1_102' title="bbox 281 5471 1848 5541">
    <p class='ocr_par' dir='ltr' id='par_1_102' title="bbox 281 5471 1848 5541">
     <span class='ocr_line' id='line_1_102' title="bbox 281 5471 1848 5541; baseline 0.002 -16"><span class='ocrx_word' id='word_1_797' title='bbox 281 5482 445 5529; x_wconf 70' lang='lat' dir='ltr'><strong>verat.</strong></span> <span class='ocrx_word' id='word_1_798' title='bbox 477 5482 526 5524; x_wconf 89' lang='lat' dir='ltr'><strong>et</strong></span> <span class='ocrx_word' id='word_1_799' title='bbox 586 5471 734 5522; x_wconf 85' lang='lat' dir='ltr'><strong>illum</strong></span> <span class='ocrx_word' id='word_1_800' title='bbox 780 5489 1006 5541; x_wconf 79' lang='lat' dir='ltr'><strong>pugnant</strong></span> <span class='ocrx_word' id='word_1_801' title='bbox 1051 5485 1193 5526; x_wconf 85' lang='lat' dir='ltr'><strong>arcte</strong></span> <span class='ocrx_word' id='word_1_802' title='bbox 1232 5473 1656 5541; x_wconf 75' lang='lat' dir='ltr'><strong>vehementerque</strong></span> <span class='ocrx_word' id='word_1_803' title='bbox 1702 5491 1848 5528; x_wconf 86' lang='lat' dir='ltr'><strong>com-</strong></span> 
     </span>
    </p>
   </div>
   <div class='ocr_carea' id='block_1_103' title="bbox 281 5542 1850 5611">
    <p class='ocr_par' dir='ltr' id='par_1_103' title="bbox 281 5542 1850 5611">
     <span class='ocr_line' id='line_1_103' title="bbox 281 5542 1850 5611; baseline 0.004 -20"><span class='ocrx_word' id='word_1_804' title='bbox 281 5551 559 5608; x_wconf 82' lang='lat' dir='ltr'><strong>presserat,</strong></span> <span class='ocrx_word' id='word_1_805' title='bbox 601 5542 873 5594; x_wconf 83' lang='lat' dir='ltr'><strong>scientimn</strong></span> <span class='ocrx_word' id='word_1_806' title='bbox 907 5542 1066 5594; x_wconf 80' lang='lat' dir='ltr'><strong>talem</strong></span> <span class='ocrx_word' id='word_1_807' title='bbox 1098 5559 1206 5595; x_wconf 88' lang='lat' dir='ltr'><strong>esse</strong></span> <span class='ocrx_word' id='word_1_808' title='bbox 1229 5543 1431 5596; x_wconf 83' lang='lat' dir='ltr'><strong>dicebat</strong></span> <span class='ocrx_word' id='word_1_809' title='bbox 1467 5559 1485 5595; x_wconf 92' lang='lat'><em>:</em></span> <span class='ocrx_word' id='word_1_810' title='bbox 1518 5545 1668 5611; x_wconf 80' lang='lat' dir='ltr'><strong>cujus</strong></span> <span class='ocrx_word' id='word_1_811' title='bbox 1707 5561 1850 5598; x_wconf 84' lang='lat' dir='ltr'><strong>cont-</strong></span> 
     </span>
    </p>
   </div>
   <div class='ocr_carea' id='block_1_104' title="bbox 283 5611 1669 5678">
    <p class='ocr_par' dir='ltr' id='par_1_104' title="bbox 283 5611 1669 5678">
     <span class='ocr_line' id='line_1_104' title="bbox 283 5611 1669 5678; baseline 0.005 -19"><span class='ocrx_word' id='word_1_812' title='bbox 283 5618 474 5678; x_wconf 76' lang='lat' dir='ltr'><strong>potem,</strong></span> <span class='ocrx_word' id='word_1_813' title='bbox 506 5611 603 5664; x_wconf 81' lang='lat' dir='ltr'><strong>nisi</strong></span> <span class='ocrx_word' id='word_1_814' title='bbox 626 5611 936 5678; x_wconf 74' lang='lat' dir='ltr'><strong>sapientem,</strong></span> <span class='ocrx_word' id='word_1_815' title='bbox 970 5629 1078 5665; x_wconf 84' lang='lat' dir='ltr'><strong>esse</strong></span> <span class='ocrx_word' id='word_1_816' title='bbox 1101 5613 1383 5666; x_wconf 89' lang='lat' dir='ltr'><strong>neminem.</strong></span> <span class='ocrx_word' id='word_1_817' title='bbox 1410 5613 1669 5667; x_wconf 78' lang='lat' dir='ltr'><strong>SPENCER.</strong></span> 
     </span>
    </p>
   </div>
   <div class='ocr_carea' id='block_1_105' title="bbox 293 5675 1842 5768">
    <p class='ocr_par' dir='ltr' id='par_1_105' title="bbox 293 5675 1842 5768">
     <span class='ocr_line' id='line_1_105' title="bbox 293 5675 1842 5768; baseline 0.004 -36"><span class='ocrx_word' id='word_1_818' title='bbox 293 5750 304 5765; x_wconf 48' lang='lat'>.</span> <span class='ocrx_word' id='word_1_819' title='bbox 343 5679 468 5768; x_wconf 52' lang='lat' dir='ltr'><strong>li?)</strong></span> <span class='ocrx_word' id='word_1_820' title='bbox 498 5675 753 5750; x_wconf 76' lang='grc' dir='ltr'>Περὶοῦ.</span> <span class='ocrx_word' id='word_1_821' title='bbox 791 5683 1006 5736; x_wconf 88' lang='lat' dir='ltr'><strong>Dubitat</strong></span> <span class='ocrx_word' id='word_1_822' title='bbox 1031 5682 1259 5761; x_wconf 69' lang='lat' dir='ltr'><strong>Quietus</strong></span> <span class='ocrx_word' id='word_1_823' title='bbox 1286 5698 1352 5737; x_wconf 91' lang='lat' dir='ltr'><strong>an</strong></span> <span class='ocrx_word' id='word_1_824' title='bbox 1389 5683 1731 5739; x_wconf 84' lang='lat' dir='ltr'><strong>scribendum</strong></span> <span class='ocrx_word' id='word_1_825' title='bbox 1756 5685 1842 5748; x_wconf 88' lang='lat' dir='ltr'><strong>sit,</strong></span> 
     </span>
    </p>
   </div>
   <div class='ocr_carea' id='block_1_106' title="bbox 287 5767 471 5818">
    <p class='ocr_par' dir='ltr' id='par_1_106' title="bbox 287 5767 471 5818">
     <span class='ocr_line' id='line_1_106' title="bbox 287 5767 471 5818; baseline 0.022 -18"><span class='ocrx_word' id='word_1_826' title='bbox 287 5767 354 5818; x_wconf 68' lang='grc' dir='ltr'>ιφ</span> <span class='ocrx_word' id='word_1_827' title='bbox 392 5767 471 5804; x_wconf 85' lang='grc' dir='ltr'><strong>ου.</strong></span> 
     </span>
    </p>
   </div>
   <div class='ocr_carea' id='block_1_107' title="bbox 1838 4586 2238 4651">
    <p class='ocr_par' dir='ltr' id='par_1_107' title="bbox 1838 4586 2238 4651">
     <span class='ocr_line' id='line_1_107' title="bbox 1838 4586 2238 4651; baseline -0.003 -10"><span class='ocrx_word' id='word_1_828' title='bbox 1838 4587 1859 4617; x_wconf 82' lang='grc'><strong><em>⁵</em></strong></span> <span class='ocrx_word' id='word_1_829' title='bbox 1901 4586 2041 4641; x_wconf 88' lang='lat' dir='ltr'><strong>Psal.</strong></span> <span class='ocrx_word' id='word_1_830' title='bbox 2077 4602 2149 4651; x_wconf 88' lang='grc' dir='ltr'><strong>ιι,</strong></span> <span class='ocrx_word' id='word_1_831' title='bbox 2182 4587 2238 4640; x_wconf 76' lang='grc'><strong>5.</strong></span> 
     </span>
    </p>
   </div>
   <div class='ocr_carea' id='block_1_108' title="bbox 1964 4469 3534 4542">
    <p class='ocr_par' dir='ltr' id='par_1_108' title="bbox 1964 4469 3534 4542">
     <span class='ocr_line' id='line_1_108' title="bbox 1964 4469 3534 4542; baseline 0.004 -21"><span class='ocrx_word' id='word_1_832' title='bbox 1964 4470 2038 4522; x_wconf 88' lang='lat' dir='ltr'><strong>bit</strong></span> <span class='ocrx_word' id='word_1_833' title='bbox 2064 4469 2126 4522; x_wconf 90' lang='lat' dir='ltr'><strong>de</strong></span> <span class='ocrx_word' id='word_1_834' title='bbox 2150 4486 2370 4538; x_wconf 79' lang='lat' dir='ltr'><strong>corpore</strong></span> <span class='ocrx_word' id='word_1_835' title='bbox 2409 4472 2598 4525; x_wconf 87' lang='lat' dir='ltr'><strong>mortis</strong></span> <span class='ocrx_word' id='word_1_836' title='bbox 2638 4472 2906 4542; x_wconf 70' lang='lat' dir='ltr'><strong>hujus”?</strong></span> <span class='ocrx_word' id='word_1_837' title='bbox 2945 4472 3132 4541; x_wconf 84' lang='lat' dir='ltr'><strong>Neque</strong></span> <span class='ocrx_word' id='word_1_838' title='bbox 3171 4487 3297 4526; x_wconf 75' lang='lat' dir='ltr'><strong>vero</strong></span> <span class='ocrx_word' id='word_1_839' title='bbox 3338 4487 3534 4541; x_wconf 87' lang='lat' dir='ltr'><strong>corpus</strong></span> 
     </span>
    </p>
   </div>
   <div class='ocr_carea' id='block_1_109' title="bbox 2317 4586 3532 4654">
    <p class='ocr_par' dir='ltr' id='par_1_109' title="bbox 2317 4586 3532 4654">
     <span class='ocr_line' id='line_1_109' title="bbox 2317 4586 3532 4654; baseline 0 -13"><span class='ocrx_word' id='word_1_840' title='bbox 2317 4586 2338 4618; x_wconf 79' lang='grc'>⁸</span> <span class='ocrx_word' id='word_1_841' title='bbox 2377 4587 2512 4642; x_wconf 90' lang='lat' dir='ltr'><strong>an.</strong></span> <span class='ocrx_word' id='word_1_842' title='bbox 2551 4604 2679 4654; x_wconf 82' lang='lat' dir='ltr'><strong>xm,</strong></span> <span class='ocrx_word' id='word_1_843' title='bbox 2709 4589 2797 4643; x_wconf 85' lang='grc' dir='ltr'><strong>Η.</strong></span> <span class='ocrx_word' id='word_1_844' title='bbox 2872 4590 2893 4620; x_wconf 89' lang='grc'><strong>⁷</strong></span> <span class='ocrx_word' id='word_1_845' title='bbox 2934 4589 3066 4645; x_wconf 88' lang='lat' dir='ltr'><strong>ibid.</strong></span> <span class='ocrx_word' id='word_1_846' title='bbox 3110 4587 3195 4642; x_wconf 82' lang='grc'><strong>16.</strong></span> <span class='ocrx_word' id='word_1_847' title='bbox 3273 4589 3294 4620; x_wconf 84' lang='grc'>⁸</span> <span class='ocrx_word' id='word_1_848' title='bbox 3331 4589 3450 4642; x_wconf 89' lang='lat' dir='ltr'><strong>Act.</strong></span> <span class='ocrx_word' id='word_1_849' title='bbox 3479 4604 3532 4654; x_wconf 91' lang='lat' dir='ltr'><strong>x,</strong></span> 
     </span>
    </p>
   </div>
   <div class='ocr_carea' id='block_1_110' title="bbox 2025 4776 3450 4844">
    <p class='ocr_par' dir='ltr' id='par_1_110' title="bbox 2025 4776 3450 4844">
     <span class='ocr_line' id='line_1_110' title="bbox 2025 4776 3450 4844; baseline 0 -14"><span class='ocrx_word' id='word_1_850' title='bbox 2025 4777 2134 4844; x_wconf 77' lang='grc'>(15)</span> <span class='ocrx_word' id='word_1_851' title='bbox 2161 4777 2310 4843; x_wconf 70' lang='lat' dir='ltr'><strong>Mss,</strong></span> <span class='ocrx_word' id='word_1_852' title='bbox 2341 4779 2607 4831; x_wconf 87' lang='grc' dir='ltr'>πειστέον.</span> <span class='ocrx_word' id='word_1_853' title='bbox 2647 4777 2792 4832; x_wconf 87' lang='lat' dir='ltr'><strong>Libri</strong></span> <span class='ocrx_word' id='word_1_854' title='bbox 2822 4788 2976 4832; x_wconf 80' lang='lat' dir='ltr'><strong>antea</strong></span> <span class='ocrx_word' id='word_1_855' title='bbox 3000 4777 3156 4839; x_wconf 85' lang='lat' dir='ltr'><strong>editi,</strong></span> <span class='ocrx_word' id='word_1_856' title='bbox 3190 4776 3450 4830; x_wconf 83' lang='grc' dir='ltr'>πιστέον.’</span> 
     </span>
    </p>
   </div>
   <div class='ocr_carea' id='block_1_111' title="bbox 2025 4847 3533 4918">
    <p class='ocr_par' dir='ltr' id='par_1_111' title="bbox 2025 4847 3533 4918">
     <span class='ocr_line' id='line_1_111' title="bbox 2025 4847 3533 4918; baseline 0.001 -18"><span class='ocrx_word' id='word_1_857' title='bbox 2025 4848 2136 4918; x_wconf 77' lang='grc'>(14)</span> <span class='ocrx_word' id='word_1_858' title='bbox 2185 4850 2424 4917; x_wconf 81' lang='grc' dir='ltr'>Ἑλύθη.</span> <span class='ocrx_word' id='word_1_859' title='bbox 2462 4849 2551 4902; x_wconf 83' lang='lat' dir='ltr'><strong>Sic</strong></span> <span class='ocrx_word' id='word_1_860' title='bbox 2592 4858 2740 4900; x_wconf 88' lang='lat' dir='ltr'><strong>recte</strong></span> <span class='ocrx_word' id='word_1_861' title='bbox 2768 4848 2930 4918; x_wconf 79' lang='lat' dir='ltr'><strong>habet</strong></span> <span class='ocrx_word' id='word_1_862' title='bbox 2961 4849 3130 4900; x_wconf 82' lang='lat' dir='ltr'><strong>codex</strong></span> <span class='ocrx_word' id='word_1_863' title='bbox 3184 4847 3431 4918; x_wconf 76' lang='lat' dir='ltr'><strong>Julianus</strong></span> <span class='ocrx_word' id='word_1_864' title='bbox 3467 4862 3533 4901; x_wconf 77' lang='lat' dir='ltr'><strong>ex</strong></span> 
     </span>
    </p>
   </div>
   <div class='ocr_carea' id='block_1_112' title="bbox 1957 4917 3492 4984">
    <p class='ocr_par' dir='ltr' id='par_1_112' title="bbox 1957 4917 3492 4984">
     <span class='ocr_line' id='line_1_112' title="bbox 1957 4917 3492 4984; baseline -0.002 -12"><span class='ocrx_word' id='word_1_865' title='bbox 1957 4919 2327 4984; x_wconf 89' lang='lat' dir='ltr'><strong>correctione;</strong></span> <span class='ocrx_word' id='word_1_866' title='bbox 2373 4918 2510 4971; x_wconf 84' lang='lat' dir='ltr'><strong>male</strong></span> <span class='ocrx_word' id='word_1_867' title='bbox 2550 4927 2732 4971; x_wconf 87' lang='lat' dir='ltr'><strong>autem</strong></span> <span class='ocrx_word' id='word_1_868' title='bbox 2771 4917 2898 4970; x_wconf 89' lang='lat' dir='ltr'><strong>libb.</strong></span> <span class='ocrx_word' id='word_1_869' title='bbox 2928 4919 3081 4979; x_wconf 88' lang='lat' dir='ltr'><strong>editi,</strong></span> <span class='ocrx_word' id='word_1_870' title='bbox 3125 4920 3218 4971; x_wconf 75' lang='grc' dir='ltr'>καὶ</span> <span class='ocrx_word' id='word_1_871' title='bbox 3250 4917 3492 4970; x_wconf 86' lang='grc' dir='ltr'>λυθεῖσα.</span> 
     </span>
    </p>
   </div>
   <div class='ocr_carea' id='block_1_113' title="bbox 2025 4987 3537 5056">
    <p class='ocr_par' dir='ltr' id='par_1_113' title="bbox 2025 4987 3537 5056">
     <span class='ocr_line' id='line_1_113' title="bbox 2025 4987 3537 5056; baseline -0.001 -15"><span class='ocrx_word' id='word_1_872' title='bbox 2025 4987 2136 5056; x_wconf 82' lang='grc'>(15)</span> <span class='ocrx_word' id='word_1_873' title='bbox 2167 4988 2271 5041; x_wconf 82' lang='grc' dir='ltr'><strong>Διὰ</strong></span> <span class='ocrx_word' id='word_1_874' title='bbox 2317 4987 2424 5042; x_wconf 79' lang='grc' dir='ltr'><strong>τὸν</strong></span> <span class='ocrx_word' id='word_1_875' title='bbox 2461 4989 2706 5041; x_wconf 80' lang='grc' dir='ltr'>εὶπόντα</span> <span class='ocrx_word' id='word_1_876' title='bbox 2756 4988 3008 5054; x_wconf 67' lang='grc' dir='ltr'>Ἰησοῦν.</span> <span class='ocrx_word' id='word_1_877' title='bbox 3061 4989 3253 5043; x_wconf 84' lang='lat' dir='ltr'><strong>Gnieto</strong></span> <span class='ocrx_word' id='word_1_878' title='bbox 3295 4989 3537 5042; x_wconf 82' lang='lat' dir='ltr'><strong>scriben-</strong></span> 
     </span>
    </p>
   </div>
   <div class='ocr_carea' id='block_1_114' title="bbox 1955 5057 3108 5128">
    <p class='ocr_par' dir='ltr' id='par_1_114' title="bbox 1955 5057 3108 5128">
     <span class='ocr_line' id='line_1_114' title="bbox 1955 5057 3108 5128; baseline 0 -17"><span class='ocrx_word' id='word_1_879' title='bbox 1955 5057 2077 5111; x_wconf 88' lang='lat' dir='ltr'><strong>dum</strong></span> <span class='ocrx_word' id='word_1_880' title='bbox 2117 5060 2356 5128; x_wconf 78' lang='lat' dir='ltr'><strong>videtur,</strong></span> <span class='ocrx_word' id='word_1_881' title='bbox 2382 5057 2470 5111; x_wconf 85' lang='grc' dir='ltr'>διὰ</span> <span class='ocrx_word' id='word_1_882' title='bbox 2501 5057 2592 5111; x_wconf 89' lang='grc' dir='ltr'><strong>τοῦ</strong></span> <span class='ocrx_word' id='word_1_883' title='bbox 2629 5057 2872 5120; x_wconf 78' lang='grc' dir='ltr'>εἰπόντος</span> <span class='ocrx_word' id='word_1_884' title='bbox 2911 5058 3108 5128; x_wconf 79' lang='grc' dir='ltr'>Ἰησοῦ.</span> 
     </span>
    </p>
   </div>
   <div class='ocr_carea' id='block_1_115' title="bbox 2026 5124 3534 5197">
    <p class='ocr_par' dir='ltr' id='par_1_115' title="bbox 2026 5124 3534 5197">
     <span class='ocr_line' id='line_1_115' title="bbox 2026 5124 3534 5197; baseline 0.005 -17"><span class='ocrx_word' id='word_1_885' title='bbox 2026 5128 2138 5196; x_wconf 83' lang='grc'>(16)</span> <span class='ocrx_word' id='word_1_886' title='bbox 2168 5127 2234 5180; x_wconf 84' lang='grc' dir='ltr'>Τί</span> <span class='ocrx_word' id='word_1_887' title='bbox 2271 5126 2339 5180; x_wconf 86' lang='grc' dir='ltr'>δὲ</span> <span class='ocrx_word' id='word_1_888' title='bbox 2368 5128 2667 5192; x_wconf 72' lang='grc' dir='ltr'>προειπὼν</span> <span class='ocrx_word' id='word_1_889' title='bbox 2689 5128 2726 5197; x_wconf 80' lang='grc' dir='ltr'><strong><em>ἣ</em></strong></span> <span class='ocrx_word' id='word_1_890' title='bbox 2772 5129 2896 5194; x_wconf 83' lang='grc' dir='ltr'>τοῖς</span> <span class='ocrx_word' id='word_1_891' title='bbox 2931 5124 3199 5196; x_wconf 76' lang='grc' dir='ltr'>δεσμίοις</span> <span class='ocrx_word' id='word_1_892' title='bbox 3243 5124 3534 5197; x_wconf 61' lang='grc' dir='ltr'><strong>ἐξελθεῖν,</strong></span> 
     </span>
    </p>
   </div>
   <div class='ocr_carea' id='block_1_116' title="bbox 1961 5195 3536 5266">
    <p class='ocr_par' dir='ltr' id='par_1_116' title="bbox 1961 5195 3536 5266">
     <span class='ocr_line' id='line_1_116' title="bbox 1961 5195 3536 5266; baseline -0.003 -17"><span class='ocrx_word' id='word_1_893' title='bbox 1961 5198 2058 5250; x_wconf 79' lang='grc' dir='ltr'><strong>καὶ</strong></span> <span class='ocrx_word' id='word_1_894' title='bbox 2101 5195 2224 5262; x_wconf 76' lang='grc' dir='ltr'>τοῖς</span> <span class='ocrx_word' id='word_1_895' title='bbox 2245 5197 2316 5250; x_wconf 76' lang='grc' dir='ltr'><strong>ἐν·</strong></span> <span class='ocrx_word' id='word_1_896' title='bbox 2353 5197 2434 5263; x_wconf 82' lang='grc' dir='ltr'>τῷ</span> <span class='ocrx_word' id='word_1_897' title='bbox 2483 5200 2686 5252; x_wconf 85' lang='grc' dir='ltr'>σκότει</span> <span class='ocrx_word' id='word_1_898' title='bbox 2717 5195 3256 5266; x_wconf 16' lang='grc' dir='ltr'><strong>Ἵάνακαλυφθῆναι.</strong></span> <span class='ocrx_word' id='word_1_899' title='bbox 3303 5195 3392 5247; x_wconf 83' lang='lat' dir='ltr'><strong>Sic</strong></span> <span class='ocrx_word' id='word_1_900' title='bbox 3447 5196 3536 5245; x_wconf 80' lang='lat' dir='ltr'><strong>ha-</strong></span> 
     </span>
    </p>
   </div>
   <div class='ocr_carea' id='block_1_117' title="bbox 1963 5267 3531 5332">
    <p class='ocr_par' dir='ltr' id='par_1_117' title="bbox 1963 5267 3531 5332">
     <span class='ocr_line' id='line_1_117' title="bbox 1963 5267 3531 5332; baseline -0.003 -13"><span class='ocrx_word' id='word_1_901' title='bbox 1963 5268 2087 5319; x_wconf 90' lang='lat' dir='ltr'><strong>bent</strong></span> <span class='ocrx_word' id='word_1_902' title='bbox 2114 5269 2270 5322; x_wconf 84' lang='lat' dir='ltr'><strong>codd.</strong></span> <span class='ocrx_word' id='word_1_903' title='bbox 2306 5267 2505 5332; x_wconf 69' lang='lat' dir='ltr'><strong>Regius</strong></span> <span class='ocrx_word' id='word_1_904' title='bbox 2536 5280 2588 5322; x_wconf 90' lang='lat' dir='ltr'><strong>et</strong></span> <span class='ocrx_word' id='word_1_905' title='bbox 2619 5268 2968 5327; x_wconf 80' lang='lat' dir='ltr'><strong>Basileensis,</strong></span> <span class='ocrx_word' id='word_1_906' title='bbox 3024 5268 3142 5320; x_wconf 91' lang='lat' dir='ltr'><strong>libri</strong></span> <span class='ocrx_word' id='word_1_907' title='bbox 3195 5280 3324 5317; x_wconf 81' lang='lat' dir='ltr'><strong>vero</strong></span> <span class='ocrx_word' id='word_1_908' title='bbox 3373 5273 3531 5332; x_wconf 81' lang='lat' dir='ltr'><strong>antea</strong></span> 
     </span>
    </p>
   </div>
   <div class='ocr_carea' id='block_1_118' title="bbox 1958 5331 3533 5407">
    <p class='ocr_par' dir='ltr' id='par_1_118' title="bbox 1958 5331 3533 5407">
     <span class='ocr_line' id='line_1_118' title="bbox 1958 5331 3533 5407; baseline -0.004 -17"><span class='ocrx_word' id='word_1_909' title='bbox 1958 5339 2084 5390; x_wconf 82' lang='lat' dir='ltr'><strong>editi</strong></span> <span class='ocrx_word' id='word_1_910' title='bbox 2116 5354 2128 5389; x_wconf 91' lang='lat'>:</span> <span class='ocrx_word' id='word_1_911' title='bbox 2166 5336 2228 5390; x_wconf 83' lang='lat' dir='ltr'><strong>Ti</strong></span> <span class='ocrx_word' id='word_1_912' title='bbox 2261 5337 2316 5389; x_wconf 74' lang='grc' dir='ltr'>δὲ</span> <span class='ocrx_word' id='word_1_913' title='bbox 2345 5331 2695 5407; x_wconf 86' lang='grc' dir='ltr'>προειπόντα,</span> <span class='ocrx_word' id='word_1_914' title='bbox 2724 5340 2771 5390; x_wconf 81' lang='grc' dir='ltr'><strong>εί</strong></span> <span class='ocrx_word' id='word_1_915' title='bbox 2806 5341 2918 5407; x_wconf 83' lang='grc' dir='ltr'>τοῖς</span> <span class='ocrx_word' id='word_1_916' title='bbox 2941 5335 3200 5407; x_wconf 82' lang='grc' dir='ltr'>δεσμίοις,</span> <span class='ocrx_word' id='word_1_917' title='bbox 3235 5331 3533 5396; x_wconf 78' lang='grc' dir='ltr'>Ἐξέλθετε,</span> 
     </span>
    </p>
   </div>
   <div class='ocr_carea' id='block_1_119' title="bbox 1956 5406 3438 5482">
    <p class='ocr_par' dir='ltr' id='par_1_119' title="bbox 1956 5406 3438 5482">
     <span class='ocr_line' id='line_1_119' title="bbox 1956 5406 3438 5482; baseline -0.001 -23"><span class='ocrx_word' id='word_1_918' title='bbox 1956 5406 2601 5482; x_wconf 31' lang='grc' dir='ltr'>και-τοῖς-ὲν-τῷσκότει,</span> <span class='ocrx_word' id='word_1_919' title='bbox 2642 5406 3102 5482; x_wconf 57' lang='grc' dir='ltr'>Ἀναξςαλυφθητε.</span> <span class='ocrx_word' id='word_1_920' title='bbox 3313 5470 3325 5482; x_wconf 39' lang='grc' dir='ltr'>ι</span> <span class='ocrx_word' id='word_1_921' title='bbox 3425 5469 3438 5482; x_wconf 44' lang='grc'><strong>.</strong></span> 
     </span>
    </p>
   </div>
   <div class='ocr_carea' id='block_1_120' title="bbox 2025 5470 3529 5547">
    <p class='ocr_par' dir='ltr' id='par_1_120' title="bbox 2025 5470 3529 5547">
     <span class='ocr_line' id='line_1_120' title="bbox 2025 5470 3529 5547; baseline -0.005 -17"><span class='ocrx_word' id='word_1_922' title='bbox 2025 5477 2136 5547; x_wconf 86' lang='grc'>(17)</span> <span class='ocrx_word' id='word_1_923' title='bbox 2170 5470 2357 5532; x_wconf 60' lang='lat' dir='ltr'><strong>Codd:</strong></span> <span class='ocrx_word' id='word_1_924' title='bbox 2401 5478 2603 5545; x_wconf 62' lang='lat' dir='ltr'><strong>Regius</strong></span> <span class='ocrx_word' id='word_1_925' title='bbox 2665 5470 3133 5547; x_wconf 13' lang='lat' dir='ltr'><strong>etrBusileensis,</strong></span> <span class='ocrx_word' id='word_1_926' title='bbox 3185 5470 3339 5543; x_wconf 84' lang='grc' dir='ltr'>παρὰ</span> <span class='ocrx_word' id='word_1_927' title='bbox 3384 5470 3529 5526; x_wconf 83' lang='grc' dir='ltr'>τίνα.</span> 
     </span>
    </p>
   </div>
   <div class='ocr_carea' id='block_1_121' title="bbox 1955 5544 2861 5617">
    <p class='ocr_par' dir='ltr' id='par_1_121' title="bbox 1955 5544 2861 5617">
     <span class='ocr_line' id='line_1_121' title="bbox 1955 5544 2861 5617; baseline -0.003 -19"><span class='ocrx_word' id='word_1_928' title='bbox 1955 5544 2123 5600; x_wconf 77' lang='lat' dir='ltr'><strong>Libb.</strong></span> <span class='ocrx_word' id='word_1_929' title='bbox 2144 5558 2303 5601; x_wconf 85' lang='lat' dir='ltr'><strong>antea</strong></span> <span class='ocrx_word' id='word_1_930' title='bbox 2333 5550 2486 5610; x_wconf 88' lang='lat' dir='ltr'><strong>editi,</strong></span> <span class='ocrx_word' id='word_1_931' title='bbox 2513 5547 2665 5617; x_wconf 78' lang='grc' dir='ltr'>παρὰ</span> <span class='ocrx_word' id='word_1_932' title='bbox 2699 5546 2861 5617; x_wconf 84' lang='grc' dir='ltr'>τίνος.</span> 
     </span>
    </p>
   </div>
   <div class='ocr_carea' id='block_1_122' title="bbox 2028 5610 3532 5686">
    <p class='ocr_par' dir='ltr' id='par_1_122' title="bbox 2028 5610 3532 5686">
     <span class='ocr_line' id='line_1_122' title="bbox 2028 5610 3532 5686; baseline -0.001 -18"><span class='ocrx_word' id='word_1_933' title='bbox 2028 5617 2136 5684; x_wconf 80' lang='grc'>(18)</span> <span class='ocrx_word' id='word_1_934' title='bbox 2162 5617 2346 5672; x_wconf 78' lang='lat' dir='ltr'><strong>Codex</strong></span> <span class='ocrx_word' id='word_1_935' title='bbox 2399 5610 2615 5686; x_wconf 59' lang='lat' dir='ltr'><strong>llegins&#39;.</strong></span> <span class='ocrx_word' id='word_1_936' title='bbox 2657 5615 2866 5686; x_wconf 83' lang='grc' dir='ltr'>δώδεκα</span> <span class='ocrx_word' id='word_1_937' title='bbox 2909 5613 3002 5686; x_wconf 53' lang='grc' dir='ltr'><strong>καὶ</strong></span> <span class='ocrx_word' id='word_1_938' title='bbox 3049 5611 3192 5686; x_wconf 68' lang='grc' dir='ltr'>ὀκτὼ</span> <span class='ocrx_word' id='word_1_939' title='bbox 3246 5610 3360 5686; x_wconf 58' lang='grc' dir='ltr'>ἔτη.</span> <span class='ocrx_word' id='word_1_940' title='bbox 3411 5611 3532 5686; x_wconf 61' lang='grc' dir='ltr'><strong>Μιῇ</strong></span> 
     </span>
    </p>
   </div>
   <div class='ocr_carea' id='block_1_123' title="bbox 1958 5680 3534 5751">
    <p class='ocr_par' dir='ltr' id='par_1_123' title="bbox 1958 5680 3534 5751">
     <span class='ocr_line' id='line_1_123' title="bbox 1958 5680 3534 5751; baseline -0.001 -12"><span class='ocrx_word' id='word_1_941' title='bbox 1958 5680 2296 5742; x_wconf 62' lang='grc' dir='ltr'>1Ιιὲεείιιι1ἱυε</span> <span class='ocrx_word' id='word_1_942' title='bbox 2332 5688 2382 5741; x_wconf 91' lang='lat' dir='ltr'><strong>in</strong></span> <span class='ocrx_word' id='word_1_943' title='bbox 2419 5680 2562 5740; x_wconf 69' lang='lat' dir='ltr'><strong>textu</strong></span> <span class='ocrx_word' id='word_1_944' title='bbox 2595 5686 2798 5746; x_wconf 80' lang='lat' dir='ltr'><strong>habet,</strong></span> <span class='ocrx_word' id='word_1_945' title='bbox 2845 5683 3070 5751; x_wconf 80' lang='grc' dir='ltr'>λυθῆναι</span> <span class='ocrx_word' id='word_1_946' title='bbox 3100 5685 3165 5736; x_wconf 81' lang='grc' dir='ltr'>ὲκ</span> <span class='ocrx_word' id='word_1_947' title='bbox 3200 5680 3290 5734; x_wconf 87' lang='grc' dir='ltr'><strong>τοῦ</strong></span> <span class='ocrx_word' id='word_1_948' title='bbox 3309 5680 3534 5751; x_wconf 86' lang='grc' dir='ltr'>δεσμοῦ.</span> 
     </span>
    </p>
   </div>
  </div>
