3972 6160
324 302 455 356 ιοιι

1515 303 1791 360 CONTRA
1827 305 2103 360 CELSUM
2141 304 2265 360 LIB.
2302 305 2438 361 VIII.

3429 317 3570 372 1602

319 417 426 471 ὐπὸ
470 421 569 490 τῆς
605 421 865 492 Προνοίας
908 422 1157 492 διδόμενα
1199 420 1380 474 τέκνα.
1425 423 1534 475 Καὶ
1563 425 1623 475 οὐ
1663 425 1891 494 μάχεται

1998 423 2171 478 Induti
2208 425 2352 478 enim
2395 434 2728 480 armaturam
2772 427 2865 483 Dei
2907 438 3114 484 stamus
3150 431 3214 492 ¹⁸,
3249 440 3308 485 ιιι
3356 433 3572 488 athleta:

317 509 492 562 ταῦτα
538 512 614 581 τῷ
654 514 728 583 μὴ
767 513 1044 565 πείθεσθαι
1091 514 1239 582 ἡμᾶς
1283 515 1393 576 τοῖς
1431 515 1749 584 νεμομένοις
1795 515 1894 584 τὴν

2002 513 2236 582 pietatis.
2264 523 2453 567 contra
2494 515 2858 568 insidiantium
2895 521 3197 572 dammnum
3229 536 3422 588 genus.

319 604 424 674 γῆν
460 604 781 674 δαιμονίοις·
813 605 1164 676 ὁπλισάμενοι
1197 607 1304 678 γὰρ
1327 609 1391 677 τῇ
1429 608 1698 679 πανοπλίᾳ
1733 609 1826 661 τοῦ
1866 608 2000 661 Θεοῦ
2041 607 2329 679 ἱστάμεθα,
2369 607 2444 670 ὡς
2476 608 2706 678 ἀθληταὶ
2744 609 3044 678 εὐσεϐείας,
3070 611 3204 684 πρὸς
3231 613 3290 667 τὸ
3315 614 3421 668 τῶν
3455 614 3576 668 ἐπι-

321 694 683 749 ϐουλευόντων
723 698 852 766 ἡμῖν
885 696 1155 766 δαιμόνων
1190 697 1364 764 γένος.

397 789 511 840 Κᾶν
557 788 632 858 τῷ
680 788 872 840 ἐαυτοῦ
926 785 1018 841 οὖν
1078 789 1222 859 λόγῳ
1278 790 1509 843 πασσυδὶ
1549 791 1697 862 ἡμᾶς
1759 793 1894 845 ἀπο-

323 880 517 951 πέμπῃ
543 879 634 930 τοῦ
672 879 784 948 βίου
814 879 841 930 ὁ
872 879 1096 942 Κέλσος,
1133 881 1222 944 ἵν’.
1253 881 1327 944 ὡς
1360 882 1590 952 νομίζειν
1631 885 1888 955 ἐρημωθῇ

323 971 554 1039 πάμπαν
582 968 672 1019 ἐπὶ
699 968 802 1037 γῆς
827 969 887 1020 τὸ
909 968 1148 1022 τοιοῦτον
1182 970 1335 1040 ἡμῶν
1368 971 1552 1039 γένος·
1586 973 1697 1026 ἀλλ’
1731 977 1890 1043 ἡμεῖς

321 1059 381 1112 ἐν
410 1063 519 1121 τοῖς
542 1059 632 1112 τοῦ
655 1059 1095 1129 κτίσαντοςὴμᾶς
1118 1061 1258 1113 κατὰ
1277 1062 1403 1124 τοὺς
1435 1061 1525 1114 τοῦ
1549 1062 1683 1114 Θεοῦ
1708 1062 1891 1131 βιώσο-

325 1165 424 1218 μεν
439 1157 654 1218 νόμους,
669 1150 918 1220 οὐδαμῶς
932 1150 1197 1204 δουλεύειν
1211 1151 1451 1214 θέλοντες
1461 1155 1572 1214 τοῖς
1587 1153 1685 1222 τῆς
1713 1153 1747 1205 ἁ
1755 1170 1827 1222 μα
1836 1170 1892 1220 ρ-

318 1240 438 1302 τίας
461 1241 664 1309 νόμοις,
691 1242 782 1293 καὶ
807 1244 1066 1308 γυναῖκας
1086 1280 1099 1304 ,
1128 1242 1222 1294 ἐὰν
1263 1241 1597 1311 βουλώμεθα,
1633 1241 1893 1312 ἀξόμεθα,

321 1333 418 1382 καὶ
439 1332 632 1394 παῖδας
648 1331 956 1401 διδομένους
977 1334 1108 1402 ἡμῖν
1126 1335 1310 1397 ἐντοῖς
1327 1337 1523 1404 γάμοις
1554 1337 1585 1405 ἡ
1595 1335 1708 1405 μῶν
1731 1335 1896 1404 ληψό-

325 1421 466 1490 μεθα
488 1437 500 1449 ⁶
532 1420 624 1473 ἐὰν
650 1420 705 1471 δὲ
727 1419 841 1490 δέῃ,
866 1420 959 1472 καὶ
990 1419 1097 1472 τῶν
1121 1422 1177 1473 ἐν
1197 1421 1274 1489 τῷ
1302 1421 1400 1490 βίῳ
1427 1421 1742 1491 μεθέξομεν,
1774 1423 1898 1474 ἀνε-

320 1512 538 1581 χόμενοι
565 1510 670 1564 τῶν
715 1511 1154 1585 ἐπιτεταγμένων
1190 1512 1401 1575 κακῶν,
1448 1512 1524 1575 ὡς
1570 1513 1891 1584 πειρασμῶν

320 1603 420 1670 τῆς
463 1601 658 1670 ψυχῆς.
709 1599 893 1663 Οὕτως
929 1603 1038 1672 γὰρ
1081 1602 1200 1665 ἔθος
1246 1606 1357 1664 τοῖς
1396 1603 1560 1668 θείοις
1607 1604 1891 1674 ὀνομάζειν

2071 789 2161 842 56.
2186 788 2444 854 Quamvis
2472 787 2635 857 igitur
2657 805 2752 843 sua
2785 793 3051 845 sententia
3086 809 3183 847 nos
3208 796 3422 864 ableget
3455 796 3576 848 uni-

1996 893 2186 933 versos
2213 893 2278 932 ex
2314 881 2415 933 hac
2443 882 2553 933 vita
2581 919 2595 943 ,
2643 889 2702 934 ut
2731 921 2743 944 ,
2794 882 3248 949 quemadmodum
3295 885 3529 954 loquitur
3552 928 3568 951 ,

1997 971 2129 1023 nihil
2165 970 2335 1023 nostri
2383 974 2567 1040 generi
2623 972 2675 1024 in
2720 980 2865 1026 terra
2907 974 3186 1041 supersit;
3250 991 3350 1030 nos
3390 987 3568 1032 tamen

1995 1061 2138 1114 inter
2159 1075 2252 1114 eos
2279 1061 2370 1129 qui
2415 1068 2663 1114 nostrum
2688 1061 2872 1115 cohmt
2900 1063 3232 1118 conditorem
3262 1081 3329 1120 ex
3368 1068 3456 1122 Dei
3490 1069 3569 1124 lc-

1997 1154 2153 1221 gibus
2180 1155 2345 1207 vitam
2382 1166 2644 1220 agemus,
2693 1167 2790 1207 nec
2828 1169 3060 1222 unquam
3102 1158 3307 1222 peccati
3359 1158 3572 1229 legibus

1997 1243 2515 1312 obtemperabimus;
2548 1244 2810 1298 ducemus
2839 1259 3037 1300 uxores
3062 1249 3104 1300 si
3134 1248 3319 1312 libeat,
3350 1259 3405 1303 et
3434 1250 3570 1304 libe-

2001 1349 2088 1388 ros
2121 1335 2243 1388 inde
2274 1335 2425 1388 nobis
2450 1335 2607 1389 datos
2633 1337 3008 1403 euutriemus;
3039 1339 3082 1391 si
3110 1354 3245 1407 Opus
3268 1341 3360 1407 sit,
3389 1356 3567 1396 rerum

2002 1439 2120 1492 (line
2149 1425 2201 1478 in
2231 1425 2330 1478 hac
2359 1425 2462 1478 vita
2503 1436 2624 1479 sunt
2649 1466 2662 1490 ,
2706 1427 2999 1495 participes
3033 1430 3258 1492 erimus,
3290 1440 3344 1484 et
3370 1432 3567 1501 adjun—

1999 1525 2083 1568 cta
2131 1515 2269 1568 mala
2311 1518 2698 1573 sustinebimus
2724 1561 2738 1583 ,
2774 1529 2831 1572 ιιι
2864 1521 3056 1572 anima:
3089 1521 3436 1576 tentationes.
3476 1522 3568 1576 Sic

1997 1609 2142 1660 enim
2173 1607 2349 1660 divina
2395 1609 2674 1676 Scriptura
2723 1612 2765 1641 ³⁸
2802 1610 2938 1663 solet
2974 1611 3256 1665 nominare
3307 1614 3572 1668 humanos

321 1693 499 1760 λόγοις
541 1693 609 1745 τὰ
659 1692 1018 1762 συμϐαίνοντα
1058 1695 1115 1746 ἐν
1179 1695 1521 1767 ἀνθρώποις·
1568 1699 1625 1752 ἐν
1665 1693 1777 1763 οἷς,
1820 1699 1891 1770 ὡς

1998 1710 2183 1760 casus,
2215 1697 2412 1764 quibus
2443 1698 2581 1751 sicut
2611 1714 2801 1751 aurum
2834 1699 2954 1766 igne
2983 1699 3047 1763 ¹⁶,
3078 1700 3148 1752 ita
3184 1702 3416 1756 humana
3450 1705 3569 1756 ani-

319 1781 516 1850 χρυσὸς
539 1783 598 1832 ἐν
624 1782 778 1850 πυρὶ,
809 1783 841 1851 ἡ
878 1781 968 1833 τοῦ
995 1781 1280 1853 ἀνθρώπου
1317 1784 1709 1857 βασανιζομένη
1745 1787 1890 1856 ψυχὴ

319 1872 437 1941 ἤτοι
474 1872 778 1941 ἐλέγχεται,
825 1872 1168 1945 ἣθαυμαστὴ
1205 1873 1342 1928 εἶναι
1385 1877 1756 1946 ἀναφαίνεται.
1783 1879 1892 1930 Καὶ

320 1960 491 2025 οὕτως
514 1979 578 2029 γε
599 1964 734 2033 πρὸς
752 1962 786 2016 ἃ.
814 1963 958 2029 λέγει
977 1964 1120 2016 κακά
1144 1965 1351 2029 Κέλσος
1373 1968 1889 2039 παρεσκευάσμεθα,

320 2051 461 2105 ὥστε
497 2055 589 2105 καὶ
626 2053 804 2121 λέγειν
837 2055 1016 2123 ἡμᾶς’
1051 2056 1387 2123 Δοκίμασόν
1414 2074 1518 2125 με,
1549 2060 1748 2126 Κύριε,
1788 2060 1887 2113 καὶ

318 2145 611 2211 πειρασόν
637 2161 731 2213 με,
763 2146 1043 2212 πύρωσον
1065 2147 1206 2211 τοὺς
1235 2148 1490 2215 νεφρούς
1512 2165 1631 2216 μου
1658 2149 1756 2201 καὶ
1780 2147 1894 2216 τὴν

317 2236 568 2304 καρδίαν
601 2254 741 2306 μου.
791 2238 899 2290 Καὶ¹
945 2238 1052 2308 γὰρ
1084 2239 1283 2306 οὐδεὶς
1314 2240 1713 2309 στεφανοῦται
1736 2281 1750 2306 ,
1786 2242 1894 2295 ἐὰν

309 2328 396 2398 μὴ
418 2331 677 2398 νομίμως
702 2329 936 2385 ἐνταῦθα
959 2333 1051 2384 και
1071 2333 1162 2384 ἐπὶ
1183 2333 1284 2402 γῆς
1304 2333 1455 2401 μετὰ
1483 2334 1754 2402 σώματος
1785 2333 1892 2388 τοῦ

315 2421 426 2489 τῆς
476 2422 886 2489 ταπεινώσεως
930 2422 1190 2492 ἀθλήσῃ.
1237 2424 1380 2494 Πρὸς
1417 2424 1474 2476 δὲ
1516 2425 1728 2488 τούτοις
1773 2425 1894 2478 οὐδὲ

314 2514 636 2584 ἀποδίδομεν
668 2514 767 2578 τὰς
791 2515 1149 2585 νομιζομένας
1183 2517 1480 2586 προσήκειν
1501 2516 1666 2586 τιμὰς
1697 2515 1778 2581 οἷς
1802 2517 1892 2570 λέ-

315 2623 402 2674 γει
447 2607 651 2670 Κέλσος
686 2606 756 2660 τὰ
801 2609 926 2678 τῇδε
965 2609 1375 2679 ἐπιτετράφθαι.
1407 2609 1610 2680 Κύριον
1651 2609 1760 2681 γὰρ
1803 2611 1893 2664 τὸν

315 2696 448 2750 Θεὸν
487 2698 641 2767 ἡμῶν
674 2699 1113 2769 προσκυνοῦμεν,
1161 2701 1255 2752 καὶ
1279 2701 1426 2770 αὐτῷ
1461 2701 1607 2771 μόνῳ
1639 2700 1895 2771 λατρεύο-

319 2802 454 2856 μεν,
486 2787 764 2857 εὐχόμενοι
815 2789 1048 2860 μιμηταὶ
1077 2789 1313 2860 Χριστοῦ
1354 2789 1636 2858 γίγνεσθαι
1662 2806 1675 2819 ⁸
1720 2790 1778 2854 ὃς
1817 2791 1894 2862 τῷ

317 2879 522 2931 εἰπόντι
550 2878 700 2949 αὐτῷ
725 2879 974 2949 διαϐόλῳ,
1005 2878 1192 2932 Ταῦτά
1211 2895 1310 2933 σοι
1341 2879 1535 2934 πάντα
1563 2881 1752 2946 δώσω,
1785 2881 1894 2936 ἐὰν

316 2967 522 3020 πεσὼν
562 2968 1000 3036 προσκυνήσῃς
1040 2987 1172 3037 μοι,
1211 2965 1332 3022 εἶπε
1385 2970 1477 3023 τό·
1531 2973 1750 3039 Κύριον
1778 2971 1891 3042 (28)

1999 1802 2082 1840 ma
2125 1788 2429 1840 examinata
2456 1827 2470 1852 ,
2507 1797 2599 1840 aut
2634 1789 3056 1856 reprehensione
3086 1799 3178 1845 aut
3211 1793 3569 1848 admiratione

1994 1878 2150 1946 digna
2187 1877 2485 1945 judicatur.
2540 1878 2586 1930 ls
2637 1878 2802 1947 igitur
2830 1888 2912 1932 cst
2958 1893 3084 1948 erga
3123 1895 3216 1944 ea,
3258 1881 3420 1953 784
3447 1898 3570 1950 qua:

1994 1967 2183 2021 Celsus
2212 1967 2348 2020 mala
2381 1977 2558 2031 vocat,
2595 1978 2779 2022 uoster
2807 1971 3045 2036 animus,
3100 1981 3159 2024 ut
3190 1975 3362 2040 parati
3397 1974 3570 2028 simus

1999 2061 2180 2113 dicere
2211 2077 2222 2112 :
2276 2058 2447 2112 Proba
2486 2075 2600 2122 me,
2647 2059 2886 2124 Domine,
2917 2071 2964 2115 et
2987 2071 3127 2116 lenta
3169 2079 3271 2127 me,
3304 2080 3398 2117 ure
3421 2081 3570 2119 renes

1993 2166 2135 2203 meos
2170 2161 2217 2203 et
2267 2167 2358 2202 cor
2383 2165 2550 2202 meum
2581 2151 2645 2202 ³⁷.
2680 2151 2850 2204 Nemo
2889 2153 3032 2206 enim
3078 2155 3421 2208 coronabitnr
3466 2156 3570 2209 nisi

1992 2242 2082 2308 qui
2111 2242 2196 2294 hic
2225 2251 2280 2294 et
2305 2240 2357 2294 in
2393 2249 2533 2294 terra
2553 2256 2674 2294 cum
2701 2241 2801 2294 hoc
2825 2257 3039 2312 corpore
3064 2243 3372 2296 humilitatis
3396 2245 3572 2314 legiti-

1995 2347 2076 2384 me
2103 2331 2373 2384 certaverit
2408 2331 2471 2384 ιδ.
2505 2330 2773 2384 Ριαιιοιοιι
2811 2345 2910 2384 nec
2953 2332 3157 2386 honore
3183 2347 3342 2401 quem
3382 2333 3573 2388 Celsus

1994 2422 2284 2476 convenire
2317 2430 2509 2490 putat,
2540 2422 2922 2490 prosequimur
2963 2437 3076 2490 eos,
3114 2438 3249 2492 quos
3294 2423 3372 2477 ait
3412 2423 3572 2490 hujus

1996 2516 2178 2569 mundi
2230 2516 2389 2570 rebus
2413 2515 2700 2584 praefectos
2732 2530 2874 2569 esse.
2905 2514 3038 2570 Nam
3072 2516 3357 2571 Dominum
3399 2518 3569 2572 Deum

1995 2617 2238 2658 uostrmn
2264 2606 2554 2660 adoramus
2582 2615 2635 2659 et
2667 2604 2742 2657 illi
2765 2604 2865 2659 soli
2887 2606 3176 2673 servimus,
3206 2617 3571 2677 optamusque

1994 2695 2110 2750 ﬁeri
2145 2696 2446 2751 imitatores
2473 2695 2694 2761 Christi,
2723 2696 2815 2763 qui
2844 2697 3054 2752 diabolo
3086 2699 3286 2753 dicenti
3315 2717 3330 2753 :
3366 2699 3566 2754 Omnia

1993 2784 2104 2840 hac
2136 2785 2228 2839 tibi
2253 2785 2409 2851 dabo,
2441 2787 2488 2838 si
2525 2785 2715 2838 cadens
2751 2785 3050 2840 adoraveris
3091 2804 3172 2842 me
3201 2827 3216 2853 ,
3248 2790 3564 2858 respondit:

1998 2874 2280 2927 Dominum
2310 2873 2476 2927 Deum
2511 2884 2659 2927 tuum
2690 2873 2939 2927 adorabis
2971 2885 3018 2928 et
3053 2877 3130 2929 illi
3154 2876 3253 2930 soli
3286 2879 3476 2932 servies
3501 2879 3566 2933 η.

1993 2966 2172 3032 Atque
2218 2965 2331 3019 haec
2377 2973 2462 3019 est
2514 2980 2682 3019 causa
2732 2980 2830 3019 cur
2868 2965 3129 3020 honorem
3179 2983 3337 3035 quem
3378 2969 3568 3024 Celsus

313 3058 421 3113 τὸν
446 3060 592 3113 Θεόν
621 3074 736 3112 σου
776 3058 1222 3127 προσκυνήσεις
1241 3099 1256 3121 ,
1289 3061 1384 3113 καὶ
1409 3061 1568 3126 αὑτῷ
1597 3064 1764 3130 μόνῳ
1787 3066 1891 3116 λα-

1997 3053 2287 3109 convenire
2317 3064 2495 3121 putat,
2529 3071 2636 3110 non
2662 3054 2970 3109 deferamus
3001 3056 3087 3114 iis.
3120 3072 3255 3125 quos
3289 3058 3364 3110 ait
3400 3058 3566 3112 rebus

311 3152 606 3217 τρεύσεις.
643 3151 750 3203 Καὶ
779 3151 868 3204 διὰ
890 3152 1047 3204 τοῦτό
1070 3169 1133 3220 γε
1169 3151 1267 3212 τὰς
1295 3152 1655 3222 νομιζομένας
1680 3155 1890 3224 προσή-

314 3257 432 3294 κειν
483 3242 648 3310 τιμὰς
678 3237 759 3304 οἷς
801 3259 933 3311 φησι
977 3243 1184 3305 Κέλσος
1235 3242 1302 3295 τὰ
1339 3243 1463 3314 τῇδε
1497 3243 1889 3314 ἐπιτετράφθαι

315 3331 416 3383 οὐκ
448 3331 767 3400 ἀποδίδομεν
789 3349 802 3362 ·
839 3333 959 3384 ἐπεὶ
1003 3332 1176 3395 οὐδεὶς
1218 3332 1440 3386 δύναται
1476 3333 1620 3386 δυσὶ
1660 3337 1890 3402 κηρίοις

314 3421 658 3474 δουλεύειν·
694 3421 787 3473 καὶ
833 3423 904 3474 οὐ
950 3422 1222 3490 δυνάμεθα
1258 3421 1378 3489 ἅμα
1412 3421 1533 3486 Θεῷ
1584 3422 1894 3477 δουλεύειν

315 3509 418 3563 καὶ
449 3507 764 3578 ’Μιιμμωνᾷ
787 3549 801 3571 ,
831 3509 928 3561 εἶθ’
976 3510 1004 3561 ὅ
1032 3509 1084 3561 τί
1128 3527 1257 3562 ποτε
1297 3509 1354 3561 ἒν
1390 3509 1422 3579 ἢ
1449 3509 1668 3563 πλείονα
1700 3511 1894 3564 καλου-

320 3600 483 3672 μένῳ.
526 3601 684 3654 vim
717 3602 809 3656 καὶ
856 3604 902 3655 εἰ
938 3601 1034 3654 διὰ
1068 3600 1176 3668 τῆς
1218 3600 1606 3669 παραϐάσεως
1649 3603 1755 3656 τοῦ
1795 3604 1895 3655 νό-

309 3708 429 3760 μου
462 3690 715 3761 ἀτιμάζει
753 3709 833 3754 τις
861 3692 953 3744 τὸν
973 3690 1382 3762 νομοθετοῦντα,
1414 3691 1580 3760 σαφὲς
1609 3693 1739 3762 ἡμῖν
1778 3691 1895 3760 φαί-

316 3799 465 3837 νεται
491 3824 506 3848 ,
554 3785 670 3848 ὅτι,
705 3783 797 3839 δύο
838 3784 1018 3854 νόμων
1061 3784 1406 3854 ἐναντιότητα
1450 3783 1585 3855 πρὸς
1626 3782 1888 3854 ἀλλήλους

313 3876 546 3945 ἐχόντων
569 3913 583 3936 ,
619 3874 711 3928 τοῦ
763 3875 925 3944 νόμου
969 3873 1062 3926 τοῦ
1113 3873 1247 3926 Θεοῦ
1296 3876 1388 3926 καὶ
1436 3873 1530 3927 τοῦ
1585 3874 1747 3943 νόμου
1794 3869 1888 3924 τοῦ

313 3964 644 4033 Μαμμωνᾶ,
703 3962 1058 4033 αἱρετώτερον
1128 3963 1277 4033 ἡμᾶς
1335 3961 1424 4015 διὰ
1476 3961 1575 4031 τῆς
1635 3959 1892 4030 παραϐά-

313 4069 454 4115 σεως
489 4051 585 4105 τοῦ
627 4052 792 4122 νόμου
823 4051 915 4105 τοῦ
950 4053 1246 4121 Μαμμωνᾶ
1285 4052 1375 4104 τὸν
1409 4053 1738 4121 Μαμμωνᾶν
1771 4051 1891 4102 ἀτι-

1998 3145 2157 3214 hujus
2187 3146 2369 3198 mundi
2407 3161 2660 3214 praeesse;
2699 3150 2824 3217 quia
2852 3163 3006 3201 nemo
3031 3157 3209 3216 potest
3234 3149 3436 3204 duobus
3467 3151 3570 3202 dav

1995 3236 2152 3288 minis
2183 3235 2394 3297 servire,
2427 3243 2480 3289 ct
2509 3251 2610 3288 non
2642 3251 2928 3305 possumus
2955 3238 3144 3291 servire
3174 3237 3281 3292 Deo
3307 3249 3355 3292 et
3393 3238 3570 3293 Mam-

1995 3341 2165 3379 mona:
2188 3327 2253 3387 ‘°,
2288 3326 2405 3379 sive
2441 3325 2555 3380 hac
2583 3342 2684 3380 vox
2719 3344 2882 3381 unum
2917 3328 3146 3396 aliquid,
3179 3330 3293 3382 sive
3323 3330 3472 3399 plura
3498 3333 3570 3386 si-

1990 3415 2229 3483 gnilicel.
2257 3414 2525 3471 Praeterea
2557 3421 2600 3471 si
2627 3433 2720 3483 per
2741 3419 3232 3485 prwvarieationem
3261 3418 3389 3487 legis
3415 3421 3569 3472 inho-

1989 3514 2215 3557 noratur
2263 3505 2540 3573 legislator
2575 3509 2618 3539 ³³
2643 3546 2658 3569 ,
2711 3507 3058 3575 perspicuum
3116 3509 3271 3562 nobis
3309 3509 3523 3564 videtur
3549 3549 3566 3573 ,

1989 3595 2201 3648 duabus
2249 3595 2478 3666 legibus,
2531 3597 2625 3652 Dei
2657 3599 2867 3653 scilicet
2903 3611 2957 3652 et
2985 3597 3342 3665 Matnmouae,
3373 3615 3562 3655 secum

1990 3684 2224 3740 invicem
2253 3688 2644 3756 pugnantibus,
2679 3690 2849 3743 satius
2882 3704 3004 3744 esse
3032 3705 3126 3758 per
3154 3693 3564 3759 praevaricatio-

1994 3791 2116 3831 nem
2173 3777 2306 3846 legis
2343 3776 2656 3832 Mammonze
2705 3779 3066 3834 Mammonam
3119 3781 3469 3849 iuhonorare,
3509 3795 3569 3838 ut

2001 3868 2268 3922 servanda
2318 3867 2410 3922 Dei
2463 3868 2578 3938 lege
2629 3868 2798 3924 Deum
2853 3871 3222 3938 honoremus;
3258 3888 3418 3942 quam
3467 3891 3569 3945 per

1998 3959 2502 4027 praevaricationem
2546 3959 2683 4028 legis
2728 3959 2823 4015 Dei
2875 3962 3040 4016 Deum
3095 3961 3458 4033 inhonorare,
3511 3975 3570 4022 ut

2001 4048 2268 4104 servanda
2315 4047 2632 4103 Hammona:
2666 4050 2781 4118 lege
2814 4048 3177 4106 Mammonam
3211 4052 3564 4111 honoremus.

318 4147 547 4220 μάζειν,
621 4145 708 4198 ἵνα
776 4143 866 4196 διὰ
924 4144 1027 4214 τῆς
1091 4148 1373 4216 τηρήσεως
1439 4145 1532 4198 τοῦ
1597 4145 1762 4214 νόμου
1831 4142 1924 4198 τοῦ
1993 4142 2127 4196 Θεοῦ
2177 4143 2268 4197 τὸν
2314 4143 2445 4196 Θεὸν
2508 4144 2865 4214 τιμήσωμεν.
2920 4144 2953 4215 ἢ
3022 4145 3110 4198 διὰ
3161 4145 3264 4216 τῆς
3319 4149 3570 4219 παραὸά-

318 4256 453 4302 σεως
489 4238 584 4292 τοῦ
620 4239 784 4310 νόμου
829 4238 922 4292 τοῦ
957 4237 1090 4291 Θεοῦ
1128 4239 1218 4292 τὸν
1257 4239 1389 4292 Θεὸν
1427 4239 1709 4309 ἀτιμάζειν
1731 4279 1746 4304 ,
1779 4239 1866 4292 ἵνα
1901 4239 2132 4310 τηρήσει
2167 4238 2261 4292 τοῦ
2293 4238 2458 4308 νόμου
2494 4237 2587 4291 τοῦ
2636 4240 2935 4309 Μαμμωνᾶ
2985 4240 3076 4292 τὸν
3132 4242 3457 4312 Μαμμωνᾶν
3489 4261 3568 4297 τι-

318 4336 392 4406 μή
401 4352 476 4388 σω
483 4351 602 4404 μεν.

388 4428 593 4492 Κέλσος
641 4428 738 4499 μὲν
786 4423 880 4482 οῦν
923 4426 1093 4481 οἴεται.
1138 4427 1218 4493 τῷ
1257 4429 1375 4494 ,ϐίῳ
1421 4427 1792 4500 λειτουργεῖν
1820 4428 1891 4482 τὰ

2067 4427 2153 4480 57.
2188 4425 2348 4479 Putat
2377 4423 2569 4480 Celsus
2598 4424 2846 4479 homines
2877 4424 3030 4495 fungi
3055 4426 3172 4480 vita:
3199 4427 3378 4497 ofﬁciis
3406 4430 3568 4483 donec

316 4521 616 4590 πρέποντα
639 4561 653 4585 ,
698 4518 908 4590 μέχρις
951 4519 1029 4574 ἂν
1075 4519 1192 4573 τῶν
1229 4520 1468 4590 δεσμῶν
1503 4521 1890 4576 ἀπολυθῶσιν

316 4614 623 4685 ἄνθρωποι,
666 4613 802 4667 ἐπὰν
840 4613 982 4666 κατὰ
1012 4613 1080 4666 τὰ
1115 4612 1476 4685 νενομισμένα
1526 4617 1638 4678 τοῖς
1676 4615 1889 4678 πολλοῖς

316 4707 414 4768 τὰς
444 4705 633 4768 θυσίας
658 4721 742 4767 τις
763 4703 997 4774 ἀποδιδῷ
1022 4706 1236 4776 ἑκάστῳ
1258 4705 1364 4758 τῶν
1390 4704 1529 4758 κατὰ
1557 4705 1710 4759 πόλιν
1739 4723 1890 4774 νομι-

320 4795 557 4866 ζομένων
591 4797 747 4862 θεῶν,
770 4799 830 4852 οὐ
861 4800 1059 4868 νοήσας
1092 4797 1152 4850 τὸ
1177 4796 1389 4868 άληθῶς
1423 4797 1634 4868 πρέπον
1667 4798 1771 4850 ὐπὸ
1792 4797 1889 4868 τῆς

319 4887 574 4956 ἀκριϐοῦς
607 4888 886 4953 εὐσεϐείας
923 4889 1435 4959 ὐπολαμὸανόμενον
1459 4905 1472 4918 ’
1520 4891 1679 4960 ἡμεῖς
1702 4890 1757 4944 δέ
1783 4909 1888 4960 φα·-

323 4991 423 5047 μεν
471 4975 548 5045 τῷ
583 4975 680 5046 βίῳ
727 4978 1057 5050 λειτουργεῖν
1105 4978 1242 5048 μετὰ
1282 4978 1390 5032 τῶν
1436 4980 1752 5051 πρεπόντων
1798 4983 1890 5035 τὸν

323 5065 666 5136 μεμνημένον
719 5069 802 5130 τίς
838 5085 896 5120 τε
953 5071 981 5121 ό
1025 5069 1468 5141 δημιουργήσας,
1519 5073 1614 5124 καὶ
1664 5072 1782 5125 τίνα
1823 5072 1890 5125 τὰ

320 5156 511 5227 ἐκείνῳ
540 5157 685 5224 φίλα,
718 5159 810 5210 καὶ
839 5161 1012 5212 πάντα
1046 5161 1351 5229 πράττοντα
1375 5162 1511 5231 πρὸς
1543 5162 1602 5214 τὸ
1633 5161 1781 5231 φίλον
1813 5161 1891 5232 τῷ

319 5245 457 5318 Θεῷ.
492 5246 597 5299 Καὶ
628 5246 785 5299 πάλιν
820 5247 1026 5312 Κέλσος
1054 5250 1149 5319 μὲν
1185 5250 1327 5302 θέλει
1353 5253 1503 5323 ἡμᾶς
1537 5253 1892 5322 εὐχαρίστους

318 5333 620 5409 εἶναιπρὸς
657 5339 780 5401 τοὺς
817 5337 941 5409 τῇδε
981 5338 1238 5409 δαίμονας
1264 5381 1278 5405 ,
1323 5342 1565 5411 οἰόμενος
1604 5342 1712 5412 (29)
1743 5343 1892 5412 ἡμᾶς

394 5456 439 5487 ¹⁶
478 5456 675 5520 Ephes.
703 5472 774 5516 νι,
810 5458 889 5509 ll.
992 5457 1034 5488 ³⁵
1074 5457 1188 5509 Jac.
1221 5475 1257 5519 ι,
1284 5459 1340 5510 2.
1446 5458 1518 5510 “l
1554 5459 1748 5520 Petr.t.
1786 5459 1838 5512 7.

1951 5461 1992 5491 ¹⁷
2034 5460 2172 5516 Psal.
2202 5475 2326 5522 xxv,
2375 5459 2431 5515 2.

1993 4517 2211 4571 ινίηέιιιὶε
2247 4517 2390 4569 hisce
2426 4515 2734 4574 solvantur.
2767 4530 2888 4568 cum
2913 4557 2929 4579 ,
2967 4531 3036 4570 ex
3082 4515 3290 4585 legibus
3337 4521 3569 4589 receptis

1994 4609 2176 4677 vulgo,
2209 4622 2364 4661 sacra
2395 4606 2529 4659 ﬁunt
2560 4605 2786 4671 singulis
2820 4607 2908 4675 qui
2939 4605 3006 4660 ab
3043 4622 3366 4676 unoquoque
3395 4611 3448 4662 in
3477 4627 3570 4663 ur-

1993 4699 2153 4753 bibus
2183 4698 2257 4751 dii
2288 4712 2406 4752 esse
2439 4698 2755 4750 creduntur.
2787 4697 2857 4750 At
2883 4699 3060 4752 nescit
3083 4700 3354 4765 quodnam
3381 4716 3566 4755 verum

1993 4790 2062 4844 sit
2106 4789 2341 4844 ollicium
2369 4791 2509 4858 quod
2539 4789 2712 4857 pietas
2748 4789 2976 4858 diligens
3006 4791 3262 4844 admittit.
3295 4790 3404 4846 Nos
3441 4808 3564 4846 eum

1991 4885 2113 4933 vitae
2146 4879 2338 4935 oﬂieiis
2369 4881 2515 4949 fungi
2554 4878 2783 4934 dicimus
2803 4919 2818 4944 ,
2847 4880 2939 4949 qui
2979 4896 3089 4950 pra:
3117 4882 3288 4936 oculis
3320 4884 3481 4939 habet
3509 4893 3563 4938 et

1992 4971 2116 5039 quis
2141 4971 2394 5025 conditor
2421 4972 2525 5035 sit,
2555 4979 2611 5025 et
2650 4986 2772 5040 qua:
2797 4981 2954 5038 grata
3002 4972 3077 5026 illi
3114 4974 3247 5038 sint,
3281 4975 3485 5044 quique
3514 4977 3566 5031 id

1993 5065 2106 5131 agit
2145 5077 2359 5133 semper
2403 5074 2458 5117 ut
2515 5063 2626 5117 Deo
2669 5063 2905 5132 placeat.
2957 5061 3166 5118 Rursus
3226 5065 3338 5118 vult
3379 5065 3570 5120 Celsus

1995 5161 2149 5222 grato
2193 5153 2374 5206 animo
2404 5167 2504 5207 nos
2539 5166 2661 5206 esse
2705 5167 2830 5223 erga
2864 5154 3138 5208 daemones
3165 5192 3179 5218 ,
3232 5162 3429 5222 putans
3463 5154 3570 5208 illis

1999 5244 2182 5298 deberi
2215 5259 2243 5298 a
2284 5243 2439 5298 nobis
2465 5245 2604 5314 grati
2639 5245 2805 5299 animi
2841 5243 3313 5314 signiﬁcationem.
3347 5243 3416 5298 At
3452 5261 3572 5311 nos,

2002 5341 2198 5409 quibus
2229 5353 2570 5411 perspectum
2605 5355 2689 5397 est
2731 5342 2858 5410 quid
2893 5342 3062 5394 virtus
3089 5339 3228 5410 grati
3257 5340 3422 5394 animi
3467 5345 3576 5408 sit,

2566 5459 2608 5490 ¹⁸
2646 5459 2688 5512 ll
2723 5458 2864 5513 Tim.
2903 5471 2964 5522 ιι,
2995 5457 3057 5522 5;
3095 5455 3325 5526 Philipp.
3357 5471 3442 5523 ιιι,
3486 5459 3547 5512 21

323 5527 366 5560 ιθ
406 5526 597 5579 Matth.
628 5542 700 5592 tv,
726 5528 778 5591 9,
812 5529 898 5583 10.
973 5528 1017 5558 ¹⁰
1061 5528 1246 5580 Matth.
1279 5545 1349 5591 γι,
1371 5529 1463 5582 2L
1541 5530 1584 5560 ¹¹
1629 5528 1785 5584 Rom.
1814 5545 1876 5594 tt,
1898 5529 1989 5600 25,

393 5642 481 5711 (:28
543 5641 698 5694 Lilib.
729 5649 886 5694 antea
915 5642 1068 5702 editi.
1108 5637 1247 5694 εἷπε·
1281 5641 1382 5692 Τὸν
1410 5641 1632 5714 Κύριον.
1655 5652 1758 5697 etc.
1786 5642 1889 5699 Sed

396 5643 505 5782 (2(δέ
542 5712 880 5765 Hccschclius
916 5714 964 5762 in
1000 5722 1168 5778 textu,
1201 5712 1496 5781 οἰομένους,
1533 5715 1690 5768 male.

1997 5643 2094 5699 ilex
2124 5641 2454 5698 Basileensis
2486 5647 2543 5693 ut
2577 5639 2630 5692 in
2665 5649 2855 5692 nostro
2897 5645 3069 5692 textu.

396 5712 505 5781 μθ)
542 5712 880 5765 Hccschclius
916 5714 964 5762 in
1000 5722 1168 5778 textu,
1201 5712 1512 5781 οἰομένους,
1533 5715 1690 5768 male.
