3972 6160
291 295 431 352 1605

1459 293 1735 352 CONTRA
1773 297 2052 356 CELSUM
2092 299 2218 356 LIB.
2261 298 2396 354 Vlll.

3409 305 3549 362 1606

290 416 646 487 ὀνομάζουσι
669 433 682 446 ·
723 415 820 470 καὶ
859 413 936 483 δὴ
962 414 1392 480 ἐπικαλοῦντες
1423 415 1647 482 αὐτοὺς
1682 415 1870 471 ἰῶνται

1983 419 2130 472 bonis
2145 419 2385 472 omnibus
2405 416 2612 486 afﬂuere
2627 433 2782 487 quam
2807 416 3201 474 calamitatibus
3225 424 3550 493 conﬂictari,

291 510 408 564 τῶν
432 509 631 579 μερῶν
659 507 732 562 τὰ
758 508 1095 576 παθήματα.
1143 507 1205 560 Τί
1242 503 1356 564 οὖν
1382 507 1598 560 κωλύει
1629 509 1880 574 τούτους

290 618 352 655 τε
384 600 482 654 καὶ
538 599 680 664 τοὺς
732 597 956 662 ἄλλους
1017 597 1425 666 δεξιούμενον,
1464 595 1542 650 ἂν
1567 595 1753 666 χρήζῃ
1791 617 1880 666 τις

288 694 582 762 ὑγιαίνειν
606 691 846 761 μᾶλλον
884 689 920 758 ἢ
949 691 1177 753 νοσεῖν,
1211 689 1309 744 καὶ
1333 691 1612 759 εὐτυχεῖν
1638 690 1882 760 μᾶλλον

289 781 328 850 ἣ
361 779 706 848 δυστυχεῖν,
760 779 858 833 καί
910 779 1405 846 βασανιστηρίων
1446 779 1545 832 καί
1585 783 1881 848 κολαστη-

285 873 456 940 ρίων,
491 872 572 936 ὡς
602 871 829 924 οἴονται
867 869 1002 941 (55),
1037 867 1455 938 ἀπηλλάχθαι;
1503 870 1614 923 Καὶ
1645 869 1731 924 διὰ
1759 869 1881 922 τού-

288 980 399 1016 των
429 961 493 1032 δὴ
525 961 784 1029 κατάγειν
814 960 968 1032 ἡμῶν
1007 957 1346 1031 πειρώμενος
1369 957 1466 1030 τὴν
1489 958 1664 1030 ψυχὴν
1690 961 1717 1012 6
1741 959 1881 1012 Κέλ-

291 1073 381 1118 σος
406 1056 497 1107 ἐπὶ
518 1055 642 1116 τοὺς
669 1053 948 1124 δαίμονας,
969 1051 1044 1116 ὡς
1063 1051 1321 1122 λαχόντας
1354 1051 1511 1122 ἡμῶν
1533 1052 1600 1104 τὰ
1625 1049 1876 1122 σώματα,

287 1148 382 1201 καὶ
398 1147 494 1201 ἕνα
507 1148 736 1201 ἕκαστον
765 1148 1076 1199 ἐπιστατεῖν
1101 1145 1537 1214 ἀποφαινόμενος
1571 1143 1734 1214 μέρος
1767 1141 1878 1212 (56)

285 1241 379 1294 τοῦ
413 1239 661 1311 σώματος
692 1240 869 1310 ήμῶν,
898 1238 1038 1291 θέλει
1073 1239 1219 1309 ἡμᾶς
1259 1237 1532 1290 πιστεύειν
1570 1237 1665 1307 μὲν
1693 1230 1773 1299 οἷς
1797 1236 1882 1289 λέ-

285 1348 373 1398 γει
398 1331 713 1401 δαιμονίοις,
744 1332 836 1384 καὶ
869 1328 1192 1400 θεραπεύειν
1221 1327 1362 1381 αὐτά
1381 1344 1392 1357 ·
1432 1329 1520 1382 ἵνα
1547 1327 1879 1396 ὑγιαίνωμεν

289 1421 489 1492 μᾶλλον
527 1421 845 1492 ῆνοσῶμεν,
882 1421 976 1474 καὶ
1012 1419 1324 1489 εύτυχῶμεν
1364 1418 1564 1488 μᾶλλον
1609 1419 1641 1488 ἢ
1686 1418 1880 1470 δυστυ-

284 1513 492 1584 χῶμεν,
527 1513 622 1566 καὶ
654 1513 753 1582 ὅση
781 1511 1038 1582 δύναμις,
1077 1509 1506 1580 βασανιστηρίων
1526 1548 1540 1572 ,
1579 1508 1653 1570 ὡς
1683 1501 1796 1560 οἶόν
1815 1508 1875 1560 τέ

283 1605 453 1667 ἐστιν,
489 1602 911 1673 ἀπαλλαγῶμεν.
943 1601 1207 1654 Τοσοῦτον
1233 1600 1276 1652 δ’
1304 1601 1410 1672 ἄρα
1444 1599 1753 1668 κατέγνωκε
1778 1600 1877 1671 τῆς

283 1696 365 1758 εἰς
396 1695 485 1748 τὸν
519 1694 650 1747 Θεὸν
673 1693 780 1746 τῶν
805 1693 941 1746 ὅλων
966 1692 1223 1762 ἀσχίστου
1249 1692 1341 1745 καὶ
1366 1690 1666 1762 ἀδιαιρέτου
1691 1691 1873 1760 τιμῆς,

1983 511 2027 566 is
2057 509 2306 565 molestiis
2334 513 2617 581 panisque,
2643 520 2898 579 quantum
2920 511 3034 576 ﬁeri
3060 520 3248 576 potest,
3275 513 3551 587 liberetur,

1982 602 2101 656 illos
2133 603 2366 672 aliosque
2401 603 2596 656 [tonare
2641 601 3050 669 prosequendo?
3086 601 3176 657 llis
3225 604 3414 661 Celsus
3459 623 3553 664 coo

1985 701 2145 745 natur
2180 693 2420 758 animam
2457 702 2700 747 nostram
2735 692 2800 744 ad
2839 691 3115 747 diemonas
3151 694 3453 761 adducere,
3486 680 3574 756 ac-

1981 782 2025 835 si
2049 796 2278 851 corpora
2318 792 2501 836 nostra
2541 782 2720 836 sortiti
2757 791 2962 835 essent.
2996 782 3163 836 Suam
3201 787 3394 854 cuique
3427 805 3553 856 pat-

1984 882 2088 927 tem
2122 875 2291 927 nostri
2323 873 2565 942 corporis
2595 871 2912 925 attributam
2947 888 3067 927 esse
3098 879 3409 943 pronuntiat
3439 920 3454 943 ,
3495 890 3553 933 et

1986 965 2098 1015 vult
2133 962 2291 1016 ﬁdem
2325 976 2424 1015 nos
2459 961 2566 1014 illis
2595 960 2888 1030 adjungere
2920 961 3235 1031 cultumque
3277 967 3549 1032 tribucre,

1934 1091 1938 1095 η
1983 1064 2040 1108 ιιι
2069 1068 2203 1108 sano
2233 1053 2408 1122 magis
2439 1067 2598 1120 quam
2630 1069 2774 1120 mgro
2810 1069 3038 1122 corpore
3072 1056 3263 1122 simus,
3293 1074 3554 1126 prospere

1983 1144 2156 1213 magis
2202 1160 2363 1212 quam
2399 1143 2599 1197 misere
2654 1144 2899 1197 vivamus
2928 1186 2943 1209 ,
2993 1156 3045 1198 et
3082 1149 3261 1214 quoad
3293 1148 3408 1214 eius
3436 1149 3552 1203 ﬁeri

1982 1243 2159 1303 potest
2191 1235 2455 1288 molestiis
2482 1234 2793 1289 liberemur.
2829 1237 3017 1291 Cultus
3046 1238 3135 1290 ille
3173 1239 3288 1302 Dei,
3318 1241 3407 1306 qui
3439 1240 3554 1294 cul-

1985 1334 2070 1377 tus
2098 1339 2196 1379 nec
2218 1326 2383 1380 dividi
2413 1341 2512 1378 nec
2537 1326 2777 1393 separari
2807 1336 3004 1395 potest,
3029 1328 3253 1382 adeoilli
3283 1330 3552 1396 dieplicet,

1981 1429 2039 1472 ut
2071 1432 2176 1472 non
2204 1421 2394 1472 credat
2420 1417 2610 1480 Deum,
2636 1432 2757 1470 cum
2789 1418 2938 1472 solus
2966 1420 3222 1472 adoratur
3249 1435 3554 1489 magnoque

1981 1511 2146 1580 786
2174 1512 2357 1564 animo
2381 1510 2601 1576 colitur,
2639 1525 2796 1578 posse
2832 1510 2904 1562 illi
2939 1511 3031 1579 qui
3060 1511 3232 1580 ipsum
3259 1513 3406 1577 colit,
3432 1527 3554 1581 pro-

1979 1609 2100 1666 pter
2131 1599 2183 1652 id
2219 1600 2393 1666 ipsum
2435 1601 2688 1655 virtutem
2725 1603 2888 1660 dare,
2923 1617 3043 1668 quze
3079 1602 3285 1656 sanctis
3333 1613 3551 1670 paratas

1980 1706 2010 1744 a
2043 1692 2374 1745 daunonibus
2407 1692 2639 1746 insidias
2679 1694 2868 1746 reddat
2912 1693 3112 1746 irritas.
3148 1692 3261 1747 Non
3293 1695 3437 1748 enim
3465 1696 3552 1747 vi-

281 1786 358 1849 ὡς
395 1786 468 1856 μὴ
496 1785 741 1854 αὐτάρκη
775 1783 1041 1837 πιστεύων
1088 1783 1198 1852 (57)
1233 1783 1322 1835 τὸν
1351 1781 1482 1835 Θεὸν
1523 1781 1682 1850 μόνον
1708 1798 1870 1851 προσ-

1983 1782 2063 1835 dit
2091 1782 2365 1849 quomodo
2398 1783 2514 1836 haec
2541 1785 2744 1838 verba:
2787 1783 2855 1838 In
2903 1785 3113 1838 nomine
3158 1785 3310 1850 Jesu,
3347 1801 3374 1838 a
3411 1787 3556 1842 veris

280 1875 628 1946 κυνούμενον,
675 1876 768 1928 καὶ
811 1871 1208 1944 μεγαλοφώνως
1261 1871 1570 1944 τιμώμενον
1614 1870 1872 1942 παρέχειν

280 1967 358 2038 τῷ
399 1967 626 2038 τιμῶντι
657 1967 751 2020 ἀπ’
782 1965 944 2018 αὐτοῦ
971 1964 1064 2017 τοῦ
1097 1962 1277 2016 σέϐειν
1321 1963 1480 2016 αὑτὸν
1508 1962 1734 2032 δύναμιν
1767 1980 1875 2016 κω-

279 2061 500 2131 λυτικὴν
530 2061 629 2131 τῆς
656 2059 764 2112 τῶν
792 2058 1062 2128 δαιμόνων
1095 2057 1234 2111 κατὰ
1261 2055 1354 2109 τοῦ
1381 2054 1526 2113 ὁσίου
1558 2054 1870 2124 ἐπιϐουλῆς.

1985 1872 2236 1926 ﬁdelibus
2276 1875 2619 1941 pronuntiata
2654 1891 2761 1928 non
2800 1892 3003 1944 paucos
3044 1892 3073 1929 a
3111 1877 3313 1930 morbis
3338 1920 3351 1942 ,
3384 1893 3413 1930 a
3443 1879 3558 1932 da:-

1983 1961 2216 2018 mouicis
2246 1964 2657 2019 obsessionibus
2695 1966 2929 2035 aliisque
2965 1967 3324 2022 incommodis
3351 1967 3556 2025 libera-

1982 2053 2182 2106 verint.
2619 2077 2622 2081 λ

280 2153 356 2205 Οὐ
396 2151 501 2223 γὰρ
526 2148 736 2221 ἑώρακε
764 2148 884 2202 τίνα
907 2147 1106 2219 τρόπον
1149 2146 1210 2200 τὸ
1272 2147 1341 2200 ἐν
1398 2147 1639 2216 ὀνόματι
1699 2143 1806 2199 τοῦ
1844 2143 2044 2210 Ἰησοῦ
2078 2143 2182 2196 ὑπὸ
2240 2143 2346 2196 τῶν
2381 2146 2617 2216 γνησίως
2669 2149 3034 2203 πιστευόντων
3081 2150 3412 2222 καλούμενον
3455 2154 3556 2207 οὐκ

277 2244 492 2312 ὀλίγους
521 2243 630 2296 ἀπὸ
657 2243 823 2295 νόσων
848 2242 942 2294 καὶ
965 2240 1336 2312 δαιμονισμῶν
1367 2242 1461 2294 καὶ
1488 2241 1660 2295 ἄλλων
1717 2240 2088 2309 περιστάσεων
2123 2239 2328 2295 ἰάσατο.

348 2338 508 2398 Εἰκὸς
541 2337 607 2399 δ’,
655 2337 738 2389 ὅτι
775 2334 1068 2403 γελάσεται
1119 2334 1218 2404 μὲν
1251 2337 1280 2387 ό
1322 2333 1390 2387 τὰ
1435 2334 1643 2388 Κέλσου
1698 2335 1878 2388 ἀσπα-

279 2429 522 2502 ζόμενος,
554 2430 820 2498 λεγόντων
872 2427 1052 2498 ἡμῶν,
1103 2429 1214 2492 ὅτι,
1255 2427 1323 2480 ὲν
1365 2427 1445 2492 τῷ
1474 2428 1716 2496 ὀνόματι
1767 2425 1875 2479 τοῦ

288 2523 490 2590 Ἰησοῦ
539 2521 661 2576 πᾶν
695 2521 844 2590 γόνυ
886 2518 1116 2588 κάμψει
1141 2517 1551 2584 ἐπουρανίων,
1595 2516 1697 2569 καὶ
1739 2517 1870 2569 ἐπι-

275 2612 470 2680 γείων,
491 2611 588 2664 καὶ
604 2613 1029 2679 καταχθονίων·
1054 2609 1148 2663 καί
1183 2606 1352 2663 πᾶσα
1386 2607 1637 2676 γλῶσσα
1665 2606 1872 2674 ὑπάγε-

274 2719 364 2754 ται
384 2700 464 2766 τῷ
486 2700 992 2769 ἐξομολογεῖσθαι,
1014 2698 1109 2752 ὅτι
1135 2699 1344 2766 Κύριος
1367 2696 1603 2764 Ἰησοῦς
1618 2693 1875 2764 Χριστὸς

274 2797 362 2859 εὶς
389 2793 578 2857 δόξαν
619 2793 766 2847 Θεοῦ
805 2793 1067 2859 Πατρόςν
1117 2789 1359 2852 Γελάσας
1387 2789 1443 2843 δέ
1472 2787 1874 2860 ἐναργεστέρας

273 2886 577 2952 ἀποδείξεις
601 2884 830 2954 λήψεται
857 2883 1012 2936 ταῦθ’
1045 2881 1216 2945 οὕτως
1247 2880 1390 2951 ἔχειν
1428 2881 1461 2950 ἢ
1502 2879 1629 2949 περὶ
1659 2872 1733 2932 ὧν
1757 2879 1874 2931 ὀνο-

277 2977 463 3046 μάτων
527 2977 728 3044 ίστορεῐ
779 2973 871 3026 τοῦ
909 2971 1184 3042 Χνουμὴν,
1241 2971 1336 3023 καὶ
1378 2971 1471 3023 τοῦ
1518 2968 1870 3039 Χναχουμὴν,

2054 2334 2140 2389 59.
2179 2333 2397 2387 llidebit
2426 2350 2524 2390 nos
2555 2337 2672 2391 sine
2699 2337 2863 2392 dubio
2883 2339 3024 2395 Celsi
3056 2342 3261 2397 assecla
3287 2343 3554 2402 dicentes:

1983 2424 2048 2478 In
2077 2427 2283 2480 nomine
2307 2427 2435 2481 Jesu
2473 2444 2626 2484 omne
2659 2446 2794 2497 genu
2825 2431 3066 2498 ﬂectetur
3093 2435 3408 2500 calestium,
3449 2445 3557 2489 ter-

1980 2518 2227 2571 restrium
2285 2530 2333 2571 et
2375 2519 2745 2587 infernarum,
2797 2533 2843 2575 et
2897 2524 3066 2577 omnis
3117 2523 3300 2594 lingua
3341 2535 3555 2580 tenetur

1978 2608 2218 2675 conﬁteri
2245 2648 2262 2673 ,
2291 2609 2416 2678 quia
2449 2609 2704 2666 Dominus
2725 2612 2880 2668 Jesus
2907 2613 3148 2670 Christus
3179 2617 3234 2669 in
3280 2617 3449 2688 gloria
3475 2628 3552 2672 est

1981 2697 2077 2750 Dei
2108 2695 2290 2751 Patris
2316 2699 2382 2751 ".
2425 2698 2620 2754 Rideat
2651 2700 2811 2766 licet,
2850 2702 3036 2756 audiet
3082 2702 3241 2770 hujus
3274 2704 3351 2757 rei
3383 2703 3553 2758 multo

1977 2789 2214 2843 clariora
2245 2800 2562 2858 argumenta
2597 2806 2758 2860 quam
2790 2808 2911 2860 qua:
2944 2792 3101 2846 alfert
3130 2794 3197 2848 de
3227 2795 3347 2848 istis
3379 2796 3556 2849 nomi-

1980 2879 2139 2934 nibus
2172 2876 2487 2935 Cbnoumen
2513 2921 2528 2946 ,
2569 2882 2993 2938 Chnachoumen
3022 2925 3037 2948 ,
3075 2885 3213 2939 Cnat
3235 2926 3250 2950 ,
3288 2884 3470 2950 Sicat,
3499 2896 3555 2943 et

1976 2970 2190 3022 caeteris
2217 2967 2554 3040 Egyptiacse
2578 2971 2787 3038 tabulae,
2817 2973 3012 3042 quibus
3037 2976 3306 3032 invocatis
3329 2979 3552 3036 morbos

273 3070 369 3122 καὶ
397 3066 488 3120 τοῦ
543 3065 725 3128 Κνὰτ,
766 3065 860 3117 καὶ
892 3062 986 3115 τοῦ
1020 3062 1186 3116 Σικὰτ
1217 3063 1324 3133 (58)
1351 3101 1365 3126 ,
1395 3060 1489 3114 καὶ
1527 3059 1633 3112 τῶν
1665 3056 1868 3110 λοιπῶν

1979 3058 2208 3123 partium
2237 3061 2421 3113 sanari
2462 3061 2798 3118 fabulantur.
2835 3065 2914 3118 Ac
2951 3065 3108 3131 vide,
3151 3071 3427 3136 quomodo
3455 3087 3554 3125 nos

271 3161 367 3215 τοῦ
392 3156 767 3228 Αἱγυπτιακοῦ
793 3153 1119 3222 καταλόγου,
1146 3155 1221 3218 ὼς
1250 3152 1619 3224 καλουμένων,
1653 3150 1746 3203 καὶ
1779 3151 1871 3201 ἰω-

275 3251 452 3323 μένων
481 3249 550 3302 τὰ
589 3247 698 3302 τῶν
743 3246 925 3317 μερῶν
976 3246 1292 3316 παθήματα.
1341 3245 1450 3298 Καὶ
1481 3245 1582 3314 ὅρα
1621 3259 1707 3310 γε,
1753 3241 1873 3292 τίνα

271 3341 473 3413 τρόπον
503 3340 649 3410 ἡμᾶς
681 3337 1003 3408 ἀποτρέπων
1033 3335 1310 3388 πιστεύειν
1341 3337 1434 3388 ἐπὶ
1459 3334 1549 3386 τὸν
1587 3331 1695 3386 τῶν
1735 3331 1871 3383 ὅλων

272 3433 404 3485 Θεὸν
426 3431 512 3484 διὰ
544 3427 718 3500 Ἰησοῦ
747 3427 841 3482 τοῦ
870 3425 1131 3497 Χριστοῦ,
1161 3427 1252 3478 ἐπὶ
1281 3425 1482 3489 πίστιν,
1534 3424 1624 3477 διὰ
1648 3424 1746 3495 τὴν
1767 3425 1871 3479 ,τοῦ

274 3524 524 3593 σώματος
575 3521 730 3592 ἡμῶν
791 3519 1106 3590 θεραπείαν,
1170 3517 1326 3571 καλεῖ
1355 3515 1413 3581 ἒξ
1444 3517 1537 3570 καὶ
1578 3518 1872 3586 τριάκοντα

275 3615 624 3690 βαρϐαρικῶν
655 3615 924 3686 δαιμόνων
949 3631 961 3644 ·
1015 3612 1109 3676 οὒς
1157 3611 1306 3683 μόνοι
1345 3611 1661 3678 Αἰγυπτίων
1710 3610 1872 3679 μάγοι

271 3710 584 3774 καλοῦντες,
643 3707 744 3760 οὐκ
793 3703 887 3760 οἷδ’
940 3695 1109 3769 ὅπως,
1163 3702 1590 3773 ἐπαγγέλλονται
1640 3704 1771 3773 ἡμῖν
1805 3701 1872 3755 τὰ

270 3802 569 3874 κρείττονα.
610 3800 748 3871 Ὥρα
773 3799 818 3852 δ’
853 3800 1005 3869 ἡμῖν,
1039 3798 1181 3851 κατὰ
1210 3796 1310 3873 τὸν,
1334 3794 1562 3858 Κέλσον,
1618 3810 1868 3865 μαγγαν-

269 3892 412 3946 εύειν
457 3891 678 3962 μᾶλλον,
729 3892 824 3944 καὶ
877 3889 1178 3960 γοητεύειν,
1229 3888 1372 3958 ἥπερ
1414 3884 1817 3956 Χριστιανίζειν
1853 3903 1866 3917 ·

272 3985 364 4036 καὶ
397 3983 608 4054 ἀπείρῳ
636 3982 746 4036 τινὶ
779 3978 998 4052 ἀριθμῷ
1038 3978 1308 4049 δαιμόνων
1356 3977 1556 4049 μᾶλλον
1596 3975 1872 4030 πιστεύειν

271 4076 304 4147 ἢ
339 4074 418 4144 τῷ
444 4073 668 4128 αὐτόθεν
695 4073 948 4142 ἐμφανεῖ,
995 4071 1088 4122 καὶ
1121 4069 1306 4134 ζῶντι,
1353 4071 1446 4122 καὶ
1487 4072 1706 4140 ἐναργεί
1751 4066 1871 4138 Θεῷ

273 4167 351 4238 τῷ
393 4168 486 4219 ἐπὶ
515 4167 671 4230 πᾶσι,
705 4164 794 4218 διὰ
824 4163 915 4216 τοῦ
965 4162 1132 4232 πολλῇ
1176 4161 1403 4231 δυνάμει
1455 4161 1872 4231 ἐπισπείραντος

271 4261 362 4315 τὸν
389 4259 626 4330 καθαρὸν
669 4258 766 4328 τῆς
814 4254 1118 4316 θεοσεϐείας
1147 4253 1300 4321 λόγον
1334 4255 1398 4324 τῇ
1429 4250 1580 4321 πάσῃ
1634 4250 1741 4304 τῶν
1776 4251 1870 4303 ἀν-

272 4350 505 4422 θρώπων
533 4348 854 4418 οἰκουμένῃ·
896 4347 957 4399 οὺ
995 4345 1268 4415 ψεύσομαι
1315 4343 1380 4415 δὴ
1428 4341 1741 4414 προστιθεὶς
1775 4339 1870 4393 καὶ

1974 3164 2002 3202 a
2042 3148 2148 3204 lide
2183 3149 2234 3203 in
2268 3165 2538 3205 summum
2586 3153 2756 3207 Deum
2791 3170 2887 3223 per
2914 3153 3098 3210 Jesum
3127 3157 3408 3214 Christum
3457 3163 3556 3215 ba-

1971 3243 2146 3298 benda
2187 3253 2473 3310 avertens,
2512 3245 2760 3300 hortetur
2793 3247 2859 3301 ad
2889 3247 3194 3304 habendam
3235 3266 3330 3313 sex
3360 3262 3417 3308 et
3454 3256 3552 3307 tri-

1973 3335 2118 3402 ginta
2150 3334 2399 3391 barbaris
2421 3337 2755 3393 dtenmnibus
2777 3341 2960 3408 tidem,
2985 3356 3123 3410 quos
3148 3343 3244 3398 soli
3269 3343 3550 3415 Egyptio-

1977 3442 2094 3479 rum
2136 3428 2278 3496 magi
2323 3429 2644 3483 invocantes
2675 3432 2856 3485 nescio
2891 3433 3184 3503 quomodo,
3224 3451 3419 3506 magna
3455 3456 3552 3491 no-

1973 3516 2057 3570 bis
2090 3519 2376 3572 commoda
2429 3521 2774 3588 pollicentur.
2843 3523 3024 3594 Ergo,
3064 3526 3108 3579 si
3159 3527 3315 3582 Celso
3368 3529 3499 3583 ﬁdes
3532 3570 3548 3594 ,

1975 3611 2152 3679 potius
2184 3611 2347 3665 fuerit
2374 3613 2479 3666 arti
2509 3614 2734 3684 magicaa
2758 3618 3158 3687 praestigiisque
3180 3634 3240 3674 se
3267 3621 3547 3690 addicere,

1972 3714 2134 3770 quam
2170 3700 2415 3771 religioni
2457 3702 2811 3770 Christianze,
2847 3715 2901 3760 et
2929 3706 3312 3762 innumerabili
3344 3711 3548 3764 daemo-

1973 3805 2101 3844 num
2131 3801 2362 3846 catervae
2381 3791 2540 3846 lidem
2571 3793 2868 3864 adiungere
2892 3810 3054 3864 quam
3083 3797 3192 3852 Deo
3222 3814 3320 3868 per
3349 3814 3409 3854 se
3440 3817 3548 3855 ma-

1974 3880 2207 3948 nifesto,
2254 3881 2498 3950 viventi,
2538 3898 2755 3938 sutan
2780 3925 2795 3951 ,
2835 3887 3123 3957 perspicue
3173 3891 3416 3947 revelato
3452 3907 3550 3962 per

1972 3987 2097 4028 eum
2127 4013 2140 4034 .
2179 3973 2269 4042 qui
2301 3988 2494 4043 magna
2529 3974 2732 4029 virtute
2765 3991 2946 4032 veram
2978 3979 3196 4046 pietatis
3226 3983 3366 4035 viam
3395 3997 3547 4037 com-

1974 4063 2298 4118 monstravit
2324 4066 2580 4120 omnibus
2604 4066 2782 4121 ubivis
2815 4076 3081 4122 terrarum
3115 4071 3441 4135 hominibus,
3469 4081 3544 4139 et,

1973 4156 2115 4223 quod
2142 4157 2340 4210 addere
2375 4172 2596 4224 possum
2632 4159 2753 4213 sine
2783 4160 3069 4214 mendacio
3091 4201 3105 4224 ,
3141 4161 3261 4217 aliis
3291 4163 3501 4218 naturis
3523 4205 3543 4231 ,

1973 4260 2092 4314 qua:
2126 4247 2356 4302 rationis
2405 4257 2535 4302 sunt
2587 4251 2886 4320 participes
2913 4292 2928 4317 ,
2961 4267 3191 4321 qumque
3231 4255 3546 4319 emendari.

1975 4338 2181 4401 curari,
2217 4349 2380 4407 atque
2413 4355 2441 4394 a
2473 4341 2623 4395 vitiis
2649 4342 2873 4396 avocari
2908 4342 3166 4411 indigent.

270 4443 464 4510 λέγων,
497 4443 580 4495 ὅτι
623 4440 716 4492 καὶ
763 4439 872 4491 τῶν
913 4437 1087 4491 ἄλλων
1147 4434 1381 4504 λογικῶν
1434 4434 1546 4506 (59)
1587 4434 1680 4487 καὶ
1737 4432 2002 4523 δεομένων
2061 4428 2398 4501 διορθώσεως
2467 4434 2560 4486 καὶ
2606 4432 2902 4504 θεραπείας
2957 4433 3048 4486 καὶ
3096 4433 3395 4506 μεταϐολῆς
3442 4436 3547 4506 τῆς

268 4537 378 4621 άπὸ
401 4536 502 4606 τῆς
531 4535 760 4598 κακίας.

386 4630 769 4699 Ὑπειδόμενος
814 4627 943 4696 γοῦν
998 4627 1026 4678 6
1081 4625 1286 4688 Κέλσος
1345 4625 1434 4678 τὸν
1488 4625 1569 4687 εἰς
1632 4620 1864 4694 μαγείαν

2037 4616 2126 4672 60.
2169 4616 2514 4687 Quapropter
2540 4619 2728 4675 Celsus
2757 4620 3040 4690 suspicans
3065 4636 3225 4690 quam
3253 4637 3318 4676 ex
3343 4623 3428 4678 his
3455 4623 3540 4677 di~

269 4725 476 4778 ὄλισθον
507 4723 614 4778 τῶν
646 4721 714 4776 τὰ
742 4719 966 4774 τοιαῦτα
1002 4717 1420 4791 μεμαθηκότων,
1451 4717 1544 4770 καὶ
1573 4712 1865 4783 συναισθη-

272 4816 382 4878 θείς
417 4833 530 4878 πως
561 4814 760 4885 βλάϐης
793 4813 922 4883 περὶ
959 4812 1086 4874 τοὺς
1113 4809 1406 4872 ἀκούοντας
1443 4807 1728 4878 ἐσομένης,
1761 4823 1865 4876 φη-

273 4907 356 4961 σίν
379 4923 392 4934 ⁸
442 4905 656 4958 Ἐκεῖνο
684 4905 887 4974 μέντοι
917 4901 1278 4972 φυλακτέον,
1307 4902 1468 4966 ὅπως
1486 4899 1570 4969 μή
1593 4916 1684 4964 τις
1709 4913 1862 4950 συν-

269 4997 355 5050 ὼν
384 4997 636 5061 τούτοις,
690 4995 765 5062 τῇ
800 4995 1078 5062 θεραπείᾳ
1101 4993 1177 5062 τῇ
1200 4992 1332 5059 περὶ
1378 4991 1531 5044 αὐτὰ
1561 4986 1866 5056 συντακῇ,

271 5082 777 5157 φιλοσωματήσας
801 5101 864 5136 τε
891 5085 987 5136 καὶ
1018 5082 1136 5136 τῶν
1177 5080 1528 5150 κρειττόνων
1559 5080 1863 5146 ἀποστρα-

269 5178 422 5248 φείς,
475 5174 632 5244 λήθῃ
681 5173 1038 5243 κατασχεθῇ.
1082 5173 1204 5242 Χρὴ
1256 5173 1366 5244 γὰρ
1404 5166 1550 5236 ἴσως
1581 5173 1691 5224 οὐκ
1723 5172 1857 5227 dm.

341 5287 386 5319 ει
427 5284 661 5354 Philipp.
685 5300 757 5348 ιι,
802 5284 891 5346 ιο,
927 5284 1014 5337 ιι.

343 5398 454 5469 (55)
492 5398 585 5472 Ὡς
606 5395 971 5472 οἷονται.νὸἱο
1017 5395 1147 5450 libb.
1181 5403 1339 5447 antea
1379 5393 1544 5472 _edi_ti,_
1566 5393 1854 5472 scdﬂvide—

276 5461 362 5523 tur
387 5461 695 5537 legendum,
725 5465 801 5528 ὡς
829 5461 939 5519 οἷόν
963 5482 1022 5537 τε
1055 5483 1066 5517 :
1111 5462 1426 5537 uatii_paitl_o
1457 5463 1602 5537 infra
1655 5462 1848 5537 Qrige-

272 5556 367 5594 nes
397 5527 579 5602 habet,
615 5527 1071 5607 βασανιστηρίων,
1105 5534 1181 5597 ὡς
1200 5527 1309 5586 οἷόν
1341 5531 1399 5586 τέ
1451 5533 1622 5596 ἐστιν,
1668 5527 1844 5586 ἁπαλ-

271 5611 545 5678 λαγῶμεν.
1741 5673 1752 5683 .

327 5681 454 5754 ’(36)
483 5679 637 5733 Libh.
673 5686 830 5732 antea
864 5677 1016 5754 editi,
1047 5676 1266 5754 μέρους,
1301 5683 1356 5729 at
1403 5676 1571 5730 codex
1622 5674 1846 5742 Regius,

275 5748 458 5821 μέρος,
491 5759 546 5807 et
599 5759 746 5808 recte
788 5750 1004 5821 quidem
1055 5757 1112 5802 ut
1153 5748 1416 5817 jungatur
1479 5760 1600 5801 cum
1647 5759 1850 5814 praece-

1968 4711 2216 4781 sciplinis
2249 4709 2494 4766 lubricus
2535 4713 2608 4766 sit
2637 4713 2704 4766 ad
2742 4722 2914 4766 artem
2941 4713 3208 4782 magicam
3245 4713 3449 4784 lapsus.
3485 4725 3540 4770 et

1967 4802 2150 4872 aliquo
2206 4803 2366 4856 modo
2418 4804 2661 4859 sentiens
2717 4813 2979 4872 quantum
3033 4803 3154 4858 illas
3202 4805 3541 4863 discentibus

1968 4893 2250 4962 impendat
2278 4893 2608 4962 pericuhuu:
2642 4891 2940 4948 Cavendum
2977 4903 3151 4949 tamen
3179 4937 3194 4961 ,
3231 4896 3444 4967 inquit,
3479 4915 3541 4951 ne

1967 4986 2078 5055 quis
2115 4984 2331 5038 illarum
2385 5001 2558 5038 rerum
2593 4987 2862 5039 studiosus
2898 4986 3016 5054 plus
3045 4988 3205 5041 nimio
3235 5005 3289 5043 se
3317 4988 3423 5041 illis
3451 4990 3542 5042 de-

1966 5076 2095 5140 dat,
2125 5087 2174 5130 et
2205 5093 2380 5129 rerum
2417 5093 2786 5145 corporearum
2817 5095 2998 5132 amore
3031 5090 3215 5145 captus
3249 5097 3280 5132 α
3306 5078 3540 5132 meliori-

1967 5169 2061 5222 bus
2103 5176 2371 5222 avertatur
2395 5182 2441 5224 et
2468 5169 2680 5224 illorum
2713 5169 3077 5226 obliviscatur.
3107 5168 3360 5224 Fortasse
3398 5171 3534 5223 enim

1958 5391 2104 5445 denti
2141 5392 2394 5446 ἕκαστον.

2031 5461 2144 5531 (57)
2179 5464 2506 5516 Πιστεύων.
2547 5461 2729 5515 Mallet
2773 5457 3090 5531 Boherellus
3135 5454 3430 5522 πιστεύειν,
3480 5463 3534 5511 et

1958 5527 2217 5612 moLpro
2243 5531 2658 5612 μεγαλοφώνως,
2691 5527 3127 5612 μεγαλοφρόνως.
3193 5597 3217 5606 _
3254 5595 3312 5612 Ν

2026 5597 2137 5673 (38)
2169 5597 2505 5656 “(iasc‘llelius
2534 5606 2582 5653 in
2619 5597 2817 5673 [dx-HL;
2838 5599 2971 5673 _Kd_t_1:
3006 5597 3098 5673 καὶ
3128 5597 3230 5673 τού.
3254 5597 3404 5673 Σξίκτἶ

2027 5667 2137 5741 (59)
2175 5674 2405 5726 Ἀλλων
2436 5669 2714 5739 λογικῶν.
2755 5669 2884 5741 Vide
2913 5667 3532 5741 H‘u‘etium__0rigeniano-

1958 5736 2073 5797 rum
2102 5736 2195 5799 lib.
2227 5759 2287 5810 ιι,
2316 5736 2599 5811 quaestus,
2634 5755 2785 5796 num.
2819 5737 2908 5809 9.0,
2941 5736 3005 5791 21
3046 5744 3100 5792 ct
3123 5736 3214 5791 9.2.
