3920 6158
268 386 406 440 1609

1438 379 1714 434 CONTRA
1756 375 2033 433 CELSUM
2072 374 2198 427 LIB.
2240 373 2373 425 Vill.

3384 367 3519 420 1510

255 500 494 572 quorum,
527 501 556 569 ἢ
594 500 683 550 καὶ
713 498 886 552 ἄλλων
918 496 1122 550 κακῶν.
1154 495 1313 558 Εἰκὸς
1346 495 1453 565 γὰρ
1485 497 1701 557 αὐτοὺς,
1750 494 1845 547 ἅτε

1970 491 2243 560 lignam,a
2298 487 2408 540 Deo
2463 485 2703 538 relictum
2741 484 2804 537 iri
2858 483 3216 546 daemonibus,
3272 485 3362 551 qui
3404 494 3520 536 eam

267 593 498 664 φαύλους
522 591 698 652 ὄντας,
723 590 832 654 καὶ,
869 590 943 650 ὡς
977 588 1178 648 Κέλσος
1204 587 1540 656 ὡμολόγησε,
1566 586 1847 654 προσηλω-

270 683 459 752 μένους
483 682 692 751 αἵματι,
717 681 809 732 καὶ
843 679 1056 749 κνίσσῃ,
1081 679 1173 732 καὶ
1209 677 1512 747 μελῳδίαις,
1539 678 1632 728 καὶ
1671 676 1849 738 ἄλλοις

264 769 373 820 τισὶ
403 768 682 830 τοιούτοις,
723 767 855 838 μηδὲ
885 767 1020 838 πρὸς
1065 768 1189 829 τοὺς
1223 764 1392 817 ταῦτα
1418 765 1599 827 αὑτοῖς
1633 764 1852 835 χαριζο-

270 859 464 928 μένους
495 860 674 912 πίστιν
705 861 888 928 τηρεῖν
930 859 1022 910 καὶ
1065 857 1225 910 οἱονεὶ
1253 856 1448 922 δεξιάς.
1491 856 1697 910 Ἀλλων
1744 856 1852 926 γὰρ

267 949 463 1012 αὐτοὺς
523 949 825 1002 καλούντων
886 947 1026 1000 κατὰ
1068 947 1175 1000 τῶν
1231 946 1700 1017 θεραπευσάντων,
1759 949 1853 999 καὶ

271 1039 514 1102 πλείονος
546 1041 794 1109 αἵματος,
834 1042 929 1094 καὶ
956 1040 1199 1109 κνίσσης,
1234 1039 1325 1090 καὶ
1349 1034 1416 1108 ἧς
1439 1037 1649 1090 δέονται
1694 1037 1854 1106 θερα-

273 1131 451 1195 πείας,
484 1133 801 1202 ὠνουμένων
862 1132 1040 1186 αὐτῶν
1071 1131 1168 1200 τὴν
1220 1129 1478 1191 δουλείαν,
1538 1119 1854 1182 ἐπιϐουλεύ-

275 1240 423 1278 σαιεν
445 1223 509 1277 ἂν
534 1225 611 1293 τῷ
640 1225 764 1294 χθὲς
784 1225 978 1285 αὐτοὺς
1009 1221 1424 1292 θεραπεύσαντι,
1460 1223 1551 1274 καὶ
1572 1222 1672 1291 τῆς
1697 1223 1855 1293 φίλης

273 1312 452 1374 αὑτοῖς
481 1312 662 1382 θοίνης
700 1311 1051 1382 μεταδιδόντι.

346 1583 523 1637 Πολλά
583 1583 639 1636 δὲ
695 1581 897 1644 Κέλσος
957 1583 1014 1632 ὲν
1057 1583 1169 1644 τοῖς
1250 1581 1354 1650 πρὸ
1412 1581 1615 1633 τούτων
1669 1577 1853 1636 εἰπὼν,

281 1676 442 1745 μέχρι
490 1674 856 1745 χρηστηρίων,
905 1673 997 1726 καὶ
1022 1673 1114 1725 ἐπὶ
1143 1671 1211 1723 τά
1248 1673 1470 1741 μαντεῖα
1502 1671 1677 1724 αὑτῶν
1727 1673 1858 1724 ἀνα-

280 1765 499 1835 πέμψας
532 1767 677 1835 ἡμᾶς
706 1765 781 1828 ὡς
805 1762 961 1826 θεῶν,
994 1763 1088 1816 νῦν
1112 1766 1354 1833 κρεῖττον
1385 1762 1700 1830 πεποίηκεν,
1727 1763 1860 1830 ὁμο-

1949 597 2072 635 cum
2108 583 2372 650 suggestis
2423 580 2717 647 unicuique
2771 575 3194 644 cogitationibus
3245 584 3355 628 tum
3405 576 3526 629 aliis

1953 670 2108 725 malis
2129 671 2519 738 distorqueant.
2548 667 2682 720 Nam
2711 681 2832 720 cum
2867 665 2977 717 sint
3007 664 3129 716 mali
3151 675 3226 727 et,
3255 673 3310 716 ut
3335 664 3527 720 Celsus

1952 761 2267 827 conlitetur,
2293 759 2562 827 sanguini,
2591 757 2890 818 nidoribus,
2920 754 3275 807 concentibus
3299 754 3527 822 aliisque

1954 851 2194 916 ejusdem
2228 849 2369 901 modi
2415 848 2575 901 rebus
2605 845 2950 908 deditissimi,
2983 843 3248 896 credibile
3298 852 3378 896 est
3434 860 3528 899 eos

1957 954 2021 992 ne
2046 939 2149 992 illis
2176 939 2391 1005 quidem
2426 938 2513 1004 qui
2550 938 2663 990 hinc
2694 935 2826 1003 ipsis
2857 932 3182 1002 largiuntur,
3217 933 3372 986 ﬁdem
3411 948 3530 987 ser-

1957 1038 2172 1082 vaturos
2207 1028 2497 1094 datamque
2525 1041 2621 1080 ceu
2659 1028 2957 1079 dexteram.
2995 1023 3050 1075 Si
3077 1024 3220 1075 enim
3271 1024 3359 1077 alii
3406 1025 3525 1078 illos

1959 1129 2144 1174 contra
2170 1121 2378 1189 priores
2403 1120 2638 1174 cultores
2662 1118 2940 1180 invocant,
2966 1131 3263 1186 eorumque
3284 1117 3524 1170 favorem

1958 1210 2219 1279 ampliore
2282 1209 2584 1276 sanguinis,
2647 1209 2900 1261 nidorum
2958 1209 3298 1276 aliarumque
3346 1223 3526 1260 rerum

1956 1304 2154 1369 quibus
2186 1301 2286 1354 coli
2322 1309 2526 1363 amant,
2561 1300 2714 1368 copia
2745 1300 3037 1364 redimunt,
3073 1300 3301 1354 insidias
3343 1303 3530 1368 tttique

1959 1405 2000 1446 st
2015 1402 2167 1446 ruent
2199 1395 2453 1446 hesterno
2481 1389 2702 1453 cultori,
2725 1391 2813 1459 qui
2851 1399 3031 1460 gratas
3071 1390 3173 1444 illis
3201 1389 3388 1459 epulas
3435 1406 3530 1458 ap-

1960 1483 2155 1549 posuit.

2029 1572 2193 1642 788
2223 1572 2309 1625 6'2.
2339 1571 2629 1640 Postquam
2678 1582 2860 1625 autem
2922 1586 3083 1639 supra
3122 1569 3307 1625 Celsus
3365 1570 3528 1624 multa

1960 1665 2024 1717 de
2081 1664 2319 1717 oraculis
2348 1665 2509 1729 dixit,
2537 1679 2744 1732 nosque
2775 1666 2841 1718 ad
2895 1679 3080 1718 eorum
3150 1663 3529 1730 pratdietiones

1963 1767 2213 1823 tanquam
2266 1770 2293 1806 a
2329 1755 2435 1808 diis
2477 1757 2652 1809 editas
2686 1744 2936 1818 remisit,
2989 1771 3130 1809 nunc
3170 1755 3360 1810 melius
3402 1756 3530 1822 quid

277 1854 534 1924 λογήσας,
563 1857 663 1916 ὃτι,
706 1858 769 1906 Οἱ
791 1855 1145 1922 μέλλουσαν
1191 1854 1387 1921 τύχην
1433 1852 1717 1922 ἀνθρώπῳ
1757 1852 1856 1905 καὶ

1970 1848 2110 1903 Γςιοίι.
2136 1847 2433 1902 Conﬁtctur
2460 1848 2603 1900 enim
2639 1849 2728 1916 qui
2783 1849 3014 1916 {utin-am
3049 1847 3340 1901 hominibus
3389 1849 3529 1899 urbi-

279 1945 449 1998 πόλει
478 1943 892 2012 προλέγοντες,
917 1944 1012 1996 καί
1046 1943 1180 2006 ὅσοι
1201 1943 1335 2010 περὶ
1354 1941 1461 2008 τὰς
1481 1942 1699 2010 θνητὰς
1714 1942 1861 2010 πρά-

281 2037 424 2102 ξεις,
459 2038 736 2104 περίγειοι
765 2034 1042 2105 δαίμονές
1065 2037 1204 2098 εἱσι,
1231 2035 1465 2103 γενέσει
1500 2037 1860 2102 συντετηκό-

280 2144 398 2193 τες,
439 2127 535 2181 καὶ
571 2127 1020 2196 προσηλωμένοι
1074 2126 1299 2195 αἵματι,
1343 2126 1441 2179 καὶ
1479 2127 1725 2193 κνίσσῃ,
1764 2126 1863 2179 καὶ

273 2218 610 2287 μελῳδίαις,
640 2218 734 2272 καὶ
769 2217 980 2282 ἄλλοις
1003 2217 1126 2271 τισί
1159 2219 1444 2283 τοιούτοις
1473 2217 1865 2286 προσδεδεμέ-

279 2327 392 2372 νοι,
416 2310 682 2377 κρεῖττον
712 2311 936 2363 τούτων
957 2309 1136 2363 οὐδὲν
1163 2307 1502 2378 δυνάμενοι.
1536 2307 1644 2361 Καὶ
1697 2306 1860 2371 εἰκὸς,

279 2399 379 2462 ὅτι,
415 2397 576 2468 ἡνίκα
630 2397 893 2466 ἱστάμεθα
951 2397 1087 2466 πρὸς
1145 2399 1348 2450 Κέλσον
1398 2396 1747 2465 θεολογοῦντα
1797 2395 1864 2448 τὰ

281 2491 604 2560 χρηστήρια,
646 2491 739 2542 καὶ
765 2488 861 2553 τὰς
901 2490 1048 2558 παρά
1071 2491 1182 2553 τοῖς
1216 2487 1586 2558 νομιζομένοις
1609 2487 1748 2552 Θεοῖς
1779 2488 1865 2540 θε-

284 2579 512 2647 ραπείας
565 2579 697 2649 (44),
748 2579 960 2642 ἀσεϐεῖς
990 2596 1074 2643 τις
1112 2580 1259 2648 ἡμᾶς
1317 2578 1684 2648 ὑπελάμϐανε,
1741 2582 1866 2642 τοὺς

282 2669 536 2738 λέγοντας
565 2670 834 2740 δαιμόνων
878 2669 1016 2724 εἶναι
1050 2671 1201 2724 ταῦτ’
1250 2671 1405 2742 ἔργα,
1461 2670 1865 2724 κατασπώντων

285 2763 362 2822 εἰς
395 2759 462 2812 τὰ
482 2761 746 2828 γενέσεως
778 2761 1075 2831 πράγματα
1102 2760 1199 2824 τὰς
1214 2759 1319 2813 τῶν
1347 2757 1644 2830 ἀνθρώπων
1671 2759 1862 2829 ψυχάς

283 2849 420 2903 ἀλλὰ
468 2849 562 2903 νῦν
595 2850 624 2902 ὁ
674 2852 854 2903 ἐκεῖνα
882 2851 1014 2921 περὶ
1061 2851 1218 2921 ἡμῶν
1267 2849 1549 2903 ὑπολαϐὼν
1603 2850 1866 2904 πειθέσθω

285 2940 463 3004 καλῶς
497 2940 805 3011 λεγομένοις
851 2940 957 3010 (45)
990 2943 1100 3004 τοῖς
1145 2941 1247 2992 ὑπὸ
1287 2939 1625 3009 Χριστιανῶν
1665 2955 1868 3007 καταγ-

288 3031 650 3101 γελλομένοις,
682 3032 846 3102 ὁρῶν,
879 3033 960 3084 ὅτι
993 3033 1085 3084 καὶ
1117 3033 1146 3083 ὁ
1175 3030 1315 3083 κατά
1366 3031 1701 3100 Χριστιανῶν
1734 3031 1867 3102 γρά-

287 3139 400 3191 φων
433 3122 604 3176 ταῦτα
627 3121 719 3174 νῦν
753 3123 840 3176 ἐπὶ
862 3121 1022 3185 τέλει,
1053 3121 1291 3195 ὡσπερεὶ
1324 3120 1619 3190 νικώμενος
1644 3120 1748 3173 ὑπὸ
1773 3119 1865 3172 τοῦ

287 3216 383 3284 τῆς
422 3214 676 3286 ἀληθείας
725 3215 1055 3283 Πνεὺματος,
1089 3213 1378 3284 ἀνέγραψε.
1434 3213 1552 3267 Κᾶν
1591 3210 1684 3265 οὖν
1736 3213 1869 3284 λέγῃ

288 3303 492 3365 Κέλσος
523 3306 756 3369 τούτοις
787 3304 1184 3372 ἀφοσιωτέον,
1227 3305 1318 3373 ἐφ’
1353 3305 1503 3358 ὅσον
1539 3303 1832 3373 συμφέρει
1852 3316 1865 3329 ·

286 3393 480 3460 πάντη
511 3395 623 3462 γὰρ
669 3395 842 3447 τοῦτο
891 3395 1102 3461 ποιεῖν,
1137 3398 1248 3464 οὐχ
1304 3395 1458 3461 αἱρεῖ
1503 3397 1718 3462 λόγος·
1773 3393 1871 3446 οὑκ

289 3483 621 3552 ἀφοσιωτέον
651 3483 760 3554 (46)
791 3485 1082 3555 δαιμονίοις
1116 3485 1464 3554 συντετηκόσι
1497 3485 1740 3547 κνίσσαις
1775 3484 1870 3538 καὶ

289 3577 511 3647 εἵμασιν
535 3593 549 3608 ο
582 3576 703 3629 οὔτε
727 3578 785 3630 τὸ
806 3578 976 3644 Θεῖον,
995 3579 1115 3632 ὅσον
1145 3578 1228 3647 ἐφ’
1253 3580 1402 3648 ἡμῖν,
1429 3576 1731 3646 μολυντέον,
1751 3592 1870 3628 κατ-

289 3668 508 3736 άγουσιν
557 3667 687 3720 αὑτὸ
725 3669 816 3721 ἐπὶ
867 3669 1170 3740 μοχθηροὺς
1213 3669 1487 3739 δαίμονας.
1542 3669 1604 3720 Ei
1639 3669 1685 3722 δ’
1715 3670 1870 3738 ἠκρι-

289 3757 454 3808 ϐώκει
476 3757 680 3820 Κέλσος
702 3757 797 3828 τὴν
827 3759 920 3812 τοῦ
967 3759 1331 3830 συμφέροντος
1360 3759 1593 3823 ἔννοιαν,
1635 3759 1729 3812 καὶ
1771 3758 1869 3810 ἑω-

293 3849 448 3919 ράκει
478 3851 558 3902 ὅτι
589 3849 648 3902 τὸ
675 3851 877 3920 κυρίως
905 3851 1181 3921 συμφέρον
1209 3851 1375 3921 ἀρετή
1414 3853 1558 3914 ἐστι,
1578 3849 1722 3918 καὶὴ
1749 3849 1866 3900 κατ’

292 3940 486 4010 ἀρετὴν
520 3941 711 4012 πρᾶξις
730 3959 743 3972 ο
772 3943 870 3995 οὑκ
903 3941 967 3995 ἂν
996 3942 1077 4005 τὸ,
1113 3943 1202 4010 ἐφ’
1238 3942 1388 3995 ὅσον
1414 3940 1721 4010 συμφέρει,
1749 3941 1870 3993 ἔτα-

294 4030 377 4092 ξεν
409 4030 500 4082 ἐπὶ
535 4030 636 4082 τῶν
666 4032 902 4094 τοιῶνδε,
947 4033 1059 4093 καὶ,
1094 4032 1168 4093 ὡς
1203 4032 1362 4092 αὑτὸς
1387 4031 1729 4101 ὡμολόγησε,
1750 4031 1865 4084 δαι-

295 4123 489 4191 μόνων.
533 4123 721 4193 Ἡμεῖς
772 4119 864 4175 οῦν
907 4123 1225 4194 αἱρούμεθα,
1276 4127 1322 4175 εί
1372 4125 1552 4194 μέλλοι
1585 4126 1672 4177 διὰ
1710 4125 1869 4195 θερα-

294 4212 450 4273 πείας
481 4213 733 4264 τοιούτων
760 4211 1025 4280 δαιμόνων
1060 4215 1092 4280 ἡ
1133 4211 1308 4278 ὑγίεια
1358 4210 1488 4281 ἡμῖν
1534 4211 1867 4282 παραγίγνε-

295 4302 436 4365 σθαι,
467 4303 559 4355 καὶ
584 4303 616 4371 ἠ
644 4304 701 4353 ὲν
727 4303 998 4371 βιωτικοῖς
1027 4301 1268 4370 εὐτυχία,
1297 4304 1468 4355 νοσεῖν
1500 4302 1697 4371 μᾶλλον
1717 4341 1730 4364 ,
1777 4303 1869 4356 καὶ

296 4396 350 4447 ἐν
384 4392 655 4463 βιωτικοῖς
687 4393 966 4461 δυστυχεῖν
1003 4393 1139 4462 μετὰ
1175 4392 1467 4454 συνειδότος
1490 4393 1582 4446 τοῦ
1618 4393 1752 4464 πρὸς
1779 4393 1868 4446 τὸν

1963 1945 2154 2007 basque
2213 1949 2403 1992 sortem
2454 1942 2808 2007 prmnuntiant
2838 1949 2883 1992 et
2940 1939 3234 2008 quicunque
3282 1941 3334 1990 in
3383 1939 3532 1990 rebus

1961 2029 2266 2084 mortalibus
2290 2042 2632 2096 occupantur,
2659 2045 2741 2082 eos
2782 2046 2889 2082 esse
2928 2039 3196 2082 terrestres
3246 2029 3529 2090 da'moucs.

1961 2119 2354 2186 quicarualium
2384 2120 2707 2185 voluptatum
2736 2119 2982 2186 cupitline
3006 2119 3265 2186 ﬂagrant,
3318 2123 3534 2186 sangui—

1965 2211 2066 2272 nis,
2097 2210 2360 2274 nidorum,
2385 2222 2823 2276 concentuumque
2846 2219 2970 2260 sunt
2995 2209 3287 2275 percupidi,
3314 2209 3534 2277 aliisque

1963 2301 2264 2370 liujusmodi
2321 2303 2474 2354 rebus
2526 2302 2860 2364 tleditissimi,
2921 2316 3011 2351 nec
3067 2298 3218 2351 aliud
3247 2299 3535 2368 quidquam

1967 2396 2150 2447 melius
2170 2405 2406 2462 possunt.
2437 2395 2499 2446 Et
2522 2394 2702 2446 forsan
2724 2407 2844 2446 cum
2871 2391 3011 2444 Celsi
3045 2392 3110 2444 de
3143 2391 3380 2444 oraculis
3415 2393 3531 2443 cul-

1967 2495 2130 2554 tuque
2159 2486 2264 2538 illis
2300 2488 2388 2552 qui
2421 2485 2494 2538 dii
2528 2485 2797 2538 habentur
2835 2483 3036 2536 tributo
3075 2480 3396 2550 theologiam
3429 2482 3531 2532 im—

1967 2586 2270 2646 pugnantcs
2309 2575 2612 2629 diceremus
2673 2575 2790 2628 haec
2827 2587 2988 2640 opera
3052 2587 3170 2626 esse
3226 2574 3530 2627 dmmonum

1969 2670 2229 2723 humanas
2251 2667 2459 2721 animas
2490 2669 2554 2720 ad
2591 2666 2838 2721 carnales
2868 2665 3172 2733 voluptates
3215 2667 3534 2733 pertrahen-

1970 2766 2121 2825 tium,
2146 2777 2245 2816 nos
2264 2764 2460 2830 aliquis
2491 2763 2684 2831 impios
2716 2763 3102 2820 existimabat:
3132 2761 3223 2816 sed
3252 2777 3415 2828 nunc,
3439 2763 3528 2832 qui

1968 2853 2109 2906 banc
2133 2853 2200 2906 de
2231 2853 2388 2906 nobis
2430 2850 2740 2920 opinionem
2773 2847 3044 2918 concepit,
3084 2849 3147 2903 iis
3180 2865 3300 2917 qua:
3339 2849 3534 2919 praedi-

1968 2951 2162 2997 cantur
2210 2957 2238 2996 a
2276 2943 2620 3007 Christianis,
2661 2951 2718 2995 ut
2768 2944 3025 3010 praeclare
3084 2943 3247 2996 dictis
3281 2939 3534 3010 adiungat

1970 3033 2165 3099 ﬁdem;
2197 3049 2320 3087 cum
2353 3034 2534 3088 videat
2554 3049 2675 3089 eum
2704 3035 2792 3104 qui
2822 3043 3007 3088 contra
3034 3034 3371 3088 Christianos
3402 3035 3533 3086 scri-

1973 3125 2069 3190 bit,
2091 3126 2204 3179 htec
2228 3125 2279 3178 in
2303 3125 2407 3178 line
2424 3125 2586 3178 veluti
2613 3124 2821 3194 Spiritu
2843 3125 3091 3180 veritatis
3119 3125 3318 3178 victum
3344 3125 3536 3178 litteris

1973 3218 2284 3270 mandasse.
2328 3218 2586 3283 Quamvis
2626 3217 2789 3284 igitur
2823 3218 2965 3271 dicat
3001 3215 3186 3272 Celsus
3227 3232 3377 3269 sacra
3428 3217 3536 3268 illis

1971 3309 2214 3377 facienda
2246 3324 2354 3362 esse
2389 3309 2441 3362 in
2467 3317 2717 3378 quantum
2740 3308 2794 3360 id
2817 3307 3059 3375 prodest;
3081 3309 3265 3376 quippe
3296 3322 3394 3358 non
3426 3308 3536 3375 pati

1970 3402 2222 3453 rationem
2244 3401 2295 3453 id
2311 3400 2535 3470 qualibet
2558 3401 2621 3454 de
2639 3415 2799 3452 causa
2819 3399 2960 3462 ﬁeri;
2983 3414 3085 3452 non
3107 3413 3259 3452 sacra
3291 3397 3532 3452 facienda

1972 3502 2095 3548 sunt
2116 3494 2398 3548 daemoniis
2419 3506 2537 3561 quae
2567 3492 2828 3559 sanguine
2855 3491 3235 3558 nidoribusque
3262 3489 3533 3543 delectan-

1973 3590 2095 3646 tur;
2137 3595 2310 3646 ncqne
2343 3581 2612 3641 divinitas,
2646 3589 2906 3646 quantum
2938 3578 2989 3630 in
3023 3578 3176 3632 nobis
3205 3585 3306 3641 est,
3350 3588 3537 3631 conta-

1971 3672 2242 3734 minanda,
2275 3671 2420 3723 illam
2456 3685 2626 3738 usque
2655 3671 2720 3722 ad
2781 3670 3020 3738 impuros
3054 3671 3324 3723 daemones
3352 3669 3528 3736 depri-

1971 3767 2184 3820 mendo.
2202 3763 2390 3833 Neque
2405 3779 2554 3827 vero,
2588 3763 2630 3817 si
2653 3761 2844 3817 Celsus
2881 3760 3252 3829 pcrpendisset
3284 3771 3538 3814 accurate

1969 3872 2090 3927 qua:
2121 3856 2191 3910 sit
2215 3856 2361 3909 utilis
2402 3855 2570 3918 notio,
2599 3854 2932 3921 vidissetque
2965 3852 3092 3905 utile
3147 3852 3366 3920 proprie
3417 3865 3535 3905 esse

1967 3948 2225 4000 virtutem
2255 3955 2314 3999 et
2347 3943 2541 4014 agendi
2573 3943 2834 3996 rationem
2876 3942 3058 3996 virtuti
3091 3949 3531 4002 consentaneum,

1971 4039 2083 4093 hare
2118 4037 2302 4100 verba,
2330 4037 2384 4090 in
2408 4046 2660 4105 quantum
2709 4033 2763 4084 id
2806 4033 3031 4101 prodest,
3066 4033 3130 4085 ad
3162 4032 3448 4100 ejusmodi,
3479 4041 3535 4084 ut

1971 4130 2323 4198 fateturipse,
2349 4129 2622 4182 dmmoues
2644 4127 2940 4181 retulisset.
2969 4126 3076 4180 Nos
3108 4125 3288 4190 igitur,
3323 4127 3363 4178 si
3387 4126 3532 4178 cultu

1970 4222 2185 4276 illorum
2210 4224 2510 4275 daemonum
2541 4221 2744 4274 sanitas
2773 4217 3131 4286 comparanda
3168 4218 3306 4269 [uret
3330 4226 3382 4270 et
3413 4218 3534 4270 vitae

1971 4315 2220 4376 felicitas,
2246 4313 2491 4366 morbum
2524 4321 2576 4366 et
2608 4310 2875 4364 infelicem
2924 4323 3048 4362 cum
3100 4307 3353 4375 adjuncta
3388 4323 3534 4375 purae

1971 4405 2022 4458 in
2072 4419 2336 4458 summum
2368 4402 2537 4456 Deum
2579 4399 2794 4472 pietatis
2827 4399 3159 4453 conscientia
3192 4400 3358 4453 vitam
3389 4415 3530 4468 prze-

294 4486 425 4539 (Jsbv
467 4484 572 4537 τῶν
607 4485 752 4550 ,ὅλων
805 4484 1058 4553 καθαρῶς
1090 4483 1364 4549 εὐσεϐοῦς,
1413 4484 1556 4555 ἥπερ
1587 4484 1723 4554 μετὰ
1772 4483 1863 4538 τοῦ

1970 4504 2298 4565 optaremus,
2328 4510 2490 4563 quam
2521 4502 2793 4563 separatos
2828 4503 2883 4547 et
2909 4493 3146 4560 deiectos
3199 4507 3225 4543 a
3273 4491 3382 4544 Deo
3433 4506 3529 4544 ex-

292 4576 571 4649 σχίζεσοαι
617 4578 709 4630 καὶ
771 4578 1096 4630 ἀποπίπτειν
1133 4575 1226 4627 τοῦ
1278 4575 1411 4628 Θεοῦ
1445 4591 1537 4627 και
1567 4576 1665 4646 τὴν
1696 4575 1869 4646 ψυχὴν

293 4665 534 4735 ἐσχάτως
556 4669 728 4719 νοσεῖν
755 4667 848 4719 καὶ
875 4666 1316 4734 κακοδαιμονεῖν,
1349 4664 1609 4730 ὑγιαίνειν
1651 4662 1728 4732 τῷ
1763 4663 1869 4716 σώ-

297 4772 446 4825 ματι,
500 4756 592 4808 καὶ
637 4758 692 4808 ὲν
739 4755 1007 4826 βιωτικοῖς
1055 4754 1418 4807 ἀπαλλάσσειν
1465 4754 1866 4825 εὐτυχέστερον.

297 4849 404 4900 Καὶ
427 4847 501 4914 τῷ
534 4849 818 4918 ἀπροσδεεῖ
861 4863 923 4914 γε
966 4845 1166 4908 παντὸς
1214 4844 1546 4907 οὑτινοσοῦν,
1589 4844 1725 4915 πλὴν
1771 4846 1870 4915 τῆς

297 4934 590 5006 ἀνθρώπων
638 4938 908 5007 σωτηρίας
947 4939 1039 4990 καὶ
1077 4938 1273 4998 παντὸς
1298 4935 1510 5003 λογικοῦ
1539 4935 1672 5007 (47),
1706 4954 1871 5008 προσ-

300 5027 645 5097 ελευστέον,ἢ
681 5031 788 5090 τοῖς
823 5029 1078 5100 χρῄζουσι
1111 5031 1334 5098 κνίσσης
1365 5029 1454 5082 καὶ
1478 5029 1726 5098 αἵματος.

367 5117 570 5180 Κέλσος
604 5119 701 5186 μὲν
724 5115 815 5172 οὖν
837 5120 944 5189 (48)
975 5121 1110 5190 μετά
1142 5121 1444 5183 τοσούτους,
1467 5120 1560 5182 οὓς
1590 5116 1708 5172 εἷπε
1743 5120 1868 5189 περὶ

299 5209 560 5281 Ξαιμόνων
589 5209 855 5280 δεομένων
890 5213 1113 5281 κνίσσης
1143 5215 1234 5264 καὶ
1262 5212 1510 5281 αἵματος,
1538 5211 1870 5278 λόγους,ὡσ-

369 5409 482 5484 (lii)
511 5408 847 5484 [luasclielius
875 5411 927 5463 iu
971 5422 1119 5466 textu
1141 5453 1156 5477 ,
1193 5414 1324 5484 παρ’
1361 5414 1546 5473 αὑτοῖς
1581 5413 1868 5482 νομιζομέ-

293 5497 391 5543 νας
405 5550 416 5556 _
430 5481 569 5556 θεοῖς
600 5481 916 5556 θεραπείας.

368 5550 482 5622 (ὓ)
508 5550 721 5622 Καλῶς
744 5550 1110 5620 λεγομένοις.
1146 5551 1424 5605 Bobcrello
1478 5552 1716 5622 placeret
1743 5590 1758 5616 ,
1794 5551 1868 5613 ὡς

295 5618 480 5682 καλῶς
508 5619 836 5689 λεγομένοιςἴ

369 5689 480 5793 (4⁸6)
528 5687 929 5757 Ἁφοσιωτέον.
965 5689 1305 5745 llcescbelius
1333 5691 1382 5744 in
1417 5699 1586 5760 textu,
1628 5691 1866 5746 ἀποσιω-

296 5775 516 5828 πητεον.

619 5851 891 5910 ΡΑΤιιοιι.
944 5849 1033 5909 Gn
1049 5896 1062 5908 .
1114 5852 1220 5910 XI.

1975 4595 2250 4654 tremoque
2279 4585 2471 4639 animm
2508 4586 2694 4638 morbo
2743 4584 2937 4638 misere
2986 4584 3289 4636 laborantes
3343 4599 3531 4637 sanum

1974 4679 2174 4732 habere
2197 4693 2394 4747 corpus
2423 4687 2470 4731 et
2521 4678 2774 4731 omnibus
2809 4678 2930 4730 vita:
2959 4675 3258 4729 commodis
3299 4674 3531 4729 circum-

1971 4770 2160 4824 ﬂuere.
2198 4771 2404 4838 Quippe
2434 4771 2508 4823 illi
2533 4771 2622 4839 Qui
2659 4769 2800 4823 nulla
2834 4785 2892 4823 re
2925 4770 3143 4838 indiget,
3173 4775 3531 4837 przeterquam

1975 4862 2252 4916 hominum
2279 4862 2561 4928 omnisque
2601 4869 2803 4913 naturae
2833 4858 3041 4912 ratione
3067 4857 3300 4928 praeditas
3335 4857 3530 4912 salute.

1973 4953 2357 5008 adhmrendum
2387 4954 2565 5021 potius
2584 4961 2684 5016 est,
2708 4965 2869 5019 quam
2887 4950 2951 5003 iis
2970 4951 3060 5018 qui
3079 4950 3339 5021 sanguine
3361 4948 3532 5003 sacri-

1972 5039 2328 5108 ﬁciorumque
2357 5041 2548 5094 nidore
2586 5055 2719 5110 opus
2750 5040 2968 5093 habent.

2041 5131 2127 5184 65.
2177 5130 2465 5200 Postquam
2502 5134 2614 5185 haec
2653 5131 2840 5186 Celsus
2877 5134 2940 5184 de
2979 5129 3311 5183 dremonibus
3343 5129 3532 5181 nidore

1972 5229 2025 5272 et
2069 5221 2333 5288 sanguine
2361 5221 2726 5290 indigentibus
2754 5222 2912 5282 dixit,
2938 5221 3088 5286 quasi
3135 5217 3528 5285 improbitatem

2042 5416 2152 5484 (47)
2176 5414 2405 5478 Παντὸς
2434 5415 2702 5483 λογικοῦ.
2736 5415 2865 5465 Vide
2893 5411 3156 5484 ΙιιιεῖιιίιιιιιΔ
3179 5409 3531 5484 Qrigcuiquo-

1969 5479 2083 5538 rum
2121 5479 2259 5536 libro
2287 5500 2348 5546 ιι,
2373 5479 2668 5549 quastione
2704 5485 2757 5542 5,
2793 5498 2937 5533 num.
2986 5480 3078 5549 ‘20,
3130 5479 3222 5542 21,
3271 5481 3361 5530 22.
3408 5479 3529 5532 Mox

1921 5588 1924 5591 λ
1970 5554 2306 5608 Hmschelius
2333 5548 2562 5606 intextu
2595 5555 2755 5606 habet
2782 5548 3263 5621 npocaidlméov,_ct
3296 5550 3364 5621 ad
3389 5563 3531 5621 mar-

1968 5626 2144 5690 ginem
2177 5623 2616 5691 προσελευστέον,
2665 5622 2744 5674 vel
2792 5616 3104 5691 προσελθεῖν
3150 5618 3285 5671 δέον.
3331 5616 3527 5672 Ibidem

1967 5689 1998 5763 ἧ
2026 5695 2137 5754 τοῖς
2155 5689 2437 5763 χρῄζουσι,
2460 5691 2682 5763 subaudi
2717 5689 2934 5760 μᾶλλον.

2042 5757 2312 5832 (ﬁl—Post
2359 5757 2451 5811 οὖν
2502 5760 2621 5812 libri
2673 5757 2828 5812 antea
2890 5757 3017 5811 editi
3082 5759 3283 5814 habent
3338 5758 3528 5821 οἴεται,

3145 5850 3212 5909 51
