3920 6158
267 361 403 416 1815

1385 362 1663 417 CONTRA
1703 359 1979 417 CELSUM
2018 357 2146 412 LIB.
2188 357 2324 412 Vlil.

3367 359 3505 416 1614

265 478 603 549 θεραπεύειν,
653 479 747 531 καὶ
795 477 1262 548 ἑξευμενίζονται,
1317 482 1408 533 καὶ
1463 481 1820 550 συνεύχονται,

1936 475 2096 530 simul
2130 489 2251 529 cum
2287 473 2366 527 eis
2397 471 2671 542 postulant
2709 488 2721 523 :
2762 474 2837 527 ita
2875 482 2931 527 ut
2965 474 3146 529 dicere
3185 476 3499 540 audeamus,

263 569 357 620 καὶ
389 564 722 630 συναξιοῦσιν
742 583 754 596 ·
795 567 934 620 ὥστε
977 566 1177 637 τολμᾷν
1220 570 1366 638 ἡμᾶς
1398 569 1598 636 λέγειν,
1630 570 1710 621 ὅτι
1739 570 1831 621 ἀν-

265 657 520 728 θρώποις,
551 657 686 727 μετὰ
718 658 1086 729 προαιρέσεως
1127 659 1532 730 προτιθεμένοις
1563 660 1632 713 τὰ
1657 659 1833 730 κρείτ-

270 763 415 806 τονα,
441 745 751 815 εὐχομένοις
784 745 858 816 τῷ
892 745 1028 815 Θεῷ,
1066 747 1257 818 μυρίαι
1298 749 1418 800 ὅσαι
1457 747 1677 816 ἄκλητοι
1710 762 1834 798 συν-

275 835 516 905 εύχονται
565 835 822 905 δυνάμεις
877 837 1048 906 ἱεραί·
1103 837 1548 907 συμπαρέχουσαι
1596 837 1707 907 (5⁵7)
1756 836 1833 905 τῷ

271 929 518 997 ἐπικήρῳ
561 926 710 995 ἡμῶν
743 929 909 995 γένει,
954 929 1070 992 καὶ,
1101 929 1165 982 ἵν’
1195 928 1364 992 οὕτως
1394 931 1550 992 εἴπω,
1589 946 1832 997 συναγω-

267 1019 478 1079 νιῶσαι,
508 1017 572 1068 δι’
599 1018 692 1080 οὒς
723 1018 923 1089 ὁρῶσιν
949 1019 1527 1089 ἀντιστρατευομένους
1559 1019 1651 1071 καὶ
1678 1019 1834 1071 ἀντα-

266 1107 657 1180 γωνιζομένους
682 1109 940 1180 δαίμονας
963 1112 1028 1180 τῇ
1057 1109 1298 1181 σωτηρία
1329 1109 1561 1178 μάλιστα
1588 1110 1696 1162 τῶν
1717 1112 1835 1163 έαυ-

265 1201 390 1262 τοὺς
414 1199 771 1255 ἀνατιθέντων
803 1200 940 1270 Θεῷ,
961 1201 1053 1252 καὶ
1082 1199 1155 1269 μὴ
1187 1198 1576 1270 φροντιζόντων
1605 1201 1700 1270 τῆς
1726 1200 1833 1254 τῶν

264 1291 530 1362 δαιμόνων
558 1292 776 1363 ἔχθρας,
809 1293 902 1345 ἐὰν
940 1293 1137 1344 ἐκεῖνοι
1166 1290 1546 1361 ἐξαγριαίνωσι
1581 1293 1716 1363 πρὸς
1745 1290 1833 1346 τὸν

265 1381 570 1452 ἄνθρωπον,
607 1383 875 1451 φεύγοντα
905 1381 1002 1451 μὲν
1033 1379 1208 1432 αὐτῶν
1239 1378 1334 1443 τὰς
1372 1377 1460 1431 διὰ
1490 1378 1714 1450 κνίσσης
1743 1382 1833 1432 καὶ

265 1472 494 1541 αἵματος
525 1472 837 1542 θεραπείας,
870 1471 1032 1523 παντὶ
1073 1470 1129 1523 δὲ
1157 1469 1343 1540 τρόπῳ
1368 1468 1539 1537 λόγων
1570 1469 1664 1522 καὶ
1696 1471 1834 1540 πρά-

267 1562 397 1627 ξεων
451 1563 744 1615 σπεύδοντα
792 1561 1114 1614 οἰκειοῦσθαι
1168 1561 1261 1613 καὶ
1311 1559 1558 1612 ένοῦσθαι
1598 1558 1706 1630 (58)
1757 1560 1834 1630 τῷ

264 1655 356 1706 ἐπὶ
384 1655 517 1706 πᾶσι
565 1653 702 1723 Θεῷ,
731 1652 818 1705 διὰ
867 1652 958 1705 τοῦ
1005 1651 1404 1714 καταλύσαντος
1457 1652 1684 1722 μυρίους
1721 1651 1834 1705 δαί-

268 1762 432 1816 μονας
471 1745 662 1815 Ἰησοῦ,
713 1745 872 1813 ἡνίκα
907 1742 1122 1816 περιῄει
1177 1743 1419 1812 ἰώμενος
1453 1744 1544 1796 καὶ
1586 1743 1834 1813 ἐπιστρέ-

264 1851 378 1904 φων
427 1835 570 1902 τοὺς
623 1833 1325 1904 καταδυναστευομένους
1377 1834 1495 1890 ὑπὸ
1553 1833 1658 1888 τοῦ
1706 1833 1829 1889 δια-ο

264 1929 468 1982 ϐόλου.

379 2017 539 2085 Ἡμῖν
599 2017 779 2086 μέντοι
830 2033 893 2085 γε
945 2016 1380 2090 καταφρονητέον
1436 2017 1830 2090 ὲξευμενισμοῦ

262 2105 564 2177 ἀνθρώπων
610 2108 704 2159 καὶ
748 2106 1028 2176 βασιλέων,
1085 2110 1146 2160 οὐ
1197 2109 1352 2178 μόνον
1403 2109 1498 2163 saw
1543 2109 1631 2163 διὰ
1681 2127 1831 2180 μιαι-

264 2195 483 2264 φονιῶν,
524 2197 618 2250 καὶ
643 2198 954 2266 ἀσελγειῶν,
993 2199 1086 2251 καὶ
1136 2198 1431 2269 ὡμοτάτων
1472 2200 1720 2271 πράξεων
1746 2201 1832 2268 ὲξ-

262 2285 672 2356 ευμενιζώμεθα
699 2289 914 2352 αὐτοὺς,
945 2290 1078 2343 ἀλλὰ
1116 2293 1207 2343 καὶ
1235 2292 1330 2344 ἐὰν
1353 2291 1439 2344 διὰ
1483 2293 1580 2363 τῆς
1627 2295 1707 2356 είς
1739 2293 1829 2348 τὸν

259 2377 392 2431 Θεὸν
410 2379 516 2434 τῶν
540 2380 675 2432 ὅλων
697 2381 970 2445 ἀσεϐείας,
1002 2383 1034 2452 ἦ
1073 2400 1216 2446 τινος
1247 2385 1381 2454 μετά
1411 2385 1831 2456 δουλοπρεπείας

261 2468 354 2519 καὶ
406 2471 789 2538 ταπεινότητος
836 2470 1039 2539 φωνῆς,
1093 2472 1376 2543 ἀλλοτρίας
1427 2475 1689 2546 ἀνδρείων
1736 2479 1830 2530 καὶ

265 2559 648 2627 μεγαλοψύχων
683 2561 908 2631 ἀνδρῶν,
942 2563 1036 2614 καὶ
1085 2564 1183 2632 τὴν
1224 2565 1518 2636 καρτερίαν
1565 2567 1640 2629 ὡς
1683 2569 1831 2637 μεγί-

263 2665 394 2718 στην
448 2651 646 2720 ἀρετὴν
695 2652 1075 2707 συναναλαϐεῖν
1123 2659 1240 2717 ταῖς
1288 2655 1472 2718 ἄλλαις
1515 2656 1825 2712 ἐθελόντων.

263 2741 432 2794 Ἔνθα
485 2741 663 2810 μέντοι
712 2742 860 2794 οὐδὲν
905 2745 1143 2798 ἐναντίον
1194 2748 1501 2817 πράττομεν
1552 2749 1699 2818 νόμῳ
1737 2751 1830 2804 καὶ

259 2829 402 2899 λόγῳ
433 2830 584 2892 Θεοῦ,
621 2831 681 2883 ού
736 2834 1075 2904 μεμήναμεν,
1112 2837 1216 2889 οὐδ’
1249 2839 1504 2909 ὁρμῶμεν
1538 2839 1657 2892 καθ’
1700 2842 1828 2892 έαυ-

260 2920 367 2973 τῶν
395 2923 626 2992 ἐγείρειν
656 2923 972 2996 βασιλέωςῆ
1022 2927 1279 2980 δυνάστου
1313 2929 1500 2999 θυμὸν,
1530 2931 1620 2983 ἐπὶ
1648 2931 1830 2994 αἰκίας

263 3013 357 3065 καὶ
406 3012 812 3087 βασανιστήρια,
853 3016 884 3086 ἢ
937 3019 1030 3070 καὶ
1082 3019 1340 3082 θανάτους
1383 3022 1528 3091 ἡμᾶς
1574 3023 1824 3092 φέροντα.

275 3102 610 3174 Ἀνέγνωμεν
663 3105 772 3175 γὰρ
825 3106 917 3158 καὶ
963 3104 1055 3157 τό·
1092 3106 1269 3161 Πᾶσα
1310 3108 1480 3176 ψυχὴ
1524 3109 1828 3175 ἐξουσίαις

258 3194 690 3261 ὑπερεχούσαις
724 3195 1157 3260 ὑποτασσέσθω
1175 3215 1187 3226 ·
1224 3200 1296 3251 οὐ
1323 3198 1434 3266 γάρ
1462 3200 1631 3253 ἐστιν
1659 3200 1827 3266 ἐξου-

257 3282 383 3343 σία,
409 3284 459 3334 εὶ
488 3283 574 3350 μὴ
602 3284 718 3336 ἀπὸ
753 3287 929 3340 Θεοῦο
968 3292 1026 3341 αἱ
1069 3287 1136 3340 δέ
1167 3285 1343 3342 οὖσαι
1384 3290 1672 3356 ἐξουσίαι,
1707 3291 1826 3345 ὑπὸ

255 3369 360 3421 τοῦ
389 3369 535 3421 Θεοῦ
568 3370 910 3438 τεταγμέναι
945 3375 1131 3426 εἰσίν·
1181 3373 1335 3428 ὥστε
1371 3379 1425 3429 οἱ
1463 3379 1825 3447 ἀνθεστηκό-

256 3473 354 3522 τες
382 3458 490 3528 (59)
518 3458 588 3526 τῇ
618 3459 886 3528 ἐξουσίᾳ,
936 3461 1009 3530 τῇ
1048 3464 1151 3517 τοῦ
1200 3465 1346 3518 Θεοῦ
1387 3465 1634 3536 διαταγῇ
1659 3471 1824 3522 ἀνθί-

255 3563 524 3605 στανται.
564 3553 651 3605 Ἑν
687 3552 932 3623 μέντοιγε
972 3558 1084 3618 τοῖς
1107 3554 1186 3619 είς
1227 3556 1321 3627 τὴν
1349 3557 1483 3627 πρὸς
1527 3558 1827 3628 Ῥωμαίους

255 3636 594 3708 ἐξηγητικοῖς
629 3640 762 3711 (60),
794 3643 870 3706 ὡς
917 3643 1138 3697 δυνατὸν
1186 3641 1254 3714 ἦν
1311 3647 1462 3715 ἡμῖν,
1496 3647 1588 3698 ἐπὶ
1642 3648 1825 3701 πλεῖον

187 3782 192 3787 ,
253 3728 348 3779 καὶ
394 3729 564 3782 ταῦτα
615 3731 683 3784 τά
739 3735 954 3804 ῥήματα
1001 3735 1256 3798 ποικίλως
1309 3735 1685 3807 ὲξητὰσαμεψ
1729 3737 1824 3794 νῦν

251 3817 297 3870 δ’
329 3819 467 3872 αὺτά
503 3823 583 3884 είς
617 3823 678 3876 τὸ
723 3826 1077 3895 προκείμενον
1125 3827 1510 3900 ἁπλούστερον,
1538 3827 1680 3881 κατὰ
1729 3828 1823 3899 τὴν

253 3909 559 3980 κοινοτέραν
603 3911 846 3983 ἐκδοχὴν,
875 3915 1313 3986 παρειλήφαμεν·
1344 3917 1566 3988 ἐπείπερ
1602 3918 1762 3987 φησὶν
1795 3920 1824 3971 ὁ

252 3999 485 4062 Κέλσος·
516 3994 643 4054 Οὺλι
661 4002 804 4056 ἄνευ
843 4005 1152 4072 δαιμονίας
1184 4009 1394 4075 ἰσχύος
1431 4007 1549 4060 τῶν
1573 4008 1714 4076 τῇδε
1744 4006 1823 4063 εἷ-

248 4105 349 4143 ναι
377 4090 758 4159 ἠξιωμένους.
789 4095 897 4146 Καὶ
928 4096 1047 4148 ἐπεὶ
1088 4097 1252 4159 πολὺς
1282 4093 1348 4166 ἦν
1389 4099 1416 4149 ὁ
1455 4096 1610 4164 λόγος
1641 4099 1668 4150 ὁ
1693 4101 1821 4170 περὶ

248 4182 348 4253 τῆς
378 4182 484 4235 τῶν
523 4182 908 4252 βασιλευόντων
951 4189 1044 4240 καὶ
1098 4187 1368 4240 δυναστῶν
1407 4188 1816 4254 καταστάσεως-⁸

250 4271 450 4346 πολλῆς
484 4271 759 4344 ζητήσεως
801 4274 964 4344 ούσης
1007 4278 1146 4330 κατὰ
1197 4278 1284 4330 τὸν
1332 4277 1517 4342 τόπον,
1561 4279 1650 4331 διὰ
1695 4280 1821 4342 τοὺς

249 4363 526 4433 ὠμότερον
569 4365 660 4416 καὶ
706 4367 1168 4439 τυραννικώτερον
1207 4367 1552 4440 ἄρξαντας,ἢ
1590 4369 1714 4434 τοὺς
1757 4373 1820 4424 ὲκ

246 4453 340 4547 τού
377 4455 564 4526 ἄρχειν
594 4457 686 4508 ἐπὶ
720 4456 912 4526 θρύψιν
945 4458 1037 4510 καὶ
1077 4458 1286 4529 τρυφὴν
1313 4458 1710 4522 ὲξοκείλανταςο
1734 4459 1820 4512 διὰ
1852 4492 1896 4547 D

244 4542 400 4596 τοῦτο
421 4546 510 4597 ἐπὶ
535 4545 626 4597 τοῦ
663 4546 928 4619 παρόντος
963 4546 1024 4598 τὸ
1053 4547 1343 4617 πρόϐλημα
1378 4547 1625 4611 ἐξετάσαι
1653 4549 1819 4620 ὑπερ-

244 4632 495 4704 εθέμεθα.
519 4636 700 4707 Τύχην
730 4636 837 4707 (61)
865 4636 1044 4707 μέντοι
1068 4635 1329 4706 βασιλέως
1350 4637 1448 4690 οὐκ
1467 4637 1726 4708 ὅμνυμεν,
1744 4639 1820 4703 ὡς

315 4746 360 4776 ³³
398 4749 530 4802 Act.
561 4765 612 4814 κ,
671 4749 759 4804 58.

316 4861 427 4933 (57)
449 4867 968 4934 Συμπαρέχουσαι.
999 4868 1123 4923 Haec
1157 4886 1258 4925 vox
1291 4870 1482 4925 Guielo
1511 4873 1597 4926 hic
1632 4872 1806 4928 locum

244 4931 444 5013 habere
461 4931 575 5013 non
603 4931 840 5013 yi'de't'ur.
873 4937 1058 5013 Itaque
1093 4939 1224 5013 legit
1254 4942 1728 5013 συμπαρηχοῢσαι.

452 5003 893 5079 Ιξαὶένοῦοςθαιτ
927 4999 1049 5063 Hinc
1082 4999 1179 5064 suo
1206 4999 1720 5065 loco'resiit'iiuntur
1773 5028 1803 5065 e

243 5071 429 5150 codd.‘
459 5071 627 5150 Regio
666 5084 718 5126 et
755 5075 1070 5132 Basileensi.
1121 5079 1270 5134 Alias
1313 5079 1391 5150 τῷ
1424 5083 1516 5135 ἐπὶ
1551 5083 1682 5134 πᾶσι
1713 5083 1806 5135 καὶ

243 5139 493 5193 ὲνοῦσθαι
514 5140 648 5210 Θεῷ.

314 5210 425 5280 (59)
477 5213 541 5262 Οἱ
584 5212 1036 5279 ἀνθεστηκότες,
1095 5226 1199 5270 etc.
1239 5216 1330 5271 Sic
1367 5216 1566 5272 habent
1610 5235 1799 5273 omnes

240 5280 402 5357 codd.
457 5297 585 5334 mss.
615 5291 671 5357 et
705 5281 1134 5357 Iluaschcliushin
1185 5296 1357 5349 textu,
1387 5302 1495 5354 quo
1553 5289 1797 5357 neglecto

240 5349 531 5423 lectionem
563 5350 900 5423 vulgatorum
935 5353 1236 5423 Διιὶιιιὶοιπιιιιι
1287 5349 1525 5417 Apostoli
1573 5349 1798 5423 arripuit

234 5419 564 5542 gpéencerus,
595 5423 624 5472 ὁ
660 5419 1112 5491 ἀντιτασσόμενος
1147 5425 1210 5494 τῇ
1254 5424 1347 5476 τοῦ
1389 5423 1522 5477 Θεοῦ
1566 5419 1794 5496 διαταγῇ

275 5506 302 5540 ν
341 5505 585 5542 εστηκεν.

275 5505 585 5542 νυεστηκεν.

618 5561 965 5635 ςΡωμαίου-ςι
1008 5561 1426 5635 ἐξηγητικοῖς.Δ
1448 5563 1579 5618 Vide
1604 5563 1794 5635 Orige-

235 5642 358 5702 netn
379 5630 482 5702 lib.
516 5647 567 5702 ιχ
606 5629 893 5702 Emptunut.
925 5633 976 5684 in
1013 5629 1136 5698 cap.
1167 5648 1263 5685 xm
1290 5635 1354 5685 ad
1398 5632 1554 5690 Rom.

309 5699 440 5771 (61)_
460 5701 672 5768 Τύχην.
698 5699 849 5754 Lihh.
880 5712 1033 5754 antea
1058 5702 1184 5755 editi
1214 5703 1264 5754 iu
1302 5703 1542 5771 margine
1570 5703 1789 5768 habent,

233 5764 577 5840 τύχῃζΡειιιΙο
603 5764 728 5841 post
758 5771 1096 5829 llteschelius
1126 5773 1179 5834 in
1208 5780 1374 5842 textu,
1400 5764 1476 5837 ὧς
1503 5773 1610 5828 οὐδ’
1635 5764 1791 5832 ἄλλον

836 4749 882 4780 ³⁸
921 4748 1076 4803 Rom.
1109 4766 1229 4816 xm,
1264 4752 1314 4816 i,
1348 4753 1406 4806 2.

1935 580 2059 620 eum
2097 565 2344 618 homines
2376 564 2531 618 firmo
2566 565 2843 632 prOposito
2859 565 3080 618 meliora
3100 575 3371 622 sectantes
3392 567 3504 622 Deo

1934 669 2120 724 preces
2151 654 2410 720 offerunt,
2445 657 2762 710 innumeras
2799 669 2916 710 esse
2955 664 3172 709 sanctas
3205 665 3502 724 potestates

1934 759 2051 813 qua:
2073 760 2194 799 cum
2227 745 2362 814 ipsis
2395 754 2712 814 precentur,
2741 745 2902 798 etiam
2956 760 3064 799 non
3089 755 3323 812 vocatae;
3355 763 3502 802 mor-

1936 834 2044 887 tale
2078 844 2319 889 nostrum
2346 850 2514 904 genus
2544 837 2729 890 favore
2763 836 3212 904 complectuntur,
3237 851 3358 892 cum
3390 838 3503 903 illo,

1934 935 1994 978 ut
2024 925 2096 978 ita
2133 927 2346 994 loquar,
2379 941 2530 979 arma
2560 926 2722 996 79o
2749 927 2986 995 capiunt,
3020 937 3309 996 propterea
3361 931 3504 998 quod

1937 1014 2124 1068 vident
2144 1015 2417 1070 darmones
2443 1030 2746 1084 repugnare
2771 1024 2825 1069 et
2842 1016 3112 1071 obsistere
3136 1019 3296 1072 saluti
3315 1032 3502 1072 eorum

1934 1106 2171 1161 maxime
2201 1107 2373 1176 quise
2404 1106 2514 1161 Deo
2556 1108 2823 1161 devovent
2864 1108 3129 1176 nihilique
3159 1108 3362 1162 ducunt
3409 1111 3504 1160 ad-

1934 1210 2118 1250 versos
2151 1198 2354 1252 habere
2373 1196 2726 1264 dacmones,si
2759 1199 3064 1267 exasperati
3101 1197 3175 1251 illi
3209 1196 3411 1250 fuerint
3447 1198 3501 1250 in

1935 1287 2207 1341 hominem
2239 1288 2332 1356 qui
2365 1287 2486 1342 illos
2512 1289 2697 1342 nidore
2730 1288 3123 1344 sacrificiorum
3158 1297 3215 1343 et
3239 1290 3503 1359 sanguine

1935 1379 2109 1434 colere
2142 1379 2357 1450 refugit,
2386 1381 2644 1449 oumique
2669 1394 2921 1434 sermone
2951 1388 3006 1433 et
3040 1395 3205 1448 opere
3227 1381 3504 1444 contendit

1934 1485 2144 1526 summo
2175 1473 2284 1526 Deo
2317 1471 2598 1527 conciliari
2629 1478 2683 1526 et
2708 1471 3013 1526 consociari
3045 1486 3140 1541 per
3175 1469 3380 1538 Jesum,
3409 1473 3504 1539 qui

1935 1562 2209 1616 daemones
2249 1562 2567 1616 innumeros
2621 1560 2951 1631 proﬂigavit,
3017 1563 3143 1616 dum
3195 1562 3506 1618 circumiret

1933 1651 2171 1707 sanando
2234 1661 2289 1709 et
2343 1654 2710 1710 converteudo
2761 1668 2938 1707 omnes
2989 1640 3256 1722 oppressos
3317 1670 3347 1707 a
3382 1653 3504 1707 dia-

1935 1743 2051 1799 bolo
2080 1744 2144 1798 ”.

2001 2016 2091 2070 65.
2133 2015 2286 2082 Quod
2317 2016 2384 2070 ad
2402 2014 2680 2070 hominum
2706 2030 3003 2086 regumque
3025 2016 3266 2071 favorem
3286 2016 3500 2081 attinet,

1930 2108 1979 2162 is
2010 2107 2176 2162 etiam
2213 2108 2373 2163 nobis
2417 2106 2845 2162 contemnendus
2893 2117 3015 2172 est,
3080 2121 3184 2161 non
3221 2109 3394 2162 solum
3454 2109 3501 2162 si

1930 2199 2190 2263 caedibus,
2215 2199 2498 2268 spurcitiis
2531 2197 2800 2268 saevisque
2830 2198 3182 2264 facinoribus,
3221 2200 3313 2254 sed
3336 2199 3499 2254 etiam

1930 2291 1975 2345 si
2010 2291 2286 2359 impietate
2331 2305 2461 2359 erga
2502 2289 2877 2343 universorum
2927 2290 3117 2355 Deum,
3174 2289 3255 2343 vel
3319 2290 3501 2344 servili

1929 2376 2191 2444 obsequio
2215 2385 2269 2430 et
2301 2377 2390 2430 vili
2414 2375 2726 2430 adulatione
2758 2389 3123 2445 comparatur.
3156 2376 3301 2432 Nihil
3337 2381 3486 2433 enim

1928 2467 2204 2536 indignius
2259 2468 2392 2522 viris
2442 2468 2722 2539 generosis
2781 2477 2836 2521 et
2889 2469 3254 2538 magnanimis
3301 2471 3501 2541 quique

1927 2557 2325 2623 fortitudinem,
2359 2570 2416 2613 ut
2471 2563 2730 2616 virtutem
2783 2562 3100 2630 maximam,
3133 2564 3344 2618 caeteris
3387 2565 3500 2618 suis

1930 2650 2223 2705 virtutibus
2270 2651 2563 2721 adjungere
2621 2654 2861 2707 student.
2924 2652 3120 2708 Verum
3169 2655 3257 2709 ubi
3296 2655 3432 2708 nihil
3468 2672 3497 2707 a

1929 2743 2086 2797 nobis
2122 2743 2357 2812 exigitur
2399 2741 2499 2810 legi
2531 2750 2584 2794 et
2611 2743 2777 2796 verbo
2801 2742 2892 2796 Dei
2918 2743 3408 2811 contrarium,non
3433 2759 3498 2798 ea

1929 2843 2114 2888 nostra
2172 2833 2405 2897 insania,
2438 2841 2496 2885 ut
2539 2843 2724 2886 contra
2763 2848 2861 2887 nos
2890 2833 3038 2898 ipsos
3081 2835 3221 2902 regis
3253 2841 3346 2886 aut
3397 2835 3498 2906 dy-

1930 2937 2099 2982 nastas
2124 2925 2257 2978 iram
2285 2925 2638 2988 concitemus,
2665 2925 2805 2976 unde
2829 2923 3193 2990 contumeliae,
3232 2925 3496 2995 supplicia

1931 3030 2184 3084 morsque
2219 3013 2574 3082 contingeret.
2616 3013 2864 3082 Legimus
2895 3014 3074 3068 enim:
3103 3013 3288 3069 Omnis
3318 3017 3495 3069 anima

1929 3103 2269 3172 potestatibus
2297 3100 2706 3170 prcecellentibus
2734 3103 2942 3156 subdita
2969 3104 3058 3156 sit.
3097 3103 3220 3156 Non
3253 3113 3327 3157 est
3354 3105 3494 3157 enim

1927 3201 2153 3260 potestas
2187 3191 2288 3264 nisi
2322 3206 2352 3242 a
2380 3189 2510 3255 Deo;
2533 3205 2650 3258 qua:
2673 3201 2843 3242 autent
2869 3199 2989 3243 sunt
3008 3203 3304 3258 potestates,
3335 3211 3363 3245 ιι
3388 3193 3494 3245 Deo

1927 3282 2184 3334 ordinata:
2213 3289 2370 3346 sunt;
2402 3281 2576 3350 itaque
2635 3284 2725 3350 qui
2772 3283 3022 3351 potestati
3084 3285 3354 3351 resistunt,
3399 3283 3495 3336 Dei

1927 3371 2244 3424 ordiuationi
2274 3373 2520 3426 resistunt
2561 3373 2626 3425 ³⁸.
2678 3372 2810 3438 Qua:
2871 3374 3028 3428 verba
3081 3374 3134 3427 in
3184 3374 3387 3428 nostris
3443 3375 3494 3426 in

1927 3460 2220 3529 Epistolam
2265 3463 2331 3515 ad
2379 3461 2652 3515 Romanos
2691 3463 3116 3526 commentariis,
3165 3465 3408 3532 pluribus
3438 3465 3492 3516 in

1926 3554 2134 3606 varium
2170 3567 2385 3606 sensum
2416 3567 2513 3620 pro
2539 3552 2742 3606 viribus
2782 3553 3116 3621 interpretati
3147 3567 3367 3616 sumus;
3398 3554 3494 3607 sed

1925 3643 2414 3710 impraesentiarum
2439 3641 2756 3710 sitnpliciori
2789 3643 3187 3712 vulgarioriqne
3215 3643 3490 3698 intellectu

1924 3736 2248 3804 accepimus,
2281 3735 2442 3803 idque
2471 3749 2533 3789 ea
2557 3749 2744 3796 causa,
2774 3736 2919 3803 quod
2947 3733 3133 3790 Celsus
3158 3734 3357 3789 dixerit
3389 3751 3492 3788 non

1883 3868 1888 3875 .
1923 3826 2033 3879 sine
2066 3825 2362 3879 dcemonunt
2395 3835 2648 3891 potesta!e
2675 3840 2815 3894 reges
2847 3825 2915 3878 ad
2944 3826 3080 3879 hanc
3111 3836 3304 3879 evectos
3327 3827 3492 3895 fuisse

1923 3917 2247 3986 dignitatem.
2300 3914 2397 3968 llic
2447 3915 2676 3984 plurima
2711 3917 2935 3970 dicenda
2985 3927 3168 3971 essent
3200 3917 3266 3972 de
3303 3933 3487 3986 regum

1923 4019 1978 4064 et
2005 4009 2353 4078 dynastarutn
2391 4008 2821 4061 constitutione:
2867 4023 3059 4076 magna
3087 4008 3231 4061 enim
3262 4009 3491 4076 quwstio

1920 4109 2023 4164 est,
2053 4106 2337 4166 propterea
2359 4097 2504 4166 quod
2531 4107 2656 4150 sunt
2689 4097 2778 4164 qui
2826 4097 3045 4151 crudele
3071 4109 3124 4150 et
3152 4099 3488 4167 tyrannicum

1922 4188 2206 4256 imperium
2240 4196 2559 4252 exerceant,
2588 4196 2682 4240 aut
2709 4187 2906 4254 quibus
2935 4187 3219 4255 imperium
3267 4199 3349 4241 est
3395 4204 3489 4241 vo-

1920 4279 2215 4346 luptatibus
2244 4278 2565 4347 deliciisque
2583 4292 2641 4331 se
2664 4277 3030 4347 ingurgitandi
3047 4280 3285 4333 occasio.
3310 4278 3490 4344 Quare

1922 4370 1973 4423 in
1996 4383 2232 4438 praesens
2295 4368 2455 4436 hujus
2479 4366 2792 4436 quaestionis
2829 4370 3261 4424 consideratione
3300 4385 3490 4437 super-

1924 4459 2190 4512 sedemus.
2233 4455 2429 4510 Verum
2465 4473 2562 4528 per
2588 4457 2858 4511 fortunam
2903 4460 3045 4529 regis
3076 4476 3179 4513 non
3214 4460 3484 4524 juramus,

1927 4562 2099 4618 neque
2131 4563 2226 4617 per
2252 4548 2416 4602 alium
2454 4564 2520 4603 ex
2548 4538 2613 4607 iis
2647 4553 2736 4621 qui
2770 4552 2841 4605 dii
2865 4561 3142 4617 putantur.
3170 4551 3328 4621 791
3361 4551 3488 4605 Sive

1924 4640 2091 4706 enim,
2143 4649 2199 4695 ut
2240 4642 2514 4697 nonnullis
2541 4643 2765 4712 placuit,
2796 4642 3009 4696 fortuna
3040 4644 3110 4697 sit
3142 4644 3283 4698 nuda
3311 4657 3486 4698 enun-

1905 4873 2194 4948 νομίζομεν
2225 4874 2614 4948 ΘεόνηΕιιεθιιλ.
2659 4876 2763 4948 lib.
2789 4893 2863 4948 ιν,
2898 4892 2948 4930 c.
2983 4877 3049 4929 15
3083 4892 3096 4929 :
3146 4877 3424 4948 ’ᾼνηρὼτα
3455 4880 3486 4930 ὀ

1906 4943 2212 5018 ἀνθύπατρς
2246 4946 2296 5018 εξ
2346 4943 2630 5018 αὐτὸςῄεξη
2673 4945 3065 5018 Πολύχαρποςξ
3096 4947 3190 5018 καὶ
3219 4943 3486 5018 etiamm-

1905 5030 2120 5102 σαντρς,
2152 5013 2365 5102 ἕπεὶιθξν
2390 5013 2693 5100 ἀρνεῖσθαι,
2726 5013 3228 5102 λέγων’,ΑΑίδέσθητί
3254 5013 3354 5102 σου
3385 5013 3485 5102 την

1905 5082 2143 5155 ἡλικίαν,
2175 5083 2267 5155 καὶ
2299 5082 2467 5155 ἔτερα
2493 5082 2707 5155 τούτοις⁸
2728 5082 3018 5146 ἀκόλουθα,
3048 5084 3084 5137 δι
3115 5082 3343 5155 σύνηθες
3387 5082 3486 5137 αύ-

1902 5151 2014 5226 τοῖς
2040 5153 2155 5202 ἐστι
2176 5151 2628 5226 λέγειν’ςιδμοσον
2663 5153 2758 5226 τὴν
2780 5155 3060 5226 ,Καίσαρος
3088 5151 3278 5226 τύχην,
3319 5171 3484 5223 μετα-

1904 5217 2334 5293 νόησονχεῖπον,
2361 5217 2493 5293 Αἶρε
2528 5224 2656 5285 τοὺς
2694 5217 2904 5287 ἀθέους.
2939 5217 2996 5276 ’0
3018 5224 3074 5293 δὲ
3105 5217 3479 5293 Πολύχαρπος,

1903 5288 2155 5374 ἐμϐριθεῖ
2184 5291 2260 5342 τῶ
2291 5288 2564 5362 προσώπῳ
2598 5293 2677 5355 είς
2700 5294 2875 5346 πάντα
2899 5294 2988 5346 τὸν
3016 5292 3169 5360 ὄχλον
3193 5292 3282 5345 τὸν
3315 5288 3373 5344 ἐν
3404 5293 3483 5362 τῷ

1906 5360 2101 5428 σταοίῳ
2139 5344 2434 5428 ἐμϐλέψας,
2467 5362 2745 5424 ὲπισείσας
2793 5364 2976 5423 αὐτοῖς
3019 5363 3116 5428 τὴν
3144 5365 3320 5428 χεῖρα,
3359 5378 3483 5428 στε-

1906 5377 2101 5428 σταοιῳ
2139 5377 2434 5429 εμολεψας,
2467 5377 2745 5424 επισεισας
2793 5377 2976 5423 αυτοις
3019 5378 3116 5430 την
3144 5377 3320 5448 χειρα,
3359 5378 3484 5412 στε-

1905 5428 2154 5500 νὰξαςίτε
2185 5432 2278 5482 καὶ
2305 5431 2610 5500 ἀναϐλέψας
2641 5432 2721 5492 εἰς
2754 5432 2844 5482 τὸν
2873 5429 3117 5500 οὐρανὸν,
3146 5449 3315 5493 ειπεν,
3347 5427 3482 5499 Αἶρε

1903 5500 2028 5560 τοὺς
2060 5497 2270 5580 ἀθέους.
2317 5497 2666 5580 Ἐγκειμένιου
2777 5500 2868 5552 τοῦ
2904 5497 3224 5580 ἡγουμένρυ,
3255 5501 3350 5553 καὶ
3388 5497 3480 5580 λέ-

1902 5585 2107 5641 γοντος,
2143 5567 2419 5641 Ὄμοσον,
2453 5567 2545 5641 καὶ
2589 5567 2843 5641 ἀπολύσω
2894 5567 2991 5641 es}
3047 5567 3352 5641 λοιδόρησον
3386 5571 3480 5626 τὸν

1901 5639 2156 5718 δριστόν·
2192 5639 2298 5718 ξφη
2323 5642 2350 5691 ὁ
2374 5639 2746 5718 Πολύκριρπος⁹
2772 5639 3150 5718 ’Ὠγδοήκοντα
3179 5639 3271 5718 περ
3304 5641 3478 5718 ἓλξιὲτη

1896 5706 2128 5788 δουλεύω
2161 5706 2329 5788 αὑτῶ,
2354 5708 2445 5760 κα)⁴
2477 5706 2631 5788 οὐδέν
2665 5725 2734 5788 με
2763 5706 2988 5778 ἠδίκησε
3009 5727 3021 5740 ’
3058 5713 3152 5764 καὶ⁴
3185 5711 3300 5776 πῶς
3321 5706 3482 5766 δήύναξ

1900 5794 1998 5847 μαι
2023 5776 2531 5854 βλασφημῆσαιητδν
2554 5776 2930 5850 βασιλέανμου,
2966 5781 3056 5835 τὸν
3092 5785 3338 5841 σώσαντά
3369 5803 3434 5857 με
3455 5804 3488 5858 ;ε
