3920 6158
238 295 258 348 l
272 292 375 350 607
1725 286 1807 344 OB

1913 287 2050 344 ΞΝιὸ
3362 285 3505 340 1608

234 402 364 465 ﬁdes
406 400 541 455 male
569 401 915 471 abrogaretur
958 401 1081 456 viris
1129 399 1491 470 sapientibus,
1541 403 1631 470 qui
1659 402 1807 455 aiunt

1913 403 2083 457 στεῖν
2108 400 2362 468 ἀνδράσι
2396 398 2633 469 σοφοῖς,
2660 398 2718 451 οἳ
2748 395 2823 465 δή
2852 374 3024 467 gradu,
3070 396 3223 450 διότι
3249 394 3359 467 (40)
3385 397 3506 451 τῶν

234 493 525 545 maximam
553 492 882 545 terrestrium
910 492 1124 546 illorum
1161 493 1455 544 dwmonum
1480 502 1679 558 partem
1719 508 1808 561 ge-

236 583 526 636 nerationis
552 582 814 635 desiderio
842 584 1111 637 ardentem
1132 624 1147 651 ,
1180 583 1458 652 sanguinis
1476 621 1493 648 ,
1524 583 1765 636 nidorum
1790 622 1805 649 ,

235 681 681 740 concentuumque
711 672 1051 738 percupidum
1082 711 1096 735 ,
1143 672 1364 740 aliisque
1400 671 1704 738 hujusmodi
1735 687 1813 724 re-

236 765 328 813 bus
361 761 762 829 deditissimam,
801 779 905 815 non
931 762 1079 815 aliud
1111 762 1298 816 melius
1326 779 1476 831 posse
1513 779 1671 832 quam
1699 778 1809 816 cor-

230 868 328 917 pus
367 868 573 915 curare,
611 863 825 905 ventura
869 853 1165 907 hominibus
1200 856 1515 924 urbibusque
1560 872 1809 920 pramun-

234 943 367 995 tiare
387 982 401 1006 ,
432 952 478 995 et
504 960 826 1013 quwcunque
859 944 1104 998 mortalia
1141 956 1260 999 sunt
1283 988 1297 1012 ,
1342 963 1404 999 ea
1435 947 1558 1000 illos
1591 948 1721 1001 scire
1745 964 1809 1000 ac

231 1052 405 1100 posse.
430 1034 564 1089 Cum
597 1037 761 1104 igitur
789 1038 905 1102 ipso
938 1038 1029 1091 Dei
1057 1039 1303 1093 veritatis
1334 1039 1554 1094 inimico
1581 1039 1807 1106 latente,

235 1127 479 1182 lubricus
511 1130 598 1182 hic
629 1129 812 1198 lapsus
860 1132 961 1196 sit,
994 1143 1195 1199 quanto
1230 1132 1397 1185 satius
1447 1141 1532 1186 est
1579 1132 1806 1184 liberum

234 1219 302 1271 ab
345 1218 490 1272 omni
541 1229 685 1273 metu
714 1260 729 1285 ,
766 1235 835 1274 ne
886 1222 967 1274 vel
1019 1222 1283 1290 ejusmodi
1315 1224 1650 1276 daemonibus
1691 1222 1809 1289 plus

235 1310 403 1363 nimio
432 1326 488 1364 sc
514 1311 712 1375 dedat,
746 1313 831 1366 vel
868 1328 1046 1366 rerum
1084 1328 1470 1381 eorporearum
1506 1327 1692 1367 amore
1715 1328 1808 1365 ca-

234 1413 358 1469 ptus
388 1417 416 1453 a
437 1403 752 1457 melioribus
785 1413 1062 1458 avertatur
1091 1415 1147 1458 et
1174 1404 1336 1473 787
1363 1404 1577 1458 illorum
1612 1405 1810 1459 oblivi-

235 1502 443 1557 scatur,
476 1494 714 1562 seipsum
751 1510 966 1549 summo
1001 1495 1106 1549 Deo
1131 1499 1477 1549 committere
1498 1510 1590 1563 per
1620 1494 1806 1550 Jesum

234 1583 512 1637 Christum
549 1586 637 1651 qui
675 1586 837 1639 talem
873 1586 1029 1639 nobis
1059 1586 1360 1639 doctrinam
1391 1586 1636 1650 tradidit,
1665 1597 1719 1639 et
1742 1588 1809 1641 ab

236 1672 326 1726 illo
356 1689 477 1727 cum
507 1690 671 1727 omne
704 1675 968 1728 auxilium
1006 1676 1316 1745 postulare,
1349 1684 1461 1729 tum
1494 1685 1806 1730 sanctorum

1906 493 2025 562 μὲν
2076 494 2381 562 περιγείων
2435 491 2731 561 δαιμόνων·
2789 490 2855 542 τὸ
2916 488 3209 543 πλεῖστον
3272 490 3505 558 γενέσει

1912 584 2279 650 συντετηκὸς
2311 622 2325 646 ,
2383 582 2479 635 καί
2544 579 3021 650 προσηλωμένον
3097 581 3298 649 αἵματι
3332 619 3346 643 ,
3403 580 3505 636 καὶ

1912 677 2158 743 κνίσσῃ,
2186 675 2284 729 καὶ
2319 672 2655 743 μελῳδίαις,
2688 670 2785 724 καὶ
2813 670 3024 736 ἄλλοις
3062 671 3186 724 τισὶ
3215 673 3501 738 τοιούτοις

1911 766 2389 836 προσδεδεμένων
2407 806 2421 827 ,
2472 766 2739 833 κρεῖττον
2787 763 2969 819 οὐδὲν
3014 763 3239 817 δύναιτ’
3284 763 3361 817 ἂν
3395 764 3504 817 τοῦ

1911 856 2273 924 θεραπεῦσαι
2292 856 2484 925 σῶμα,
2512 855 2607 907 καὶ
2623 855 2981 924 μέλλουσαν
3006 853 3198 921 τύχην
3216 852 3505 920 ἀνθρώπῳ

1910 948 2009 1001 καὶ
2060 949 2234 1001 πόλει
2285 947 2608 1014 προειπεῖν,
2658 945 2758 999 καὶ
2800 945 2917 998 ὅσα
2961 944 3095 1011 περὶ
3134 944 3239 1009 τὰς
3283 944 3505 1010 θνητὰς

1912 1043 2156 1111 πράξεις
2188 1041 2373 1096 ταῦτα
2410 1042 2582 1095 τοπσί
2613 1058 2674 1093 τε
2703 1039 2801 1093 καὶ
2829 1040 3138 1093 δύνανται.
3170 1038 3508 1108 Τηλικοῦτοι»

1911 1131 2001 1188 οὖν
2031 1135 2243 1187 ὀλίσθου
2288 1134 2415 1204 περὶ
2461 1134 2552 1186 τὸν
2604 1132 2765 1187 τόπον
2812 1132 2995 1194 ὄντος,
3028 1131 3103 1194 ὡς
3134 1130 3226 1184 καὶ
3254 1132 3282 1183 6
3312 1131 3509 1201 ἐχθρὸς

1910 1228 1975 1295 τῇ
2016 1223 2110 1276 τοῦ
2142 1224 2274 1277 Θεοῦ
2312 1223 2538 1293 ἀληθείᾳ
2585 1224 2880 1292 μαρτυρεῖ,
2923 1222 3074 1290 πόσῳ
3118 1221 3345 1290 βέλτιον,
3396 1238 3509 1289 χω-

1914 1317 1998 1387 ρὶς
2030 1316 2209 1387 πάσης
2238 1316 2553 1386 ὑφοράσεως
2585 1315 2725 1386 ὑπὲρ
2750 1313 2843 1367 τοῦ
2876 1314 3205 1380 συντακῆναι
3244 1315 3508 1378 τοιούτοις

1911 1409 2182 1479 δαίμοσιν,
2214 1408 2246 1478 ἢ
2284 1407 2749 1476 φιλοσωματῆσαι,
2805 1407 2899 1459 καὶ
2936 1406 3003 1458 τὰ
3044 1410 3329 1477 κρείττονα
3368 1408 3508 1460 ἀπο-

1914 1499 2236 1570 στραφῆναι,
2276 1499 2370 1550 καὶ
2400 1497 2505 1548 ὑπὸ
2528 1496 2695 1568 λήθης
2724 1498 2822 1567 τῆς
2840 1496 2949 1549 τῶν
2983 1498 3303 1568 κρειττόνων
3338 1514 3507 1549 κατα-

1915 1589 2192 1659 σχεθῆναι,
2238 1591 2297 1641 τὸ
2328 1590 2518 1642 ἑαυτὸν
2545 1588 2904 1659 ὲμπιστεῦσαι
2943 1588 3018 1658 τῷ
3054 1589 3144 1641 ἐπὶ
3190 1592 3323 1642 πᾶσι
3360 1589 3502 1659 Θεῷ,
3550 1580 3557 1587 ’

1911 1681 1997 1733 διὰ
2026 1680 2120 1734 τοῦ
2159 1681 2257 1750 τὴν
2284 1681 2536 1751 τοιαύτην
2583 1682 2712 1750 ἡμῖν
2775 1680 3122 1734 διδασκαλίαν
3170 1680 3504 1750 ὑποθεμένου

235 1764 547 1834 angelorum
572 1765 956 1835 justorumque
994 1769 1341 1832 custodiam,
1374 1778 1433 1821 ut
1463 1783 1491 1819 a
1536 1769 1807 1822 terrestri-

1927 1773 2099 1841 Ἰησοῦ
2133 1772 2390 1841 Χριστοῦ,
2430 1773 2524 1824 καὶ
2565 1774 2658 1825 ἀπ’
2697 1772 2904 1825 ἐκείνου
2929 1774 3096 1824 αἰτεῖν
3143 1772 3323 1824 πᾶσαν
3371 1772 3503 1842 βοή-

235 1862 338 1915 bus
366 1860 467 1914 illis
502 1876 599 1914 nos
654 1862 890 1914 liberem
937 1861 1315 1924 dannonibus,
1365 1861 1458 1929 qui
1507 1861 1809 1915 carnalium

235 1950 573 2019 voluptatum
611 1952 883 2006 desiderio
911 1953 1127 2018 ardent,
1159 1952 1422 2021 sanguine
1448 1962 1503 2005 et
1534 1952 1812 2006 nidoribus

237 2041 598 2108 delectantur,
625 2044 898 2113 protervis
923 2044 1213 2112 capiuntur
1242 2043 1622 2109 concentibus,
1662 2043 1812 2098 aliis-

235 2148 341 2203 que
368 2135 674 2204 hujusmodi
704 2136 863 2188 rebus
890 2133 1217 2188 deditissimi
1246 2144 1396 2199 sunt,
1421 2150 1663 2205 quosque
1690 2150 1813 2190 eon-

235 2237 343 2283 stat
374 2233 455 2283 vel
485 2230 652 2299 ipsius
677 2229 819 2284 Celsi
856 2229 1200 2285 confessione
1242 2232 1375 2285 nihil
1402 2232 1594 2286 melius
1630 2246 1807 2300 posse,

232 2336 394 2393 quam
421 2336 620 2390 corpus
645 2337 857 2375 sanare.
890 2322 999 2389 Ego
1018 2336 1239 2376 verone
1269 2323 1319 2375 id
1346 2323 1560 2391 quidem
1589 2323 1811 2378 evidens

234 2429 355 2469 esse
382 2413 766 2469 allirmaverim
800 2454 814 2479 ,
852 2414 1118 2485 ejusmodi
1152 2413 1456 2479 dretnoues,
1494 2416 1809 2484 qualiscun-

234 2521 341 2575 que
374 2507 480 2561 illis
529 2507 797 2560 tribuatur
839 2506 1023 2560 cultus
1049 2545 1064 2570 ,
1105 2521 1264 2575 posse
1305 2521 1532 2573 corpora
1569 2522 1804 2576 sanare;

234 2599 328 2654 sed
361 2597 642 2652 medicinae
668 2612 769 2666 Ope
798 2598 1091 2667 quaerenda
1120 2608 1203 2652 est
1226 2598 1452 2661 sanitas,
1474 2598 1516 2652 si
1540 2598 1662 2667 quis
1680 2598 1808 2652 sim-

234 2689 427 2759 plieem
456 2698 511 2742 et
538 2704 881 2743 communem
912 2690 1079 2742 vitam
1126 2689 1256 2743 velit
1283 2690 1517 2756 dueere;
1548 2690 1591 2744 si
1623 2701 1803 2745 autem

236 2780 444 2849 vulgari
487 2781 918 2850 praestantiorem
941 2821 956 2846 ,
1010 2781 1212 2849 pietate
1254 2781 1307 2834 in
1336 2795 1608 2835 suumium
1639 2781 1807 2836 Deum

235 2882 291 2929 et
318 2871 453 2928 fusis
484 2874 548 2926 ad
577 2873 723 2927 illum
752 2874 1024 2943 precibus.

306 3144 396 3199 61.
421 3146 539 3214 Ipse
568 3144 849 3199 enimvero
867 3155 1049 3214 reputa
1073 3154 1272 3208 tecum,
1294 3155 1412 3199 utra
1433 3146 1806 3201 universorum

237 3236 369 3299 Deo,
406 3235 558 3301 cujus
607 3245 849 3304 potestas
904 3252 1015 3305 pra:
1072 3236 1313 3305 cujusvis
1354 3237 1459 3290 alia
1507 3241 1573 3292 ad
1627 3242 1807 3294 omnia

238 3327 473 3397 pertinet
527 3334 688 3395 atque
736 3326 870 3380 adeo
902 3328 966 3380 ad
1006 3326 1456 3381 benefaciendum
1505 3330 1810 3383 hominibus

236 3418 353 3470 sive
388 3431 513 3485 erga
547 3417 804 3479 animam,
832 3417 945 3472 sive
998 3431 1123 3487 erga
1159 3433 1375 3486 corpus,
1419 3420 1534 3473 sive
1558 3435 1684 3488 erga
1722 3435 1809 3475 res

237 3516 554 3571 extraneas,
580 3509 797 3574 probari
834 3508 1003 3578 magis
1051 3509 1217 3577 possit
1250 3508 1483 3573 alfectio,
1518 3510 1661 3565 illius
1715 3512 1808 3580 qui

239 3597 340 3666 ipsi
370 3612 428 3651 se
456 3597 507 3651 in
541 3598 792 3652 omnibus
824 3600 1071 3664 devovet,
1091 3617 1158 3653 an
1181 3601 1297 3669 ejus
1322 3602 1413 3670 qui
1444 3602 1673 3657 sollicite
1705 3605 1813 3658 da:-

237 3704 456 3743 monum
492 3693 711 3747 nomina
749 3694 994 3763 inquirit,
1040 3701 1093 3747 et
1127 3710 1230 3762 qua
1262 3695 1464 3748 virtute
1516 3696 1647 3759 sint,
1682 3697 1809 3765 quid

240 3782 460 3845 faciant,
502 3782 701 3849 quibus
757 3782 1222 3837 incantationibus
1250 3796 1567 3849 evocentur,
1617 3787 1812 3853 quibus

239 3871 575 3926 delectentur
605 3873 806 3939 herbis,
841 3875 934 3941 qui
984 3886 1381 3930 consecreutur
1445 3877 1549 3930 illis
1581 3877 1808 3945 lapides,

238 3963 762 4031 quicharacteresin
791 3966 875 4020 his
902 3966 1303 4035 insculpantur,
1324 3967 1413 4036 qui
1446 3968 1812 4037 respondeant

238 4068 334 4108 seu
366 4056 682 4124 sytnbolicis
703 4072 794 4111 seu
830 4058 1158 4126 quibuslibet
1186 4058 1308 4113 aliis
1351 4060 1659 4114 daunonum
1697 4060 1809 4114 l'or-

240 4142 363 4197 mis.
402 4144 750 4213 Perspicuum
776 4158 859 4202 est
888 4147 972 4201 vel
1008 4163 1196 4217 parum
1218 4149 1536 4219 intelligenti
1567 4147 1811 4204 aﬂ‘ectio-

241 4251 361 4291 nem
397 4237 541 4291 illam
589 4238 824 4294 hominis
850 4241 982 4295 recti
1017 4252 1071 4295 et
1102 4242 1323 4296 minime
1350 4244 1570 4308 curiosi,
1610 4245 1812 4313 quique

242 4329 347 4383 hoc
378 4329 493 4397 ipso
520 4346 578 4385 se
601 4340 774 4386 totum
800 4348 1013 4388 summo
1044 4332 1171 4388 Deo
1191 4336 1507 4400 committit,
1527 4346 1807 4405 acceptam

1914 1861 2084 1927 θειαν,
2114 1863 2207 1914 καὶ
2251 1862 2492 1932 φρουρὰν
2527 1862 2624 1932 τὴν
2666 1863 2772 1914 ἀπὸ
2815 1861 2985 1927 ἁγίων
3018 1861 3264 1929 ἀγγέλων
3293 1862 3383 1914 καὶ
3419 1862 3504 1914 δι-

1913 1953 2104 2018 καίων,
2126 1940 2191 2004 ἵν’
2223 1954 2370 2022 ἡμᾶς
2399 1952 2666 2023 ρύσωνται
2698 1952 2804 2005 ἀπὸ
2837 1952 2942 2004 τῶν
2976 1954 3266 2023 περιγείων
3310 1953 3502 2022 δαιμό-

1912 2058 2037 2105 νων,
2068 2041 2164 2093 καὶ
2191 2041 2402 2107 γενέσει
2432 2042 2856 2111 συντετηκότων,
2880 2041 2972 2094 καὶ
2989 2042 3181 2111 αἵματι
3197 2041 3291 2094 καὶ
3309 2042 3503 2114 κνίσσῃ

1913 2133 2368 2204 προσηλωμένων,
2403 2133 2497 2186 καὶ
2527 2133 2834 2197 ἀλλοκότοις
2867 2133 3153 2205 μελῳδίαις
3195 2134 3500 2203 ἀγομένων,

1912 2225 2008 2278 καὶ
2040 2224 2217 2287 ἄλλοις
2256 2224 2513 2288 τοιούτοις
2544 2224 2984 2295 προσδεδεμένων
3004 2240 3016 2253 ⁸
3058 2224 3502 2295 ὁμολογουμένως

1916 2320 2033 2389 μὲν,
2065 2319 2159 2371 καὶ
2186 2318 2326 2371 κατὰ
2363 2318 2451 2370 τὸν
2482 2317 2708 2379 Κέλσον,
2733 2318 2979 2387 κρεῖττον
3013 2316 3163 2368 οὐδὲν
3189 2316 3502 2386 δυναμένων

1910 2410 2001 2462 τοῦ
2035 2408 2363 2481 θεραπεῦσαι
2398 2409 2457 2461 τὸ
2491 2409 2669 2479 σῶμα.
2728 2407 2868 2476 Ἐγὼ
2913 2409 2957 2460 δ’
3000 2408 3223 2477 εἴποιμι’
3267 2408 3332 2462 ἂν
3361 2448 3376 2473 ,
3422 2406 3501 2460 ὅτ’

1910 2502 2019 2557 οὐδ’
2079 2502 2306 2574 ἐναργές
2344 2503 2459 2554 ἐστι
2486 2502 2547 2554 τὸ
2573 2502 2699 2563 τοὺς
2751 2501 3009 2572 δαίμονας
3051 2499 3305 2562 τούτους,
3353 2501 3501 2563 ὅπως

1912 2594 2041 2649 ποτὲ
2070 2592 2567 2663 θεραπευομένους,
2614 2591 2873 2645 δύνασθαι
2924 2591 3245 2661 θεραπεύειν
3285 2592 3353 2646 τὰ
3393 2592 3501 2646 σώ-

1916 2702 2092 2756 ματαο
2122 2683 2257 2737 ἀλλὰ
2289 2684 2392 2754 χρὴ
2428 2683 2525 2754 τὴν
2551 2682 2846 2753 θεραπείαν
2874 2682 2983 2736 τῶν
3014 2683 3302 2751 σωμάτων,
3325 2684 3375 2735 εί
3400 2684 3497 2753 μὲν

1908 2774 2273 2845 ἁπλούστερον
2309 2772 2549 2843 βούλοιτό
2577 2789 2659 2834 τις
2693 2771 2791 2841 ζῇν
2832 2771 2927 2823 καὶ
2959 2772 3280 2842 κοινότερον,
3329 2772 3500 2841 ἐφόδῳ

1913 2867 2130 2938 ἰατρικῇ
2151 2864 2472 2936 θεραπεύειν
2495 2881 2508 2894 ο
2534 2865 2583 2915 εἰ
2608 2863 2663 2915 δὲ
2682 2862 2886 2933 βέλτιον
2916 2864 3067 2934 παρὰ
3097 2865 3221 2927 τοὺς
3245 2863 3492 2927 πολλοὺς,

1909 2957 2161 3029 εὐσεϐείᾳ
2192 2959 2257 3026 τῇ
2286 2957 2365 3018 εἰς
2392 2957 2481 3008 τὸν
2513 2955 2603 3008 ἐπὶ
2637 2956 2771 3007 πᾶσι
2798 2953 2931 3007 Θεὸν
2962 2953 3056 3006 καὶ
3078 2955 3197 3015 ταῖς
3225 2953 3336 3023 (4|)
3360 2953 3495 3023 πρὸς

1910 3051 2117 3101 ἐκεῖνον
2144 3048 2349 3117 εὐχαῖς.

1986 3141 2095 3193 Καὶ
2133 3141 2196 3193 σὺ
2254 3138 2363 3210 γὰρ
2418 3139 2693 3209 σκόπησον
2740 3137 2891 3209 παρὰ
2944 3136 3145 3207 σαυτῷ,
3200 3138 3349 3189 ποῖον
3393 3152 3498 3189 πα-

1912 3228 2189 3300 ραδέξεται
2220 3229 2416 3299 μᾶλλον
2442 3225 2572 3298 ἦθος
2604 3231 2631 3282 6
2658 3228 2751 3280 ἐπὶ
2784 3229 2918 3280 πᾶσι
2955 3227 3108 3290 Θεὸς,
3142 3226 3236 3279 καὶ
3266 3225 3501 3295 δυνάμε-

1910 3338 2000 3384 νος
2022 3322 2123 3374 ὅσα
2164 3321 2318 3385 ἄλλος
2371 3321 2544 3384 οὐδεὶς
2582 3321 2721 3391 πρὸς
2754 3320 2932 3373 πάντα
2969 3319 3061 3371 καὶ
3093 3318 3230 3388 πρὸς
3282 3318 3504 3388 εὐεργε-

1912 3413 2032 3465 σίαν
2062 3412 2386 3484 ἀνθρώπων,
2422 3413 2530 3465 εἴτε
2566 3413 2694 3483 περ)⁵
2755 3410 2951 3482 ψυχὴν,
2986 3410 3097 3463 εἴτε
3145 3410 3274 3479 περὶ
3319 3408 3501 3477 σῶμα,

1910 3505 2019 3556 εἴτε
2050 3505 2176 3576 περὶ
2205 3503 2274 3557 τὰ
2309 3496 2495 3567 ἐκτός’
2530 3504 2756 3574 πότερον
2802 3504 2892 3555 τὸν
2935 3502 3084 3572 αὐτῷ
3123 3502 3250 3572 περὶ⁴
3283 3501 3502 3554 πάντων

1910 3597 2263 3667 ἀνακείμενον
2308 3596 2341 3666 ἢ
2383 3595 2473 3648 τὸν
2524 3594 3015 3665 περιεργαζόμενον
3065 3592 3334 3663 δαιμόνων
3387 3592 3505 3644 ὀνό-

1914 3706 2093 3759 ματα,
2136 3689 2231 3741 καὶ
2267 3687 2541 3758 δυνάμεις,
2575 3687 2668 3740 καὶ
2695 3686 2951 3757 πράξεις,
2980 3685 3075 3738 καὶ
3118 3684 3334 3755 ἐπῳδὰς
3358 3723 3371 3748 ,
3409 3683 3501 3736 καί¹

1914 3782 2141 3851 βοτάνας
2187 3781 2392 3843 οἰκείας
2443 3780 2681 3850 δαίμοσι,
2740 3781 2832 3851 καὶ
2882 3778 3092 3841 λίθους,
3155 3778 3249 3830 καὶ
3301 3778 3401 3839 τὰς
3441 3778 3501 3829 ὲν

1910 3875 2093 3938 αὐτοῖς
2113 3872 2343 3941 γλυφὰς,
2371 3873 2723 3944 καταλλήλως
2745 3876 2867 3936 ταῖς
2896 3871 3363 3943 παραδεδομέναις
3385 3869 3497 3939 (4ΞΞ)

1910 3965 2019 4018 εἴτε
2062 3964 2413 4035 συμϐολικαῖς
2448 3963 2555 4017 εἴτε
2594 3964 2882 4017 ὁπώσποτε
2929 3965 3162 4035 μορφαῖς
3207 3961 3497 4031 δαιμόνων.

1924 4058 2082 4113 Ἀλλὰ
2110 4059 2265 4130 δῆλον
2292 4058 2369 4129 τῷ
2406 4058 2500 4110 καὶ
2540 4058 2624 4110 ἐπ’
2661 4056 2837 4124 ὀλίγον
2886 4055 3313 4125 παρακολουθεῖν
3337 4053 3499 4105 δυνα-

1915 4151 2081 4221 μένῳ,
2107 4152 2187 4203 ὅτι
2216 4150 2276 4203 τὸ
2304 4149 2577 4204 ἄπλαστον
2607 4149 2703 4219 μὲν
2734 4148 2827 4201 καὶ
2861 4148 3193 4219 ἀπερίεργον
3239 4142 3371 4216 ἦθος
3410 4143 3501 4196 διὰ

1908 4243 2067 4297 τοῦτο
2118 4243 2237 4313 Θεῷ
2282 4242 2359 4313 τῷ
2410 4244 2502 4295 ἐπὶ
2555 4245 2721 4295 πᾶσιν
2779 4240 3135 4310 ἀνακείμενον
3200 4237 3498 4292 ἀποδεκτδν

1913 4337 2066 4390 ἔσται
2089 4336 2208 4405 Θεῷ
2238 4336 2331 4389 καί
2359 4338 2493 4388 πᾶσι
2523 4337 2634 4398 τοῖς
2670 4333 2862 4404 ἐκείνῳ
2884 4331 3272 4402 οἰκειουμένοις
3297 4348 3311 4359 ’
3346 4330 3408 4382 τὸ
3438 4329 3497 4381 δὲ

242 4421 350 4474 Deo
382 4421 498 4475 fore
526 4425 882 4493 omnibusque
905 4426 1021 4494 ejus
1065 4424 1452 4491 familiaribus;
1511 4442 1629 4495 quae
1678 4442 1806 4482 vero

1913 4429 1974 4480 δι’
2004 4427 2192 4495 ὑγείαν
2246 4425 2515 4497 σώματος,
2571 4426 2664 4478 καὶ
2728 4424 3153 4495 φιλοσωματίαν,
3193 4425 3283 4476 καὶ
3315 4423 3411 4492 τὴν
3438 4424 3498 4475 ὲν

240 4522 460 4581 propter
498 4514 779 4569 sanitatem
809 4518 1055 4584 corporis
1086 4532 1584 4587 corporearumquc
1624 4534 1802 4573 rerum

240 4616 478 4657 amorem
519 4613 572 4657 et
600 4614 656 4657 ut
686 4620 772 4659 res
794 4604 1168 4661 indill‘erentes
1198 4623 1452 4677 prospere
1484 4611 1801 4675 succedant,

241 4697 453 4750 curiose
483 4696 772 4765 investigat
793 4698 1094 4751 daemonum
1122 4700 1336 4754 nomina
1362 4701 1663 4771 quteritque
1684 4703 1805 4771 qui-

240 4786 339 4839 btts
378 4786 830 4839 incantationibus
865 4788 1135 4843 daemones
1167 4792 1420 4846 conciliet
1447 4793 1571 4856 sibi,
1601 4808 1718 4847 eam
1746 4804 1803 4847 ut

242 4874 432 4927 malam
466 4884 519 4929 et
567 4876 786 4945 impiam
812 4887 866 4930 ct
906 4878 1147 4933 daemone
1175 4882 1342 4951 magis
1368 4897 1530 4951 quam
1583 4883 1800 4938 homine

313 5030 982 5112 (49)Aldtl_.ﬂBOilel_‘9lill_S
1040 5039 1234 5112 mallet
1275 5041 1377 5096 ὅτι.
1425 5042 1648 5106 Ibidem,
1706 5059 1804 5112 pro

240 5102 528 5222 ῗῗῶμονων,
593 5103 722 5157 libb.
778 5105 906 5157 editi
960 5106 1011 5161 in
1070 5109 1311 5178 margine
1352 5114 1578 5180 habent,
1613 5102 1807 5184 δαιμο-

241 5190 421 5318 W1(lilii)
451 5244 561 5297 Kal
609 5245 762 5318 ταῖς,
798 5244 871 5298 lta
918 5246 1074 5300 codd.
1126 5247 1325 5318 Regius
1368 5261 1425 5305 et
1486 5253 1807 5309 Basileensis

242 5314 439 5367 rectius
463 5330 620 5381 quam
647 5316 766 5369 libri
803 5324 959 5368 antea
994 5318 1149 5379 editi,
1177 5314 1233 5373 ὲν
1263 5323 1403 5382 ταῖς.

311 5384 424 5465 (422
453 5383 815 5465 _l_idc|n”m'ss.,
866 5385 1240 5465 xng}kﬁkw;__
1264 5393 1383 5452 ταῖς
1443 5394 1809 5465 ngpaSsSOpé-

244 5468 375 5533 ναις.
407 5453 559 5533 ίιίὺμ.
581 5453 1120 5533 ,οάίιῂηκαταλλήλως
1152 5462 1271 5533 ταῖς
1328 5453 1803 5533 παραδιδομέναις.

241 5520 709 5658 Exierunt»;
733 5520 1018 5580 Buhcrellu
1046 5520 1323 5596 legendum
1349 5520 1577 5596 videtur,
1593 5520 1809 5587 ’καταλ-

313 5658 419 5729 (l5)
448 5662 569 5717 Post
596 5680 768 5732 voces,
801 5669 829 5719 6
875 5668 1100 5737 Ἰησοῦς,
1145 5670 1279 5725 libb.
1326 5682 1487 5727 antea
1536 5673 1667 5728 editi
1710 5674 1808 5729 ad-

1917 4519 2099 4588 μέσοις
2138 4518 2456 4588 πράγμασιν
2482 4517 2756 4586 εὐτυχίαν,
2788 4515 3282 4590 περιεργαζόμενον
3310 4513 3497 4583 δαιμό-

1906 4627 2012 4663 νων
2038 4610 2296 4680 ὀνὸματα,
2328 4609 2422 4662 καὶ
2456 4608 2650 4681 ζητοῦν
2679 4609 2795 4671 πῶς
2844 4609 3070 4679 κηλήσει
3095 4607 3235 4659 τισὶν
3263 4606 3495 4675 ἐπῳδαῖς

1907 4702 2031 4765 τοὺς
2054 4701 2329 4772 δαίμονας,
2360 4701 2435 4763 ὡς
2477 4699 2746 4770 μοχθηρὸν
2772 4700 2867 4753 καὶ
2892 4699 3104 4761 ἀσεϐὲς,
3131 4698 3223 4750 καὶ
3256 4697 3495 4767 δαιμονι-

1906 4794 2000 4846 κὸν
2036 4792 2233 4863 μᾶλλον
2261 4791 2292 4861 ἢ
2336 4792 2678 4863 ἀνθρωπικὸν
2700 4829 2714 4853 ,
2755 4790 3067 4859 καταλείψει
3100 4793 3129 4843 ὁ
3162 4789 3293 4852 Θεὸς
3320 4792 3351 4843 ὁ
3394 4790 3495 4859 ἰη-

1906 4886 2031 4949 σοῦς
2057 4886 2166 4957 (45)
2194 4886 2367 4938 εἵλετο
2393 4889 2420 4938 ὁ
2452 4884 2522 4938 τὰ
2550 4884 2724 4938 τοιάδε
2752 4883 2922 4953 λέγων
2954 4883 3167 4955 δαίμοσι
3190 4884 3495 4955 διασπαρα-

1911 5047 2041 5101 tlunt
2079 5047 2218 5100 intra
2247 5062 2415 5101 uncos
2457 5046 2630 5099 εἵλετο
2675 5049 2703 5099 ὁ
2764 5044 2830 5098 τὰ
2883 5046 3059 5099 τοιάδε
3120 5046 3317 5115 λέγων,
3377 5061 3497 5113 qua:

1918 5132 2041 5171 cum
2076 5118 2360 5183 evidenter
2382 5128 2631 5183 corrupta
2668 5117 2799 5179 sint,
2845 5116 3158 5169 Boherellns
3206 5118 3494 5183 legendum

1914 5196 2085 5254 putat,
2119 5181 2201 5249 οἷς
2245 5186 2417 5256 Ἰησοῦ
2444 5181 2615 5239 εἵλετο
2642 5189 2670 5239 ὁ
2701 5186 2769 5240 τὰ
2804 5187 2980 5239 τοιάδε
3014 5186 3219 5254 λέγων,
3255 5181 3493 5256 δαίμοσι.

1912 5259 1966 5309 ld
2010 5268 2113 5319 est,
2154 5260 2223 5310 iis
2269 5274 2397 5320 quos
2455 5257 2583 5310 Jesu
2632 5256 2842 5326 pra'fert
2896 5257 2984 5309 ille
3031 5259 3122 5326 qui
3164 5258 3295 5309 talia
3344 5260 3496 5320 dicit,

1913 5327 2258 5380 dwmonibus.
2300 5327 2411 5395 Ego
2453 5343 2579 5380 veto
2624 5329 2739 5381 hate
2798 5328 2825 5378 6
2876 5327 3081 5396 Ἰησοῦς
3132 5326 3303 5378 εἵλετο
3345 5328 3373 5378 6
3428 5327 3499 5381 τὰ

1913 5397 2090 5450 τοιάδε
2121 5397 2314 5466 λέγων,
2364 5406 2420 5449 ιιι
2464 5398 2645 5464 spuria
2700 5407 2753 5450 et
2798 5399 3104 5466 peregrina,
3172 5396 3494 5465 negligenda

1915 5482 2036 5520 esse
2066 5469 2335 5521 duxerim.
2400 5467 2563 5521 Forte
2603 5469 2746 5520 istud
2796 5469 2848 5519 in
2906 5468 3148 5535 margine
3182 5466 3360 5518 luerat
3396 5466 3501 5518 ali-

1915 5538 2132 5606 quando
2166 5539 2503 5597 adnotatum,
2554 5546 2607 5590 et
2641 5548 2825 5606 postea
2886 5536 2936 5606 in
3000 5545 3205 5590 textum
3234 5537 3494 5606 irrepsit.

1915 5605 2077 5659 Certe
2101 5622 2128 5658 a
2155 5607 2380 5661 Gelenio
2407 5623 2509 5660 non
2538 5604 2871 5675 agnuscitur.
2892 5605 3057 5659 Paulo
3085 5616 3206 5673 post
3233 5604 3499 5658 llaasche-

1919 5676 2020 5731 lius
2049 5676 2103 5730 in
2136 5686 2280 5731 textu
2314 5678 2493 5742 habet,
2532 5678 2622 5745 ὑφ’
2652 5676 2880 5734 ἑκάστου
2912 5675 3386 5745 ὑποδαλλομένων.
