3920 6158
312 289 443 342 1617
1440 276 1720 332 CONTRA
1755 275 1860 330 CEI

2017 275 2030 330 Ι
2059 275 2186 332 LIB.
2225 275 2362 330 Vl".
3426 273 3565 327 1618

303 401 550 471 δύναμις,
582 401 800 472 ὑμνεῖτε
831 398 937 469 (69)
965 398 1055 450 τὸν
1081 396 1302 466 Πατέρα
1348 395 1440 448 καὶ
1481 396 1572 448 τὸν
1617 397 1851 466 Δημιουρ

2011 408 2255 449 ιτοοηυιη
2292 389 2592 447 hisfabulis
2616 390 2811 444 involvi
2845 389 3136 454 voluerint,
3163 389 3276 444 sive
3306 404 3435 454 non,
3468 406 3559 445 ar-

303 491 397 557 γὸν
441 489 535 542 τοῦ
596 488 816 551 παντός.
859 487 1089 556 Ἀθηνᾶν
1143 485 1251 554 (70)
1303 483 1485 553 μέντοι
1544 484 1678 554 μετὰ
1729 485 1851 554 ἡλίο¹

2013 497 2186 540 natam
2221 499 2287 538 ex
2313 481 2462 538 Jovis
2477 483 2654 552 capite
2675 483 2972 551 prodiisse;
2999 481 3235 536 evasisse
3257 496 3286 535 e
3313 483 3561 539 manibus

302 579 637 649 τασσομένην
672 577 1076 648 ὲμυθοποίησαν
1114 576 1162 628 οἱ
1200 573 1464 644 Ἑλλήνων
1489 573 1656 641 λόγοι,
1704 573 1850 625 εἴτ’ὲ

2007 573 2216 630 ‘iulcani
2253 574 2426 643 ipsam
2457 573 2797 642 insequentis
2813 580 2874 626 ut
2899 571 3267 638 virginitatem
3290 573 3555 642 eriperet;

303 669 595 732 ὑπονοίαις,
617 667 727 721 εἴτε
747 669 914 738 χωρὶς
942 665 1226 729 ὑπονοιῶν,
1257 666 1556 732 φάσκοντες
1581 665 1644 716 ὲκ
1669 664 1766 731 τῆς
1789 681 1849 716 το

2009 665 2082 718 .ed
2119 677 2304 718 semen
2357 664 2500 732 quod
2535 679 2601 719 ex
2649 661 2896 717 Vulcano
2935 663 2987 716 vi
3024 661 3266 716 libidinis
3316 663 3557 719 elicitum

304 761 422 825 Διὸς
448 758 806 828 γεγεννῆσθαι
833 757 1092 827 κεφαλῆς,
1122 755 1611 825 καθωπλισμένην
1645 755 1737 806 καὶ
1760 755 1852 806 διω

2011 771 2041 808 n
2099 763 2305 810 terram
2362 755 2654 819 ceciderat,
2713 755 2890 823 ipsam
2947 754 2998 807 in
3036 753 3246 808 deliciis
3284 754 3555 822 habuisse,

304 851 539 920 κομένην
585 851 705 902 τότε
752 847 862 918 (7-1)
909 848 1014 900 ὑπὸ
1057 847 1151 900 τοῦ
1199 846 1516 914 Ἡφαίστου,
1564 844 1851 916 βουλομένο

1571 844 1884 915 βουλομένου
1987 845 2320 901 enutrivisse
2345 854 2402 898 et
2428 860 2656 900 vocasse
2685 844 3119 900 Erichthonium.

303 946 472 1014 αὐτῆς
512 945 728 1013 φθεῖραι
777 943 874 1014 τὴν
914 943 1234 1014 παρθενίαν,
1275 940 1666 1010 ἐκπεφευγέναι
1730 941 1826 1010 μὲν
1877 939 2058 1003 αὑτὸν,
2103 939 2201 1011 τὴν
2226 940 2282 992 δὲ
2330 942 2394 994 ὲκ
2431 940 2529 1010 τῆς
2571 939 2864 1010 ἐπιθυμίας
2902 938 3171 994 πεσοῦσαν
3197 940 3292 993 ἐπὶ
3321 940 3422 1012 τὴν
3457 941 3559 1012 γῆν

301 1040 464 1111 οορὴν
510 1040 873 1110 ἁγαπήσασαν
925 1038 1218 1109 ἐκθρέψαι,
1269 1037 1574 1090 καλέσασαν
1625 1034 1969 1106 Ἐριχθόνιον·

584 1133 816 1188 .....Τόν
845 1145 1008 1194 ποτε,
1041 1131 1233 1198 φασὶν
1258 1129 1391 1252 (72),
1437 1127 1654 1194 Ἀθήνη

584 1199 685 1252 udo
727 1200 1008 1252 θυγάτηρ.
1044 1200 1177 1252 τέκε
1221 1199 1256 1252 δ
1335 1198 1603 1252 ζείδωρος
1631 1199 1872 1252 ἄρουρα.
1989 1201 2130 1252 Nulr

2271 1145 2533 1198 .....quem
2568 1129 2715 1194 olim,
2749 1136 2805 1182 ut
2837 1128 3024 1197 fertur,
3069 1127 3306 1183 Minerva

1758 1215 1872 1252 ma.
1989 1201 2042 1252 Ν
2048 1200 2218 1252 ulrivit
2241 1200 2385 1252 Jovis
2417 1199 2552 1252 ﬁlia.
2571 1201 2764 1252 venerit
2788 1210 2962 1251 autent
2988 1199 3128 1251 alma
3154 1199 3306 1252 Tellu.

301 1200 511 1268 Θρέψε,
550 1199 685 1264 Διὸς
727 1200 1008 1269 θυγάτηρ,
1044 1200 1177 1254 τέκε
1221 1198 1288 1252 δὲ
1335 1198 1603 1266 ζείδωρος
1631 1199 1849 1267 ἄρουρα

1862 1237 1872 1250 .
1989 1200 2218 1254 Nulrivit
2241 1200 2385 1254 Jovis
2415 1199 2552 1267 ﬁlia,
2571 1201 2764 1268 peperit
2788 1210 2962 1251 autent
2988 1199 3128 1251 alma
3154 1199 3328 1253 Tellus
3345 1201 3410 1255 ".

299 1315 408 1366 Καὶ
455 1314 670 1385 ὁρῶμέν
715 1331 800 1382 γε,
827 1316 908 1368 ὅτι
955 1314 1032 1384 τῷ
1096 1315 1437 1386 προσιεμένῳ
1485 1314 1584 1386 τὴν
1622 1314 1847 1383 Ἀθηνᾶν

2011 1311 2146 1381 192
2170 1311 2347 1381 Atque
2371 1312 2496 1366 hinc
2525 1320 2696 1379 patet,
2733 1310 3039 1365 admittenti
3071 1310 3365 1367 Minervam
3411 1312 3559 1370 Jovis

297 1407 418 1466 Διὸς
442 1404 735 1475 θυγατέρα,
768 1404 997 1466 πολλοὺς
1026 1403 1224 1470 μύθους
1251 1405 1345 1456 καὶ
1373 1405 1664 1474 πλάσματα
1704 1420 1845 1474 παρα

2007 1403 2168 1464 iliam,
2230 1403 2490 1470 plurimas
2545 1404 2756 1457 fabulas
2817 1409 2871 1456 et
2925 1401 3179 1470 ﬁgmenta
3227 1404 3555 1461 admittenda

296 1497 511 1549 δεκτέον
541 1497 653 1568 (75)
674 1515 685 1526 ·
715 1497 807 1560 οὓς
833 1499 932 1550 οὑκ
963 1497 1025 1550 ἂν
1061 1499 1418 1568 παραδέχοιτο
1454 1500 1482 1551 ὁ
1527 1497 1741 1566 φεύγων
1779 1497 1844 1566 μὲ

2009 1509 2116 1554 sse.
2157 1509 2300 1562 quae,
2331 1495 2421 1563 qui
2473 1493 2682 1549 fabulas
2735 1493 2869 1563 fugit
2920 1503 2974 1548 et
3021 1496 3214 1562 quaerit
3243 1497 3555 1564 veritatem,

301 1587 522 1656 μύθους,
554 1588 732 1658 ζητῶν
759 1588 804 1641 δ’
832 1590 1108 1659 ἀλήθειαν.

1084 1612 1108 1643 ι,
1982 1600 2257 1653 nunquam
2305 1584 2632 1652 probaverit.

374 1681 488 1732 Ἵνα
533 1681 589 1734 δὲ
632 1682 726 1734 καὶ
776 1684 1170 1755 τροπολογῆται
1217 1686 1310 1738 καὶ
1353 1685 1576 1754 λέγηται
1618 1684 1876 1755 φρόνησις
1912 1685 1922 1741 Ι

2054 1679 2142 1732 67.
2166 1679 2232 1733 Ut
2261 1689 2442 1733 autem
2473 1679 2584 1733 haec
2607 1679 2893 1749 allegorice
2925 1689 3236 1747 narrentur,
3271 1681 3556 1736 Minervae-

297 1769 435 1827 εἶναι
469 1775 502 1844 ἡ
543 1774 759 1845 Ἀθηνᾶ,
788 1778 1192 1847 παραστησόιτω
1217 1795 1300 1840 τις
1327 1779 1495 1847 αὐτῆς
1519 1777 1618 1848 τὴν
1645 1777 1845 1829 ὑπόστα

2019 1786 2084 1826 ue
2112 1773 2330 1826 nomine
2364 1771 2702 1842 intelligatur
2744 1772 3056 1840 prudentia,
3093 1774 3410 1829 ostendatur
3443 1774 3557 1843 ejus

298 1882 402 1932 σιν,
432 1867 524 1917 καὶ
545 1866 644 1936 τὴν
668 1866 878 1930 οὐσίαν,
924 1868 999 1930 ὡς
1045 1869 1413 1940 ὑφεστηκυίας
1451 1867 1589 1921 κατὰ
1619 1868 1716 1939 τὴν
1757 1884 1846 1938 τρο

2012 1872 2029 1915 t
2061 1861 2404 1916 subsistentia
2430 1871 2488 1917 et
2533 1871 2747 1924 natura,
2795 1871 2983 1932 utpote
3015 1880 3120 1932 qua
3148 1865 3263 1920 haec
3298 1866 3555 1936 allegoria

297 1955 552 2025 πολογίαν
576 1956 794 2028 ταύτην.
831 1959 893 2010 Εἰ
931 1959 987 2010 δὲ
1025 1961 1118 2012 καὶ
1142 1960 1342 2029 ἀρχαία
1369 1977 1451 2022 τις
1481 1959 1744 2028 γενομένη
1785 1957 1845 2010 ἄν

2008 1954 2192 2007 ιὶῑὶιυτ.
2221 1953 2376 2019 Quod
2417 1953 2459 2006 si
2493 1952 2732 2008 Minerva
2774 1955 2949 2022 prisca
2988 1955 3183 2009 mulier
3230 1957 3333 2011 fuit
3385 1972 3556 2026 eaque

296 2047 511 2119 θρωπος
551 2049 582 2118 ὴ
622 2048 820 2119 Ἀθηνᾶ
868 2051 1175 2120 τετίμηται,
1229 2051 1579 2122 παραδόντων
1620 2049 1729 2121 (74)
1763 2051 1844 2102 τοῖ

2011 2043 2120 2096 ultu
2165 2043 2364 2096 donata
2403 2043 2470 2095 ab
2511 2042 2600 2105 iis,
2636 2041 2726 2109 qui
2784 2042 3042 2110 mysteria
3095 2045 3557 2112 ca‘remoniasque

296 2143 628 2213 ὑποχειρίοις
658 2145 932 2214 μυστήρια
961 2145 1054 2198 καὶ
1080 2144 1322 2206 τελετὰς,
1362 2145 1470 2197 τῶν
1512 2142 1844 2214 βουληθέντω

2007 2135 2087 2186 uis
2111 2133 2341 2187 subditis
2363 2134 2782 2201 prazscribentes
2805 2132 3056 2186 Minervae
3077 2141 3270 2188 nomen
3299 2144 3552 2205 tanquam

293 2235 463 2303 αὑτῆς
487 2235 546 2287 τὸ
572 2234 742 2305 ὄνομα
773 2236 924 2307 παρὰ
956 2236 1264 2307 ἀνθρώποις
1314 2237 1388 2300 ὡς
1436 2234 1570 2288 Θεοῦ
1615 2233 1835 2306 ᾄδεσθαι

2009 2240 2085 2278 eae
2110 2224 2376 2280 celebrari
2396 2225 2534 2291 apud
2567 2225 2817 2277 homines
2847 2227 3135 2278 voluerunt
3155 2241 3168 2288 ;
3186 2227 3357 2280 multo
3378 2227 3553 2281 minus

203 2369 206 2372 .
294 2323 472 2392 πολλῷ
509 2324 704 2392 μᾶλλον
744 2325 803 2376 οὐ
851 2325 956 2395 χρὴ
1007 2325 1244 2394 ὑμνῆσαι
1274 2325 1368 2375 καὶ
1393 2323 1467 2386 ὡς
1495 2322 1615 2375 θεὸν
1653 2321 1751 2384 δοξί

2000 2316 2272 2370 ᾶίηθτνιιιη
2309 2315 2532 2368 laudare
2570 2323 2622 2368 et
2651 2315 2884 2367 uideam
2920 2315 3163 2367 venerari
3210 2317 3365 2368 nobis
3404 2317 3548 2379 licet,

292 2413 390 2484 τὴν
430 2412 676 2484 Ἀθηνᾶν,
719 2413 772 2465 εί
793 2431 857 2480 γε
881 2413 1001 2465 οὐδὲ
1037 2413 1126 2465 τὸν
1166 2411 1482 2482 τηλικοῦτον
1519 2409 1667 2479 ἥλιον
1709 2424 1840 2478 προσ

2001 2407 2166 2474 nribus
2194 2421 2385 2475 nempe
2418 2405 2737 2473 pra-clarum
2766 2406 2907 2458 hunc
2927 2404 3095 2458 solem
3121 2407 3354 2460 adorare
3376 2406 3549 2472 nefas,

294 2507 476 2558 κυνεῖν
509 2507 640 2575 ἡμῖν
687 2506 861 2576 θέμις,
917 2505 1021 2559 κᾶν
1066 2503 1401 2574 εὐφημῶμεν
1443 2504 1624 2556 αὑτόν.
1667 2502 1841 2556 Κέλσο

2001 2499 2225 2567 [υειιινίε
2259 2498 2408 2550 illum
2445 2496 2800 2550 celebremus.
2846 2496 2924 2551 Ac
2967 2495 3159 2552 Celsus
3185 2498 3403 2564 quidem
3454 2499 3549 2564 ait,

298 2596 395 2665 μὲν
419 2591 510 2649 οὖν
536 2613 686 2666 φησι,
714 2596 954 2665 μᾶλλον
982 2595 1182 2649 δοκεῖν
1216 2593 1372 2664 ἡμᾶς
1397 2595 1598 2648 σέϐειν
1640 2593 1747 2647 τὸν
1776 2592 1846 2662 μιέ

2005 2606 2090 2643 um
2122 2590 2301 2660 hymni
2323 2587 2575 2642 Minerva:
2597 2598 2641 2640 et
2669 2587 2766 2640 soli
2795 2597 3079 2648 canuntur,
3110 2604 3353 2658 magnum
3386 2588 3551 2641 Deum

295 2704 408 2755 γαν
461 2688 628 2749 Θεὸν,
676 2687 754 2741 ἂν
796 2687 894 2741 καὶ
948 2687 1125 2752 ἣλιον
1165 2686 1265 2740 καὶ
1305 2685 1550 2753 Ἀθηνᾶν
1575 2685 1843 2754 ὑμνῶμεν

2003 2683 2140 2751 magis
2166 2681 2269 2734 coli
2297 2681 2481 2734 videri.
2537 2684 2606 2734 At
2636 2695 2732 2734 nos
2756 2691 2942 2733 contra
2980 2695 3099 2735 esse
3127 2681 3349 2736 scimus.
3387 2681 3551 2752 Hym-

303 2778 496 2846 Ἡμεῖς
525 2780 581 2831 δὲ
607 2778 666 2830 τὸ
690 2778 928 2830 ἐναντίον
959 2777 1137 2848 ἴσμεν.
1171 2779 1412 2847 ’Ύμνους
1442 2777 1549 2848 γὰρ
1591 2780 1669 2840 είς
1715 2778 1851 2848 μόνοι

2010 2790 2070 2825 us
2100 2773 2243 2826 enim
2281 2772 2528 2825 canimus
2563 2771 2661 2824 soli
2689 2786 2900 2823 summo
2927 2771 3035 2826 Deo
3059 2780 3113 2827 et
3139 2772 3411 2842 unigenito
3435 2773 3550 2841 ejus

293 2869 382 2920 τὸν
405 2871 494 2922 ἐπὶ
523 2872 655 2922 πᾶσι
678 2870 908 2938 λέγομεν
946 2869 1098 2931 Θεὸν,
1135 2869 1229 2921 καὶ
1272 2870 1363 2921 τὸν
1406 2870 1663 2939 μονογενῆ
1706 2870 1841 2922 αὑτοῖ

2000 2862 2150 2918 v’erbo
2173 2871 2333 2932 atque
2359 2863 2465 2915 Deo
2491 2879 2504 2926 ;
2538 2873 2591 2916 et
2617 2863 2895 2916 laudamus
2928 2865 3092 2916 Deum
3117 2872 3170 2918 et
3199 2863 3548 2934 Unigcnitum

293 2960 464 3027 Λόγον
498 2963 589 3013 καὶ
614 2959 743 3011 Θεόν
773 2959 915 3028 (7ὕ)·
948 2961 1039 3012 καὶ
1069 2961 1096 3011 ὑ
1107 2959 1342 3030 μνοῦμέν
1375 2976 1437 3027 γε
1467 2959 1596 3011 Θεὸν
1644 2959 1741 3012 καὶ
1782 2958 1839 3012 τὸ

2001 2954 2088 3021 jus
2118 2956 2308 3009 eodem
2345 2955 2527 3019 modo,
2559 2970 2622 3008 ac
2642 2954 2742 3016 sol,
2767 2964 2820 3006 et
2853 2955 3000 3019 luna,
3028 2966 3081 3008 et
3122 2956 3313 3019 stellae,
3357 2967 3412 3010 et
3443 2969 3549 3010 tota

293 3048 569 3118 Μονογενῆ
617 3047 803 3111 αὑτοῦ,
850 3048 925 3112 ὡς
975 3049 1068 3100 καὶ
1116 3046 1302 3119 ἥλιος,
1355 3048 1447 3100 καὶ
1499 3047 1724 3118 σελήνη,
1780 3064 1841 3099 κα

2009 3043 2215 3098 adestis
2245 3043 2458 3097 militia.
2514 3044 2586 3097 Ex
2618 3045 2701 3098 his
2733 3044 2877 3098 enim
2914 3045 3167 3099 oninibus
3193 3047 3408 3100 divinus
3426 3062 3551 3101 cen-

292 3139 486 3211 ἄστρα,
515 3142 608 3193 καὶ
647 3141 795 3192 πᾶσα
839 3141 870 3209 ἡ
910 3139 1133 3209 οὐρανία
1178 3139 1423 3208 στρατιά.
1463 3137 1719 3209 ’Υμνοῦσι
1764 3137 1835 3206 γὰ

2009 3143 2081 3187 tat
2119 3139 2342 3198 chorus,
2403 3135 2646 3204 quicum
2702 3135 2864 3203 jUstis
2917 3137 3223 3191 hominibus
3280 3152 3549 3194 summum

293 3225 490 3287 πάντες
519 3218 687 3289 οὗτοι,
716 3225 856 3288 θεῖος
881 3226 1033 3288 ὅντες
1057 3226 1234 3296 χορὸς,
1269 3225 1406 3296 μετὰ
1435 3227 1542 3279 τῶν
1571 3228 1626 3279 ὲν
1658 3225 1840 3298 ἀνθρώ

2001 3230 2144 3281 )eum
2163 3227 2385 3296 ejuSQue
2402 3228 2750 3298 Unigenitum
2775 3228 2991 3297 hymnis
3021 3229 3280 3285 celebrat.
3305 3231 3549 3286 lllicitum

293 3333 414 3379 ποις
457 3315 680 3368 δικαίων
715 3315 804 3368 τὸν
843 3317 932 3368 ἐπὶ
972 3319 1106 3368 πᾶσι
1154 3317 1286 3370 Θεὸν
1331 3319 1423 3371 καὶ
1461 3319 1550 3372 τὸν
1594 3321 1841 3388 Μονογεν⁵

2007 3334 2092 3372 sse
2114 3319 2484 3387 juramentum
2513 3335 2608 3389 per
2632 3321 2927 3374 humanum
2954 3335 3159 3390 regem,
3192 3334 3283 3377 aut
3305 3337 3402 3392 per
3432 3320 3551 3392 ejus

293 3407 476 3460 αὑτοῦ.
520 3405 857 3476 Προείπομεν
888 3407 984 3477 μὲν
1015 3402 1127 3470 οὖν,
1162 3409 1235 3478 μὴ
1279 3409 1388 3460 δεῖν
1427 3409 1652 3478 ὀμνύναι
1698 3412 1786 3464 τὸν
1814 3413 1838 3462 ὲ

2002 3419 2272 3473 orluuam,
2331 3419 2390 3462 ut
2438 3411 2756 3480 loquuntur,
2799 3414 2912 3482 jam
2962 3425 3088 3467 ante
3136 3415 3391 3468 diximus.
3436 3414 3550 3468 Non

293 3497 597 3567 ἀνθρώποις
624 3497 866 3568 βασιλέα,
887 3497 919 3568 ἢ
945 3497 1042 3568 τὴν
1066 3498 1470 3570 ὀνομαζομένην
1488 3500 1658 3572 τύχην
1683 3502 1841 3555 αὑτοῦ

1995 3499 2138 3567 gitur
2159 3514 2386 3554 necesse
2406 3509 2489 3554 est
2509 3501 2610 3554 hoc
2642 3517 2669 3554 a
2697 3505 2854 3558 nobis
2870 3505 3128 3556 refutari:
3158 3503 3339 3573 Neque
3357 3508 3543 3558 etiam-

292 3591 383 3643 Διὸ
433 3590 531 3644 οὑκ
574 3592 867 3658 ἀναγκαῖον
913 3591 1058 3660 ἡμᾶς
1102 3590 1262 3644 πάλιν
1312 3591 1689 3660 ἀπολογεῖσθαι
1735 3593 1839 3664 πρὸ

2002 3591 2018 3641 i
2079 3607 2171 3658 per
2230 3591 2516 3643 humanum
2566 3609 2734 3662 regem
2786 3595 2975 3662 jurare
3001 3594 3187 3662 jussus
3223 3595 3408 3662 fueris.
3449 3598 3546 3648 hoc

289 3682 382 3735 τό·
410 3682 537 3735 Κᾶν
565 3683 634 3735 ἐν
657 3683 987 3750 ἀνθρώποις
1030 3682 1300 3747 βασιλέα
1344 3685 1610 3753 κελεύσῃ
1655 3686 1729 3738 σέ
1780 3703 1830 3739 τι

1997 3681 2174 3733 nulum
2201 3692 2297 3733 est.
2333 3680 2442 3750 Ipsi
2472 3683 2607 3734 enim
2630 3685 2880 3736 traditum
2907 3683 3006 3751 fuit
3041 3684 3297 3753 quidquid
3319 3687 3373 3737 in
3406 3697 3545 3738 terra

242 3773 684 3842 ’ἐρχωμοτεῖν,
755 3771 897 3826 οὐδὲ
953 3771 1126 3826 τοῦτο
1189 3773 1405 3828 δεινόν,
1466 3774 1701 3828 Δέδοται
1761 3795 1790 3844 γ

1998 3784 2071 3826 'st.
2108 3770 2174 3824 Et
2209 3775 2467 3842 quidquid
2501 3773 2554 3827 in
2593 3775 2690 3827 hac
2720 3777 2826 3828 vita
2858 3777 3077 3844 accipis,
3117 3783 3180 3828 ab
3215 3775 3306 3830 illo
3331 3777 3546 3844 accipis.

290 3863 479 3926 τούτῳ
519 3863 592 3918 τὰ
639 3863 736 3916 ἐπὶ
764 3861 908 3932 γῆς·
956 3863 1053 3916 καὶ
1096 3863 1183 3916 ὅτι
1225 3864 1302 3917 ἂν
1326 3863 1639 3934 λαμϐάνῃς
1677 3866 1745 3918 ἐν
1792 3883 1838 3918 τι

1999 3865 2090 3916 \‘un
2128 3873 2306 3918 autem
2337 3879 2434 3919 nos
2466 3865 2700 3920 dicimus
2736 3869 2843 3937 regi
2876 3869 3098 3922 omnino
3130 3869 3307 3921 omnia
3345 3883 3464 3936 quae
3495 3867 3547 3921 in

285 3952 421 4017 βίῳ,
474 3954 634 4020 παρὰ
680 3953 892 4004 τούτου
938 3953 1282 4024 λαμϐάνεις.
1333 3954 1520 4024 Ἡμεῖς
1563 3954 1619 4005 δέ
1668 3971 1833 4024 φαμει

1997 3971 2119 4010 erra
2163 3959 2434 4011 suntdata
2478 3974 2621 4022 esse,
2656 3968 2751 4013 aut
2776 3961 2844 4012 ab
2885 3961 2973 4015 illo
3005 3961 3173 4030 accipi
3200 3961 3459 4029 quidquid
3497 3962 3545 4014 in

300 4045 380 4095 ὅτι
405 4044 463 4094 οὑ
490 4045 664 4114 πάντη
691 4045 894 4097 δέδοται
925 4045 1093 4115 τούτῳ
1118 4045 1186 4098 τὰ
1225 4046 1316 4097 ἐπὶ
1341 4045 1444 4113 γῆς
1470 4045 1593 4096 ὅλα·
1625 4044 1732 4096 οὐδ’
1761 4046 1787 4097 ὃ
1817 4063 1846 4096 τ

1999 4063 2074 4100 Iac
2110 4048 2222 4100 vita
2285 4049 2573 4117 accipitur.
2614 4050 2721 4104 Deo
2764 4051 2909 4104 enim
2945 4061 2999 4104 et
3037 4051 3153 4120 ejus
3198 4053 3547 4120 providentia:

298 4133 363 4185 ἂν
388 4133 750 4204 λαμϐάνωμεν
774 4136 830 4186 ἐν
853 4135 929 4204 τῷ
958 4135 1076 4205 βίῳ,
1103 4135 1251 4204 παρὰ
1286 4133 1474 4185 τούτου
1501 4133 1845 4204 λαμϐάνομεν

1997 4144 2252 4205 leceptum
2284 4138 2566 4192 referimus
2593 4139 2854 4207 quidquid
2874 4139 3021 4209 juste
3048 4149 3099 4193 et
3139 4141 3364 4193 honeste
3398 4141 3545 4194 acci-

292 4225 524 4288 Δικαίως
547 4224 656 4295 γὰρ
694 4228 786 4277 καὶ
827 4225 1004 4288 καλῶς
1042 4225 1426 4295 λαμϐάνοντες,
1472 4227 1577 4278 ἀπὸ
1615 4231 1706 4279 τοῦ
1735 4230 1840 4280 Θεοη

1997 4231 2186 4294 nimus;
2224 4231 2526 4297 cujusmodi
2552 4241 2677 4284 sunt
2705 4233 2864 4286 mites
2893 4231 3120 4296 fructus,
3156 4233 3308 4299 panis
3335 4249 3425 4284 cor
3452 4234 3545 4286 Ιιο-

292 4317 382 4367 καὶ
424 4317 522 4385 τῆς
567 4317 819 4387 προνοίας
863 4316 1024 4368 αὑτοῦ
1070 4315 1447 4386 λαμϐάνομεν·
1494 4312 1604 4369 οἷον
1633 4319 1836 4389 ἡμέρου

1995 4320 2129 4371 ninis
2157 4320 2500 4387 conﬁrmans,
2553 4322 2733 4374 suavis
2785 4323 2925 4384 vitis,
2956 4331 3002 4374 et
3055 4322 3225 4374 vinum
3275 4321 3543 4388 la'ti/icans

291 4379 567 4476 καρποὺς,
606 4379 700 4458 καὶ
743 4379 924 4473 ἄρτον
963 4379 1328 4472 στηρίᾷντα
1363 4403 1614 4472 καρδίαν

1994 4425 2064 4459 :or
2093 4408 2320 4462 hominis
2353 4411 2418 4463 ’⁷.
2451 4411 2556 4463 Sed
2592 4421 2646 4465 et
2681 4412 2837 4465 olivae
2873 4411 3078 4465 fructus
3125 4413 3314 4480 faciem
3346 4413 3399 4465 in
3434 4413 3542 4467 oleo

288 4514 423 4559 που,
467 4497 563 4550 καὶ
606 4496 722 4566 τὴν
752 4496 1030 4566 προσηνῆ
1077 4497 1367 4565 ἄμπελον,
1406 4495 1505 4550 καὶ
1550 4492 1717 4550 οἶνον
1765 4500 1831 4551 εὺ

1597 4492 1717 4550 Γνον
1765 4500 1863 4551 εὺ-
1973 4501 2261 4552 Iiilarantes
2293 4501 2558 4555 habemus
2587 4518 2616 4554 a
2665 4501 2754 4557 Dei
2787 4504 3145 4570 providentia.

287 4591 612 4656 φραίνοντα
663 4589 917 4655 καρδίαν
965 4587 1278 4655 ἀνθρώπου
1332 4588 1465 4658 (76).
1497 4586 1655 4641 Ἀλλὰ
1683 4590 1776 4642 καὶ
1806 4591 1926 4667 τοὺς
1966 4591 2061 4660 τῆς
2101 4590 2285 4655 ἐλαίας
2335 4595 2576 4662 καρποὺς
2623 4595 2728 4646 ἀπὸ
2773 4594 2874 4664 τῆς
2923 4594 3177 4664 προνοίας
3215 4596 3406 4665 ἔχομεν
3450 4595 3545 4649 τοῦ

289 4683 445 4744 (θεοῦ,
479 4682 572 4736 τοῦ
603 4681 851 4754 ἱλαρῦναι
879 4681 1168 4753 πρόσωπον
1196 4682 1251 4733 ἐν
1279 4680 1460 4751 ἐλαίῳ.

357 4771 470 4826 Εἶθ’
523 4775 649 4846 ἑξῆς
694 4791 856 4846 φησιν
901 4778 928 4828 ὁ
981 4773 1204 4837 Κέλσος,
1242 4774 1322 4826 ὅτι
1363 4774 1422 4826 οὑ
1477 4774 1580 4845 χρὴ
1619 4776 1862 4831 ἀπιστεῖν

2045 4776 2132 4831 68.
2164 4775 2365 4830 Deinde
2395 4776 2468 4828 ait
2495 4776 2683 4831 Celsus
2712 4777 2869 4831 iidem
2896 4777 3118 4847 antiquo
3135 4779 3252 4832 viro
3283 4779 3547 4846 abrogan-

290 4866 443 4934 ἀνδρὶ
470 4868 698 4938 ἀρχαίῳ,
729 4868 891 4921 πάλαι
923 4866 1231 4936 προειπόντι
1257 4865 1316 4918 τό
1334 4884 1346 4896 ο

1108 4866 1231 4919 τόντι
1257 4865 1346 4918 τό-
1968 4870 2090 4922 dam
2130 4884 2235 4922 non
2273 4883 2393 4922 esse
2423 4868 2656 4923 dicenti:

374 5033 418 5062 ²⁶
458 5029 610 5085 lliad.
638 5032 725 5097 B’,
761 5033 862 5087 547
897 5044 950 5088 et
993 5035 1121 5092 548.
1197 5035 1241 5066 ’⁷
1281 5035 1424 5089 Psal.
1461 5050 1552 5090 cm
1579 5078 1593 5102 ,
1631 5036 1717 5090 15.

509 5193 850 5272 liteschelius
884 5198 1692 5272 in7te._xtu_,7v.'ipvoﬁvra7,7male.

2034 5202 2146 5271 (74)
2195 5203 2608 5272 Παραδόντων.
2649 5204 2739 5260 Sic
2769 5219 2874 5258 una
2918 5217 3048 5258 voce
3098 5203 3437 5259 llaeschelius
3485 5216 3538 5259 et

362 5264 473 5332 (70)
526 5264 790 5338 eamea
815 5275 919 5319 etc.
950 5267 1078 5322 Vide
1105 5264 1411 5338 Didymum,
1447 5269 1848 5325 llomeriinler-

1548 5269 1848 5325 neriinler-
1962 5264 2093 5326 mss.
2129 5264 2435 5338 Spencerus
2461 5286 2662 5338 autem,
2693 5275 2843 5338 παρὰ
2873 5274 3091 5326 δόντων.

291 5333 830 5413 ΡτίῗξίῗφαῖίίπάιῙῗθ
1066 5405 1100 5413 -
1144 5407 1157 5413 -
1209 5333 1224 5338 ⁷
1279 5407 1310 5413 -.
1501 5409 1512 5413 -

2036 5333 2365 5412 (75l'Mss.,
2403 5345 2574 5413 Λόγον
2620 5333 2713 5397 καὶ
2766 5333 2916 5396 Θεόν.
2960 5341 3113 5394 Libb.
3173 5351 3326 5395 antea
3382 5343 3531 5407 editi,

360 5406 471 5480 (ῃ)
503 5407 660 5480 Ides.
698 5405 877 5458 Malim
913 5420 1032 5480 cum
1066 5405 1350 5480 thcrello
1379 5409 1550 5480 iro-re.
1678 5478 1686 5480 7
1746 5479 1756 5480 7

764 5405 877 5458 dim
913 5420 1032 5480 cum
1066 5405 1350 5480 thcrello
1379 5409 1550 5480 ποτέῇ
1678 5478 1686 5480 7
1746 5479 1756 5480 7
1959 5405 2091 5466 Θεδν
2126 5413 2312 5480 Λόγον.

360 5476 471 5546 (72)
504 5476 625 5554 Τότε
650 5491 814 5537 ποτε,
862 5475 1073 5543 φασιν.
1105 5476 1210 5554 Sic7
1233 5493 1362 5532 mss.
1412 5487 1467 5530 et
1511 5477 1851 5554 llmscbelius

2033 5484 2143 5554 (76)
2172 5475 2278 5537 Καὶ
2315 5483 2428 5550 τὴν
2451 5481 2735 5554 προσηνῆ
2773 5483 3065 5554 ἄμπελον,
3109 5480 3206 5554 καὶ
3237 5476 3406 5533 οἶνον
3431 5483 3531 5554 ετξ..

290 5548 342 5597 in
373 5555 544 5620 testu,
595 5547 899 5620 Spencerus
954 5548 1242 5620 a7uteni,_6v
1295 5563 1444 5620 ποτε,
1482 5547 1662 5620 φασίν.
1709 5619 1725 5620 7

1983 5547 2288 5620 ορὶιίνοντα
2321 5547 2573 5620 καρδίαν
2607 5547 2937 5619 ἀνθρώπου.
2984 5552 3108 5604 Haec
3145 5553 3195 5603 in
3233 5559 3389 5604 antea
3419 5552 3531 5603 edi-

361 5617 473 5682 (75)
511 5609 940 5690 Παραδεκτέον.
975 5613 1048 5690 Ita
1083 5609 1252 5673 codex
1301 5609 1648 5673 Basileensis.
1708 5619 1852 5675 Libri
1961 5609 2035 5675 iis
2069 5609 2472 5683 desiderantur.
2501 5623 2593 5675 sed
2631 5624 2683 5672 in
2713 5609 2969 5674 omnibus
3001 5621 3343 5690 reperiuntur
3396 5636 3532 5675 mss.

291 5699 470 5740 autem
499 5689 647 5754 ed.ti,
691 5686 1107 5756 παρεκδεκτέον.

1965 5711 2015 5752 et
2045 5712 2197 5752 metu!
2231 5699 2446 5762 Origeui
2486 5691 2835 5746 restituenda.
