3920 6158
459 313 602 370 1619

531 428 678 485 Unus
703 429 773 482 sit
805 443 915 492 rex,
949 427 1035 480 cui
1068 427 1213 481 dedit
1235 425 1380 493 ﬁlius
1417 426 1638 482 Saturni
1666 426 1857 483 versuti
1888 426 1955 480 ⁸⁸.

530 545 825 614 Additque:
847 542 962 596 Hoc
984 542 1029 595 si
1052 542 1241 611 dogma
1265 541 1588 607 convelleris,
1619 542 1830 596 meritas
1849 557 2023 609 pamas

463 645 568 712 regi
594 642 767 696 dabis.
796 640 936 693 Nam
963 642 1011 693 si
1041 648 1090 693 te
1131 655 1309 692 omnes
1343 640 1702 703 imitarentur,
1730 657 1820 695 nec
1853 656 2021 703 mora,

461 734 604 789 solus
639 747 734 787 rex
760 741 808 786 et
835 733 1070 785 desertus
1102 729 1503 798 relinqueretur;
1532 739 1581 783 et
1597 747 1915 800 quaecunque
1969 731 2023 783 in

459 836 602 879 terra
628 831 771 884 sunt,
806 823 861 875 iu
886 821 1167 890 impiorum
1200 819 1293 872 illa
1325 828 1374 872 et
1398 821 1877 889 agrestissimorum
1901 820 2023 873 bar-

460 917 708 968 barorum
758 912 1007 965 ditionem
1036 911 1290 973 venirent,
1327 909 1600 980 cultusque
1656 910 1733 964 tui
1791 925 2025 978 vera'que

460 1002 738 1072 sapientia:
782 1001 957 1070 gloria
981 1015 1046 1053 ex
1074 997 1370 1052 hominibus
1399 1006 1741 1051 evanesceret.
1784 997 1954 1067 igitur
1980 996 2024 1050 si

462 1108 684 1151 necesse
710 1103 794 1149 est
827 1102 884 1146 ut

532 1342 580 1399 Η
834 1341 879 1373 ﬂ
1027 1266 1172 1324 Unus
1198 1271 1266 1324 sit
1304 1271 1566 1338 princeps,

585 1359 682 1397 nus
714 1358 803 1396 rea:
893 1356 912 1395 :

585 1359 682 1397 nus
714 1358 803 1396 rea:
836 1356 912 1395 ".'

462 1453 624 1528 793
653 1454 699 1507 is
732 1450 892 1507 debet
920 1463 1039 1504 esse
1069 1463 1174 1503 non

640 1543 740 1598 Cui
772 1542 912 1595 dedit
948 1540 1094 1609 filius
1122 1538 1349 1594 Saturni
1376 1537 1592 1600 versuti,

465 1640 563 1696 sed
594 1636 680 1693 cui
706 1635 856 1692 dedit
884 1633 993 1697 ille,
1030 1633 1123 1701 qui
1145 1648 1291 1702 reges
1315 1630 1585 1685 constituit
1610 1639 1658 1683 et
1696 1627 1936 1681 destituit
1963 1625 2032 1688 ”,

465 1732 669 1803 quique
691 1727 875 1782 utilem
899 1735 1148 1779 rectorem
1172 1720 1391 1775 suscitat
1419 1721 1473 1773 in
1515 1726 1716 1788 tempus
1745 1732 1900 1784 super
1926 1724 2032 1769 ter-

466 1838 583 1876 ram
615 1820 683 1876 ³¹.
711 1817 897 1886 Neque
918 1814 1062 1870 enim
1087 1812 1177 1867 ille
1209 1811 1430 1866 Saturni
1477 1809 1529 1862 in
1574 1816 1859 1872 tartarum,
1890 1812 1950 1858 ut
1979 1805 2032 1857 in

467 1914 675 1970 Graecis
726 1908 923 1965 fabulis
983 1906 1198 1975 legitur,
1248 1902 1450 1970 dejecti
1491 1900 1652 1962 lilius,
1703 1898 1791 1967 qui
1824 1906 2031 1965 patrem

467 1999 776 2057 deturbavit
805 2012 835 2053 e
856 1995 1013 2058 solio,
1034 1992 1320 2049 constituit
1357 2006 1536 2061 reges,
1565 1987 1911 2059 quantumvis
1934 1987 2035 2041 hoc

466 2092 593 2147 loco
618 2087 905 2158 allegorias
934 2081 1450 2144 comminiscentur;
1475 2081 1569 2134 sed
1588 2092 1766 2133 rerum
1791 2077 2032 2131 omnium

470 2182 783 2238 moderator
830 2177 973 2231 Deus
1016 2175 1166 2229 novit
1208 2173 1481 2244 quomodo
1514 2172 1788 2239 dispenset
1815 2183 1934 2238 quae
1967 2165 2031 2220 ad

469 2287 658 2344 regum
688 2267 1129 2326 constitutionem
1156 2247 1453 2335 pertinenl.
1482 2263 1684 2334 Dogma
1704 2262 1864 2333 igitur
1891 2258 2032 2314 istud

467 2362 845 2426 convellimus,

643 2451 742 2506 Cui
771 2450 913 2504 dedit
935 2449 1081 2519 filius
1118 2444 1341 2501 Saturni
1376 2444 1593 2508 versuti,

468 2544 626 2614 gnari
658 2543 826 2598 Deum
857 2551 949 2596 aut
972 2540 1066 2595 Dei
1102 2537 1321 2592 Patrem
1354 2535 1489 2590 nihil
1521 2534 1798 2605 obliquum
1826 2540 1878 2587 et
1918 2543 2034 2585 tor-

469 2646 683 2690 tuosum
716 2633 874 2689 velle.
928 2629 1036 2685 Sed
1082 2628 1305 2683 minime
1349 2630 1540 2697 dogma
1573 2624 1929 2681 convellimus
1966 2622 2033 2676 de

470 2724 843 2787 Providentia,
869 2732 920 2777 et
953 2723 1020 2776 iis
1040 2735 1161 2790 qua:
1184 2719 1298 2774 sive
1332 2718 1601 2787 praecipue
1624 2718 1737 2770 sive
1763 2730 1860 2785 per
1886 2729 2033 2784 quae-

472 2817 594 2871 dam
619 2813 1015 2884 consequentia
1039 2811 1188 2865 facit.
1214 2808 1402 2880 Neque
1426 2809 1587 2865 etiam
1613 2807 1826 2860 meritas
1856 2821 2031 2874 panos

471 2916 661 2974 repetet
692 2923 784 2961 rea:
813 2922 879 2961 ex
925 2907 1101 2970 nobis,
1133 2908 1175 2961 si
1212 2911 1472 2975 negantes
1504 2914 1730 2969 regnum
1770 2898 1897 2952 illia
1929 2896 2033 2950 Sa-

480 2998 623 3053 turni
660 2997 865 3052 versuti
900 2997 1009 3051 lilio
1037 2998 1222 3050 datum
1270 2994 1457 3052 fuisse.
1490 2988 1818 3044 allirmamus
1849 2987 2033 3042 datum

472 3104 593 3144 esse
646 3089 712 3143 ab
761 3102 826 3143 eo
864 3088 956 3157 qui
993 3101 1145 3157 reges
1175 3083 1455 3140 constituit
1502 3092 1555 3134 et
1608 3094 1774 3146 regno
1812 3078 2031 3146 spoliat.

471 3184 649 3250 Atque
682 3179 885 3233 utinam
929 3179 1210 3231 imitentur
1243 3189 1325 3228 me
1367 3185 1579 3234 omnes,
1626 3180 1677 3223 e'.
1711 3178 1892 3236 spreto
1926 3167 2034 3221 lio.

472 3270 607 3325 meri
663 3269 935 3338 dogmate,
993 3267 1232 3320 divinum
1287 3265 1352 3319 de
1406 3277 1592 3331 regum
1647 3259 2036 3314 constitutione

472 3361 783 3427 admittant,
799 3368 847 3413 et
867 3366 1134 3428 praecepto
1151 3354 1447 3410 honorandi
1467 3368 1620 3423 reges
1637 3358 1863 3422 pareant
1886 3365 1900 3402 :
1932 3350 2036 3404 hoc

472 3452 670 3518 posito,
685 3467 777 3506 rea:
790 3465 886 3506 nec
899 3449 1041 3503 solus
1056 3457 1105 3503 et
1118 3451 1351 3502 desertus
1372 3445 1722 3514 relinquetur,
1739 3458 1833 3499 nec
1845 3459 1905 3495 ea
1920 3459 2036 3513 qua:

473 3547 528 3597 in
554 3553 695 3598 terra
719 3554 839 3597 sunt
868 3544 924 3597 in
948 3543 1225 3610 impiorum
1251 3550 1298 3594 et
1332 3540 1808 3609 agrestissimorum
1839 3537 2034 3590 barba-

475 3651 655 3691 rerum
686 3635 935 3689 ditionem
963 3634 1185 3687 venient.
1216 3631 1346 3684 Nam
1381 3618 1451 3696 si“,
1477 3638 1535 3685 ut
1556 3629 1794 3698 loquitur
1820 3628 2031 3691 Celsus,

474 3727 613 3781 idem
647 3740 839 3780 omnes
860 3740 925 3781 ac
954 3739 1053 3794 ego
1089 3722 1360 3785 facerent,
1397 3721 1581 3789 procul
1615 3720 1780 3776 dubio
1814 3721 1877 3776 ha
1891 3721 2033 3774 rbari

472 3816 541 3871 ad
569 3816 663 3870 Dei
691 3817 913 3870 verbum
949 3815 1272 3870 accedentes
1319 3812 1600 3881 iustissimi
1631 3820 1686 3866 et
1716 3811 2037 3866 mansuetis-

474 3909 598 3962 simi
641 3907 857 3973 lierent,
903 3921 1067 3961 omne
1096 3905 1273 3960 cultus
1296 3919 1466 3973 genus
1494 3904 1888 3966 destrueretur,
1920 3902 2033 3957 sola

470 3999 680 4069 vigeret
709 3996 1140 4053 Christianorum
1195 3995 1419 4064 religio;
1458 3997 1600 4062 quod
1653 3995 1868 4062 quidem
1931 3994 2036 4047 ali~

1928 307 2258 367 ORIGENIS

3566 313 3724 369 1620

2057 425 2104 483 Δ
2130 421 2236 491 Εἷς
2245 426 2563 494 βασιλεὺς,
2579 419 2627 494 ᾧ
2640 428 2825 482 ἔδωκε
2840 429 3069 496 Κρόνου
3094 428 3231 495 παῖς
3251 428 3722 497 ἀγκυλομήτεω.

2130 539 2241 590 Καὶ
2266 539 2535 611 ἐπιφέρει,
2562 540 2663 604 ὡς’
2694 540 2796 595 Ἂν
2825 543 2999 596 τοῦτο
3044 543 3245 609 λύσῃς
3280 540 3347 594 τὸ
3376 540 3587 610 δόγμα,
3620 545 3720 595 εί-

2132 626 2318 693 κότως
2349 628 2660 696 ἀμυνεῖται
2690 644 2765 684 σε
2796 634 2829 684 ό
2850 632 3169 697 βασιλεὺς.
3209 633 3279 684 Εἰ
3316 630 3425 699 γὰρ
3456 632 3520 683 τὸ
3553 634 3722 685 αὐτό

2131 730 2229 770 σοι
2275 718 2592 785 ποιήσειαν
2622 720 2901 787 ἅπαντες,
2945 721 3127 775 οὐδὲν
3157 722 3421 775 κωλύσει
3458 723 3567 775 τὸν
3588 723 3723 791 μὲν

2133 809 2601 879 καταλειφθῆναι
2640 814 2832 881 μόνον
2859 813 2957 867 καὶ
2993 814 3235 882 ἔρημον,
3270 813 3342 866 τὰ
3375 812 3425 865 δ’
3458 813 3557 865 ἐπὶ
3590 813 3717 882 γῆς

2131 900 2230 953 ἐπὶ
2262 902 2385 968 τοῖς
2420 904 2819 972 ἀνομωτάτοις
2846 923 2908 959 τε
2949 905 3046 959 καὶ
3077 904 3455 974 (imitatricem
3478 905 3721 973 βαρὸάο

2125 1009 2259 1058 ροις
2286 993 2581 1062 γενέσθαι,
2609 996 2709 1048 καὶ
2734 995 2884 1065 μήτε
2912 994 3021 1062 τῆς
3051 994 3170 1062 σῆς
3196 995 3518 1062 θρησκείας
3553 994 3719 1063 μήτε

2134 1079 2245 1148 τῆς
2276 1084 2570 1151 ἀληθινῆς
2596 1086 2817 1153 σοφίας
2852 1087 2922 1139 ἐν
2963 1085 3293 1153 ἀνθρώποις
3322 1086 3409 1140 ἔτι
3436 1084 3724 1138 καταλεί-

2136 1176 2351 1237 πεσθαι
2384 1175 2583 1240 κλέος.
2612 1176 2674 1229 Εἰ
2704 1177 2802 1247 μὲν
2825 1173 2919 1231 οὖν

2841 1260 3041 1331 ...ηεῖς
3071 1266 3347 1334 κοίρανος
3368 1266 3545 1328 ἔστω,

2210 1325 2314 1397 Εἷς
2339 1332 2749 1400 βασιλεύς.....

2053 1442 2097 1497 Β
2194 1440 2290 1511 οὑχ

2206 1527 2280 1603 ⁷ῼ
2311 1534 2492 1589 ἔδωκε
2526 1535 2635 1608 (77)
2664 1539 2895 1606 Κρόνου
2926 1536 3066 1604 παῖς
3093 1536 3539 1607 ἀγκυλομήτεω,

2134 1622 2247 1676 ἀλλ’
2272 1617 2316 1691 ᾧ
2340 1624 2539 1681 ἔδωκεν
2563 1630 2597 1680 ὁ
2630 1628 2927 1683 καθιστῶν
2950 1629 3235 1694 βασιλεῖς
3264 1630 3358 1682 καὶ
3384 1626 3717 1698 μεθιστιῖην,

2135 1715 2343 1768 καὶτὸν
2394 1718 2693 1788 χρήσιμον
2733 1720 2882 1774 κατὰ
2912 1720 3119 1789 καιρὸν
3169 1721 3412 1791 ἐγείρων
3462 1722 3563 1774 ἐπὶ
3597 1723 3714 1790 τῆς

2134 1807 2261 1877 γῆς’
2303 1810 2396 1863 καὶ
2429 1811 2528 1882 οὐχ
2565 1813 2593 1865 6
2628 1811 2722 1865 τοῦ
2755 1814 3351 1885 καταταρταρωθέντας,
3379 1814 3453 1878 ὡς
3478 1816 3525 1868 οἱ
3550 1815 3714 1885 μῦθοι

2147 1897 2409 1969 Ἑλλήνων
2435 1899 2670 1969 λέγουσι,
2692 1902 2902 1973 Κρόνου
2936 1904 3049 1966 υἱὸς
3076 1903 3350 1967 ἀπελάσας
3381 1904 3569 1958 τοῦτον
3618 1904 3715 1975 τῆς

2133 1990 2328 2061 ἀρχῆς,
2359 1990 2647 2062 καθίστησι
2691 1992 2947 2062 βασιλεῖς,
2985 1994 3093 2047 οὐδ’
3115 1994 3180 2048 ἂν
3219 1995 3489 2068 ἀλληγορῇ
3512 2013 3598 2059 τις
3640 1996 3717 2049 τὰ

2134 2082 2273 2135 κατὰ
2296 2085 2420 2147 τοὺς
2442 2083 2657 2147 τόπους
2688 2084 2800 2137 ἀλλ’
2829 2087 2857 2138 6
2892 2085 3107 2138 διοικῶν
3140 2085 3209 2139 τὰ
3248 2086 3536 2157 σύμπαντα
3568 2086 3709 2151 Θεδς

2134 2169 2273 2228 οἶδεν
2290 2175 2318 2228 ὃ
2340 2192 2391 2228 τι
2422 2176 2548 2229 ποτὲ
2575 2179 2717 2229 ποιεῖ
2737 2175 2873 2229 κατὰ
2897 2177 2987 2230 τὸν
3009 2177 3173 2230 τόπον
3196 2176 3296 2247 τῆς
3311 2176 3419 2230 τῶν
3444 2176 3715 2247 βασιλέων

2135 2267 2539 2330 καταστάσεως.
2578 2265 2789 2337 Αύομεν
2815 2262 2907 2321 οὖν
2929 2267 2990 2320 τὸ
3015 2267 3193 2338 δόγμα

2203 2439 2278 2518 ⁷ῼ
2309 2432 2492 2501 ἔδωκε
2521 2448 2751 2515 Κρόνου
2774 2448 2913 2512 παῖς
2939 2448 3381 2518 ἀγκυλομήτεω,

2104 2555 2109 2559 ‘
2134 2538 2283 2591 οὐδὲν
2308 2538 2538 2607 ἀγκύλον
2566 2539 2658 2591 καὶ
2683 2538 2892 2591 σκολιὸν
2919 2537 3196 2609 βούλεσθαι
3225 2540 3536 2611 πειθόμενοι
3551 2539 3712 2604 Θεὸν,

2135 2627 2167 2698 ἢ
2203 2627 2413 2698 πατέρα
2447 2627 2600 2682 Θεοῦ.
2631 2628 2704 2680 Οὐ
2731 2626 2927 2698 λύομεν
2960 2628 3016 2681 δὲ
3039 2629 3099 2682 τὸ
3119 2629 3292 2701 δόγμα
3317 2630 3376 2683 τὺ
3399 2632 3529 2703 περὶ
3564 2633 3711 2702 Προ-

2136 2718 2302 2783 νοίας,
2331 2720 2424 2773 καὶ
2460 2720 2568 2772 τῶν
2606 2719 2715 2773 εἴτε
2758 2720 3177 2792 προηγουμένως
3213 2724 3305 2776 ὑπ’
3334 2724 3504 2794 αὐτῆς
3527 2739 3711 2791 γιγνο-

2138 2810 2332 2882 μένων,
2361 2810 2469 2864 εἴτε
2497 2813 2590 2865 καὶ
2607 2813 2669 2864 ἐκ
2692 2812 2854 2865 τινῶν
2878 2813 3399 2867 ἐπακολουθούντων.
3437 2814 3579 2866 Ἀλλ’
3599 2813 3709 2867 οὐδ’

2133 2903 2372 2967 εἰκότως
2400 2903 2547 2973 ἡμᾶς
2596 2903 2878 2972 ἀμύνεται
2898 2904 3215 2970 βασιλεὺς,
3241 2905 3547 2973 φάσκοντας
3585 2907 3707 2976 μὲν,

2134 2994 2213 3047 ὅτι
2240 2994 2299 3045 οὑ
2328 2994 2533 3065 Κρόνου
2556 2996 2683 3057 παῖς
2708 2995 3095 3066 ἀγκυλομήτεω
3129 2996 3327 3049 ἔδωκεν
3351 2996 3497 3067 αὖτῷ
3528 2996 3591 3049 τὸ
3615 2995 3709 3066 βα-

2138 3087 2383 3150 σιλεύειν,
2412 3088 2439 3139 ὁ
2466 3086 2522 3139 δὲ
2548 3085 2814 3155 μεθιστῶν
2851 3086 3085 3156 βασιλεῖς
3126 3090 3220 3140 καὶ
3263 3088 3552 3141 καθιστῶν.
3597 3089 3708 3143 Καὶ

2134 3178 2195 3231 τὸ
2230 3177 2359 3230 αὐτό
2384 3194 2447 3245 γε
2496 3177 2814 3230 ποιείτωσαν
2859 3195 2946 3249 μοι
2978 3177 3231 3244 ἅπαντες,
3259 3180 3318 3232 τὸ
3345 3181 3441 3251 μὲν
3476 3181 3707 3254 Ὅμηρε-

2135 3266 2230 3319 κὸν
2271 3266 2626 3330 καταλύοντες
2668 3267 2861 3338 δόγμα,
2888 3268 2949 3321 τὸ
2994 3268 3051 3321 δὲ
3092 3267 3232 3321 θεῖον
3273 3270 3402 3339 περὶ
3430 3269 3707 3339 βασιλείας

2133 3356 2446 3432 τηροῦντες,
2492 3360 2585 3412 καὶ
2630 3358 2690 3410 τὸ
2717 3358 2808 3411 τὸν
2849 3357 3071 3427 βασιλέα
3119 3360 3282 3429 τιμᾷν
3326 3359 3705 3427 φυλάττοντες

2136 3454 2230 3508 καὶ
2253 3452 2314 3506 τὸ
2338 3451 2410 3516 ὡς
2451 3449 2559 3522 (78)
2584 3452 2640 3503 ὲν
2668 3450 2919 3503 ὑποθέσει
2950 3466 3014 3517 γε
3040 3450 3281 3524 τοιαύτῃ,
3310 3451 3431 3504 οὔτε
3459 3455 3652 3522 μόνος
3674 3457 3709 3508 ὁ

2130 3543 2430 3610 βασιλεὺς
2483 3539 3035 3609 καταλειφθήσεται,
3083 3540 3193 3593 οὔτ’
3238 3540 3451 3611 ἕρημος
3510 3543 3703 3597 ἔσται·

2136 3635 2258 3689 οὔτε
2280 3634 2351 3689 τὰ
2382 3634 2480 3688 ἐπὶ
2513 3632 2623 3702 γῆς
2661 3631 2760 3684 ἐπὶ
2795 3630 2917 3697 τοῖς
2948 3631 3343 3701 ἀνομωτάτοις
3372 3633 3472 3685 καὶ
3503 3634 3708 3702 ἀγριω-

2134 3727 2333 3792 τάτοις
2358 3724 2679 3792 βαρϐάροις
2709 3724 2895 3776 ἔσται.
2923 3722 2984 3773 Εἰ
3014 3721 3145 3793 γὰρ,
3179 3723 3254 3786 ὼς
3295 3722 3444 3791 λέγει
3476 3724 3704 3787 Κέλσος,

2134 3820 2196 3873 τὸ
2218 3818 2350 3871 αὐτό
2375 3834 2461 3887 μοι
2491 3816 2772 3886 ποιήσειαν
2811 3814 3067 3877 ἅπαντες,
3096 3814 3336 3885 δηλονότι
3363 3816 3455 3868 καὶ
3480 3817 3530 3867 οἱ
3569 3813 3706 3884 βάρ-

2137 3909 2317 3979 ϐαροι,
2350 3906 2427 3977 τῷ
2448 3905 2591 3976 λόγῳ
2628 3902 2720 3957 τοῦ
2747 3902 2881 3956 Θεοῦ
2909 3904 3311 3975 προσελθόντες,
3341 3903 3704 3974 νομιμώτατοι

2136 3999 2366 4060 ἔσονται,
2395 3997 2491 4050 καὶ
2520 3995 2882 4066 ήμερὼτατοι,
2906 3995 2999 4048 καὶ
3020 3995 3169 4047 πᾶσα
3200 3995 3295 4066 μὲν
3320 3996 3581 4067 θρησκεία
3607 4012 3705 4047 κα-

470 4090 686 4159 quando
713 4088 952 4142 futurum
980 4097 1080 4150 est,
1108 4103 1230 4143 cum
1270 4086 1366 4140 ista
1397 4086 1584 4154 religio
1617 4086 1800 4154 plures
1834 4086 1933 4140 sibi
1976 4087 2027 4140 in

2135 4090 2512 4161 ταλυθὴσεται,
2563 4088 2695 4157 μόνη
2723 4086 2779 4138 δὲ
2816 4088 2849 4157 ἡ
2896 4085 3231 4156 Χριστιανῶν
3261 4089 3542 4158 κρατήσει·
3578 4090 3701 4158 ἣτις

469 4183 586 4237 dies
616 4180 826 4235 animas
844 4188 1148 4249 comparet.

536 4363 626 4417 69.
665 4362 865 4416 Deinde
910 4376 1015 4415 non
1055 4360 1344 4417 advertens
1381 4360 1574 4417 Celsus
1599 4360 1780 4415 dicere
1815 4374 1874 4413 se
1909 4374 2029 4426 qua:

465 4453 595 4507 huic
629 4450 747 4519 ejus
776 4451 920 4505 dicto
950 4459 1251 4521 repugnant
1278 4469 1292 4506 :
1318 4450 1469 4505 Idem
1502 4452 1549 4504 si
1575 4466 1751 4504 omnes
1782 4466 1843 4501 uc
1872 4459 1923 4501 tu
1946 4449 2030 4516 [u-

463 4549 662 4607 cerent,
688 4538 765 4593 ait
790 4555 805 4592 :
830 4540 983 4593 Certe
1010 4556 1113 4593 non
1154 4541 1375 4607 dixeris,
1402 4543 1447 4593 si
1477 4540 1702 4593 Romani
1746 4539 1838 4592 tibi
1872 4540 2029 4602 [idem

462 4630 730 4692 habentes,
756 4629 1002 4698 neglectis
1029 4631 1265 4682 omnibus
1293 4646 1410 4698 quat
1440 4632 1539 4684 sibi
1563 4647 1687 4699 erga
1718 4634 1840 4683 deos
1865 4640 1912 4682 et
1936 4630 2031 4681 Ita—

461 4723 626 4775 mines
646 4723 955 4790 prtescripta
985 4722 1198 4790 fuerunt
1222 4723 1433 4793 ofﬁciis,
1478 4734 1626 4777 tuum
1655 4724 1801 4778 illum
1842 4723 2033 4778 Excel-

461 4828 602 4876 sum,
629 4822 720 4865 aut
741 4813 921 4881 quovis
948 4828 1064 4865 eum
1088 4815 1297 4868 nomine
1321 4815 1579 4884 appellari
1614 4815 1841 4883 placeat,
1879 4817 2025 4870 cole-

461 4912 613 4968 rent;
648 4903 1019 4956 descensurum
1042 4905 1191 4959 illum
1223 4922 1334 4960 esse
1359 4916 1406 4961 et
1428 4924 1524 4975 pro
1551 4909 1625 4960 eis
1648 4916 2023 4975 pugnaturum,

462 4992 610 5048 nullo
643 4991 751 5045 alio
782 4991 1101 5061 indigentem
1130 4996 1356 5050 auxilio.
1410 4996 1552 5053 Nam
1587 4997 1723 5049 idem
1754 4996 1840 5051 ille
1887 4997 2027 5053 Deus

461 5085 587 5139 olim
624 5081 727 5136 sibi
753 5083 950 5139 devotis
976 5085 1088 5137 Ittec
1122 5094 1169 5136 et
1194 5086 1276 5137 his
1306 5084 1471 5139 multo
1501 5088 1710 5149 maiora
1736 5086 2024 5156 pollicitus,

459 5185 520 5228 ut
551 5192 638 5230 vos
670 5176 869 5240 dicitis,
899 5173 1070 5227 videte
1086 5181 1343 5241 quantum
1372 5173 1482 5226 illis
1508 5184 1555 5227 ct
1580 5175 1719 5229 vobis
1740 5177 2023 5245 profuerit.

460 5267 585 5335 llis,
637 5269 824 5321 nedum
865 5267 1119 5320 universa:
1145 5276 1298 5318 terra
1329 5265 1431 5318 sint
1481 5265 1720 5331 Domini,
1774 5283 1839 5321 ne
1879 5267 2027 5337 gleba

542 5404 588 5436 ιε
628 5403 779 5457 Iliad.
814 5403 906 5467 B',
940 5402 1064 5457 eos.
1143 5401 1186 5433 ὀ
1221 5398 1371 5455 Iliad.
1397 5401 1474 5469 B',
1502 5401 1625 5465 eos,
1656 5402 1783 5458 eos.

529 5542 643 5612 (77)
669 5542 828 5612 3123s.,
856 5542 1044 5597 ἔδωκε.
1072 5542 1227 5599 Libh.
1255 5551 1410 5599 antea
1439 5544 1590 5605 editi,
1618 5545 1837 5602 δέδωκε.

532 5611 657 5683 (18)
682 5611 876 5683 Τὸᾼὼς.
910 5614 1110 5683 Censet
1140 5613 1453 5667 Boherellus
1484 5613 1765 5683 legendum
1788 5621 1848 5672 τὺ
1880 5619 2024 5683 ὅσον,

462 5680 544 5732 vel
576 5680 863 5736 delendum
885 5681 966 5732 τό.
1009 5682 1234 5737 Guietus
1273 5683 1400 5752 legit
1428 5680 1558 5737 τότέ
1588 5685 1683 5749 ὡς.

2054 4216 2059 4221 ~
2137 4183 2230 4236 καὶ
2258 4181 2389 4252 μόνη
2421 4178 2547 4232 ποτὲ
2582 4178 2861 4248 κρατήσει,
2901 4174 2995 4228 τοῦ
3022 4175 3180 4244 λόγου
3220 4176 3308 4229 ἀεὶ
3333 4175 3583 4241 πλείονας
3618 4195 3700 4230 νε-

2140 4271 2372 4346 μομένου
2401 4268 2597 4338 ψυχάς.

2206 4357 2337 4414 Εἶτα
2383 4356 2577 4411 ἑαυτοῦ
2635 4354 2708 4426 μὴ
2762 4354 2997 4420 ἀκούσας
3051 4357 3079 4408 ὁ
3136 4355 3341 4421 Κέλσος
3387 4357 3455 4410 τὰ
3510 4358 3701 4411 ἀνακό·

2126 4453 2291 4508 λουθα
2327 4448 2589 4511 εἰπόντος,
2618 4445 2714 4517 τῷ,
2737 4448 2804 4500 El
2827 4446 2935 4516 γὰρ
2968 4447 3033 4500 τὸ
3063 4451 3210 4502 αὑτό
3254 4463 3353 4501 σοι
3381 4450 3700 4515 ποιήσειαν

2128 4545 2411 4606 ἅπαντες,
2454 4538 2636 4608 φησὶν,
2681 4538 2752 4589 οὐ
2791 4536 2876 4604 μὴ
2910 4536 2987 4604 δὴ
3020 4537 3195 4590 τοῦτο
3222 4536 3459 4607 φήσεις,
3505 4539 3585 4604 ὼς
3624 4540 3698 4591 ἂν

2128 4632 2474 4696 πεισθέντες
2520 4645 2618 4683 σοι
2663 4627 2922 4696 Ῥωμαῖοι
2964 4630 3061 4682 καὶ
3109 4629 3230 4683 τῶν
3260 4631 3699 4700 νενομισμένην

2128 4726 2331 4791 αὐτοῖς
2370 4721 2519 4790 πρὸς
2552 4720 2724 4784 θεούς
2760 4736 2824 4772 τε
2856 4719 2955 4774 καὶ
2981 4720 3326 4789 ἀνθρώπους
3354 4723 3693 4792 ἀμελήσαν-

2134 4835 2253 4883 τες,
2277 4814 2383 4867 τὸν
2404 4812 2519 4865 σὺν
2542 4812 2846 4879 Ὕψιστον,
2872 4811 2929 4880 ,ἢ
2957 4811 3161 4866 ὅντινα
3187 4814 3399 4878 βούλει
3439 4832 3700 4885 προσκσ.

2131 4908 2446 4967 λέσασθαι,
2486 4902 2756 4957 σέϐοιντο
2814 4902 2946 4975 (79),
2994 4905 3248 4970 καταϐὰς
3283 4908 3698 4977 ὑπερμαχεῑται

2133 4997 2353 5058 αὐτῶν,
2395 4994 2494 5049 καὶ
2531 4992 2810 5062 οὐδεμιᾶς
2860 4994 3052 5062 ἄλλης
3089 4996 3284 5064 ἀλκῆς
3324 4997 3548 5064 δεήσει.
3591 5002 3696 5053 Kal

2132 5090 2241 5160 γὰρ
2264 5088 2551 5156 πρότερον
2573 5089 2605 5140 ό
2628 5085 2809 5150 αὐτὸς
2842 5086 2984 5151 Θεὸς
3002 5087 3121 5153 τοῖς
3152 5089 3565 5159 προσέχουσιν
3593 5095 3696 5146 αὑ-

2130 5178 2211 5245 τῷ
2238 5176 2423 5232 ταῦτὰ
2446 5192 2510 5229 τε
2537 5176 2632 5229 καὶ
2656 5176 2813 5230 πολὺ
2834 5175 3005 5245 μείζω
3029 5179 3272 5246 τούτων,
3305 5182 3386 5247 ὡς
3403 5182 3572 5250 ὑμεῖς
3597 5201 3698 5254 φα.

2131 5288 2215 5333 τε,
2242 5268 2744 5337 ὑπισχνούμενος,
2766 5267 2939 5336 ὁρᾶτε
2960 5268 3079 5322 ὅσα
3101 5269 3416 5340 ὠφέλησεν
3427 5273 3698 5345 ἐκείνους

1860 5404 1903 5435 ²⁰
1941 5406 2077 5461 Dan.
2110 5423 2169 5470 ιι,
2204 5407 2298 5460 21.
2371 5405 2413 5436 ³¹
2458 5404 2624 5458 Eccli.
2654 5421 2706 5470 χ,
2733 5403 2768 5455 4

2204 5548 2315 5620 (79)
2346 5547 2642 5620 Σέϐοιντο.
2682 5545 2807 5601 Haec
2832 5563 2935 5620 vox
2961 5550 3143 5620 neciin
3173 5562 3332 5606 antea
3370 5553 3558 5617 editis,
3594 5569 3695 5611 nec

2129 5619 2185 5674 in
2215 5618 2352 5673 'mss.
2382 5618 2635 5694 hoc_|0co
2664 5618 2956 5694 reperitur,
2989 5619 3082 5675 sed
3108 5634 3178 5675 ex
3207 5625 3564 5692 sequentibus
3592 5639 3693 5694 pa.

2132 5698 2207 5742 tet
2236 5701 2356 5744 esse
2383 5684 2792 5742 restituendam.
2838 5748 2845 5755 ,
