3920 6158
389 331 520 386 1621

1572 308 1850 383 CONTRA
1890 323 2161 379 CELsuu
2198 322 2325 379 LIB.
2361 320 2495 376 vut.

3488 310 3623 365 1629.

385 462 449 498 τε
477 443 572 495 καὶ
616 440 786 509 ὑμᾶς.
816 432 925 492 Ὧν
965 438 1089 503 τοῖς
1115 438 1229 505 μὲν
1271 437 1404 490 ἀντὶ
1436 436 1541 491 τοῦ
1573 439 1687 507 τῆς
1717 440 1940 504 ἀπάσης

2062 438 2267 507 quidem
2302 444 2350 488 et
2383 429 2700 487 domuncula
2729 428 2924 495 reliqua
2963 428 3107 495 facta
3130 434 3238 491 est;
3269 436 3314 480 et
3348 443 3376 479 e
3404 426 3543 480 vobis
3573 427 3624 481 si

385 536 534 586 εἶναι
566 532 906 595 δεσπόταις,
940 529 1064 581 οὐδ’
1096 527 1270 580 ὀποῖά
1298 545 1387 593 τις
1411 526 1613 593 ,ϐῶλος
1639 528 1761 581 οὐδ’
1788 529 1957 580 ἑστία

384 622 817 677 καταλείπεταιο
845 619 1012 687 ὑμῶν
1035 617 1102 670 δὲ
1118 617 1232 671 κᾶν
1260 612 1560 671 πλανᾶταί
1582 636 1672 683 τις
1702 618 1787 669 ἔτι
1812 622 1955 670 λαν-

384 714 599 778 θάνων,
626 712 783 767 ἀλλὰ
815 710 1061 779 ζητεῖται
1093 709 1241 776 πρὸς
1274 708 1531 763 θανάτου
1569 710 1765 777 δίκην.
1810 711 1957 762 Ἐπεὶ

382 805 439 858 δὲ
479 802 597 856 καθ’
637 801 889 853 ὑπόθεσιν
934 800 1105 870 ζητεῖ,
1133 800 1181 852 εἰ
1218 798 1532 861 πεισθέντες
1580 800 1835 867 Ῥωμαῖοι
1881 798 1955 867 τῷ

382 891 716 965 Χριστιανῶν
740 891 900 961 λόγῳ,
918 890 1024 943 τῶν
1060 891 1194 960 πρὸς
1218 891 1342 952 τοὺς
1364 888 1776 959 νενομισμένους
1804 888 1957 950 θεοὺς

381 983 751 1054 ἀμελήσαντες
778 982 871 1033 καὶ
896 981 1003 1033 τῶν
1025 980 1163 1034 κατὰ
1191 981 1315 1043 τούς
1340 979 1653 1050 ἀνθρώπους
1681 980 1956 1050 προτέρων

380 1074 580 1142 νόμων,
600 1077 691 1126 τὸν
720 1073 976 1139 ’Ύψιστον
1004 1071 1261 1135 σέϐοιντο,
1287 1073 1338 1123 τί
1364 1070 1428 1123 ἂν
1453 1072 1772 1140 ἀπαντῆσαι·
1792 1069 1954 1123 ἄκουε

378 1164 431 1214 τί
456 1164 675 1233 ἀρέσκει
702 1165 827 1235 περ).
852 1164 1053 1217 τούτων
1082 1166 1232 1234 ἡμῖν.
1261 1163 1444 1233 Φαμὲν
1465 1164 1530 1227 δ’,
1560 1165 1662 1225 ὅτι,
1693 1162 1857 1229 εἴπερ
1880 1162 1956 1214 ἂν

378 1256 486 1309 δύο
528 1256 931 1324 συμφωνῶσιν
973 1254 1032 1319 ἐξ
1072 1255 1227 1325 ἡμῶν
1252 1255 1349 1307 ἐπὶ
1371 1254 1482 1322 τῆς
1512 1254 1625 1323 γῆς
1651 1254 1780 1319 περὶ
1816 1266 1956 1304 παν-

377 1344 480 1410 τὸς
529 1345 890 1413 πράγματος,
935 1341 1004 1401 οὗ
1047 1345 1155 1397 ἐὰν
1212 1344 1592 1411 αἰτήσωνται,
1639 1341 1952 1412 γενήσεται

376 1436 580 1501 αὐτοῖς
634 1436 790 1503 παρὰ
822 1436 926 1489 τοῦ
972 1436 1041 1489 ἐν
1099 1436 1226 1501 τοῖς
1269 1434 1542 1503 οὐρανοῖς
1580 1432 1807 1499 Πατρός
1836 1431 1954 1484 τῶν

376 1527 638 1580 δικαίων
669 1527 843 1597 χαίρει
884 1527 991 1597 γὰρ
1032 1527 1319 1596 συμφωνίᾳ
1341 1525 1448 1578 τῶν
1474 1524 1702 1592 λογικῶν
1729 1522 1881 1585 ζώων
1924 1525 1952 1575 ό

377 1619 529 1682 Θεὸς,
557 1619 652 1671 καὶ
680 1618 1003 1689 ἐκτρέπεται
1030 1618 1127 1688 τὴν
1150 1618 1466 1685 διαφωνίαν·
1504 1617 1555 1669 τί
1585 1616 1688 1688 χρὴ
1715 1616 1951 1685 νομίζειν

376 1713 425 1762 εί
454 1710 529 1780 μὴ
573 1710 751 1780 μόνον,
784 1710 858 1772 ὡς
884 1711 998 1772 νῦν,
1028 1711 1166 1763 πάνυ
1209 1709 1379 1777 ὀλίγοι
1419 1711 1772 1778 συμφωνοίεν,
1814 1706 1949 1761 ἀλλά

2060 528 2175 595 quis
2209 527 2379 580 adhuc
2411 533 2549 577 errat
2575 521 2869 588 latitatque,
2896 529 3058 572 morte
3096 517 3396 587 plectendus
3421 518 3619 586 qua’ri-

2059 632 2167 672 tur.
2196 617 2459 683 Quoniam
2490 628 2619 669 vero
2648 627 2712 666 ex
2757 610 3039 682 bypothesi
3072 610 3267 678 quaerit
3320 610 3445 678 quid
3474 610 3620 663 acci-

2059 710 2227 773 deret,
2258 709 2301 762 si
2343 706 2575 760 Romani
2602 702 2966 757 Christianam
2991 701 3303 771 religionem
3328 700 3619 769 amplecte-

2061 808 2249 853 rentur
2268 808 2322 851 et
2347 797 2543 866 spretis
2566 809 2687 865 qum
2704 792 3087 860 statuuntquid
3109 806 3233 861 erga
3263 792 3391 845 deos
3412 799 3467 845 et
3491 805 3615 860 erga

2059 889 2307 943 homines
2339 885 2741 943 observandum
2774 885 2845 938 sit
2885 883 3127 952 legibus,
3165 881 3449 936 Excelsum
3480 882 3621 936 cole-

2057 989 2195 1045 rent,
2225 979 2348 1033 audi
2376 992 2626 1047 quaenam
2668 979 2771 1031 hac
2802 977 2867 1029 de
2909 988 2968 1027 re
3020 981 3201 1028 nostra
3232 973 3301 1027 sit
3328 973 3617 1028 sententia.

2058 1070 2313 1135 Dicimus,
2350 1069 2394 1121 si
2417 1068 2522 1120 duo
2566 1081 2632 1122 ex
2676 1065 2834 1119 nobis
2862 1063 3217 1117 consenserint
3249 1076 3404 1130 super
3426 1071 3618 1115 terram

2055 1163 2119 1215 de
2147 1162 2287 1214 omni
2321 1176 2376 1214 re
2403 1174 2765 1228 quamcunque
2794 1155 2957 1227 794
2995 1156 3255 1221 petierint,
3284 1153 3388 1207 illis
3415 1155 3616 1222 factum

2054 1252 2119 1306 iri
2170 1268 2201 1304 a
2240 1252 2505 1320 justorum
2540 1249 2699 1301 Patre
2717 1248 2807 1317 qui
2839 1247 2892 1299 in
2924 1244 3066 1297 caelis
3095 1254 3172 1297 est
3197 1244 3261 1297 ³².
3304 1242 3615 1297 Delectatur

2055 1345 2197 1399 enim
2232 1343 2371 1397 Deus
2402 1339 2715 1394 animalium
2757 1334 2982 1390 rationis
3027 1333 3350 1402 participum
3384 1344 3615 1389 consen-

2052 1436 2222 1501 sione,
2249 1442 2303 1488 ct
2331 1431 2725 1487 dissensionem
2776 1432 3091 1481 aversatur:
3120 1423 3256 1490 Quid
3295 1423 3615 1479 existiman-

2052 1530 2176 1579 dum
2207 1534 2290 1580 est
2318 1525 2362 1578 si
2395 1538 2501 1577 non
2532 1521 2708 1577 solum
2752 1519 2936 1588 pauci,
2969 1523 3028 1568 ut
3072 1528 3235 1576 nunc,
3278 1515 3372 1569 sed
3426 1530 3616 1570 omnes

2051 1615 2417 1669 Romanorum
2459 1611 2687 1678 imperio
2732 1607 2937 1662 subditi
2970 1604 3380 1661 consentirent?
3414 1606 3627 1660 Preces.

2050 1705 2192 1759 enim
2245 1702 2451 1757 ferrent
2502 1701 2577 1754 illi
2618 1696 2790 1753 V’erho
2841 1698 2981 1766 quod
3038 1696 3169 1750 olim
3221 1694 3423 1749 Iudaeis
3477 1710 3615 1762 quos

376 1779 585 1868 πᾶσαή
633 1798 738 1850 ὐπὸ
794 1797 1075 1867 Ῥωμαίων
1109 1798 1281 1867 ἀρχῆς
1333 1794 1576 1862 εὐξονται
1621 1795 1728 1865 γὰρ
1750 1794 1826 1865 τῷ
1855 1796 1940 1848 κα)

2050 1791 2287 1861 Egyptii
2315 1789 2803 1859 persequebantur,
2831 1783 2968 1838 dixit
2997 1799 3011 1835 :
3053 1782 3310 1836 Dominus
3354 1782 3611 1851 pugnabit

375 1889 636 1960 πρότερον
673 1888 876 1941 εἰπόντι
916 1887 1048 1959 πρὸς
1081 1889 1206 1951 τοὺς
1237 1887 1514 1960 Ἐϐραίους
1541 1886 1945 1957 καταδιωκομέ-

375 1994 497 2041 seu;
521 1978 623 2031 ὐπὸ
649 1978 958 2046 Λίγυπτίων
984 1977 1144 2047 λόγων
1179 1979 1392 2045 Κύριος
1429 1976 1757 2045 πολεμήσει
1795 1974 1946 2044 ὑπὲρ

372 2067 557 2137 ὑμῶν,
584 2069 681 2122 καὶ
721 2067 888 2136 ὑμεῖς
928 2066 1275 2136 σιγήσεσθε’
1305 2068 1398 2120 καὶ
1438 2067 1574 2137 μετὰ
1602 2067 1779 2135 πάσης
1810 2078 1947 2134 συμ-

372 2159 577 2225 φωνίας
603 2158 883 2229 εὐξάμενοι
926 2157 1103 2228 πολλῷ
1145 2158 1393 2221 πλείονας
1431 2158 1745 2227 δυνήσονται
1773 2173 1944 2210 κατα-

372 2247 528 2302 λῦσαι
554 2248 778 2319 ἐχθροὺς
822 2247 1225 2311 ἐπιδιώκοντας,
1254 2248 1286 2318 ἦ
1315 2248 1410 2312 οὓς
1445 2248 1687 2302 καθεῖλεν
1718 2248 1749 2317 ἠ
1778 2248 1943 2300 Μωῦ-
1968 2296 1973 2299 .

372 2336 510 2399 σέως
538 2338 671 2407 πρὸς
698 2338 786 2389 τὸν
811 2337 941 2390 Θεὸν
971 2335 1198 2405 βοῶντος
1225 2339 1318 2390 καὶ
1359 2337 1465 2391 τῶν
1498 2338 1592 2391 σὺν
1618 2336 1764 2406 αὐτῷ
1788 2335 1939 2404 εὐχή.

375 2430 443 2480 Ἀ
475 2430 519 2482 δ’
547 2429 809 2500 ὑπέσχετο
842 2432 869 2482 ὁ
914 2430 1042 2494 Θεὸς
1068 2432 1180 2493 τοῖς
1205 2428 1430 2501 τηροῦσι
1456 2431 1545 2483 τὸν
1565 2430 1748 2499 νόμον,
1774 2430 1821 2480 εἱ
1871 2428 1943 2498 μὴ

369 2520 679 2591 γεγένηται,
721 2521 783 2572 οὐ
829 2521 905 2591 τῷ
931 2521 1220 2597 ψεύδεσθαι
1252 2521 1342 2572 τὸν
1369 2519 1520 2584 Θεὸν,
1549 2521 1607 2572 οὐ
1632 2520 1941 2589 γεγένηται,

371 2610 507 2662 ἀλλὰ
553 2611 629 2680 τῷ
675 2612 767 2664 ἐπὶ
811 2611 1099 2682 συνθήκαις
1137 2611 1414 2680 γεγονέναι
1461 2610 1558 2674 τὰς
1592 2610 1941 2679 ἐπαγγελίας,

369 2701 488 2762 ταῖς
516 2699 625 2767 (80)
655 2718 719 2753 πε
731 2700 782 2771 pl.
806 2701 898 2753 τοῦ
926 2705 1110 2771 τηρεῖν
1144 2701 1235 2754 τὸν
1262 2701 1421 2771 νόμον
1448 2703 1540 2755 καὶ
1564 2702 1653 2753 τὸν
1681 2700 1820 2753 κατὰ
1855 2700 1944 2755 τὸν

368 2791 528 2860 νόμον
579 2790 710 2859 βίον.
740 2792 846 2843 Καὶ
890 2793 939 2844 εί
964 2791 1086 2845 οὔτε
1131 2792 1298 2862 βῶλος
1327 2790 1437 2845 οὐθ’
1476 2792 1628 2846 ἑστία
1676 2791 1943 2855 Ἰουδαίοις

368 2882 752 2935 καταλείπεται
787 2886 901 2945 τοῖς
924 2882 1022 2945 τὰς
1057 2884 1385 2952 ἐπαγγελίας
1421 2883 1513 2936 ἐπὶ
1549 2882 1839 2953 συνθήκαις
1871 2886 1945 2937 εξ-

366 2971 610 3041 ληφὸσιν,
634 2972 899 3024 αἰτιατέον
924 2975 1101 3026 πᾶσαν
1128 2974 1223 3042 μὲν
1252 2973 1430 3027 αὐτῶν
1453 2974 1551 3043 τὴν
1578 2974 1938 3044 παρανομίαν,

364 3060 656 3132 ἐξαιρέτως
683 3062 738 3114 δὲ
770 3061 867 3132 τὴν
895 3062 1034 3116 κατὰ
1068 3062 1163 3116 τοῦ
1211 3063 1403 3133 Ἰησοῦ.

445 3161 583 3214 Ἀλλ’
629 3163 680 3214 οἱ
732 3162 853 3215 καθ’
896 3162 1150 3216 ὑπόθεσιν
1197 3164 1405 3216 Κέλσου
1450 3163 1647 3227 πάντες
1706 3165 1771 3218 ἂν
1819 3184 1936 3219 πει-

366 3250 582 3314 σθέντες
637 3253 913 3322 Ῥωμαῖοι,
949 3254 1226 3323 εὐχόμενοι
1271 3256 1610 3326 περιέσονται
1645 3256 1752 3309 τῶν
1783 3256 1937 3309 πολε-

369 3340 525 3408 μίων·
558 3341 591 3410 ἢ
620 3340 740 3393 οὐδὲ
766 3340 864 3411 τὴν
887 3341 1056 3412 ἀρχὴν
1095 3342 1511 3413 πολεμήσονται,
1544 3345 1935 3415 φρουρούμενοι

364 3432 470 3484 ὑπὸ
508 3430 658 3495 θείας
704 3432 1005 3502 δυνάμεως,
1060 3432 1160 3501 τῆς
1199 3433 1286 3486 διὰ
1340 3436 1676 3504 πεντήκοντα
1701 3434 1938 3496 δικαίους

363 3524 524 3577 πέντε
577 3524 759 3587 πόλεις
797 3525 925 3587 ὅλας
951 3524 1423 3595 ἑπαγγειλαμένης
1461 3526 1740 3579 διασῶσαι.
1776 3525 1936 3587 Ἀλες

362 3613 471 3681 γάρ
488 3614 590 3667 είσι
612 3630 678 3682 τη
687 3613 895 3684 ρητικοὶ
912 3612 1017 3667 τῶν
1036 3612 1147 3685 (81)
1164 3614 1260 3684 τῆς
1284 3615 1375 3666 ἐπὶ
1389 3614 1492 3684 γῆς
1515 3615 1822 3677 συστάσεως
1844 3613 1935 3667 τοῦ

363 3702 568 3772 κόσμου
591 3703 641 3754 οἱ
677 3702 769 3755 τοῦ
793 3701 926 3756 Θεοῦ
961 3702 1255 3772 ἄνθρωποι,
1286 3704 1377 3756 καὶ
1407 3704 1697 3775 συνέστηκε
1726 3704 1794 3758 τά
1844 3706 1937 3758 ἐπὶ

361 3791 484 3861 γῆς,
511 3793 634 3845 ὅσον
666 3793 714 3846 oi
755 3792 881 3855 ἆλες
918 3793 977 3845 οὐ
1014 3793 1322 3863 τρέπονται·
1381 3795 1514 3847 Ἐὰν
1537 3796 1647 3864 γὰρ
1677 3797 1742 3849 τὸ
1785 3797 1937 3863 ἅλας

357 3882 659 3950 μωρανθῇ,
694 3884 817 3937 οὔτ’
836 3886 922 3948 εἰς
953 3882 1066 3954 γῆν
1091 3884 1213 3937 οὔτ’
1236 3887 1322 3949 εἰς
1347 3886 1572 3953 κόπρον
1597 3888 1791 3955 ἰσχύει
1827 3888 1933 3951 ἔτι,

360 3970 521 4024 ἀλλὰ
539 3972 775 4039 βληθὲν
806 3973 923 4036 ἔξω
952 3973 1508 4041 καταπατηθήσεται
1540 3978 1657 4030 ὑπὸ
1696 3977 1813 4031 τῶν
1833 3979 1937 4032 ἀν-

362 4060 626 4126 θρώπων.
665 4062 727 4115 '0
749 4063 971 4131 δ’ἕχων
993 4060 1115 4118 ὦτα
1135 4064 1394 4117 ἀκουέτω
1423 4066 1537 4129 πῶς
1572 4067 1744 4121 ταῦτα
1780 4070 1933 4138 λέγε-

360 4170 470 4206 ται.
489 4153 598 4204 Καὶ
623 4154 782 4223 ἡμεῖς
814 4155 889 4217 δὲ,
912 4156 998 4208 ὅτε
1024 4157 1119 4226 μὲν
1136 4157 1418 4227 ἐπιτρέπει
1441 4160 1469 4209 ὁ
1493 4158 1624 4221 Θεὸς
1647 4159 1724 4229 τῷ
1751 4162 1937 4231 πειρά-

361 4246 527 4309 ζοντι,
563 4246 685 4309 δοὺς
721 4246 964 4310 ἐξουσίαν
989 4248 1084 4319 τὴν
1112 4249 1203 4301 τοῦ
1237 4248 1451 4302 διώκειν
1480 4252 1645 4320 ἡμᾶς,
1675 4251 1936 4321 διωκόμε-

360 4335 446 4387 θα·
482 4337 569 4389 ὅτε
584 4336 629 4388 δ’
646 4340 673 4391 ὁ
697 4338 827 4401 Θεὸς
844 4338 1092 4407 βούλεται
1121 4340 1263 4393 τοῦθ’
1290 4342 1435 4413 ἡμᾶς
1465 4342 1538 4412 μὴ
1566 4344 1816 4413 πάσχειν,
1842 4348 1935 4399 καὶ

2046 1900 2141 1952 pro
2186 1883 2349 1945 vobis,
2400 1891 2447 1935 et
2498 1896 2586 1935 vos
2628 1878 2869 1933 tacebitis
2892 1878 2972 1942 3’;
3004 1885 3057 1930 et
3099 1878 3176 1930 sic
3220 1876 3463 1931 unanimi
3486 1890 3616 1929 con-

2048 1989 2207 2030 sensu
2242 1974 2447 2042 precati
2480 1971 2646 2026 multo
2665 1969 2849 2041 plures
2868 1978 3089 2038 possent
3115 1967 3382 2022 debellare
3410 1967 3612 2031 hostes,

2046 2081 2208 2134 quam
2240 2064 2436 2135 Moysis
2461 2064 2529 2117 ad
2557 2062 2724 2116 Deum
2760 2060 3048 2114 clamantis
3076 2068 3131 2113 et
3181 2074 3299 2113 cum
3328 2073 3391 2113 eo
3418 2059 3613 2128 depre-

2047 2158 2283 2212 cantium
2313 2157 2488 2212 oratio
2521 2154 2842 2225 proﬂigavit.
2878 2154 2995 2207 Jam
3026 2155 3167 2222 quod
3209 2167 3320 2209 sua
3350 2152 3485 2221 legis
3507 2151 3605 2206 ob-

2047 2249 2389 2304 servantibus
2442 2248 2711 2318 pollicitus
2742 2255 2824 2301 est
2869 2247 3032 2309 Deus,
3063 2246 3106 2299 si
3148 2261 3253 2300 non
3301 2245 3605 2314 praestitum

2046 2340 2318 2408 est,hnjus
2339 2340 2591 2394 reicausa
2612 2353 2717 2393 non
2737 2345 2819 2391 est
2838 2337 2981 2405 quod
2997 2336 3154 2389 fidem
3178 2336 3320 2390 Deus
3343 2333 3611 2401 fefellerit;

2045 2435 2140 2489 sed
2168 2434 2312 2501 quod
2346 2432 2611 2502 promisSa
2641 2431 2903 2499 perficere
2931 2429 3161 2483 debebat
3186 2442 3249 2483 ea
3281 2427 3610 2493 conditione,

2047 2534 2103 2579 ut
2133 2526 2305 2594 legem
2335 2531 2619 2577 servarent
2646 2530 2697 2576 et
2730 2534 2796 2574 ex
2836 2522 2956 2591 lege
2989 2520 3252 2573 viverent.
3269 2518 3419 2585 Quod
3440 2520 3483 2573 si
3516 2518 3612 2574 Ju-

2046 2613 2172 2668 daeis
2201 2613 2292 2682 qui
2320 2613 2405 2667 his
2438 2609 2837 2665 conditionibus
2866 2611 3135 2681 promissa
3163 2620 3512 2680 acceperant,
3540 2625 3611 2664 ne

2045 2706 2198 2774 gleba
2248 2704 2496 2773 quidem,
2537 2711 2631 2757 aut
2683 2702 3005 2757 domuncula
3058 2701 3266 2770 reliqua
3317 2700 3460 2755 facta
3495 2700 3606 2762 sit;

2046 2796 2198 2865 culpa
2232 2809 2354 2849 cum
2385 2793 2440 2847 in
2481 2793 2662 2848 omnia
2694 2807 2883 2848 eorum
2925 2791 3175 2855 crimina,
3221 2800 3331 2844 tum
3382 2790 3435 2843 in
3478 2789 3607 2843 illud

2045 2888 2186 2956 quod
2211 2887 2265 2940 in
2295 2885 2477 2943 Jcsum
2504 2894 2900 2956 perpetravere,
2929 2881 3251 2938 conferenda
3289 2891 3393 2936 est.

2117 3162 2206 3215 70.
2250 3161 2356 3217 Sed
2403 3162 2656 3229 Romani,
2695 3166 2761 3226 sl,
2816 3163 2957 3231 quod
2997 3161 3149 3231 ponit
3201 3160 3412 3226 Celsus,
3447 3160 3606 3215 ﬁdem

2038 3253 2324 3320 haberent,
2359 3254 2610 3321 precibus
2643 3253 2993 3307 devincerent
3042 3254 3257 3318 hostes,
3303 3260 3396 3305 aut
3429 3253 3609 3321 potius

2037 3344 2217 3398 nullos
2269 3358 2505 3413 unquam
2561 3344 2744 3398 hostes
2804 3343 3205 3411 experirentur,
3251 3351 3433 3412 utpote
3471 3358 3609 3413 quos

2039 3434 2338 3488 custodiret
2384 3433 2567 3487 divina
2614 3432 2702 3486 illa
2743 3440 3007 3502 potestas,
3040 3447 3161 3501 quae
3191 3443 3414 3503 propter
3443 3435 3604 3502 quin-

2038 3523 2295 3591 quaginta
2330 3522 2507 3591 justos
2539 3531 2680 3576 totas
2711 3522 2950 3589 quinque
2986 3522 3152 3575 urbes
3183 3536 3407 3576 servare
3450 3522 3604 3577 inco—

2039 3610 2209 3664 lumcs
2235 3610 2473 3678 pollicita
2505 3609 2683 3664 fuerat
2712 3610 2774 3661 ³⁸.
2818 3611 3030 3664 Revera
3062 3610 3205 3665 enim
3242 3611 3487 3666 homines
3510 3613 3602 3666 Dei

2038 3702 2118 3756 sal
2147 3709 2290 3765 sunt,
2330 3717 2438 3771 quo
2463 3712 2714 3755 servatur
2748 3701 2906 3769 hujus
2944 3702 3127 3755 mundi
3164 3703 3519 3769 constitutio;
3550 3713 3605 3758 et

2040 3796 2197 3861 hujus
2220 3802 2380 3847 terra:
2411 3808 2497 3848 res
2530 3801 2779 3861 perstant
2808 3793 3043 3862 quandiu
3080 3793 3159 3847 sal
3212 3793 3301 3849 ille
3340 3809 3442 3848 non
3473 3810 3599 3848 cor-

2038 3885 2307 3954 rumpitur
2339 3901 2352 3936 :
2383 3883 2528 3937 Nam
2554 3885 2598 3935 si
2637 3885 2716 3936 sal
2763 3885 3090 3951 infamatum
3129 3885 3308 3953 fuerit,
3356 3901 3515 3954 neque
3544 3886 3600 3938 in

2037 3986 2254 4041 terram,
2294 3992 2455 4046 neque
2492 3977 2546 4029 in
2588 3977 2971 4045 sterquilinium
3014 3978 3142 4030 utile
3180 3987 3275 4044 est,
3321 3978 3411 4032 sed
3454 3978 3600 4045 foras

2037 4069 2253 4123 missum
2304 4068 2701 4122 conculcabitur
2752 4067 2816 4119 ab
2868 4067 3160 4120 hominibus
3186 4068 3253 4123 ³³.
3299 4066 3401 4131 Qui
3445 4069 3599 4123 Ital/ct

2035 4175 2209 4226 aures,
2248 4174 2356 4228 quo
2379 4173 2540 4212 sensu
2576 4159 2691 4211 haec
2726 4159 2995 4221 dicantur,
3029 4160 3236 4213 audiat.
3265 4160 3341 4213 Ac
3368 4175 3465 4214 nos
3485 4161 3601 4228 qui-

2002 4286 2005 4290 ι
2036 4250 2182 4316 dem,
2213 4264 2337 4303 cum
2364 4250 2599 4302 lentanti
2629 4250 2768 4301 Deus
2802 4249 2895 4301 dat
2924 4262 3021 4302 nos
3058 4250 3414 4315 persequendi
3449 4260 3603 4317 pote-

2038 4350 2260 4405 statem,
2308 4341 2743 4411 persecutionem
2796 4341 3064 4409 patimur;
3115 4356 3238 4394 cum
3281 4350 3458 4395 autem
3489 4346 3600 4397 vult

357 4430 416 4479 ἐν
450 4427 691 4498 μισοῦντι
721 4431 866 4500 ἡμᾶς
900 4430 977 4499 τῷ
1000 4431 1187 4501 κόσμῳ
1214 4432 1527 4503 παραδόξως
1554 4436 1773 4507 εἰρήνην
1800 4431 1929 4505 ἀγοὶ

2047 4450 2135 4488 nos
2160 4434 2300 4488 Deus
2321 4434 2389 4487 ab
2418 4432 2505 4485 illa
2533 4432 2801 4486 immunes
2823 4446 2966 4497 esse,
2997 4433 3078 4487 vel
3108 4433 3157 4485 in
3192 4434 3370 4488 medio
3403 4435 3600 4489 mundo

360 4536 480 4588 μεν,
515 4520 607 4572 καὶ
635 4518 940 4590 θαρροῦμεν
971 4521 1062 4572 ἐπὶ
1094 4520 1171 4590 τῷ
1205 4522 1426 4575 εἰπόντι·
1468 4524 1767 4591 Θαρσεῖτε,
1817 4528 1930 4596 ἐγὼ

354 4612 643 4678 νενίκηκα
690 4611 795 4663 τὸν
846 4612 1095 4679 κόσμον.
1128 4614 1236 4666 Καὶ
1284 4612 1498 4683 ἀληθῶς
1546 4616 1799 4687 νενίκηκε
1840 4619 1929 4671 τὸν

355 4702 574 4772 κόσμον,
593 4702 778 4772 διόπερ
810 4704 888 4765 εἰς
916 4704 1039 4756 ὅσον
1071 4705 1297 4774 νικήσας
1322 4704 1479 4757 αὐτὸν
1513 4705 1752 4774 βούλεται
1793 4710 1926 4781 (82),

354 4791 530 4846 λαϐὼν
551 4793 658 4845 ἀπὸ
683 4794 775 4846 τοῦ
805 4795 1014 4865 Πατρὸς
1040 4795 1099 4846 τὸ
1129 4797 1281 4865 νικᾷν
1322 4796 1412 4851 τὸν
1443 4797 1664 4867 κόσμονο
1698 4799 1929 4872 θαρροῦ-

357 4898 454 4949 μεν
493 4882 549 4934 δὲ
587 4886 652 4953 τῇ
696 4883 901 4937 ἐκείνου
930 4883 1073 4956 νίκῃ.
1117 4886 1179 4937 Εἰ
1208 4886 1263 4937 δὲ
1291 4885 1533 4955 βούλεται
1580 4891 1739 4943 πάλιν
1775 4894 1921 4961 ἡμᾶς

354 4968 531 5022 ἀθλεῖν
561 4972 651 5023 καί
679 4970 1035 5038 ἀγωνίζεσθαι
1078 4972 1216 5042 ὑπὲρ
1246 4973 1519 5037 εὐσεϐείας
1556 4975 1684 5045 (85),
1716 4977 1921 5047 ήκέτω-

425 5104 470 5137 ⁸¹
510 5105 698 5185 ὲίίιῑιιι.
727 5120 881 5175 XVIII,
916 5110 997 5163 l9.
1076 5110 1120 5140 ³³
1162 5111 1333 5166 Exod.
1363 5127 1470 5177 xw,
1502 5112 1587 5167 14.
1667 5114 1711 5145 ³⁵
1746 5114 1880 5170 Gen.
1918 5131 1940 5169 ι

2047 5130 2072 5179 ς,
2106 5114 2193 5167 26.
2273 5114 2317 5145 ³³
2360 5114 2485 5169 Luc.
2518 5132 2625 5182 xxv,
2651 5117 2739 5181 54,
2768 5118 2864 5181 35;
2893 5118 3082 5171 Matth.
3119 5134 3168 5185 ν,
3200 5119 3282 5173 l5.

359 5190 443 5228 va
462 5218 474 5238 ,
512 5176 603 5235 53.

425 5291 537 5364 (80)
569 5291 720 5353 Mss.,
752 5295 889 5355 ταῖς.
924 5293 1077 5347 Libb.
1113 5296 1239 5349 editi
1270 5297 1390 5358 τάς.
1426 5296 1517 5349 sed
1552 5303 1772 5364 praestat
1802 5296 1919 5357 ταῖς

355 5374 409 5414 ιιι
436 5361 707 5437 referatur
743 5365 806 5437 ad
842 5364 1234 5437 praecedentem
1268 5380 1454 5419 vocem
1483 5361 1797 5437 συνθήκαις.

427 5431 537 5501 (8|)
573 5430 711 5484 Τῶν.
746 5430 867 5484 "AUC
897 5447 997 5485 vox
1028 5432 1303 5487 abundare
1361 5444 1416 5489 et
1456 5430 1744 5488 recidenda
1775 5436 1923 5489 vide-

356 5512 466 5575 tur.
517 5502 853 5575 Paulopost
890 5516 1044 5575 mss__.,
1077 5502 1199 5575 ὅσον
1227 5503 1276 5575 oi
1320 5503 1446 5575 άλες
1497 5504 1559 5575 οὐ
1606 5503 1918 5575 τρέπονται.

354 5570 509 5625 Libb.
541 5570 666 5643 editi
699 5572 749 5643 in
788 5578 960 5643 testu,
980 5572 1107 5643 δεον
1130 5571 1203 5642 μὴ
1228 5574 1275 5643 οἱ
1301 5574 1437 5643 κᾶλες
1466 5570 1774 5643 τρέπονται.
1822 5576 1922 5628 lhi-

356 5644 475 5692 ιΙιιιιι
508 5656 603 5709 pro
631 5640 803 5711 ίσχύει
838 5639 935 5705 ἔτι,
980 5639 1203 5710 Vulgata
1234 5642 1405 5698 Biblia
1451 5639 1672 5711 habent,
1706 5643 1921 5697 εὔθετόν

356 5712 487 5763 ἐστι.

2023 5506 2115 5558 τὸν

2035 4540 2132 4578 nos
2166 4524 2291 4578 odio
2317 4522 2554 4578 habente
2580 4538 2767 4591 pacem
2795 4524 3004 4591 agimus
3045 4524 3436 4590 incredibilem,
3471 4540 3601 4579 con-

2034 4615 2115 4669 ﬁsi
2154 4614 2317 4669 tutela
2346 4614 2462 4682 ejus
2504 4615 2593 4682 qui
2630 4614 2805 4667 dixit:
2853 4612 3134 4681 Conﬁdite,
3177 4631 3269 4683 ego
3302 4618 3396 4668 vici
3440 4634 3595 4670 nutu-

2033 4707 2157 4759 dum
2192 4707 2255 4759 ³⁸.
2302 4706 2366 4759 Et
2398 4720 2582 4759 revera
2615 4705 2746 4758 vicit
2774 4708 3057 4771 mundum,
3084 4716 3137 4759 et
3163 4718 3447 4774 propterea
3481 4716 3597 4763 tau-

2033 4799 2120 4851 diu
2163 4806 2483 4866 potestatem
2538 4796 2701 4850 habet
2750 4798 2980 4852 mundus
3022 4799 3258 4868 quandiu
3316 4799 3429 4851 vult
3481 4801 3607 4868 ejus

2030 4890 2229 4951 victor,
2271 4889 2359 4956 qui
2392 4887 2532 4941 illius
2569 4889 2821 4941 vincendi
2869 4892 3075 4959 accepit
3112 4906 3139 4943 a
3165 4890 3324 4945 Patre
3360 4902 3596 4960 potesta-

2030 4989 2153 5033 tem.
2175 4979 2283 5033 liae
2310 4980 2424 5049 ejus
2438 4980 2659 5034 victoria
2679 4980 3018 5036 confidimus.
3041 4981 3194 5048 Quod
3223 4983 3267 5037 si
3291 4998 3385 5038 nos
3409 4998 3596 5039 rursus

3365 5119 3408 5149 3“
3434 5117 3591 5175 Joan.

2098 5297 2215 5374 (82)
2243 5299 2453 5374 ᾼιόπερ
2498 5304 2585 5374 εις
2624 5294 3091 5374 ὅσονίνικήσας
3139 5304 3325 5357 αὐτὸν
3369 5306 3593 5368 ,ϐούλε-

2028 5384 2141 5443 ται.
2181 5369 2466 5443 lloherello
2500 5373 2712 5443 videtur
2741 5369 3163 5443 aliquid'deesse
3189 5375 3329 5441 quod
3360 5376 3437 5428 sic
3464 5393 3592 5443 snp-

2029 5437 2373 5513 p_let,A6tdrrsp
2411 5439 2594 5513 ἰσχύει⁸
2622 5443 2669 5513 ὁ-
2696 5437 2896 5513 κόσμος
2927 5442 3007 5513 είς
3034 5442 3157 5513 ὅσον
3180 5437 3219 5513 ὀί
3242 5445 3467 5513 νικήσας
3495 5437 3594 5497 αὐ-

2149 5506 2414 5586 βούλεται.
2464 5506 2630 5563 Paulo
2658 5506 3167 5564 infra'Hmschelius
3208 5512 3260 5564 in
3312 5506 3481 5577 textu,
3524 5520 3589 5586 τῆ

2030 5575 2262 5648 ἐκείνων
2289 5577 2435 5648 νίκῃ.

2098 5645 2416 5724 (εὓρξΥπὲρ
2445 5646 2770 5712 εὐσεϐείας.
2803 5646 2967 5703 Codd.
3004 5648 3135 5720 Reg.
3168 5660 3218 5705 et
3253 5651 3436 5719 Basil.,
3461 5671 3587 5724 περς

2028 5715 2321 5780 εὐσεϐείας.
