3920 6158
397 278 535 336 1623

1845 274 2167 331 ORlGENlS

3531 280 3679 334 εδει

390 395 446 448 in
478 399 764 447 certamen
797 388 982 444 venire
1019 394 1073 442 et
1113 386 1332 455 pietatis
1358 401 1522 442 causa
1562 387 1847 443 decertare
1875 403 1963 442 vo-

2084 406 2186 444 σαν
2209 391 2627 459 ἀνταγωνισταὶ,
2658 391 2797 463 πρὸς
2833 389 2926 453 οὓς
2957 390 3205 462 ὲροῦμεψ
3236 391 3440 446 Πάντα
3477 396 3676 464 ἰσχύω

392 484 578 548 luerit,
634 483 899 538 accedant
932 480 1148 544 hostes;
1188 478 1329 534 istud
1379 494 1448 533 ex
1493 479 1649 535 nobis
1692 481 1913 535 audient
1952 500 1967 534 :

395 575 589 630 Omnia
611 588 824 643 possum
845 573 898 625 in
926 587 987 624 eo
1014 571 1104 638 qui
1150 585 1231 624 me
1246 570 1595 639 confortat",
1615 570 1822 625 Christo
1841 571 1970 626 Jesu

389 667 617 722 Domino
646 674 825 718 nostra
849 663 915 715 ⁸⁸.
943 663 1075 718 Nam
1103 678 1167 717 ea:
1190 663 1391 716 duobus
1422 664 1722 730 passeribus
1748 665 1838 733 qui
1855 680 1971 718 asse

390 766 636 820 veneunt,
677 772 815 809 unus
834 756 888 808 in
920 755 1162 823 laqueum
1188 769 1292 807 non
1313 754 1453 807 cadit
1471 755 1583 808 sine
1610 753 1773 808 Patre
1800 755 1892 823 qui
1915 756 1970 809 in

387 851 528 905 caelis
556 859 631 903 est
656 849 734 912 ”;
770 859 825 902 et
853 848 989 902 adeo
1006 847 1187 901 omnia
1215 847 1498 916 complexa
1527 855 1611 901 est
1631 847 1813 901 divina
1845 863 1969 917 pro-

390 943 651 1009 videntia,
685 950 742 995 ut
766 942 835 996 ab
866 941 953 995 illa
993 940 1075 995 vel
1106 939 1288 1010 capilli
1331 940 1505 995 nostri
1537 939 1736 1010 capitis
1775 955 1968 994 nume-

388 1035 489 1089 rati
521 1035 650 1089 sint.

457 1123 621 1197 795
659 1125 749 1180 Ἠ.
793 1123 997 1179 Deinde
1029 1139 1245 1180 rursum
1280 1124 1503 1187 Celsus,
1541 1138 1639 1191 pro
1681 1136 1831 1177 more
1866 1136 1966 1177 suo

386 1218 626 1274 miscens
654 1218 857 1284 omnia,
892 1216 1060 1271 refert
1088 1232 1207 1286 qua:
1238 1231 1399 1271 nemo
1441 1223 1685 1269 nostrum
1719 1213 1961 1281 scripsit.

388 1309 519 1378 Ejus
554 1309 714 1365 verba
751 1317 918 1363 sunt:
972 1308 1212 1363 Vestrum
1252 1307 1423 1361 adhuc
1459 1314 1536 1361 est
1567 1305 1707 1359 istud
1752 1306 1967 1359 minime

388 1400 689 1470 ferendum,
722 1401 876 1469 siqui
909 1416 1048 1454 nunc
1073 1407 1321 1469 regnant,
1347 1400 1440 1451 tibi
1472 1395 1677 1450 creduli
1700 1398 1765 1449 ab
1801 1396 1965 1449 hosti-

385 1498 476 1552 bus
513 1496 653 1564 capti
681 1493 902 1562 fuerint,
942 1491 1080 1545 idem
1114 1502 1161 1544 te
1198 1505 1582 1560 persuasurum
1616 1488 1740 1542 aliis
1779 1504 1965 1542 eorum

383 1586 794 1645 successoribus.
837 1595 883 1637 et
939 1599 1149 1637 rursum
1195 1584 1315 1636 aliis
1356 1594 1635 1652 postquam
1679 1582 1780 1649 ipsi
1827 1581 1964 1650 capti

387 1681 606 1748 fuerint,
636 1679 758 1732 aliis
784 1680 970 1731 iterum
1004 1689 1159 1746 atque
1190 1675 1333 1739 aliis,
1363 1676 1547 1738 donec,
1593 1674 1833 1728 omnibus
1875 1673 1964 1741 qui

2072 482 2142 534 ἐν
2174 481 2253 547 τῷ
2290 482 2727 552 ἐνδυναμοῦντί
2759 499 2837 551 με
2878 481 3108 550 Χριστῷ
3148 484 3340 550 Ἰησοῦ
3368 483 3447 549 τῷ
3472 487 3673 554 Κυρίῳ

2075 573 2264 642 ἡμῶν.
2315 575 2426 627 Καὶ
2466 574 2577 645 γὰρ
2604 573 2714 628 δύο
2759 574 3094 641 στρουθίων
3137 576 3666 645 πιπρασκομένων,

2071 669 2152 733 ὡς
2180 668 2493 737 ὠνόμασεν
2526 669 2565 736 ἡ
2617 667 2853 736 Γραφὴ,
2902 668 3228 736 ἀσσαρίου,
3266 669 3337 723 ἐν
3372 673 3459 736 εὶς
3487 675 3666 742 πατέρ

2071 758 2147 812 δα
2179 758 2290 829 (84)
2325 760 2396 812 οὐ
2427 760 2630 813 πίπτει
2674 758 2822 812 ἄνευ
2863 758 2970 812 τοῦ
3003 760 3074 810 ὲν
3099 760 3377 828 οὐρανοῖς
3407 763 3662 830 Πατρός.

2070 847 2181 901 Καὶ
2225 849 2317 900 ἐπὶ
2362 848 2617 902 τοσοῦτον
2662 849 2840 903 πάντα
2892 850 2925 919 ἡ
2983 848 3102 902 θεία
3157 850 3474 921 περιείληφε
3520 852 3668 922 Πρό-

2069 956 2207 1003 νοια,
2270 941 2346 1003 ὡς
2400 940 2534 1011 μηδὲ
2580 939 2681 1003 τὰς
2729 941 2921 1011 τρίχας
2961 940 3062 1010 τῆς
3089 942 3328 1012 κεφαλῆς
3368 943 3524 1013 ἡμῶν
3565 947 3667 999 ἐι-

2071 1031 2404 1099 πεφευγέναι
2437 1031 2498 1084 τὸ
2537 1033 2628 1085 ὑπ’
2653 1031 2819 1086 αὑτοῦ
2839 1031 3199 1104 ἡριθμῆσθαι.

2141 1120 2271 1177 Εἶτα
2326 1123 2510 1187 πάλιν,
2565 1123 2641 1187 ὡς
2693 1123 2813 1188 ἔθος
2852 1123 2931 1195 τῷ
2978 1124 3193 1196 Κέλσῳ,
3257 1126 3417 1196 φόρει
3443 1131 3503 1183 ὲν
3547 1132 3667 1193 τοῖς

2071 1214 2219 1286 ἑξῆς,
2270 1214 2443 1284 λέγων
2495 1214 2531 1268 ἃ
2574 1215 2750 1278 οὐδεὶς
2806 1215 2965 1285 ἡμῶν
3019 1215 3320 1286 ἀνέγραψε,
3375 1219 3470 1271 καί
3522 1238 3664 1290 φησι

2066 1306 2316 1360 τοιαῦτα·
2350 1310 2433 1360 Οὐ
2462 1306 2589 1375 μὴν
2615 1305 2758 1360 οὐδὲ
2794 1306 2992 1360 ἐκεῖνο
3019 1308 3274 1361 ἀνεκτόν
3315 1323 3432 1363 σου
3455 1308 3666 1379 λέγον-

2067 1417 2189 1464 τος,
2219 1399 2320 1464 ὡς,
2350 1398 2427 1451 ἂν
2479 1402 2532 1451 οἱ
2559 1397 2677 1453 νῦν
2700 1398 3144 1464 βασιλεύοντες
3190 1398 3360 1468 ἡμῶν
3395 1416 3493 1453 σοι
3536 1418 3666 1456 πει-

2068 1490 2321 1555 σθέντες
2348 1488 2562 1554 ἁλῶσι,
2592 1490 2736 1555 τοὺς
2762 1485 3395 1556 αὖθιςβασιλεύοντας
3411 1492 3662 1558 πείσεις·

2066 1586 2119 1636 εὶ
2147 1582 2198 1636 δ’
2233 1583 2486 1648 ἄλλους,
2522 1582 2600 1637 ἂν
2625 1581 2890 1636 κάκεῖνοι
2912 1582 3105 1636 ἁλῶσι
3134 1582 3270 1653 (85),
3300 1583 3397 1636 καὶ
3429 1583 3664 1651 ἄλλους

2067 1676 2159 1729 ἐπ’
2207 1675 2442 1740 ἄλλοις,
2490 1674 2669 1744 μέχρι
2702 1673 2945 1727 πάντων
2990 1672 3111 1727 τῶν
3157 1689 3257 1727 σοι
3297 1674 3667 1744 πειθομένων

383 1736 476 1823 libi
508 1736 665 1837 fidem
690 1767 990 1820 habuissent
1019 1736 1210 1834 captis,
1248 1736 1480 1830 prudens
1504 1736 1697 1834 aliquis
1727 1736 1962 1832 princeps

2073 1736 2507 1833 άλισκοειιριένωνζ
2547 1736 2669 1833 ἅμα
2700 1781 2790 1829 τις
2821 1764 2978 1832 ἀρχὴ
3033 1763 3143 1835 (86)
3187 1736 3662 1832 σωφρονήνσασα,

383 1869 431 1912 et
465 1859 808 1926 pra’sentiens
847 1855 975 1925 quid
1018 1857 1256 1924 futurum
1306 1865 1460 1920 esset,
1494 1871 1582 1908 vos
1614 1870 1792 1909 omnes
1845 1865 1965 1907 ante

385 1948 577 2003 delebit
605 1948 850 2018 funditus
880 1963 1035 2015 quam
1091 1947 1202 2014 ipse
1244 1957 1442 2014 pereat.
1471 1947 1554 1999 Ad
1583 1947 1699 2000 haec
1742 1958 1966 2015 respon-

387 2043 515 2095 dere
566 2054 672 2094 non
713 2054 852 2108 opus
890 2050 1008 2108 est,
1058 2055 1181 2093 cum
1232 2055 1391 2095 nemo
1432 2046 1679 2094 nostrum
1722 2038 1888 2101 dicat,
1919 2037 1963 2092 si

384 2133 473 2201 qui
510 2148 651 2188 nunc
678 2142 928 2203 regnant,
972 2149 1000 2185 a
1034 2133 1193 2187 nobis
1233 2131 1478 2201 persuasi
1509 2140 1563 2185 et
1594 2130 1737 2199 capti
1764 2129 1966 2184 fuerint

383 2227 453 2282 ab
480 2227 749 2289 hostibus,
780 2226 920 2279 idem
948 2241 1046 2280 nos
1078 2236 1266 2294 postea
1287 2237 1644 2294 persuasuros
1669 2236 1791 2277 esse
1819 2221 1961 2285 aliis,

382 2318 503 2375 etsi
545 2318 633 2373 isti
676 2320 820 2386 capti
854 2317 1083 2380 fuerint.
1108 2318 1229 2371 aliis
1255 2318 1450 2371 iterum
1495 2327 1659 2385 atque
1681 2314 1824 2369 aliis.
1857 2314 1964 2369 Sed

383 2411 525 2467 unde
555 2412 719 2466 etiam
753 2411 894 2465 istud
922 2410 1170 2479 projicit,
1210 2411 1255 2464 si
1297 2409 1593 2478 principes.
1650 2421 1868 2474 semper
1896 2420 1962 2459 ex

383 2505 731 2561 successione
748 2505 977 2573 quadam
998 2504 1137 2557 alius
1167 2511 1285 2571 post
1304 2501 1494 2565 alium,
1518 2500 1674 2554 nobis
1691 2500 1965 2565 obtempeo

386 2594 626 2648 raverint
656 2603 711 2647 et
734 2594 874 2662 capti
899 2594 1101 2648 iuerint
1124 2594 1269 2664 quod
1293 2594 1476 2647 hostes
1501 2574 1605 2647 non
1638 2589 1956 2660 repulerint,

385 2685 599 2740 tandem
630 2701 797 2739 unum
817 2684 1050 2753 aliquem
1081 2688 1420 2738 exoriturum
1457 2697 1578 2737 esse
1630 2682 1960 2751 prudentem

382 2784 439 2829 et
469 2776 598 2845 quid
633 2775 873 2829 futurum
905 2774 979 2829 sit
1012 2774 1477 2841 prtesentientetn,
1520 2772 1611 2841 qui
1640 2786 1739 2826 nos
1785 2769 1963 2824 fundi-

387 2880 473 2921 tus
510 2866 719 2921 deleat?
753 2864 860 2919 Sed
905 2866 992 2918 bit:
1034 2865 1268 2932 ineptias
1312 2878 1580 2918 censuere
1608 2878 1813 2930 easque
1840 2877 1961 2916 om—

382 2976 481 3015 nes
522 2978 551 3015 a
581 2961 760 3029 seipso
799 2961 1023 3014 haustas
1054 2970 1307 3011 eructare
1340 2957 1474 3011 tnibi
1508 2956 1741 3010 videtur.

2066 1855 2165 1908 καὶ
2227 1854 2618 1923 προειδομένη
2666 1853 2732 1907 τὸ
2801 1853 3162 1923 συμϐαῖνον,
3211 1854 3445 1920 πάντας
3482 1854 3664 1922 ὑμᾶς,

2065 1947 2210 2014 πρὶν
2231 1947 2385 2015 αὐτὴ
2415 1947 2524 2017 (87)
2552 1948 3023 2014 προαπολέσθαι,
3054 1947 3335 2016 «amri-:2
3376 1947 3659 2003 διολέσει.

2078 2038 2229 2089 Ἐπεὶ
2259 2037 2315 2090 δὲ
2336 2037 2471 2108 πρὸς
2491 2035 2695 2089 τούτων
2725 2036 2826 2089 οὐκ
2862 2036 2979 2105 ἐ.ρεῖ
3003 2034 3161 2103 λόγος
3193 2034 3325 2105 (88)⁶
3355 2038 3416 2089 οὐ
3440 2036 3549 2108 γὰρ
3574 2037 3664 2089 λέ-

2065 2149 2149 2201 γει
2186 2148 2269 2193 τις
2317 2129 2473 2201 ἡμῶν
2513 2131 2642 2200 περὶ
2681 2127 2792 2182 τῶν
2818 2128 2916 2182 νῦν
2967 2128 3378 2198 βασιλευόντων⁸
3406 2132 3509 2193 ὅτι,
3564 2132 3663 2185 ἐὰν

2022 2259 2031 2268 υ
2065 2222 2379 2285 πεισθέντες
2408 2220 2599 2283 ἁλῶσι,
2631 2223 2757 2284 τοὺς
2799 2221 2915 2291 μετ’
2945 2221 3143 2284 αὐτοὺς
3173 2221 3334 2275 πάλιν
3376 2222 3658 2292 πείσομεν,

2065 2315 2335 2370 κάκείνων
2364 2313 2622 2377 ἁλόντων,
2651 2311 2813 2365 πάλιν
2837 2313 2964 2375 τοὺς
2995 2310 3124 2382 tam
3152 2313 3436 2384 πείσομεν.
3487 2315 3661 2368 Πόθεν

2062 2406 2119 2460 δὲ
2140 2406 2234 2459 καὶ
2266 2402 2592 2476 ἀπέρριψεν,
2624 2403 2706 2455 ὃτι
2737 2401 2878 2455 κατὰ
2898 2402 3147 2474 διαδοχὴν
3168 2404 3256 2457 ἀεὶ
3272 2403 3379 2458 τῶν
3414 2406 3659 2477 ὑστέρων

2065 2496 2404 2567 πειθομένων
2437 2497 2569 2566 ἡμῖν
2601 2494 2695 2547 καὶ
2728 2493 3124 2565 ἁλισκομένων,
3158 2495 3247 2549 διὰ
3292 2496 3355 2549 τὸ
3395 2496 3470 2568 μὴ
3509 2497 3656 2568 ἀμύ-

2064 2591 2247 2645 νεσθαι
2283 2591 2411 2654 τοὺς
2456 2589 2772 2659 πολεμίους,
2815 2590 2913 2660 μία
2941 2606 3026 2651 τις
3053 2590 3195 2661 ἀρχὴ
3237 2591 3657 2661 σωφρονήσασα,

2064 2685 2158 2736 καὶ
2192 2680 2549 2752 προειδομένη
2592 2681 2654 2733 τὸ
2692 2680 3008 2750 συμϐαῖνον,
3065 2680 3329 2748 παγγενεὶ
3379 2681 3526 2750 ἡμᾶς
3551 2680 3659 2733 δεο-

2062 2776 2209 2828 λέσει
2231 2791 2244 2838 ;
2275 2773 2412 2825 Ἀλλ’
2431 2772 2574 2826 ἔοικε
2595 2771 2862 2843 φλυαρίας
2885 2773 2941 2824 ὲν
2962 2770 3171 2833 τούτοις
3196 2767 3324 2840 ἑξῆς
3348 2770 3650 2837 cavant-sv,

2063 2870 2158 2922 καὶ
2194 2866 2338 2920 τοῦτ’
2367 2869 2461 2935 ἀφ’
2490 2864 2683 2919 ἑαυτοῦ
2704 2862 3217 2935 ἀπεῤῥοιϐδηκέναι.

455 3049 546 3103 72.
580 3048 773 3103 Postea
824 3047 968 3101 laeta
1004 3045 1269 3114 ejusmodi
1321 3046 1428 3100 voti
1484 3045 1707 3114 specie;
1749 3042 1807 3099 Si
1844 3044 1960 3111 ﬁeri

2136 3052 2288 3106 Μετὰ
2315 3050 2371 3103 δὲ
2408 3048 2579 3102 ταῦτα
2634 3049 2797 3118 εὐχήν
2850 3063 2972 3100 τινα
3033 3045 3202 3099 εἰπὼν
3240 3046 3370 3117 τήν
3431 3047 3502 3098 El
3542 3044 3653 3113 γὰρ

390 3152 583 3210 posset,
610 3150 667 3194 ut
699 3156 875 3193 omnes
904 3139 1065 3201 Asiaz,
1119 3135 1369 3205 Europae,
1418 3134 1598 3205 Libya:
1639 3137 1961 3191 habitatores

384 3232 556 3287 Graeci
599 3242 647 3285 et
691 3231 903 3285 barbari
930 3246 1093 3299 usque
1126 3231 1196 3282 ad
1227 3240 1488 3283 extremos
1522 3238 1680 3283 terra:
1713 3230 1876 3297 ﬁnes,
1907 3231 1963 3282 in

384 3338 548 3379 unam
577 3324 739 3392 legem
782 3321 1156 3384 consentirent,
1198 3319 1293 3373 sed
1326 3318 1661 3386 impossibile
1692 3319 1835 3373 istud
1870 3317 1960 3384 ju-

384 3417 576 3470 dicans
614 3414 763 3469 addit
800 3430 811 3465 :
856 3412 960 3477 Qui
988 3411 1084 3464 hoc
1116 3420 1285 3478 putat,
1314 3409 1447 3462 nihil
1485 3410 1644 3463 norit.
1671 3409 1769 3463 llic
1795 3410 1960 3463 multa

386 3503 739 3558 meditatione
763 3502 1054 3569 multisque
1087 3500 1268 3554 verbis
1295 3514 1433 3569 opus
1464 3510 1641 3564 esset,
1672 3508 1731 3553 ut
1762 3499 1960 3567 proba-

387 3606 536 3651 retur
567 3612 671 3649 non
704 3594 876 3650 solum
906 3594 1021 3647 ﬁeri
1066 3609 1245 3663 posse,
1272 3593 1367 3647 sed
1392 3591 1553 3647 etiam
1599 3606 1786 3647 revera
1816 3592 1964 3646 iutu-

385 3701 675 3754 rum'esse,
702 3697 761 3741 ut
780 3686 1042 3757 quidquid
1068 3687 1292 3741 rationis
1324 3695 1406 3741 est
1432 3685 1705 3755 particeps
1730 3686 1780 3738 in
1802 3700 1961 3738 unam

385 3782 559 3850 tegent
592 3780 903 3835 conveniat.
940 3779 1136 3836 Paucis
1179 3794 1388 3845 tamen,
1417 3780 1461 3833 si
1494 3779 1564 3832 ita
1595 3788 1834 3848 Oportet,
1862 3778 1963 3832 bac

385 3875 453 3927 de
482 3887 538 3927 re
572 3872 862 3927 disseram.
906 3874 984 3927 Ac
1016 3870 1185 3927 Stoici
1224 3872 1444 3941 quidem
1485 3872 1657 3935 aiunt,
1696 3887 1819 3925 cum
1850 3870 1963 3925 ele-

388 3970 694 4015 mentorum
729 3962 1131 4017 validissimum
1185 3962 1524 4032 prtevalebit,
1569 3972 1679 4016 tum
1726 3963 1961 4017 futuram

386 4067 507 4107 esse
535 4053 1041 4124 conﬂagrationem,
1086 4055 1246 4108 rebus
1264 4055 1517 4109 omnibus
1542 4054 1592 4106 in
1629 4055 1803 4123 ignem
1828 4069 1961 4109 con-

386 4145 580 4200 versis.
624 4146 694 4199 At
731 4160 831 4201 nos
853 4148 1149 4202 asserimus
1185 4147 1417 4201 Verbum
1468 4147 1569 4201 sibi
1601 4156 1825 4199 naturas
1846 4163 1963 4199 out-

385 4252 481 4292 nes
504 4239 713 4292 ratione
753 4239 1004 4307 prmditas
1036 4253 1159 4294 esse
1183 4241 1563 4304 subacturum,
1606 4252 1659 4295 et
1702 4240 1754 4293 in
1806 4255 1962 4294 suam

386 4331 558 4397 ipsius
584 4332 971 4401 perfectionem
1008 4341 1345 4386 mutaturum
1378 4350 1390 4386 :
1421 4333 1638 4402 quando
1669 4334 1965 4400 unusquis-

2064 3144 2140 3213 δὴ
2172 3141 2300 3197 οἷόν
2318 3159 2381 3196 τε
2416 3145 2504 3207 εὶς
2528 3141 2637 3195 ἕνα
2660 3138 3089 3209 συμφρονῆσαι
3125 3139 3314 3207 νόμον
3338 3137 3482 3203 τοὺς
3539 3142 3655 3204 τὴν

2078 3237 2299 3299 Ἀσίαν,
2360 3234 2459 3287 καὶ
2512 3233 2835 3301 Εὐρώπην,
2884 3230 2982 3285 καὶ
3026 3231 3253 3297 Λιϐύην
3307 3228 3654 3282 κατοικοῦν-

2064 3346 2170 3395 τας
2201 3328 2311 3399 (89)
2341 3326 2649 3394 Ἕλληνάς
2694 3342 2758 3379 τε
2784 3326 2880 3379 καὶ
2909 3323 3278 3392 βαρϐάρους,
3309 3322 3444 3390 ᾶχρι
3477 3320 3655 3388 περά-

2064 3437 2182 3473 των
2234 3419 2694 3489 νενεμημένους,
2741 3416 2996 3470 ἀδύνατον
3054 3415 3212 3468 τοῦτο
3237 3415 3464 3484 νομίσας
3494 3409 3653 3467 εἷναι-

2064 3512 2337 3583 ὲπιφέρει,
2375 3512 2479 3572 ὅτι,
2534 3511 2586 3562 '0
2621 3509 2798 3562 τοῦτο
2842 3508 3116 3576 οἰόμενος
3144 3503 3310 3560 οἶδεν
3333 3505 3538 3560 οὐδέν.
3592 3507 3656 3558 Ei

2062 3601 2117 3654 δὲ
2144 3603 2249 3674 χρὴ
2280 3603 2374 3655 καὶ
2398 3600 2542 3654 τοῦτ’
2560 3601 2752 3661 εἰπεῖν,
2782 3598 3053 3662 λελέξεται
3080 3597 3235 3664 ὀλίγα
3261 3598 3338 3659 εἰς
3356 3596 3450 3649 τὸν
3469 3596 3654 3657 τόπον,

2061 3695 2312 3765 δεόμενον
2355 3692 2555 3761 πολλῆς
2594 3689 2891 3753 ἐξετάσεως
2921 3688 3014 3741 καὶ
3059 3686 3426 3755 κατασκευῆς,
3474 3688 3555 3749 εἰς
3594 3685 3655 3738 τὸ

2065 3787 2300 3858 φανῆναι
2333 3786 2394 3838 οὑ
2424 3785 2581 3855 μόνον
2606 3782 2849 3845 δυνατὸν,
2880 3782 3015 3836 ἀλλὰ
3040 3782 3135 3834 καὶ
3185 3781 3382 3851 ἀληθὲς
3406 3781 3472 3833 τὸ
3497 3780 3653 3848 λεγό-

2067 3896 2225 3950 μενον
2266 3877 2393 3948 περὶ
2436 3874 2531 3929 τοῦ
2568 3877 2648 3938 εἰς
2685 3874 2781 3927 ἕνα
2832 3874 3211 3944 συμφρονῆσαι
3252 3874 3416 3943 νόμον
3453 3874 3561 3926 πᾶν
3590 3871 3654 3925 τὸ

2063 3968 2299 4038 λογικόν.
2335 3968 2398 4020 Οἱ
2428 3966 2526 4035 μὲν
2556 3961 2648 4019 οὖν
2682 3964 2789 4017 ἀπὸ
2827 3963 2927 4034 τῆς
2968 3965 3157 4027 Στοᾶς,
3187 3964 3652 4034 ὲπικρατήσαντκ

2063 4061 2139 4122 ὡς
2173 4052 2282 4111 οἷόν
2314 4074 2374 4109 τε
2412 4054 2503 4108 τοῦ
2548 4054 2894 4125 ἰσχυροτέρου
2914 4052 3024 4105 τῶν
3046 4053 3222 4107 ἄλλων
3244 4053 3527 4122 στοιχείου,
3552 4052 3652 4121 τὴν

2064 4151 2377 4222 ἐκπύρωσιν
2408 4148 2626 4201 ἔσεσθαι
2657 4146 2769 4217 (90)
2803 4146 3021 4199 πάντων
3042 4147 3119 4209 είς
3144 4144 3255 4217 πῦρ
3288 4145 3649 4216 μεταϐαλλόν-

2062 4259 2191 4296 των·
2227 4243 2388 4311 ήμεῖς
2431 4240 2489 4291 δὲ
2516 4238 2616 4308 τῆς
2663 4236 2887 4306 λογικῆς
2920 4234 3134 4305 φύσεώς
3162 4252 3341 4305 φαμεν
3367 4234 3494 4304 ὅλης
3519 4252 3651 4303 κρα-

2065 4332 2228 4403 τῆσαί
2265 4349 2392 4385 ποτε
2414 4332 2505 4385 τὸν
2532 4331 2723 4399 Λόγον,
2756 4330 2849 4381 καὶ
2879 4328 3247 4399 μεταποιῆσαι
3274 4329 3454 4381 πᾶσαν
3478 4327 3651 4398 ψυχὴν

382 4435 489 4490 que
535 4423 677 4476 nuda
713 4437 809 4478 sua
845 4433 1112 4492 potestate
1150 4439 1282 4479 usus
1330 4423 1492 4493 eliget
1539 4438 1660 4493 qua:
1704 4424 1869 4489 volet,
1911 4433 1963 4477 ct

2073 4427 2149 4489 είς
2178 4427 2275 4496 τὴν
2304 4424 2496 4479 ἑαυτοῦ
2520 4424 2850 4493 τελειότητα·
2883 4421 3020 4474 ἐπὰν
3049 4420 3276 4483 ἕκαστος
3295 4420 3423 4490 ψιλῇ
3450 4422 3651 4491 χρησά-

382 4511 653 4567 obtinebit
675 4529 795 4581 quae
822 4512 1067 4585 elegerit.
1092 4513 1227 4568 Nam
1250 4516 1393 4569 inter
1424 4529 1719 4584 corporum
1748 4518 1965 4570 morbos

381 4611 440 4658 et
465 4605 713 4670 vulnera,
738 4616 866 4660 sunt
895 4607 1141 4675 qumdant
1166 4608 1406 4676 quidem,
1444 4609 1641 4677 quibus
1677 4624 1766 4661 ars
1795 4608 1963 4662 rnedi-

380 4694 523 4751 cinte
566 4698 774 4752 mederi
824 4711 930 4752 non
979 4699 1185 4768 possit;
1229 4700 1323 4754 sed
1374 4701 1427 4753 in
1468 4700 1772 4754 animarum
1820 4700 1963 4754 vitiis

2076 4518 2314 4587 μενοςτῇ
2350 4514 2569 4585 ἐξουσίᾳ
2598 4514 2783 4585 ἕληται
2820 4514 2856 4568 ἃ
2900 4514 3168 4584 βούλεται,
3203 4515 3297 4568 καὶ
3334 4516 3555 4585 γένηται
3595 4517 3652 4567 ὲν

2072 4602 2153 4670 οἷς
2199 4607 2389 4659 εἵλετο*
2434 4606 2528 4658 καί
2579 4623 2777 4677 φαμεν,
2820 4607 2900 4659 ὅτι
2949 4606 3048 4658 οὐκ
3090 4605 3237 4659 ἔστιν
3264 4606 3429 4670 εἰκὸς,
3466 4606 3652 4676 ὥσπερ

2073 4701 2164 4752 ἐπὶ
2194 4699 2302 4753 τῶν
2349 4701 2406 4752 ὲν
2437 4701 2546 4762 τοῖς
2588 4698 2800 4770 σώμασι
2834 4699 3152 4770 νοσημάτων
3195 4702 3288 4754 καὶ
3326 4701 3653 4773 τραυμάτων

476 4834 500 4865 '
540 4833 773 4903 Philipp.
803 4850 877 4899 tv,
908 4836 998 4889 l3.
1073 4836 1117 4867 ³⁸
1156 4838 1174 4891 l
1203 4837 1343 4891 Tim.
1370 4852 1424 4904 ι,
1463 4838 1553 4892 η.
1629 4838 1674 4870 ³⁹
1717 4837 1910 4891 Matth.
1938 4854 1991 4902 x,
2024 4839 2115 4905 29,
2143 4838 2232 4893 30.

455 4954 568 5028 (84)
625 4959 731 5022 Εἰς
771 4957 1011 5031 παγίδα.
1069 4960 1143 5031 l_t_a
1179 4962 1344 5014 etiam
1383 4960 1591 5031 legebat
1640 4960 1970 5031 Chrysosto-

388 5038 802 5102 ttttt§,_ut_t_tot_at
831 5028 1045 5102 lilillius.
1086 5028 1333 5102 V_nigatu,
1365 5030 1458 5102 sui.
1495 5032 1594 5102 τὴν
1622 5032 1745 5102 γῇν.

622 5097 782 5172 71516,"
830 5098 1081 5172 (Urioqu
1108 5095 1213 5152 ἄν’
1234 5099 1499 5172 κάκεῖνοι
1551 5095 1767 5154 suam.
1826 5102 1970 5172 Lego

387 5166 508 5221 cum
541 5168 843 5232 Boltcrello,
875 5166 973 5222 εἶτ’
1002 5169 1216 5231 ἄλλους,
1252 5169 1317 5223 ἂν
1350 5171 1591 5222 κάκεῖνοι
1620 5172 1806 5223 ἁλῶσι.

460 5238 571 5312 ςὸβ)
601 5239 744 5312 Ἅμα
767 5258 856 5306 τις
889 5240 1067 5309 ἀρχή.
1112 5241 1255 5293 Idem
1312 5239 1436 5308 legit
1482 5243 1529 5293 εἰ
1563 5242 1637 5311 μή
1685 5259 1767 5305 τις
1801 5243 1968 5312 ἀρχή,

385 5308 474 5391 χει
507 5310 541 5391 η
582 5310 681 5391 μία
699 5327 796 5391 τις.
815 5308 999 5391 ἀρχή.
1019 5311 1138 5366 Mox
1175 5326 1271 5391 pro
1294 5308 1689 5381 σωφρονήσασα
1711 5308 1971 5368 llwsclie-

383 5378 495 5434 lius
524 5378 749 5451 itt'textu
783 5378 965 5443 ltabiét',
1001 5379 1376 5451 σωφροσύνης.

463 5450 575 5521 (δῖ)
603 5450 752 5517 Πρὶν
787 5451 962 5518 αὐτή.
994 5450 1324 5520 Legendum,
1354 5452 1483 5521 πρὶν
1504 5452 1694 5520 αὑτήν.

461 5519 576 5587 (88}
602 5522 773 5592 fErrei
814 5521 882 5573 δὲ
933 5519 1097 5588 πρὸς
1136 5522 1364 5592 τούτων
1404 5519 1534 5574 ὀὐκ
1595 5519 1727 5591 ἐρεῖ
1762 5523 1965 5592 λόγος.

383 5585 565 5664 ξ’ρτιε
601 5590 920 5664 legendum,
960 5585 1132 5644 εἰπεῖν
1174 5591 1230 5643 δὲ
1270 5594 1397 5663 περὶ
1432 5585 1641 5646 τούτων
1679 5596 1777 5663 οὐχ
1815 5585 1962 5664 α’ἱρὲῖ

384 5654 818 5722 λόγος.ϋῶυίυε
849 5670 1031 5715 autem
1079 5664 1290 5715 dltltil'dl.
1344 5654 1409 5715 ἶιη
1461 5666 1531 5715 sit
1589 5654 1955 5723 scribi-uului",

392 5725 513 5777 ἐπεὶ
544 5727 597 5781 δὲ
627 5729 760 5797 πρὸς
792 5729 958 5783 ταῦτα
981 5731 1077 5799 οὐχ
1106 5732 1252 5801 αἱρεῖ
1276 5731 1458 5801 λόγος,
1506 5751 1569 5788 an
1598 5735 1674 5789 sic
1695 5777 1709 5801 ,
1743 5734 1864 5785 ἐπεὶ
1904 5732 1959 5786 δὲ

2080 4961 2216 5083 stipo;
2239 4960 2410 5013 ταῦτα
2439 4962 2831 5034 ἀποκρίνεσθαι
2863 4963 2961 5033 οὐχ
2987 4964 3134 5036 αἱρεῖ
3161 4963 3340 5034 λόγος.
3390 4963 3653 5020 Neutrum

2080 5047 2109 5083 n
2137 5043 2277 5083 acet.

2078 5043 2277 5099 pittcel.

2149 5102 2260 5171 (89)
2294 5103 2751 5169 Κατοικοῦντας.
2803 5104 2956 5157 lianc
2995 5119 3181 5158 vocem
3231 5119 3352 5173 qua:
3396 5105 3449 5159 in
3497 5118 3652 5160 antea

2076 5173 2234 5226 editis
2265 5173 2625 5243 desideratur,
2659 5174 2874 5243 Ortgcni
2919 5174 3147 5228 reddunt
3173 5177 3330 5230 codd.
3361 5191 3494 5230 mss.
3544 5178 3654 5231 lle—

2080 5244 2198 5312 gius
2235 5252 2290 5295 et
2317 5242 2670 5297 Basileensis.

2150 5312 2262 5380 (90)
2303 5312 2427 5367 Post
2459 5313 2678 5366 ἔσεσθαι
2700 5314 2846 5369 addit
2875 5315 3185 5380 Spencerus
3225 5314 3372 5369 intra
3413 5317 3654 5370 uncinu—

2078 5383 2158 5437 ius
2188 5382 2424 5450 λέγουσι,
2455 5387 2622 5453 quod,
2654 5400 2776 5438 cum
2809 5384 2876 5438 ab
2907 5382 3165 5439 bmnibus
3188 5384 3333 5437 absit
3364 5400 3499 5438 mss.
3556 5402 3658 5438 nec

2078 5455 2445 5525 necessarium
2477 5454 2566 5525 sit,
2601 5455 2911 5508 ret-iditnus.
2948 5454 3114 5525 Paulo
3144 5464 3260 5522 post
3284 5471 3400 5525 pro
3452 5455 3661 5525 κρατῆ-

2078 5522 2166 5575 σαί
2195 5540 2324 5576 ποτε
2348 5522 2438 5576 τὸν
2463 5523 2633 5592 Λόγον
2666 5525 2758 5575 καὶ
2807 5524 3192 5594 μεταποιῆσαι,
3260 5524 3454 5578 Gutetn
3492 5522 3655 5577 ’διττόν

2067 5593 2303 5679 bernium
2330 5593 2873 5664 νὶάυιυτ,κρατήσειν
2906 5594 3033 5647 ποτὲ
3054 5594 3144 5648 τὸν
3172 5593 3341 5662 Λόγον
3363 5595 3459 5647 καὶ
3487 5609 3659 5666 μετα-

2070 5680 2187 5714 πιλιτ
2201 5680 2328 5715 σειν.
