3920 6158
377 303 512 359 1623

1570 313 1851 369 CONTRA
1882 309 2157 365 CELSUM
2198 308 2323 362 LIB.
2369 309 2500 364 Vill.

3505 318 3642 376 1626

376 426 498 480 τινὰ
544 427 636 479 τὸν
663 426 1068 497 συμϐαινόντων
1113 429 1435 500 ἰσχυρότερά
1483 431 1601 482 ἐστι
1636 430 1746 500 (91)
1782 431 1953 502 πάσης

2067 451 2334 507 negamus
2367 433 2534 486 ullum
2568 443 2691 482 esse
2722 427 2867 495 quod
2907 442 2935 481 a
2972 442 3228 498 supremo
3258 429 3432 488 Verbo
3456 444 3510 489 et
3535 435 3645 492 Deo

379 519 624 588 ἰατρικῆς
652 517 864 587 τέχνης·
901 516 1072 580 οὕτως
1107 517 1197 568 ἐπὶ
1230 517 1340 570 τῶν
1378 517 1565 588 ψυχῶν
1597 515 1736 573 εἷναί
1763 538 1816 572 τι
1853 521 1961 573 τῶν

375 610 481 662 ἀπὸ
509 609 728 672 κακίας,
761 609 1021 662 ἀδύνατον
1065 609 1170 660 ὑπὸ
1210 608 1304 662 τοῦ
1347 613 1439 663 ἐπὶ
1479 614 1613 664 πᾶσι
1659 612 1834 679 Λόγου
1868 612 1959 664 καὶ

373 701 508 755 Θεοῦ
525 700 947 771 θεραπευθῆναι.
983 702 1208 755 Πάντων
1231 701 1342 772 γὰρ
1371 701 1478 755 τῶν
1499 705 1557 755 ὲν
1586 705 1652 772 τῇ
1684 703 1828 773 ψυχῇ
1864 720 1960 755 κα-

375 790 486 842 κῶν
515 789 882 861 δυνατώτερος
927 789 1001 843 ὢν
1034 794 1062 842 ὁ
1095 792 1268 858 Λόγος
1317 792 1409 844 καὶ
1439 795 1471 862 ἡ
1510 794 1566 844 ὲν
1618 792 1768 862 αὐτῷ
1799 793 1960 862 θερα-

375 883 522 945 πεία,
575 883 838 954 προσάγει
884 882 1026 936 κατὰ
1058 883 1309 954 βούλησιν
1340 884 1476 937 Θεοῦ
1521 885 1735 955 ἑκάστῳ
1767 885 1955 954 αὑτήν·

375 976 470 1027 καὶ
502 975 563 1027 τὸ
610 975 758 1038 τέλος
789 976 898 1028 τῶν
951 977 1290 1046 πραγμάτων
1325 976 1675 1046 ἀναιρεθῆναί
1709 980 1824 1030 ἐστι
1861 976 1958 1046 τὴν

376 1066 591 1118 κακίαψ
628 1066 854 1136 πότερον
887 1067 965 1129 δὲ,
1002 1066 1143 1118 ὥστε
1179 1066 1401 1136 μηδαμῆ
1444 1067 1706 1137 μηδαμῶς
1739 1066 1817 1118 ἔτι
1860 1067 1958 1118 αὺ-

372 1159 471 1228 τὴν
523 1160 891 1230 ἐπιτραπῆναι
929 1160 1040 1230 (92)
1087 1158 1366 1224 δύνασθαι,
1403 1160 1435 1230 ἢ
1480 1161 1572 1230 μὴ,
1604 1161 1663 1212 οὺ
1698 1159 1791 1212 τοῦ
1824 1175 1960 1228 παρ-

371 1250 520 1312 όντος
568 1251 684 1302 ἐστὶ
723 1249 881 1319 λόγου
916 1251 1143 1316 διδάξαι.
1187 1249 1363 1302 Πολλά
1396 1249 1494 1319 μὲν
1527 1245 1618 1301 οὖν
1664 1251 1718 1301 αἱ
1750 1264 1959 1319 προφη-

371 1347 511 1396 τεῖαι
545 1361 610 1396 πε
621 1345 672 1414 ρί
700 1343 798 1412 τῆς
833 1343 1127 1407 παντελοῦς
1152 1343 1487 1413 ἀναιρέσεως
1503 1341 1611 1393 τῶν
1637 1341 1842 1404 κακῶν,
1867 1341 1960 1394 καὶ

371 1434 704 1506 διορθώσεως
735 1435 914 1504 πάσης
942 1435 1139 1504 ψυχῆς,
1176 1437 1232 1487 ὲν
1269 1435 1600 1505 ἀπορρήτοις
1629 1434 1739 1504 (95)
1775 1432 1960 1501 λέγου-

373 1542 474 1577 σιν·
507 1526 669 1595 ἀρκεῖ
703 1525 748 1577 δ’
777 1527 870 1579 ἐπὶ
898 1525 989 1578 τοῦ
1026 1527 1292 1596 παρόντος
1329 1523 1667 1594 παραθέσθαι
1700 1525 1798 1594 τὴν
1853 1523 1959 1577 ἀπὸ

368 1614 461 1666 τοῦ
491 1617 743 1684 Σοφονίου
779 1617 922 1682 λέξιν
963 1615 1136 1679 οὕτως
1183 1616 1430 1686 ἔχουσαν·
1477 1614 1830 1685 Ἑτοιμάζου,
1865 1615 1958 1682 ὅρ-

369 1708 598 1773 θρισον·
628 1707 974 1776 διέφθαρται
998 1707 1164 1761 πᾶσα
1195 1709 1231 1774 ἡ
1257 1707 1582 1776 ἑπιρυλλὶς
1601 1706 1818 1760 αὐτῶν.
1857 1707 1959 1759 Διὰ

366 1805 540 1858 τοῦτο
573 1801 901 1869 ὐπόμεινόν
925 1818 1022 1869 με,
1056 1801 1216 1869 λέγει
1242 1803 1487 1868 Κύριος,
1518 1802 1588 1853 ἐν
1623 1800 1813 1868 ἡμέρᾳ
1843 1801 1954 1870 (9-1)

366 1893 757 1959 ἁναστάσεώς
800 1911 939 1962 μου,
971 1896 1058 1958 εἱς
1106 1894 1450 1961 μαρτύριον
1493 1893 1642 1945 διότι
1673 1892 1740 1945 τὸ
1780 1893 1958 1961 κρίμα

359 2005 477 2055 μου
505 1990 594 2052 εἰς
622 1986 975 2055 συναγωγὰς
1000 1982 1208 2045 ἐθνῶν,
1240 1983 1345 2036 τοῦ
1379 1983 1764 2047 εἰσδέξασθαι
1778 1984 1958 2046 ,βασι-

364 2078 511 2144 ιὸεῖς,
547 2078 650 2131 τοῦ
679 2076 882 2146 ἐκχέαι
933 2077 1026 2128 ἐπ’
1059 2077 1283 2140 αὐτοὺς
1310 2075 1518 2129 πᾶσαν
1543 2074 1730 2144 ὀργὴν
1767 2075 1956 2144 θυμοῦ

364 2187 496 2236 μου.
549 2171 643 2222 Ἐν
692 2169 801 2238 γὰρ
849 2169 990 2236 πυρὶ
1028 2167 1138 2236 (95)
1173 2166 1356 2233 ζήλου
1385 2184 1506 2235 μου
1533 2168 1956 2230 καταναλωθῆ-

363 2275 529 2313 σετίιι
551 2259 719 2313 πᾶσα
752 2262 789 2328 ἡ
820 2257 913 2329 γῆ·
949 2259 1038 2312 ὅτι
1056 2261 1187 2312 τότε
1204 2259 1603 2328 μεταστρέψω
1632 2258 1731 2310 ἐπὶ
1765 2259 1956 2322 λαοὺς

360 2352 652 2420 γλῶσσαν
665 2353 752 2416 εὶς
775 2351 987 2420 γενεὰν
1005 2351 1218 2419 αὐτῆς,
1243 2351 1349 2404 τοῦ
1374 2350 1786 2403 ἐπικαλεῖσθαι
1805 2348 1956 2401 πάν-

361 2462 469 2509 τας
502 2443 563 2497 τὸ
594 2444 781 2513 ὄνομα
833 2443 1080 2509 Κυρίου,
1127 2442 1236 2496 τοῦ
1279 2441 1597 2495 δουλεύειν
1635 2441 1796 2506 αὐτῷ
1837 2443 1955 2495 ὑπὸ

363 2530 539 2600 ζυγὸν
559 2533 686 2585 ἕνα.
745 2533 840 2584 Ἐκ
880 2532 1150 2599 περάτων
1187 2531 1469 2600 ποταμῶν
1506 2533 1818 2597 Αἰθιοπίας
1859 2533 1958 2585 0t"-

363 2639 544 2678 σουσι
578 2625 794 2688 θυσίας
848 2624 959 2693 (96)
998 2641 1119 2691 μοι.
1165 2625 1260 2676 Ἐν
1299 2623 1372 2691 τῇ
1404 2625 1597 2692 ἡμέρᾳ
1634 2625 1837 2692 ἐκείνῃ
1884 2628 1956 2678 οὐ

357 2716 444 2786 μὴ,
469 2715 918 2785 καταισχυνθῇς
947 2715 1016 2768 ἐκ
1055 2715 1296 2768 πάντων
1313 2713 1436 2768 τῶν
1470 2714 1956 2783 ἐπιτηδευματαν

361 2824 498 2873 σου,
533 2802 620 2861 ὧν
651 2806 959 2875 ἠσέϐησας
993 2809 1079 2872 εἱς
1117 2807 1240 2875 ἐμέ·
1266 2808 1356 2860 ὅτι
1391 2808 1526 2860 τότε
1558 2805 1810 2874 περιελῶ
1837 2807 1954 2860 ἀπὸ

361 2899 478 2952 σοῦ
504 2899 574 2952 τὰ
607 2898 1001 2967 sacruﬁcatum
1052 2897 1154 2965 τῆς
1197 2896 1420 2966 ὕϐρεώς
1448 2914 1585 2961 σου,
1617 2899 1714 2951 καὶ
1757 2898 1956 2951 οὐκέτι

354 2989 441 3059 μὴ
481 2989 755 3057 προσθῇς
782 2989 894 3058 (97)
936 2988 1040 3042 τοῦ
1077 2987 1541 3058 μεγαλαυχῆσαι
1573 2990 1670 3042 ἐπὶ
1711 2989 1776 3042 τὸ
1818 2989 1956 3055 ὄρος

359 3081 427 3132 τὸ
443 3079 614 3149 ἅγιόν
645 3097 784 3148 μου.
815 3078 926 3131 Καὶ
959 3079 1364 3147 ὑπολείψομαι
1402 3079 1512 3149 (98)
1548 3079 1618 3132 ἑν
1661 3079 1760 3132 σοὶ
1802 3080 1956 3132 λαὸν

361 3170 560 3238 πραῢν
586 3172 682 3224 καὶ
709 3170 1009 3223 ταπεινόν·
1035 3169 1132 3222 καὶ
1155 3169 1671 3238 εὐλαϐηθήσονται
1701 3170 1820 3224 ἀπὸ
1850 3170 1954 3223 τοῦ

361 3264 652 3331 ὀνόματος
681 3263 902 3330 Κυρίου
933 3265 988 3315 οἱ
1032 3260 1382 3314 κατάλοιποι
1412 3263 1519 3316 τοῦ
1561 3263 1820 3331 Ἰσραὴλ,
1861 3263 1957 3315 καὶ

361 3355 434 3406 οὺ
458 3352 825 3418 ποιήσουσιν
844 3351 1106 3416 ἀδικίαν,
1137 3354 1232 3405 καὶ
1252 3355 1323 3406 οὐ
1343 3353 1691 3419 λαλήσουσι
1710 3353 1952 3424 μάταια,

363 3445 463 3498 καὶ
495 3447 566 3499 οὐ
603 3445 689 3515 μὴ
717 3445 929 3515 εὑρεθῆ
965 3447 1036 3500 ἐν
1063 3447 1142 3512 τῷ
1185 3449 1436 3516 στόματι
1465 3446 1663 3500 αὐτῶν
1702 3446 1956 3516 γλῶσσα

362 3535 556 3590 δολία·
588 3537 735 3590 διότι
767 3538 936 3592 αὐτοὶ
973 3537 1356 3608 νεμήσονται,
1390 3538 1489 3591 καὶ
1530 3537 1957 3603 κοιτασθήσονσ

361 3645 474 3693 ται,
501 3629 598 3682 καὶ
631 3633 742 3683 οὐκ
776 3630 948 3683 ἔσται
983 3632 1016 3684 ὁ
1044 3629 1318 3698 ἐκφοϐῶν
1349 3631 1592 3694 αὐτούς.
1639 3630 1696 3681 Ὀ
1719 3629 1955 3699 δυνάμε-

360 3735 450 3781 νος
481 3719 548 3783 δ’,
583 3721 660 3783 εἰς
711 3720 883 3774 ταῦτα
921 3721 1016 3774 ὅλα
1051 3722 1149 3792 μὲν
1183 3725 1523 3790 κατανοήσας
1566 3720 1697 3789 (99),
1735 3719 1830 3791 τὴν
1864 3738 1955 3772 σα-

363 3810 588 3878 φήνειαν
637 3812 735 3881 τῆς
775 3813 1111 3883 προφητείας
1153 3813 1577 3883 παραστησάτω,
1621 3811 1856 3882 μάλιστα
1904 3811 1950 3864 δ’

361 3899 690 3966 ὲξετασάτω,
739 3905 790 3955 τί
819 3905 900 3966 τὸ,
950 3904 1322 3976 ἅναλουμένης
1355 3905 1539 3974 πάσης
1573 3906 1670 3974 τῆς
1697 3904 1822 3974 γῆς,
1853 3922 1954 3973 με·

361 3993 771 4064 ταστραρῆναι
811 3995 908 4047 ἐπὶ
935 3995 1124 4060 λαοὺς
1151 3996 1443 4063 γλῶσσαν
1482 3999 1570 4061 εὶς
1604 3997 1819 4066 γενεὰν
1855 3998 1954 4049 αὺ-

360 4086 487 4154 τῆς,
531 4084 790 4151 ἀνάλογον
819 4087 929 4145 τοῖς
976 4085 1081 4152 πρὸ
1114 4083 1220 4152 τῆς
1251 4087 1609 4154 συγχύσεως
1643 4087 1949 4156 πράγμασι·

361 4178 456 4231 καὶ
475 4175 884 4245 κατανοησάτω,
902 4174 952 4226 τί
977 4175 1038 4227 τὸ
1064 4174 1438 4227 ἐπικαλεῖσθαι
1471 4176 1679 4238 πάντας
1696 4177 1756 4228 τὸ
1782 4176 1951 4246 ὄνομα

362 4267 591 4340 Κυρίου,
619 4265 710 4320 τοῦ
749 4265 1020 4319 δουλεύειν
1058 4264 1207 4335 αὑτῷ
1239 4265 1344 4318 ὑπὸ
1381 4265 1540 4333 ζυγὸν
1584 4266 1700 4329 ἕνα,
1745 4267 1820 4329 ὡς
1857 4284 1952 4319 πε-

362 4359 702 4432 ριαιρεθῆναι
731 4357 798 4410 τὰ
839 4358 937 4427 τῆς
977 4356 1188 4428 ὕϐρεως
1218 4356 1586 4426 φαυλίσματα,
1624 4356 1718 4408 καὶ
1755 4357 1951 4426 μηκέτι

2064 527 2242 582 curari
2279 529 2534 593 nequeat.
2565 520 2802 574 Verbum
2843 519 2992 573 enim
3026 520 3252 590 ejusque
3271 526 3502 579 remedia
3527 543 3647 580 om-

2064 620 2224 672 nibus
2245 619 2440 671 anima:
2473 613 2676 668 morbis
2705 612 3007 681 potentiora
3044 623 3192 678 sunt,
3223 629 3391 683 eaque
3427 617 3646 672 υηίοιιί..

2062 727 2168 781 que
2197 726 2298 780 pro
2331 710 2422 762 Dei
2455 707 2660 776 placito
2713 706 2989 760 admovet.
3019 705 3272 760 Onmium
3310 723 3488 763 rerum
3520 710 3646 766 linis

2063 803 2172 857 erit
2213 802 2475 855 vitiorum
2510 797 2768 860 abolitio;
2821 806 3002 850 utrum
3045 807 3226 851 autem
3255 798 3328 852 ita
3362 800 3471 853 sint
3516 803 3648 857 abo»

2065 891 2254 954 lenda,
2297 899 2357 942 nt
2397 903 2675 957 nunquam
2709 886 2822 940 ulla
2860 901 2931 940 cx
2971 895 3126 955 parte.
3163 891 3372 943 renasci
3409 891 3638 958 possint,

2067 983 2232 1055 796
2273 997 2463 1045 necne,
2495 979 2782 1050 praesentis
2835 981 3106 1034 sermonis
3143 997 3245 1035 non
3292 991 3375 1036 est
3421 984 3641 1040 docere.

2063 1077 2214 1142 Quod
2245 1074 2308 1128 ad
2354 1075 2619 1143 integram
2664 1073 2917 1126 vitiorum
2967 1072 3323 1128 abolitionem
3354 1076 3638 1145 omnisque

2064 1167 2260 1220 animae
2283 1165 2721 1220 emendationem
2754 1164 2969 1226 attinet,
3001 1171 3287 1232 utramque
3310 1164 3487 1218 multae
3511 1182 3641 1234 pro-

2064 1257 2260 1326 phetite
2289 1256 2546 1311 obscuris
2589 1256 2767 1308 verbis
2797 1255 3113 1323 exprimunt
3145 1276 3155 1308 :
3198 1257 3292 1308 sed
3329 1257 3642 1325 impraesen—

2065 1348 2260 1400 tiarum
2299 1349 2433 1402 satis
2468 1355 2632 1401 erunt
2671 1347 2789 1400 haec
2826 1346 3118 1415 Soplionia:
3157 1347 3320 1400 verba
3357 1364 3370 1401 :
3409 1345 3643 1403 Paratus

2062 1447 2194 1502 esto,
2227 1453 2383 1490 mane
2417 1436 2616 1505 vigila;
2647 1437 3000 1504 disperierunt
3027 1453 3201 1490 omnes
3230 1438 3640 1493 racemieorum.

2066 1526 2395 1592 anprOpIer
2427 1537 2668 1594 exspecta
2689 1544 2788 1590 me,
2821 1527 2951 1579 dicit
2977 1526 3326 1590 Dominus,in
3350 1529 3434 1582 die
3459 1545 3643 1582 resur-

2063 1618 2312 1670 rectionis
2350 1633 2479 1670 mea:
2514 1618 2570 1670 in
2598 1618 2983 1682 testimonium,
3021 1618 3427 1686 quiajudicium
3471 1637 3642 1674 meum

2062 1719 2115 1760 ut
2155 1723 2460 1774 congregem
2489 1718 2665 1774 gentes
2702 1716 2749 1758 et
2778 1707 3065 1774 suscipiam
3101 1723 3262 1775 reges,
3293 1718 3344 1759 ut
3369 1709 3642 1776 effundam

2062 1815 2219 1868 super
2243 1813 2330 1850 eos
2363 1812 2569 1849 onmem
2601 1796 3022 1864 indignationem
3053 1795 3254 1864 furoris
3278 1797 3399 1850 mei.
3431 1797 3496 1850 In
3522 1799 3643 1867 igne

2061 1895 2196 1948 enim
2223 1891 2323 1946 zeli
2351 1893 2453 1945 mei
2479 1892 2819 1945 devorabilur
2834 1893 3002 1944 omnis
3025 1901 3186 1944 terra.
3211 1892 3348 1956 Quia
3367 1903 3489 1946 tunc
3520 1911 3643 1948 con-

2059 1973 2259 2037 vertam
2284 2000 2441 2048 super
2466 1982 2689 2052 populos
2731 1982 2967 2051 linguam
2996 1984 3050 2035 in
3092 1985 3479 2053 generationem
3505 1985 3642 2054 ejus,

2061 2085 2118 2128 ut
2151 2076 2388 2129 invocent
2416 2090 2595 2127 omnes
2623 2091 2811 2128 nomen
2851 2074 3089 2135 Domini.
3114 2086 3160 2127 et
3196 2076 3424 2128 serviant
3459 2076 3505 2130 ei
3547 2076 3641 2130 sub

2051 2169 2184 2237 jugo
2213 2183 2341 2221 uno.
2382 2165 2467 2220 Ex
2497 2167 2690 2235 ﬁnibus
2716 2167 2998 2234 fluminum
3035 2165 3327 2234 AEthiopite
3358 2168 3643 2234 suscipiam

2059 2258 2326 2321 dispersos
2355 2274 2521 2321 meos,
2557 2257 2863 2310 mactabunt
2895 2256 3130 2310 victimas
3159 2256 3309 2310 mihi.
3336 2257 3401 2311 In
3427 2259 3513 2312 die
3549 2259 3642 2311 illa

2062 2365 2166 2400 non
2219 2348 2560 2416 confunderis
2607 2363 2672 2400 ea:
2724 2347 2966 2399 omnibus
3010 2347 3467 2401 adinventionibus
3511 2353 3639 2418 tuis,

2057 2442 2246 2510 quibus
2277 2440 2625 2506 prwvaricata
2649 2454 2700 2490 es
2737 2439 2791 2490 in
2821 2453 2935 2502 me;
2961 2437 3086 2507 quia
3119 2448 3243 2490 tunc
3272 2439 3516 2506 auferam
3539 2458 3570 2494 a
3593 2453 3641 2494 te.

2057 2533 2354 2586 irrisionem
2380 2528 2712 2583 contumelia:
2749 2540 2874 2592 tute,
2902 2538 2950 2582 et
2989 2528 3130 2582 ultra
3169 2546 3271 2582 non
3303 2531 3526 2599 adjicies
3551 2549 3641 2585 ea:-

2057 2623 2216 2675 altari
2256 2620 2483 2690 amplius
2518 2623 2574 2673 in
2607 2630 2778 2672 monte
2801 2631 2981 2672 sancto
3013 2637 3144 2673 meo.
3179 2617 3245 2671 Et
3275 2621 3637 2685 derelinquam

2056 2717 2111 2768 in
2143 2727 2190 2768 te
2213 2714 2465 2782 populum
2498 2723 2832 2766 mansuetum
2862 2722 2907 2764 et
2937 2712 3213 2776 humilem,
3238 2723 3284 2766 et
3328 2714 3632 2768 revereban-

2057 2816 2152 2860 tur-
2191 2823 2377 2859 nomen
2410 2803 2623 2857 Domini
2650 2805 2742 2872 qui
2775 2803 2968 2872 reliqui
3010 2803 3208 2872 fuerint
3239 2820 3303 2858 ex
3339 2804 3546 2869 Israel,
3593 2817 3640 2859 et

2057 2909 2160 2946 non
2193 2893 2387 2958 facient
2441 2892 2796 2959 iniquitatem,
2840 2902 2886 2945 et
2935 2907 3038 2956 non
3070 2891 3355 2960 loquentur
3395 2910 3555 2960 vana,
3590 2907 3639 2949 et

2059 2999 2160 3036 non
2183 2985 2472 3037 invenietur
2499 2983 2554 3036 in
2579 2999 2668 3036 ore
2693 2998 2873 3036 eorum
2904 2983 3086 3052 lingua
3112 2983 3297 3038 dolosa
3329 3002 3347 3049 ,'
3382 2987 3638 3056 quoniam

2058 3077 2158 3145 ipsi
2189 3085 2466 3143 pascentur
2510 3083 2559 3127 et
2589 3074 2942 3141 accubabant,
2975 3085 3022 3128 ct
3051 3091 3153 3128 non
3175 3076 3273 3129 erit
3299 3077 3387 3144 qui
3412 3077 3530 3131 illos
3553 3095 3644 3131 ea:-

2059 3181 2249 3224 terreat
2270 3169 2336 3223 "°.
2363 3169 2471 3234 Qui
2501 3169 2614 3223 haec
2645 3168 2824 3223 omnia
2861 3167 3170 3239 intelligere
3196 3169 3458 3237 potuerit,
3492 3170 3639 3223 illam

2059 3262 2103 3314 is
2130 3259 2478 3328 prophetiam
2507 3258 2764 3329 explicet.
2796 3259 3044 3324 lnquirat
3068 3261 3304 3314 maxime
3335 3261 3465 3329 quid
3499 3261 3641 3315 istud

2058 3351 2351 3421 signiticet,
2378 3358 2699 3418 consumpta
2735 3349 2883 3403 omni
2916 3359 3082 3416 terra,
3113 3367 3423 3406 conversum
3450 3352 3522 3405 iri
3550 3367 3645 3406 su-

2055 3459 2148 3510 per
2165 3441 2385 3511 populos
2400 3441 2636 3510 linguam
2673 3441 2728 3493 in
2751 3443 3138 3510 generationem
3169 3441 3304 3509 eius,
3337 3442 3644 3510 cujusntodi

2057 3543 2180 3587 erat
2221 3543 2348 3585 ante
2400 3533 2785 3600 confusionem.
2817 3532 2942 3586 Hinc
2977 3533 3142 3586 etiam
3173 3536 3505 3602 consideret,
3536 3537 3644 3591 Dc-

2061 3624 2192 3678 mini
2229 3639 2422 3678 nomen
2458 3624 2526 3677 ab
2555 3624 2808 3679 omnibus
2844 3625 3153 3677 invocatum
3191 3625 3279 3688 iri,
3311 3635 3368 3678 ut
3396 3628 3641 3682 serviant

2057 3715 2107 3767 ei
2142 3728 2332 3768 omnes
2381 3713 2481 3766 sub
2531 3713 2662 3784 jugo
2704 3727 2834 3777 uno,
2869 3720 2924 3767 et
2958 3713 3241 3766 auferatur
3293 3717 3641 3772 contumelia:

2058 3807 2263 3872 irrisio,
2313 3822 2412 3860 nec
2451 3807 2684 3875 amplius
2725 3805 2797 3859 sit
2851 3805 3140 3873 iniquitas,
3203 3820 3305 3861 nec
3353 3822 3642 3865 sermones

2057 3899 2201 3964 vani,
2253 3914 2351 3954 nec
2395 3898 2574 3968 lingua
2619 3898 2826 3953 dolosa.
2880 3898 3060 3967 Atque
3095 3898 3209 3952 haec
3260 3899 3470 3967 paucis,
3521 3917 3633 3956 non

2059 4005 2190 4044 vero
2225 3991 2466 4060 diligenti
2503 3992 2876 4055 enarratione,
2919 4008 3226 4063 proponere
3249 3994 3422 4049 visum
3447 4005 3553 4063 est,
3579 4007 3640 4052 ut

2057 4081 2199 4137 Celsi
2221 4081 2553 4136 refutaretur
2575 4084 3158 4153 sententia,opinantis
3181 4087 3294 4141 fieri
3321 4105 3426 4142 non
3455 4104 3641 4156 posse,

2057 4183 2115 4226 ut
2146 4175 2239 4242 qui
2266 4175 2476 4240 Asiam,
2519 4175 2784 4244 Europam
2829 4187 2882 4230 et
2914 4177 3139 4247 Libyam
3185 4180 3431 4235 incolunt
3463 4181 3640 4238 (ἔπερί

2054 4273 2108 4317 et
2134 4265 2374 4329 barbari,
2413 4265 2466 4318 in
2492 4281 2652 4319 unam
2680 4267 2849 4337 legem
2892 4271 3259 4324 consentiant.
3285 4277 3365 4326 Ac
3403 4272 3642 4328 fortasse

2057 4356 2108 4409 id
2142 4355 2328 4410 facere
2358 4371 2466 4411 non
2493 4367 2748 4424 possunt,
2786 4361 2877 4428 qui
2904 4360 3106 4430 degunt
3135 4361 3318 4417 adhuc
3348 4363 3403 4416 in
3438 4379 3634 4434 corpo—

359 4443 498 4502 εἷναι
543 4447 777 4511 ἀδικίαν,
823 4447 956 4518 μηδὲ
984 4445 1173 4513 λόγους
1217 4446 1497 4516 ματαίους,
1535 4444 1669 4515 μηδὲ
1693 4445 1943 4513 γλῶσσαν

2063 4461 2142 4513 re;
2181 4449 2275 4503 sed
2315 4458 2568 4517 poterunt
2599 4465 2720 4504 cum
2751 4452 2965 4506 liberati
2999 4469 3230 4522 corpore
3259 4455 3484 4511 fuerint.

357 4545 556 4598 δολίαν.
589 4542 773 4597 Ταῦτα
805 4543 848 4596 δ’
885 4541 1030 4608 ἔδοξέ
1068 4559 1156 4612 μοι
1181 4542 1437 4612 μετρίως,
1465 4541 1559 4593 καὶ
1587 4542 1646 4594 οὑ
1682 4541 1820 4612 μετὰ
1850 4543 1948 4612 τῆς
1985 4543 2246 4615 ἀκριϐοῦς
2273 4544 2600 4616 διηγήσεως,
2639 4545 2979 4618 παραθέσθαι
3027 4548 3113 4602 διὰ
3143 4550 3242 4619 τὴν
3281 4551 3487 4604 Κέλσου
3546 4551 3636 4606 λέ-

358 4637 459 4703 ξιν,
495 4638 744 4709 οἰομένου
782 4637 842 4690 τὸ
876 4637 1256 4707 συμφρονῆσαι
1295 4637 1420 4698 τοὺς
1452 4635 1549 4707 τὴν
1610 4635 1814 4699 Ἀσίαν,
1880 4639 1972 4690 καὶ
2012 4640 2304 4710 Εὐρώπην,
2362 4640 2458 4692 καὶ
2514 4638 2740 4711 Λιϐύην,
2791 4640 3058 4711 Ἕλληνάς
3092 4659 3149 4694 τε
3200 4644 3293 4696 καὶ
3331 4643 3642 4716 βαρϐάρους·

357 4731 661 4794 οἰκοῦντας,
702 4729 963 4783 ἀδύνατον
1014 4724 1172 4782 εἶναι.
1222 4730 1330 4782 Καὶ
1380 4730 1519 4798 τάχα
1569 4729 1786 4800 άληθῶς
1833 4731 2091 4786 ἀδύνατον
2133 4733 2230 4803 μὲν
2284 4732 2345 4786 τὸ
2374 4733 2614 4786 τοιοῦτον
2641 4736 2754 4797 τοῖς
2785 4733 2861 4787 ἔτι
2891 4737 2950 4788 ὲν
2983 4734 3217 4806 σώματι,
3270 4739 3328 4790 οὐ
3379 4737 3482 4810 μὴν
3509 4739 3636 4794 ἀδύ-

357 4838 514 4874 νατον
542 4823 634 4873 καὶ
650 4819 998 4874 ἀπολυθεῖσιν
1035 4819 1221 4874 αὐτοῦ.

428 4911 540 4967 Εἴθ’
587 4915 712 4987 ἑξῆς
750 4915 1122 4988 προτρέπεται
1164 4916 1313 4986 ἡμᾶς
1364 4919 1392 4969 ὁ
1433 4918 1636 4981 Κέλσος
1699 4919 1946 4988 ἀρήγειν

358 5006 703 5082 τῷβασιλεῐ
726 5008 904 5061 παντὶ
937 5007 1160 5071 σθένει,
1196 5009 1291 5061 καὶ
1319 5010 1656 5078 συμπονεῖν
1679 5011 1838 5076 αὐτῷ
1875 5011 1947 5065 τὰ

429 5146 474 5177 ⁸ο
515 5146 756 5215 SOpbon.
789 5164 874 5210 ιιι,
906 5149 963 5215 7,
1002 5150 1055 5213 8,
1087 5150 1138 5212 9,
1177 5151 1266 5218 10,
1305 5151 1393 5217 11,
1433 5152 1520 5218 l2,
1558 5153 1641 5206 15.

429 5259 543 5399 (91)
574 5259 730 5313 Libb.
761 5271 920 5315 antea
941 5263 1092 5327 editi,
1118 5260 1277 5328 εἶναι,
1313 5267 1475 5321 male.

452 5328 541 5399 92)
581 5327 1024 5399 Ἐπιτραπῆναι.
1067 5333 1248 5389 Mallet
1281 5336 1475 5392 Bohert

452 5328 541 5400 92)
579 5327 1024 5413 Fattpaxﬁrat.
1067 5327 1640 5413 MalletLBoherellus,
1679 5340 1937 5413 ἐπιστρα-

359 5401 546 5477 φῆναι.
575 5401 838 5477 Craterum
865 5404 931 5477 de
957 5404 1058 5477 l_t_ac
1084 5407 1386 5477 quaestione
1423 5408 1675 5477 Origcnis
1713 5401 1935 5465 senten-

362 5471 760 5595 ιίηᾝεῗρῗιὶὶιυι·
786 5473 928 5540 apud
961 5471 1212 5528 lluetium
1263 5471 1710 5547 Origeniairorum
1739 5482 1834 5537 lib.
1869 5499 1930 5549 ιι,

362 5558 449 5595 (tu.
483 5558 506 5594 s
539 5579 551 5591 .
661 5579 674 5593 .

358 5553 551 5610 quaest.
587 5553 674 5595 11.

430 5611 556 5692 (93),
577 5613 762 5692 (Jutltl._
781 5611 911 5692 Reg.
941 5625 993 5669 et
1055 5616 1241 5682 BasH.,
1285 5617 1342 5670 ἐν
1371 5618 1722 5692 ἀπορρήτοις.
1776 5623 1928 5681 Libb.

359 5683 512 5747 edlti,
540 5686 597 5736 ἐν
628 5683 944 5752 ἀπορρήτῳ.

434 5684 512 5747 Ili,
540 5686 597 5736 ἐν
628 5684 944 5805 ἀπορῤᾜῳ.

434 5753 544 5822 (94)
583 5753 802 5822 Vulgata
875 5757 1022 5823 iltlia,
1059 5759 1136 5820 εἰς
1177 5758 1406 5829 ἡμέραν.

2126 4919 2215 4973 75.
2259 4919 2461 4974 Deinde
2503 4936 2602 4975 nos
2643 4919 2836 4976 Celsus
2869 4922 3118 4978 hortatur
3158 4933 3215 4978 ut
3246 4927 3355 4997 regi
3386 4927 3510 4982 totis
3551 4931 3632 4982 vi—

2055 5011 2198 5065 ribus
2234 5027 2381 5080 apem
2422 5012 2675 5081 feramus,
2701 5016 2757 5068 in
2783 5014 3059 5085 justorum
3086 5015 3204 5086 ejus
3237 5017 3476 5074 laborum
3506 5037 3634 5088 par-

2258 5272 2492 5345 ‘Eadem,
2523 5274 2658 5328 διότι
2688 5275 2749 5345 ἐν
2775 5277 2929 5345 πυρί.

2137 5341 2478 5415 96)_Eadem,
2500 5341 2867 5414 προσδέξομαι
2895 5347 2953 5398 ὲν
2982 5343 3424 5415 διεσπαρμένοις,
3454 5345 3634 5403 οἴσου-

2046 5429 2100 5465 σι
2122 5413 2336 5476 θυσίας.
2372 5413 2555 5483 Atque
2585 5416 2658 5468 ita
2692 5413 3005 5482 legendum.

2118 5483 2229 5604 (97)
2273 5484 2402 5538 Mss.
2432 5486 2683 5565 August?
2713 5483 2981 5604 73:66an.

2118 5553 2205 5604 (98
2265 5555 2490 5604 Vulgata
2518 5554 2716 5604 Biblta.
2781 5551 2981 5604 ποληὼι

2115 5551 2228 5694 (98)
2265 5555 2490 5622 Vulgata
2518 5551 2716 5616 Biblia,
2747 5551 3131 5632 ὁπολῆψωμαι.

2137 5625 2224 5693 99)
2267 5625 2321 5675 '0
2354 5621 2784 5694 δυνάμενοςδζ
2817 5625 2904 5688 εὶς
2928 5638 3116 5676 ταυτα

2137 5625 2224 5693 99)
2267 5625 2321 5675 '0
2354 5621 2784 5694 δυνάμενοςδζ
2817 5621 2913 5688 εὶς
2928 5621 3116 5676 ταῦτα
3143 5623 3257 5676 ὅλα
3296 5624 3418 5694 μέν
3449 5642 3630 5682 κατα⁴

2041 5693 2294 5759 νοήσας.
2322 5694 2549 5747 Gnietns
2585 5693 2797 5745 dubitat
2819 5709 2886 5746 an
2911 5695 3258 5751 scribendum
3289 5693 3382 5762 Sit,
3411 5701 3438 5751 ὁ
3467 5696 3627 5754 δυνά·

2045 5781 2204 5834 μενος
2233 5764 2296 5832 δὴ
2330 5763 2504 5816 ταῦτα
2531 5764 2624 5816 ὅλα
2644 5763 2998 5836 κατανοῆσαι.
