  <div class='ocr_page' id='page_1' title='image "/cluster/home/n/w/nwhite01/storage/ocr_20150623/11/mdp.39015013266690/843.png"; bbox 0 0 3920 6158; ppageno 0'>
   <div class='ocr_carea' id='block_1_1' title="bbox 405 247 539 302">
    <p class='ocr_par' dir='ltr' id='par_1_1' title="bbox 405 247 539 302">
     <span class='ocr_line' id='line_1_1' title="bbox 405 247 539 302; baseline -0.007 0"><span class='ocrx_word' id='word_1_1' title='bbox 405 249 426 302; x_wconf 77' lang='grc'><strong>1</strong></span> <span class='ocrx_word' id='word_1_2' title='bbox 441 247 539 302; x_wconf 78' lang='lat'><strong>6‘27</strong></span> 
     </span>
    </p>
   </div>
   <div class='ocr_carea' id='block_1_2' title="bbox 1862 252 2181 310">
    <p class='ocr_par' dir='ltr' id='par_1_2' title="bbox 1862 252 2181 310">
     <span class='ocr_line' id='line_1_2' title="bbox 1862 252 2181 310; baseline -0.003 0"><span class='ocrx_word' id='word_1_3' title='bbox 1862 252 2181 310; x_wconf 78' lang='lat' dir='ltr'><strong>ORiGENlS</strong></span> 
     </span>
    </p>
   </div>
   <div class='ocr_carea' id='block_1_3' title="bbox 3516 256 3657 309">
    <p class='ocr_par' dir='ltr' id='par_1_3' title="bbox 3516 256 3657 309">
     <span class='ocr_line' id='line_1_3' title="bbox 3516 256 3657 309; baseline 0.007 -3"><span class='ocrx_word' id='word_1_4' title='bbox 3516 256 3657 309; x_wconf 71' lang='lat' dir='ltr'><strong>i628</strong></span> 
     </span>
    </p>
   </div>
   <div class='ocr_carea' id='block_1_4' title="bbox 402 361 1973 436">
    <p class='ocr_par' dir='ltr' id='par_1_4' title="bbox 402 361 1973 433">
     <span class='ocr_line' id='line_1_4' title="bbox 402 361 1973 433; baseline 0.005 -20"><span class='ocrx_word' id='word_1_5' title='bbox 402 374 503 414; x_wconf 84' lang='lat' dir='ltr'><strong>sem</strong></span> <span class='ocrx_word' id='word_1_6' title='bbox 533 361 821 425; x_wconf 82' lang='lat' dir='ltr'><strong>veniamus,</strong></span> <span class='ocrx_word' id='word_1_7' title='bbox 862 377 1012 415; x_wconf 88' lang='lat' dir='ltr'><strong>arma</strong></span> <span class='ocrx_word' id='word_1_8' title='bbox 1036 379 1128 430; x_wconf 84' lang='lat' dir='ltr'><strong>pro</strong></span> <span class='ocrx_word' id='word_1_9' title='bbox 1161 363 1255 416; x_wconf 92' lang='lat' dir='ltr'><strong>illo</strong></span> <span class='ocrx_word' id='word_1_10' title='bbox 1284 368 1578 433; x_wconf 88' lang='lat' dir='ltr'><strong>capiamus,</strong></span> <span class='ocrx_word' id='word_1_11' title='bbox 1603 374 1672 431; x_wconf 90' lang='lat' dir='ltr'><strong>et,</strong></span> <span class='ocrx_word' id='word_1_12' title='bbox 1708 367 1753 419; x_wconf 90' lang='lat' dir='ltr'><strong>si</strong></span> <span class='ocrx_word' id='word_1_13' title='bbox 1779 367 1852 418; x_wconf 87' lang='lat' dir='ltr'><strong>ita</strong></span> <span class='ocrx_word' id='word_1_14' title='bbox 1881 383 1973 433; x_wconf 86' lang='lat' dir='ltr'><strong>po-</strong></span> 
     </span>
    </p>
   </div>
   <div class='ocr_carea' id='block_1_5' title="bbox 2079 361 3659 436">
    <p class='ocr_par' dir='ltr' id='par_1_5' title="bbox 2079 365 3659 436">
     <span class='ocr_line' id='line_1_5' title="bbox 2079 365 3659 436; baseline -0.001 -17"><span class='ocrx_word' id='word_1_15' title='bbox 2079 366 2293 430; x_wconf 79' lang='grc' dir='ltr'><em>δίκαια,</em></span> <span class='ocrx_word' id='word_1_16' title='bbox 2329 368 2424 421; x_wconf 81' lang='grc' dir='ltr'><em>καὶ</em></span> <span class='ocrx_word' id='word_1_17' title='bbox 2457 366 2817 436; x_wconf 78' lang='grc' dir='ltr'><strong>ὑπερμαχεῖν</strong></span> <span class='ocrx_word' id='word_1_18' title='bbox 2843 366 3047 429; x_wconf 84' lang='grc' dir='ltr'><em>αὑτοῦ,</em></span> <span class='ocrx_word' id='word_1_19' title='bbox 3089 365 3185 420; x_wconf 75' lang='grc' dir='ltr'><em>καὶ</em></span> <span class='ocrx_word' id='word_1_20' title='bbox 3221 367 3659 432; x_wconf 71' lang='grc' dir='ltr'><strong>συστρατεύειν</strong></span> 
     </span>
    </p>
   </div>
   <div class='ocr_carea' id='block_1_6' title="bbox 403 453 1972 520">
    <p class='ocr_par' dir='ltr' id='par_1_6' title="bbox 403 453 1972 520">
     <span class='ocr_line' id='line_1_6' title="bbox 403 453 1972 520; baseline 0.006 -17"><span class='ocrx_word' id='word_1_21' title='bbox 403 453 594 516; x_wconf 86' lang='lat' dir='ltr'><strong>stulat,</strong></span> <span class='ocrx_word' id='word_1_22' title='bbox 619 454 712 505; x_wconf 89' lang='lat' dir='ltr'><strong>sub</strong></span> <span class='ocrx_word' id='word_1_23' title='bbox 745 453 836 505; x_wconf 89' lang='lat' dir='ltr'><strong>illo</strong></span> <span class='ocrx_word' id='word_1_24' title='bbox 864 455 1170 520; x_wconf 87' lang='lat' dir='ltr'><strong>militemus,</strong></span> <span class='ocrx_word' id='word_1_25' title='bbox 1196 466 1242 509; x_wconf 88' lang='lat' dir='ltr'><strong>et</strong></span> <span class='ocrx_word' id='word_1_26' title='bbox 1272 474 1388 511; x_wconf 87' lang='lat' dir='ltr'><strong>cum</strong></span> <span class='ocrx_word' id='word_1_27' title='bbox 1424 459 1518 512; x_wconf 90' lang='lat' dir='ltr'><strong>illo</strong></span> <span class='ocrx_word' id='word_1_28' title='bbox 1546 460 1798 513; x_wconf 83' lang='lat' dir='ltr'><strong>ducamus</strong></span> <span class='ocrx_word' id='word_1_29' title='bbox 1820 476 1972 514; x_wconf 75' lang='lat' dir='ltr'><strong>exer-</strong></span> 
     </span>
    </p>
   </div>
   <div class='ocr_carea' id='block_1_7' title="bbox 401 540 1974 618">
    <p class='ocr_par' dir='ltr' id='par_1_7' title="bbox 401 540 1974 618">
     <span class='ocr_line' id='line_1_7' title="bbox 401 540 1974 618; baseline 0.008 -26"><span class='ocrx_word' id='word_1_30' title='bbox 401 540 585 592; x_wconf 83' lang='lat' dir='ltr'><strong>citum.</strong></span> <span class='ocrx_word' id='word_1_31' title='bbox 612 540 690 592; x_wconf 84' lang='lat' dir='ltr'><strong>Ad</strong></span> <span class='ocrx_word' id='word_1_32' title='bbox 726 541 842 594; x_wconf 78' lang='lat' dir='ltr'><strong>lucc</strong></span> <span class='ocrx_word' id='word_1_33' title='bbox 875 542 1185 607; x_wconf 87' lang='lat' dir='ltr'><strong>dicendum,</strong></span> <span class='ocrx_word' id='word_1_34' title='bbox 1211 546 1322 615; x_wconf 79' lang='lat' dir='ltr'><strong>regi</strong></span> <span class='ocrx_word' id='word_1_35' title='bbox 1355 563 1448 601; x_wconf 92' lang='lat' dir='ltr'><strong>nos</strong></span> <span class='ocrx_word' id='word_1_36' title='bbox 1470 548 1519 600; x_wconf 93' lang='lat' dir='ltr'><strong>in</strong></span> <span class='ocrx_word' id='word_1_37' title='bbox 1549 548 1668 602; x_wconf 88' lang='lat' dir='ltr'><strong>loco</strong></span> <span class='ocrx_word' id='word_1_38' title='bbox 1695 550 1974 618; x_wconf 90' lang='lat' dir='ltr'><strong>suppetias</strong></span> 
     </span>
    </p>
   </div>
   <div class='ocr_carea' id='block_1_8' title="bbox 406 629 1971 705">
    <p class='ocr_par' dir='ltr' id='par_1_8' title="bbox 406 629 1971 705">
     <span class='ocr_line' id='line_1_8' title="bbox 406 629 1971 705; baseline 0.006 -23"><span class='ocrx_word' id='word_1_39' title='bbox 406 629 570 691; x_wconf 81' lang='lat' dir='ltr'><strong>ferre,</strong></span> <span class='ocrx_word' id='word_1_40' title='bbox 602 630 696 682; x_wconf 90' lang='lat' dir='ltr'><strong>sed</strong></span> <span class='ocrx_word' id='word_1_41' title='bbox 735 630 970 695; x_wconf 86' lang='lat' dir='ltr'><strong>divinas,</strong></span> <span class='ocrx_word' id='word_1_42' title='bbox 1007 642 1066 686; x_wconf 88' lang='lat' dir='ltr'><strong>ut</strong></span> <span class='ocrx_word' id='word_1_43' title='bbox 1103 635 1174 687; x_wconf 88' lang='lat' dir='ltr'><strong>ita</strong></span> <span class='ocrx_word' id='word_1_44' title='bbox 1213 634 1424 705; x_wconf 89' lang='lat' dir='ltr'><strong>loquar,</strong></span> <span class='ocrx_word' id='word_1_45' title='bbox 1456 638 1670 692; x_wconf 85' lang='lat' dir='ltr'><strong>indutos</strong></span> <span class='ocrx_word' id='word_1_46' title='bbox 1700 650 1971 692; x_wconf 88' lang='lat' dir='ltr'><strong>armatura</strong></span> 
     </span>
    </p>
   </div>
   <div class='ocr_carea' id='block_1_9' title="bbox 401 719 1969 796">
    <p class='ocr_par' dir='ltr' id='par_1_9' title="bbox 401 719 1969 796">
     <span class='ocr_line' id='line_1_9' title="bbox 401 719 1969 796; baseline 0.005 -22"><span class='ocrx_word' id='word_1_47' title='bbox 401 719 504 775; x_wconf 81' lang='lat' dir='ltr'><strong>Dei</strong></span> <span class='ocrx_word' id='word_1_48' title='bbox 536 721 621 787; x_wconf 77' lang='lat'><strong>“;</strong></span> <span class='ocrx_word' id='word_1_49' title='bbox 662 722 821 790; x_wconf 98' lang='lat' dir='ltr'><strong>idque</strong></span> <span class='ocrx_word' id='word_1_50' title='bbox 869 723 1030 792; x_wconf 82' lang='lat'><strong>797</strong></span> <span class='ocrx_word' id='word_1_51' title='bbox 1080 723 1306 779; x_wconf 81' lang='lat' dir='ltr'><strong>facimus</strong></span> <span class='ocrx_word' id='word_1_52' title='bbox 1360 727 1483 781; x_wconf 85' lang='lat' dir='ltr'><strong>huic</strong></span> <span class='ocrx_word' id='word_1_53' title='bbox 1513 730 1821 796; x_wconf 79' lang='lat' dir='ltr'><strong>apostolica:</strong></span> <span class='ocrx_word' id='word_1_54' title='bbox 1853 730 1969 782; x_wconf 84' lang='lat' dir='ltr'><strong>voci</strong></span> 
     </span>
    </p>
   </div>
   <div class='ocr_carea' id='block_1_10' title="bbox 404 810 1972 886">
    <p class='ocr_par' dir='ltr' id='par_1_10' title="bbox 404 810 1972 886">
     <span class='ocr_line' id='line_1_10' title="bbox 404 810 1972 886; baseline 0.006 -24"><span class='ocrx_word' id='word_1_55' title='bbox 404 810 848 877; x_wconf 88' lang='lat' dir='ltr'><strong>obtemperantes</strong></span> <span class='ocrx_word' id='word_1_56' title='bbox 885 829 897 863; x_wconf 92' lang='lat'>:</span> <span class='ocrx_word' id='word_1_57' title='bbox 934 812 1159 865; x_wconf 86' lang='lat' dir='ltr'><strong>Obsecro</strong></span> <span class='ocrx_word' id='word_1_58' title='bbox 1195 815 1356 881; x_wconf 82' lang='lat' dir='ltr'><strong>igitur</strong></span> <span class='ocrx_word' id='word_1_59' title='bbox 1380 818 1610 884; x_wconf 81' lang='lat' dir='ltr'><strong>primunt</strong></span> <span class='ocrx_word' id='word_1_60' title='bbox 1659 819 1775 886; x_wconf 85' lang='lat' dir='ltr'><strong>ﬁeri</strong></span> <span class='ocrx_word' id='word_1_61' title='bbox 1823 819 1972 872; x_wconf 87' lang='lat' dir='ltr'><strong>obse-</strong></span> 
     </span>
    </p>
   </div>
   <div class='ocr_carea' id='block_1_11' title="bbox 403 896 1970 973">
    <p class='ocr_par' dir='ltr' id='par_1_11' title="bbox 403 896 1970 973">
     <span class='ocr_line' id='line_1_11' title="bbox 403 896 1970 973; baseline 0.005 -21"><span class='ocrx_word' id='word_1_62' title='bbox 403 900 681 960; x_wconf 74' lang='lat' dir='ltr'><strong>Crationes,</strong></span> <span class='ocrx_word' id='word_1_63' title='bbox 705 902 988 964; x_wconf 87' lang='lat' dir='ltr'><strong>orationes,</strong></span> <span class='ocrx_word' id='word_1_64' title='bbox 1004 896 1402 968; x_wconf 85' lang='lat' dir='ltr'><strong>postulationes,</strong></span> <span class='ocrx_word' id='word_1_65' title='bbox 1423 907 1722 973; x_wconf 76' lang='lat' dir='ltr'><strong>gratiarum</strong></span> <span class='ocrx_word' id='word_1_66' title='bbox 1741 910 1970 960; x_wconf 89' lang='lat' dir='ltr'><strong>actiones</strong></span> 
     </span>
    </p>
   </div>
   <div class='ocr_carea' id='block_1_12' title="bbox 401 990 1972 1067">
    <p class='ocr_par' dir='ltr' id='par_1_12' title="bbox 401 990 1972 1067">
     <span class='ocr_line' id='line_1_12' title="bbox 401 990 1972 1067; baseline 0.007 -27"><span class='ocrx_word' id='word_1_67' title='bbox 401 1005 498 1055; x_wconf 76' lang='lat' dir='ltr'><strong>pro</strong></span> <span class='ocrx_word' id='word_1_68' title='bbox 524 990 766 1042; x_wconf 89' lang='lat' dir='ltr'><strong>omnibus</strong></span> <span class='ocrx_word' id='word_1_69' title='bbox 792 991 1114 1055; x_wconf 85' lang='lat' dir='ltr'><strong>hominibus,</strong></span> <span class='ocrx_word' id='word_1_70' title='bbox 1139 1009 1232 1060; x_wconf 87' lang='lat' dir='ltr'><strong>pro</strong></span> <span class='ocrx_word' id='word_1_71' title='bbox 1259 995 1458 1062; x_wconf 81' lang='lat' dir='ltr'><strong>regibus</strong></span> <span class='ocrx_word' id='word_1_72' title='bbox 1479 1005 1525 1047; x_wconf 89' lang='lat' dir='ltr'><strong>et</strong></span> <span class='ocrx_word' id='word_1_73' title='bbox 1550 998 1788 1049; x_wconf 85' lang='lat' dir='ltr'><strong>omnibus</strong></span> <span class='ocrx_word' id='word_1_74' title='bbox 1807 1000 1894 1067; x_wconf 89' lang='lat' dir='ltr'><strong>qui</strong></span> <span class='ocrx_word' id='word_1_75' title='bbox 1918 1000 1972 1051; x_wconf 88' lang='lat' dir='ltr'><strong>in</strong></span> 
     </span>
    </p>
   </div>
   <div class='ocr_carea' id='block_1_13' title="bbox 401 1080 1966 1154">
    <p class='ocr_par' dir='ltr' id='par_1_13' title="bbox 401 1080 1966 1154">
     <span class='ocr_line' id='line_1_13' title="bbox 401 1080 1966 1154; baseline 0.004 -21"><span class='ocrx_word' id='word_1_76' title='bbox 401 1080 719 1133; x_wconf 74' lang='lat' dir='ltr'><strong>sublimitate</strong></span> <span class='ocrx_word' id='word_1_77' title='bbox 746 1091 866 1136; x_wconf 85' lang='lat' dir='ltr'><strong>sunt</strong></span> <span class='ocrx_word' id='word_1_78' title='bbox 884 1081 946 1144; x_wconf 77' lang='lat'><strong>“;</strong></span> <span class='ocrx_word' id='word_1_79' title='bbox 965 1091 1018 1134; x_wconf 93' lang='lat' dir='ltr'><strong>ct</strong></span> <span class='ocrx_word' id='word_1_80' title='bbox 1041 1097 1147 1150; x_wconf 92' lang='lat' dir='ltr'><strong>quo</strong></span> <span class='ocrx_word' id='word_1_81' title='bbox 1169 1084 1289 1152; x_wconf 82' lang='lat' dir='ltr'><strong>quis</strong></span> <span class='ocrx_word' id='word_1_82' title='bbox 1308 1084 1480 1154; x_wconf 85' lang='lat' dir='ltr'><strong>magis</strong></span> <span class='ocrx_word' id='word_1_83' title='bbox 1501 1087 1704 1152; x_wconf 88' lang='lat' dir='ltr'><strong>pietate</strong></span> <span class='ocrx_word' id='word_1_84' title='bbox 1725 1097 1966 1154; x_wconf 68' lang='lat' dir='ltr'><strong>praestat,</strong></span> 
     </span>
    </p>
   </div>
   <div class='ocr_carea' id='block_1_14' title="bbox 403 1170 1970 1246">
    <p class='ocr_par' dir='ltr' id='par_1_14' title="bbox 403 1170 1970 1246">
     <span class='ocr_line' id='line_1_14' title="bbox 403 1170 1970 1246; baseline 0.006 -24"><span class='ocrx_word' id='word_1_85' title='bbox 403 1185 469 1224; x_wconf 89' lang='lat' dir='ltr'><strong>eo</strong></span> <span class='ocrx_word' id='word_1_86' title='bbox 520 1170 752 1225; x_wconf 81' lang='lat' dir='ltr'><strong>validius</strong></span> <span class='ocrx_word' id='word_1_87' title='bbox 806 1173 1075 1226; x_wconf 81' lang='lat' dir='ltr'><strong>auxilium</strong></span> <span class='ocrx_word' id='word_1_88' title='bbox 1117 1175 1335 1242; x_wconf 83' lang='lat' dir='ltr'><strong>regibus</strong></span> <span class='ocrx_word' id='word_1_89' title='bbox 1385 1176 1509 1242; x_wconf 79' lang='lat' dir='ltr'><strong>fert,</strong></span> <span class='ocrx_word' id='word_1_90' title='bbox 1560 1177 1790 1246; x_wconf 80' lang='lat' dir='ltr'><strong>plusque</strong></span> <span class='ocrx_word' id='word_1_91' title='bbox 1838 1177 1970 1231; x_wconf 81' lang='lat' dir='ltr'><strong>facit</strong></span> 
     </span>
    </p>
   </div>
   <div class='ocr_carea' id='block_1_15' title="bbox 403 1263 1972 1336">
    <p class='ocr_par' dir='ltr' id='par_1_15' title="bbox 403 1263 1972 1336">
     <span class='ocr_line' id='line_1_15' title="bbox 403 1263 1972 1336; baseline 0.007 -26"><span class='ocrx_word' id='word_1_92' title='bbox 403 1275 568 1327; x_wconf 88' lang='lat' dir='ltr'><strong>quam</strong></span> <span class='ocrx_word' id='word_1_93' title='bbox 596 1270 787 1315; x_wconf 88' lang='lat' dir='ltr'><strong>euntes</strong></span> <span class='ocrx_word' id='word_1_94' title='bbox 822 1263 872 1315; x_wconf 93' lang='lat' dir='ltr'><strong>in</strong></span> <span class='ocrx_word' id='word_1_95' title='bbox 908 1264 1078 1318; x_wconf 86' lang='lat' dir='ltr'><strong>aciem</strong></span> <span class='ocrx_word' id='word_1_96' title='bbox 1116 1265 1334 1330; x_wconf 86' lang='lat' dir='ltr'><strong>milites,</strong></span> <span class='ocrx_word' id='word_1_97' title='bbox 1367 1268 1456 1332; x_wconf 88' lang='lat' dir='ltr'><strong>qui</strong></span> <span class='ocrx_word' id='word_1_98' title='bbox 1485 1268 1685 1332; x_wconf 80' lang='lat' dir='ltr'><strong>hostes,</strong></span> <span class='ocrx_word' id='word_1_99' title='bbox 1711 1277 1972 1336; x_wconf 80' lang='lat' dir='ltr'><strong>quotquot</strong></span> 
     </span>
    </p>
   </div>
   <div class='ocr_carea' id='block_1_16' title="bbox 405 1353 1970 1426">
    <p class='ocr_par' dir='ltr' id='par_1_16' title="bbox 405 1353 1970 1426">
     <span class='ocr_line' id='line_1_16' title="bbox 405 1353 1970 1426; baseline 0.005 -23"><span class='ocrx_word' id='word_1_100' title='bbox 405 1360 649 1420; x_wconf 91' lang='lat' dir='ltr'><strong>possunt,</strong></span> <span class='ocrx_word' id='word_1_101' title='bbox 697 1353 1051 1407; x_wconf 83' lang='lat' dir='ltr'><strong>interﬁciunt.</strong></span> <span class='ocrx_word' id='word_1_102' title='bbox 1083 1355 1347 1411; x_wconf 70' lang='lat' dir='ltr'><strong>Prmlerca</strong></span> <span class='ocrx_word' id='word_1_103' title='bbox 1381 1359 1446 1410; x_wconf 89' lang='lat' dir='ltr'><strong>ad</strong></span> <span class='ocrx_word' id='word_1_104' title='bbox 1476 1372 1568 1412; x_wconf 91' lang='lat' dir='ltr'><strong>eos</strong></span> <span class='ocrx_word' id='word_1_105' title='bbox 1608 1359 1698 1426; x_wconf 89' lang='lat' dir='ltr'><strong>qui</strong></span> <span class='ocrx_word' id='word_1_106' title='bbox 1731 1374 1759 1410; x_wconf 88' lang='lat' dir='ltr'><strong>a</strong></span> <span class='ocrx_word' id='word_1_107' title='bbox 1790 1369 1970 1413; x_wconf 85' lang='lat' dir='ltr'><strong>nostra</strong></span> 
     </span>
    </p>
   </div>
   <div class='ocr_carea' id='block_1_17' title="bbox 406 1442 1970 1512">
    <p class='ocr_par' dir='ltr' id='par_1_17' title="bbox 406 1442 1970 1512">
     <span class='ocr_line' id='line_1_17' title="bbox 406 1442 1970 1512; baseline 0.006 -21"><span class='ocrx_word' id='word_1_108' title='bbox 406 1442 508 1494; x_wconf 71' lang='lat' dir='ltr'><strong>title</strong></span> <span class='ocrx_word' id='word_1_109' title='bbox 531 1442 690 1494; x_wconf 90' lang='lat' dir='ltr'><strong>alieni</strong></span> <span class='ocrx_word' id='word_1_110' title='bbox 719 1442 991 1509; x_wconf 88' lang='lat' dir='ltr'><strong>postulant</strong></span> <span class='ocrx_word' id='word_1_111' title='bbox 1018 1453 1076 1496; x_wconf 92' lang='lat' dir='ltr'><strong>ut</strong></span> <span class='ocrx_word' id='word_1_112' title='bbox 1104 1459 1252 1498; x_wconf 89' lang='lat' dir='ltr'><strong>arma</strong></span> <span class='ocrx_word' id='word_1_113' title='bbox 1283 1445 1508 1512; x_wconf 66' lang='lat' dir='ltr'><strong>publica:</strong></span> <span class='ocrx_word' id='word_1_114' title='bbox 1537 1447 1783 1501; x_wconf 81' lang='lat' dir='ltr'><strong>utilitatis</strong></span> <span class='ocrx_word' id='word_1_115' title='bbox 1808 1462 1970 1502; x_wconf 85' lang='lat' dir='ltr'><strong>causa</strong></span> 
     </span>
    </p>
   </div>
   <div class='ocr_carea' id='block_1_18' title="bbox 403 1533 1971 1605">
    <p class='ocr_par' dir='ltr' id='par_1_18' title="bbox 403 1533 1971 1605">
     <span class='ocr_line' id='line_1_18' title="bbox 403 1533 1971 1605; baseline 0.004 -21"><span class='ocrx_word' id='word_1_116' title='bbox 403 1546 700 1593; x_wconf 84' lang='lat' dir='ltr'><strong>sumamus,</strong></span> <span class='ocrx_word' id='word_1_117' title='bbox 748 1541 802 1585; x_wconf 93' lang='lat' dir='ltr'><strong>et</strong></span> <span class='ocrx_word' id='word_1_118' title='bbox 839 1533 1085 1588; x_wconf 87' lang='lat' dir='ltr'><strong>homines</strong></span> <span class='ocrx_word' id='word_1_119' title='bbox 1137 1535 1498 1599; x_wconf 79' lang='lat' dir='ltr'><strong>trucidemns,</strong></span> <span class='ocrx_word' id='word_1_120' title='bbox 1537 1538 1648 1590; x_wconf 61' lang='lat' dir='ltr'><strong>lucc</strong></span> <span class='ocrx_word' id='word_1_121' title='bbox 1685 1553 1971 1605; x_wconf 89' lang='lat' dir='ltr'><strong>possumus</strong></span> 
     </span>
    </p>
   </div>
   <div class='ocr_carea' id='block_1_19' title="bbox 406 1621 1963 1691">
    <p class='ocr_par' dir='ltr' id='par_1_19' title="bbox 406 1621 1963 1691">
     <span class='ocr_line' id='line_1_19' title="bbox 406 1621 1963 1691; baseline 0.005 -18"><span class='ocrx_word' id='word_1_122' title='bbox 406 1622 771 1689; x_wconf 74' lang='lat' dir='ltr'><strong>respondere:</strong></span> <span class='ocrx_word' id='word_1_123' title='bbox 805 1621 948 1688; x_wconf 87' lang='lat' dir='ltr'><strong>Quos</strong></span> <span class='ocrx_word' id='word_1_124' title='bbox 981 1625 1121 1691; x_wconf 89' lang='lat' dir='ltr'><strong>apud</strong></span> <span class='ocrx_word' id='word_1_125' title='bbox 1162 1638 1256 1678; x_wconf 84' lang='lat' dir='ltr'><strong>vos</strong></span> <span class='ocrx_word' id='word_1_126' title='bbox 1299 1627 1509 1679; x_wconf 80' lang='lat' dir='ltr'><strong>habetis</strong></span> <span class='ocrx_word' id='word_1_127' title='bbox 1543 1627 1963 1682; x_wconf 81' lang='lat' dir='ltr'><strong>simulacrorum</strong></span> 
     </span>
    </p>
   </div>
   <div class='ocr_carea' id='block_1_20' title="bbox 2077 455 3657 526">
    <p class='ocr_par' dir='ltr' id='par_1_20' title="bbox 2077 455 3657 526">
     <span class='ocr_line' id='line_1_20' title="bbox 2077 455 3657 526; baseline -0.003 -16"><span class='ocrx_word' id='word_1_128' title='bbox 2077 457 2254 522; x_wconf 80' lang='grc' dir='ltr'><em>αὐτῷ,</em></span> <span class='ocrx_word' id='word_1_129' title='bbox 2281 458 2358 511; x_wconf 80' lang='grc' dir='ltr'><strong>ἂν</strong></span> <span class='ocrx_word' id='word_1_130' title='bbox 2379 459 2606 526; x_wconf 78' lang='grc' dir='ltr'><em>ἐπείγῃ,</em></span> <span class='ocrx_word' id='word_1_131' title='bbox 2636 459 2732 510; x_wconf 78' lang='grc' dir='ltr'><strong>καὶ</strong></span> <span class='ocrx_word' id='word_1_132' title='bbox 2755 456 3210 524; x_wconf 73' lang='grc' dir='ltr'><strong>συστρατηγεῖν.</strong></span> <span class='ocrx_word' id='word_1_133' title='bbox 3232 455 3459 508; x_wconf 84' lang='grc' dir='ltr'><strong>Λεκτέον</strong></span> <span class='ocrx_word' id='word_1_134' title='bbox 3476 455 3531 506; x_wconf 85' lang='grc' dir='ltr'><em>δὲ</em></span> <span class='ocrx_word' id='word_1_135' title='bbox 3559 455 3657 506; x_wconf 73' lang='grc' dir='ltr'><em>καὶ</em></span> 
     </span>
    </p>
   </div>
   <div class='ocr_carea' id='block_1_21' title="bbox 2076 545 3654 619">
    <p class='ocr_par' dir='ltr' id='par_1_21' title="bbox 2076 545 3654 619">
     <span class='ocr_line' id='line_1_21' title="bbox 2076 545 3654 619; baseline -0.003 -19"><span class='ocrx_word' id='word_1_136' title='bbox 2076 548 2212 615; x_wconf 82' lang='grc' dir='ltr'><em>πρὸς</em></span> <span class='ocrx_word' id='word_1_137' title='bbox 2243 547 2432 613; x_wconf 88' lang='grc' dir='ltr'><em>ταῦτα,</em></span> <span class='ocrx_word' id='word_1_138' title='bbox 2465 551 2546 602; x_wconf 83' lang='grc' dir='ltr'><em>ὅτι</em></span> <span class='ocrx_word' id='word_1_139' title='bbox 2576 550 2855 619; x_wconf 76' lang='grc' dir='ltr'><em>ἀρήγομεν</em></span> <span class='ocrx_word' id='word_1_140' title='bbox 2881 548 3020 600; x_wconf 88' lang='grc' dir='ltr'><strong>κατά</strong></span> <span class='ocrx_word' id='word_1_141' title='bbox 3047 546 3234 616; x_wconf 77' lang='grc' dir='ltr'><em>καιρὸν</em></span> <span class='ocrx_word' id='word_1_142' title='bbox 3251 548 3362 608; x_wconf 87' lang='grc' dir='ltr'><em>τοῖς</em></span> <span class='ocrx_word' id='word_1_143' title='bbox 3378 545 3654 614; x_wconf 84' lang='grc' dir='ltr'><em>βασιλεῦσι</em></span> 
     </span>
    </p>
   </div>
   <div class='ocr_carea' id='block_1_22' title="bbox 2074 636 3657 710">
    <p class='ocr_par' dir='ltr' id='par_1_22' title="bbox 2074 636 3657 710">
     <span class='ocr_line' id='line_1_22' title="bbox 2074 636 3657 710; baseline -0.003 -18"><span class='ocrx_word' id='word_1_144' title='bbox 2074 639 2242 704; x_wconf 84' lang='grc' dir='ltr'><em>θείαν,</em></span> <span class='ocrx_word' id='word_1_145' title='bbox 2287 640 2352 692; x_wconf 79' lang='grc' dir='ltr'><strong>ἵν’</strong></span> <span class='ocrx_word' id='word_1_146' title='bbox 2387 639 2557 702; x_wconf 79' lang='grc' dir='ltr'><em>οὓτως</em></span> <span class='ocrx_word' id='word_1_147' title='bbox 2583 639 2740 702; x_wconf 78' lang='grc' dir='ltr'><em>εἴπω,</em></span> <span class='ocrx_word' id='word_1_148' title='bbox 2778 638 2989 710; x_wconf 77' lang='grc' dir='ltr'><strong>ἄρηξιν,</strong></span> <span class='ocrx_word' id='word_1_149' title='bbox 3024 638 3117 690; x_wconf 72' lang='grc' dir='ltr'><em>καὶ</em></span> <span class='ocrx_word' id='word_1_150' title='bbox 3138 636 3478 690; x_wconf 73' lang='grc' dir='ltr'><em>πανοπλίαν</em></span> <span class='ocrx_word' id='word_1_151' title='bbox 3507 637 3657 688; x_wconf 80' lang='lat' dir='ltr'><strong>dra-</strong></span> 
     </span>
    </p>
   </div>
   <div class='ocr_carea' id='block_1_23' title="bbox 2073 728 3653 798">
    <p class='ocr_par' dir='ltr' id='par_1_23' title="bbox 2073 728 3653 798">
     <span class='ocr_line' id='line_1_23' title="bbox 2073 728 3653 798; baseline -0.001 -15"><span class='ocrx_word' id='word_1_152' title='bbox 2073 728 2479 798; x_wconf 76' lang='grc' dir='ltr'><em>λιιμϐιὲιόντες</em></span> <span class='ocrx_word' id='word_1_153' title='bbox 2509 730 2676 783; x_wconf 82' lang='grc' dir='ltr'><em>Θεοῦ.</em></span> <span class='ocrx_word' id='word_1_154' title='bbox 2698 731 2805 783; x_wconf 76' lang='grc' dir='ltr'><strong>Καὶ</strong></span> <span class='ocrx_word' id='word_1_155' title='bbox 2829 730 3000 782; x_wconf 87' lang='grc' dir='ltr'><em>ταῦτα</em></span> <span class='ocrx_word' id='word_1_156' title='bbox 3032 728 3308 798; x_wconf 78' lang='grc' dir='ltr'><strong>ποιοῦμεν,</strong></span> <span class='ocrx_word' id='word_1_157' title='bbox 3342 728 3653 797; x_wconf 77' lang='grc' dir='ltr'><strong>πειθόμενοι</strong></span> 
     </span>
    </p>
   </div>
   <div class='ocr_carea' id='block_1_24' title="bbox 2073 816 3653 892">
    <p class='ocr_par' dir='ltr' id='par_1_24' title="bbox 2073 816 3653 892">
     <span class='ocr_line' id='line_1_24' title="bbox 2073 816 3653 892; baseline -0.004 -17"><span class='ocrx_word' id='word_1_158' title='bbox 2073 821 2402 891; x_wconf 86' lang='grc' dir='ltr'><em>ἀποστολικῇ</em></span> <span class='ocrx_word' id='word_1_159' title='bbox 2441 825 2625 892; x_wconf 78' lang='grc' dir='ltr'><em>φωνῇ,</em></span> <span class='ocrx_word' id='word_1_160' title='bbox 2663 821 2926 892; x_wconf 77' lang='grc' dir='ltr'><strong>λεγούσῃ·</strong></span> <span class='ocrx_word' id='word_1_161' title='bbox 2973 819 3302 886; x_wconf 75' lang='grc' dir='ltr'><em>Παρακαλῶ</em></span> <span class='ocrx_word' id='word_1_162' title='bbox 3347 816 3460 872; x_wconf 81' lang='grc' dir='ltr'><em>οὖν</em></span> <span class='ocrx_word' id='word_1_163' title='bbox 3497 817 3653 886; x_wconf 79' lang='grc' dir='ltr'><em>ὑμᾶς</em></span> 
     </span>
    </p>
   </div>
   <div class='ocr_carea' id='block_1_25' title="bbox 2073 910 3655 981">
    <p class='ocr_par' dir='ltr' id='par_1_25' title="bbox 2073 910 3655 981">
     <span class='ocr_line' id='line_1_25' title="bbox 2073 910 3655 981; baseline -0.001 -17"><span class='ocrx_word' id='word_1_164' title='bbox 2073 911 2305 980; x_wconf 81' lang='grc' dir='ltr'><em>πρῶτον</em></span> <span class='ocrx_word' id='word_1_165' title='bbox 2339 912 2413 981; x_wconf 85' lang='grc' dir='ltr'><strong>(ι)</strong></span> <span class='ocrx_word' id='word_1_166' title='bbox 2449 913 2742 965; x_wconf 80' lang='grc' dir='ltr'><em>ποιεῖσθαι</em></span> <span class='ocrx_word' id='word_1_167' title='bbox 2765 910 3035 976; x_wconf 80' lang='grc' dir='ltr'><strong>δεήσεις,</strong></span> <span class='ocrx_word' id='word_1_168' title='bbox 3071 911 3428 980; x_wconf 78' lang='grc' dir='ltr'><em>προσευχὰς,</em></span> <span class='ocrx_word' id='word_1_169' title='bbox 3452 911 3655 962; x_wconf 78' lang='grc' dir='ltr'><em>ἐντεύ-</em></span> 
     </span>
    </p>
   </div>
   <div class='ocr_carea' id='block_1_26' title="bbox 2073 999 3653 1072">
    <p class='ocr_par' dir='ltr' id='par_1_26' title="bbox 2073 999 3653 1072">
     <span class='ocr_line' id='line_1_26' title="bbox 2073 999 3653 1072; baseline -0.003 -16"><span class='ocrx_word' id='word_1_170' title='bbox 2073 1003 2218 1068; x_wconf 78' lang='grc' dir='ltr'><em>ξεις,</em></span> <span class='ocrx_word' id='word_1_171' title='bbox 2253 1003 2658 1072; x_wconf 79' lang='grc' dir='ltr'><em>εὐχαριστίας,</em></span> <span class='ocrx_word' id='word_1_172' title='bbox 2685 1002 2834 1070; x_wconf 84' lang='grc' dir='ltr'><em>ὑπὲρ</em></span> <span class='ocrx_word' id='word_1_173' title='bbox 2859 1001 3097 1055; x_wconf 75' lang='grc' dir='ltr'><em>πάντων</em></span> <span class='ocrx_word' id='word_1_174' title='bbox 3121 999 3466 1067; x_wconf 75' lang='grc' dir='ltr'><em>ἀνθρώπων,</em></span> <span class='ocrx_word' id='word_1_175' title='bbox 3497 1000 3653 1066; x_wconf 85' lang='grc' dir='ltr'><em>ὑπὲρ</em></span> 
     </span>
    </p>
   </div>
   <div class='ocr_carea' id='block_1_27' title="bbox 2066 1089 3644 1159">
    <p class='ocr_par' dir='ltr' id='par_1_27' title="bbox 2066 1089 3644 1159">
     <span class='ocr_line' id='line_1_27' title="bbox 2066 1089 3644 1159; baseline -0.004 -11"><span class='ocrx_word' id='word_1_176' title='bbox 2066 1093 2395 1159; x_wconf 75' lang='grc' dir='ltr'><em>βασιλέων,</em></span> <span class='ocrx_word' id='word_1_177' title='bbox 2443 1093 2539 1145; x_wconf 81' lang='grc' dir='ltr'><em>καὶ</em></span> <span class='ocrx_word' id='word_1_178' title='bbox 2586 1091 2827 1145; x_wconf 77' lang='grc' dir='ltr'><em>πάντων</em></span> <span class='ocrx_word' id='word_1_179' title='bbox 2863 1091 2979 1145; x_wconf 75' lang='grc' dir='ltr'><strong>τῶν</strong></span> <span class='ocrx_word' id='word_1_180' title='bbox 3005 1092 3074 1144; x_wconf 81' lang='grc' dir='ltr'><strong>ἐν</strong></span> <span class='ocrx_word' id='word_1_181' title='bbox 3117 1089 3382 1158; x_wconf 79' lang='grc' dir='ltr'><strong>ὑπεροχῇ</strong></span> <span class='ocrx_word' id='word_1_182' title='bbox 3425 1089 3644 1142; x_wconf 71' lang='grc' dir='ltr'><em>ὄντων·</em></span> 
     </span>
    </p>
   </div>
   <div class='ocr_carea' id='block_1_28' title="bbox 2073 1177 3648 1252">
    <p class='ocr_par' dir='ltr' id='par_1_28' title="bbox 2073 1177 3648 1252">
     <span class='ocr_line' id='line_1_28' title="bbox 2073 1177 3648 1252; baseline -0.005 -15"><span class='ocrx_word' id='word_1_183' title='bbox 2073 1185 2165 1237; x_wconf 72' lang='grc' dir='ltr'><em>καὶ</em></span> <span class='ocrx_word' id='word_1_184' title='bbox 2197 1184 2305 1252; x_wconf 84' lang='grc' dir='ltr'><strong>ὅσῳ</strong></span> <span class='ocrx_word' id='word_1_185' title='bbox 2329 1181 2391 1250; x_wconf 85' lang='grc' dir='ltr'><em>γέ</em></span> <span class='ocrx_word' id='word_1_186' title='bbox 2419 1199 2501 1244; x_wconf 88' lang='grc' dir='ltr'><strong>τις</strong></span> <span class='ocrx_word' id='word_1_187' title='bbox 2523 1181 2898 1251; x_wconf 78' lang='grc' dir='ltr'><em>εὐσεϐέστερός</em></span> <span class='ocrx_word' id='word_1_188' title='bbox 2928 1180 3094 1246; x_wconf 79' lang='grc' dir='ltr'><em>ἐστιν,</em></span> <span class='ocrx_word' id='word_1_189' title='bbox 3112 1179 3349 1248; x_wconf 86' lang='grc' dir='ltr'><em>τοσούτῳ</em></span> <span class='ocrx_word' id='word_1_190' title='bbox 3378 1177 3648 1230; x_wconf 83' lang='grc' dir='ltr'><em>ἀνυτικώ-</em></span> 
     </span>
    </p>
   </div>
   <div class='ocr_carea' id='block_1_29' title="bbox 2072 1269 3648 1346">
    <p class='ocr_par' dir='ltr' id='par_1_29' title="bbox 2072 1269 3648 1346">
     <span class='ocr_line' id='line_1_29' title="bbox 2072 1269 3648 1346; baseline -0.004 -19"><span class='ocrx_word' id='word_1_191' title='bbox 2072 1292 2229 1346; x_wconf 85' lang='grc' dir='ltr'><em>τερος</em></span> <span class='ocrx_word' id='word_1_192' title='bbox 2263 1275 2318 1326; x_wconf 79' lang='grc' dir='ltr'><em>ἐν</em></span> <span class='ocrx_word' id='word_1_193' title='bbox 2347 1272 2422 1341; x_wconf 80' lang='grc' dir='ltr'><em>τῷ</em></span> <span class='ocrx_word' id='word_1_194' title='bbox 2453 1273 2678 1342; x_wconf 86' lang='grc' dir='ltr'><em>ἀρήγειν</em></span> <span class='ocrx_word' id='word_1_195' title='bbox 2706 1275 2818 1334; x_wconf 88' lang='grc' dir='ltr'><em>τοῖς</em></span> <span class='ocrx_word' id='word_1_196' title='bbox 2853 1270 3191 1340; x_wconf 80' lang='grc' dir='ltr'><em>βασιλεύουσι</em></span> <span class='ocrx_word' id='word_1_197' title='bbox 3232 1269 3381 1340; x_wconf 84' lang='grc' dir='ltr'><strong>παρά</strong></span> <span class='ocrx_word' id='word_1_198' title='bbox 3409 1270 3532 1332; x_wconf 71' lang='grc' dir='ltr'><em>τοὺς</em></span> <span class='ocrx_word' id='word_1_199' title='bbox 3564 1270 3648 1332; x_wconf 72' lang='grc' dir='ltr'><em>εἰς</em></span> 
     </span>
    </p>
   </div>
   <div class='ocr_carea' id='block_1_30' title="bbox 2071 1359 3721 1434">
    <p class='ocr_par' dir='ltr' id='par_1_30' title="bbox 2071 1359 3721 1434">
     <span class='ocr_line' id='line_1_30' title="bbox 2071 1359 3721 1434; baseline -0.004 -17"><span class='ocrx_word' id='word_1_200' title='bbox 2071 1365 2168 1427; x_wconf 86' lang='grc' dir='ltr'><strong>τάς</strong></span> <span class='ocrx_word' id='word_1_201' title='bbox 2195 1363 2526 1434; x_wconf 77' lang='grc' dir='ltr'><em>παρατάξεις</em></span> <span class='ocrx_word' id='word_1_202' title='bbox 2561 1360 2802 1424; x_wconf 73' lang='grc' dir='ltr'><em>ἐξιόντας</em></span> <span class='ocrx_word' id='word_1_203' title='bbox 2842 1360 3208 1432; x_wconf 79' lang='grc' dir='ltr'><em>στρατιώτας,</em></span> <span class='ocrx_word' id='word_1_204' title='bbox 3247 1359 3337 1412; x_wconf 78' lang='grc' dir='ltr'><em>καὶ</em></span> <span class='ocrx_word' id='word_1_205' title='bbox 3365 1359 3649 1429; x_wconf 85' lang='grc' dir='ltr'><em>ἀναιροῦν-</em></span> <span class='ocrx_word' id='word_1_206' title='bbox 3719 1392 3721 1394; x_wconf 92' lang='grc'><strong>-</strong></span> 
     </span>
    </p>
   </div>
   <div class='ocr_carea' id='block_1_31' title="bbox 2071 1445 3645 1520">
    <p class='ocr_par' dir='ltr' id='par_1_31' title="bbox 2071 1445 3645 1520">
     <span class='ocr_line' id='line_1_31' title="bbox 2071 1445 3645 1520; baseline -0.004 -13"><span class='ocrx_word' id='word_1_207' title='bbox 2071 1471 2167 1516; x_wconf 85' lang='grc' dir='ltr'><strong>τας</strong></span> <span class='ocrx_word' id='word_1_208' title='bbox 2197 1451 2293 1516; x_wconf 80' lang='grc' dir='ltr'><em>οὒς</em></span> <span class='ocrx_word' id='word_1_209' title='bbox 2316 1453 2379 1505; x_wconf 78' lang='grc' dir='ltr'><em>ἂν</em></span> <span class='ocrx_word' id='word_1_210' title='bbox 2400 1451 2659 1504; x_wconf 84' lang='grc' dir='ltr'><strong>δύνωνται</strong></span> <span class='ocrx_word' id='word_1_211' title='bbox 2688 1450 2793 1503; x_wconf 81' lang='grc' dir='ltr'><strong>τῶν</strong></span> <span class='ocrx_word' id='word_1_212' title='bbox 2827 1451 3116 1520; x_wconf 81' lang='grc' dir='ltr'><em>πολεμίων.</em></span> <span class='ocrx_word' id='word_1_213' title='bbox 3141 1445 3271 1502; x_wconf 81' lang='grc' dir='ltr'><em>Εἶτα</em></span> <span class='ocrx_word' id='word_1_214' title='bbox 3287 1449 3344 1501; x_wconf 80' lang='grc' dir='ltr'><em>δὲ</em></span> <span class='ocrx_word' id='word_1_215' title='bbox 3371 1449 3464 1502; x_wconf 71' lang='grc' dir='ltr'><em>καὶ</em></span> <span class='ocrx_word' id='word_1_216' title='bbox 3497 1448 3645 1500; x_wconf 83' lang='grc' dir='ltr'><em>ταῦτ’</em></span> 
     </span>
    </p>
   </div>
   <div class='ocr_carea' id='block_1_32' title="bbox 2073 1537 3647 1614">
    <p class='ocr_par' dir='ltr' id='par_1_32' title="bbox 2073 1537 3647 1614">
     <span class='ocr_line' id='line_1_32' title="bbox 2073 1537 3647 1614; baseline -0.004 -17"><span class='ocrx_word' id='word_1_217' title='bbox 2073 1547 2317 1614; x_wconf 80' lang='grc' dir='ltr'><em>εἴποιμεν</em></span> <span class='ocrx_word' id='word_1_218' title='bbox 2356 1543 2421 1596; x_wconf 83' lang='grc' dir='ltr'><em>ἂν</em></span> <span class='ocrx_word' id='word_1_219' title='bbox 2446 1543 2578 1614; x_wconf 69' lang='grc' dir='ltr'><em>πρὸς</em></span> <span class='ocrx_word' id='word_1_220' title='bbox 2620 1543 2743 1604; x_wconf 78' lang='grc' dir='ltr'><em>τοὺς</em></span> <span class='ocrx_word' id='word_1_221' title='bbox 2793 1542 3099 1612; x_wconf 80' lang='grc' dir='ltr'><strong>ἀλλοτρίους</strong></span> <span class='ocrx_word' id='word_1_222' title='bbox 3131 1541 3230 1609; x_wconf 85' lang='grc' dir='ltr'><em>τῆς</em></span> <span class='ocrx_word' id='word_1_223' title='bbox 3263 1541 3516 1603; x_wconf 83' lang='grc' dir='ltr'><em>πίστεως,</em></span> <span class='ocrx_word' id='word_1_224' title='bbox 3551 1537 3647 1592; x_wconf 80' lang='grc' dir='ltr'><em>καὶ</em></span> 
     </span>
    </p>
   </div>
   <div class='ocr_carea' id='block_1_33' title="bbox 2074 1629 3648 1703">
    <p class='ocr_par' dir='ltr' id='par_1_33' title="bbox 2074 1629 3648 1703">
     <span class='ocr_line' id='line_1_33' title="bbox 2074 1629 3648 1703; baseline -0.003 -16"><span class='ocrx_word' id='word_1_225' title='bbox 2074 1634 2354 1700; x_wconf 80' lang='grc' dir='ltr'><em>ἀξιοῦντας</em></span> <span class='ocrx_word' id='word_1_226' title='bbox 2384 1634 2530 1703; x_wconf 83' lang='grc' dir='ltr'><em>ἡμᾶς</em></span> <span class='ocrx_word' id='word_1_227' title='bbox 2582 1631 2967 1702; x_wconf 87' lang='grc' dir='ltr'><em>στρατεύεσθαι</em></span> <span class='ocrx_word' id='word_1_228' title='bbox 3009 1633 3146 1702; x_wconf 80' lang='grc' dir='ltr'><em>ὑπὲρ</em></span> <span class='ocrx_word' id='word_1_229' title='bbox 3187 1631 3280 1684; x_wconf 88' lang='grc' dir='ltr'><strong>τοῦ</strong></span> <span class='ocrx_word' id='word_1_230' title='bbox 3324 1629 3532 1694; x_wconf 86' lang='grc' dir='ltr'><em>κοινοῦ,</em></span> <span class='ocrx_word' id='word_1_231' title='bbox 3552 1632 3648 1682; x_wconf 77' lang='grc' dir='ltr'><em>καὶ</em></span> 
     </span>
    </p>
   </div>
   <div class='ocr_carea' id='block_1_34' title="bbox 402 1702 1973 1796">
    <p class='ocr_par' dir='ltr' id='par_1_34' title="bbox 402 1711 1964 1779">
     <span class='ocr_line' id='line_1_34' title="bbox 402 1711 1964 1779; baseline 0.005 -17"><span class='ocrx_word' id='word_1_232' title='bbox 402 1711 760 1779; x_wconf 88' lang='lat' dir='ltr'><strong>quorumdam</strong></span> <span class='ocrx_word' id='word_1_233' title='bbox 799 1713 1112 1766; x_wconf 89' lang='lat' dir='ltr'><strong>sacerdotes</strong></span> <span class='ocrx_word' id='word_1_234' title='bbox 1150 1721 1205 1766; x_wconf 91' lang='lat' dir='ltr'><strong>et</strong></span> <span class='ocrx_word' id='word_1_235' title='bbox 1231 1720 1533 1766; x_wconf 89' lang='lat' dir='ltr'><strong>vestrorum</strong></span> <span class='ocrx_word' id='word_1_236' title='bbox 1574 1715 1798 1768; x_wconf 89' lang='lat' dir='ltr'><strong>deorum</strong></span> <span class='ocrx_word' id='word_1_237' title='bbox 1834 1717 1964 1770; x_wconf 69' lang='lat' dir='ltr'><strong>tedi-</strong></span> 
     </span>
    </p>
   </div>
   <div class='ocr_carea' id='block_1_35' title="bbox 2079 1702 3647 1796">
    <p class='ocr_par' dir='ltr' id='par_1_35' title="bbox 2079 1702 3647 1796">
     <span class='ocr_line' id='line_1_35' title="bbox 2079 1702 3647 1796; baseline -0.004 -17"><span class='ocrx_word' id='word_1_238' title='bbox 2079 1725 2386 1796; x_wconf 69' lang='grc' dir='ltr'><em>Ξινθρώπους</em></span> <span class='ocrx_word' id='word_1_239' title='bbox 2407 1702 2667 1794; x_wconf 80' lang='grc' dir='ltr'><em>ἀναιρεῖν</em></span> <span class='ocrx_word' id='word_1_240' title='bbox 2691 1742 2702 1754; x_wconf 78' lang='grc' dir='ltr'><strong><em>ο</em></strong></span> <span class='ocrx_word' id='word_1_241' title='bbox 2737 1725 2818 1776; x_wconf 88' lang='grc' dir='ltr'><em>ὃτι</em></span> <span class='ocrx_word' id='word_1_242' title='bbox 2849 1725 2942 1776; x_wconf 75' lang='grc' dir='ltr'><em>καὶ</em></span> <span class='ocrx_word' id='word_1_243' title='bbox 2972 1724 3020 1775; x_wconf 73' lang='lat' dir='ltr'><strong>oi</strong></span> <span class='ocrx_word' id='word_1_244' title='bbox 3048 1722 3168 1776; x_wconf 84' lang='grc' dir='ltr'><em>καθ’</em></span> <span class='ocrx_word' id='word_1_245' title='bbox 3204 1724 3346 1792; x_wconf 79' lang='grc' dir='ltr'><em>ὑμᾶς</em></span> <span class='ocrx_word' id='word_1_246' title='bbox 3377 1722 3452 1791; x_wconf 74' lang='grc'><strong>(2)</strong></span> <span class='ocrx_word' id='word_1_247' title='bbox 3483 1723 3647 1792; x_wconf 81' lang='grc' dir='ltr'><em>ἱερεῖς</em></span> 
     </span>
    </p>
   </div>
   <div class='ocr_carea' id='block_1_36' title="bbox 404 1802 1962 1871">
    <p class='ocr_par' dir='ltr' id='par_1_36' title="bbox 404 1802 1962 1871">
     <span class='ocr_line' id='line_1_36' title="bbox 404 1802 1962 1871; baseline 0.004 -15"><span class='ocrx_word' id='word_1_248' title='bbox 404 1811 546 1864; x_wconf 89' lang='lat' dir='ltr'><strong>tuos,</strong></span> <span class='ocrx_word' id='word_1_249' title='bbox 572 1817 695 1856; x_wconf 87' lang='lat' dir='ltr'><strong>suas</strong></span> <span class='ocrx_word' id='word_1_250' title='bbox 721 1802 795 1856; x_wconf 92' lang='lat' dir='ltr'><strong>illi</strong></span> <span class='ocrx_word' id='word_1_251' title='bbox 828 1819 1019 1857; x_wconf 87' lang='lat' dir='ltr'><strong>manus</strong></span> <span class='ocrx_word' id='word_1_252' title='bbox 1045 1803 1352 1858; x_wconf 79' lang='lat' dir='ltr'><strong>incruentas</strong></span> <span class='ocrx_word' id='word_1_253' title='bbox 1376 1813 1615 1871; x_wconf 88' lang='lat' dir='ltr'><strong>servant,</strong></span> <span class='ocrx_word' id='word_1_254' title='bbox 1651 1818 1708 1861; x_wconf 87' lang='grc' dir='ltr'><strong>ιιι</strong></span> <span class='ocrx_word' id='word_1_255' title='bbox 1739 1822 1803 1860; x_wconf 88' lang='lat' dir='ltr'><strong>ne</strong></span> <span class='ocrx_word' id='word_1_256' title='bbox 1833 1823 1962 1862; x_wconf 82' lang='lat' dir='ltr'><strong>san-</strong></span> 
     </span>
    </p>
   </div>
   <div class='ocr_carea' id='block_1_37' title="bbox 405 1892 1964 1963">
    <p class='ocr_par' dir='ltr' id='par_1_37' title="bbox 405 1892 1964 1963">
     <span class='ocr_line' id='line_1_37' title="bbox 405 1892 1964 1963; baseline 0.004 -20"><span class='ocrx_word' id='word_1_257' title='bbox 405 1892 736 1961; x_wconf 74' lang='lat' dir='ltr'><strong>gniuolentis</strong></span> <span class='ocrx_word' id='word_1_258' title='bbox 763 1902 818 1947; x_wconf 90' lang='lat' dir='ltr'><strong>et</strong></span> <span class='ocrx_word' id='word_1_259' title='bbox 843 1895 987 1949; x_wconf 70' lang='lat' dir='ltr'><strong>caede</strong></span> <span class='ocrx_word' id='word_1_260' title='bbox 1009 1895 1228 1963; x_wconf 86' lang='lat' dir='ltr'><strong>pollutis</strong></span> <span class='ocrx_word' id='word_1_261' title='bbox 1262 1897 1510 1950; x_wconf 90' lang='lat' dir='ltr'><strong>manibus</strong></span> <span class='ocrx_word' id='word_1_262' title='bbox 1533 1898 1634 1949; x_wconf 91' lang='lat' dir='ltr'><strong>diis</strong></span> <span class='ocrx_word' id='word_1_263' title='bbox 1664 1898 1858 1951; x_wconf 84' lang='lat' dir='ltr'><strong>vestris</strong></span> <span class='ocrx_word' id='word_1_264' title='bbox 1883 1899 1964 1950; x_wconf 90' lang='lat' dir='ltr'><strong>vi-</strong></span> 
     </span>
    </p>
   </div>
   <div class='ocr_carea' id='block_1_38' title="bbox 403 1982 1964 2042">
    <p class='ocr_par' dir='ltr' id='par_1_38' title="bbox 403 1982 1964 2042">
     <span class='ocr_line' id='line_1_38' title="bbox 403 1982 1964 2042; baseline 0.005 -8"><span class='ocrx_word' id='word_1_265' title='bbox 403 1983 602 2036; x_wconf 84' lang='lat' dir='ltr'><strong>ctimas</strong></span> <span class='ocrx_word' id='word_1_266' title='bbox 627 1982 856 2038; x_wconf 76' lang='lat' dir='ltr'><strong>oil‘erant</strong></span> <span class='ocrx_word' id='word_1_267' title='bbox 885 2003 898 2038; x_wconf 89' lang='lat'><strong>:</strong></span> <span class='ocrx_word' id='word_1_268' title='bbox 925 1986 1066 2040; x_wconf 88' lang='lat' dir='ltr'><strong>unde</strong></span> <span class='ocrx_word' id='word_1_269' title='bbox 1107 2002 1204 2040; x_wconf 88' lang='lat' dir='ltr'><strong>nec</strong></span> <span class='ocrx_word' id='word_1_270' title='bbox 1235 1987 1644 2039; x_wconf 85' lang='lat' dir='ltr'><strong>instante-bello</strong></span> <span class='ocrx_word' id='word_1_271' title='bbox 1675 1986 1792 2040; x_wconf 92' lang='lat' dir='ltr'><strong>illos</strong></span> <span class='ocrx_word' id='word_1_272' title='bbox 1835 1988 1964 2042; x_wconf 86' lang='lat' dir='ltr'><strong>dare</strong></span> 
     </span>
    </p>
   </div>
   <div class='ocr_carea' id='block_1_39' title="bbox 406 2071 1966 2143">
    <p class='ocr_par' dir='ltr' id='par_1_39' title="bbox 406 2071 1966 2143">
     <span class='ocr_line' id='line_1_39' title="bbox 406 2071 1966 2143; baseline 0.005 -22"><span class='ocrx_word' id='word_1_273' title='bbox 406 2071 611 2124; x_wconf 62' lang='lat' dir='ltr'><strong>militiae</strong></span> <span class='ocrx_word' id='word_1_274' title='bbox 645 2086 841 2125; x_wconf 90' lang='lat' dir='ltr'><strong>nomen</strong></span> <span class='ocrx_word' id='word_1_275' title='bbox 878 2073 1101 2141; x_wconf 89' lang='lat' dir='ltr'><strong>jnbetis.</strong></span> <span class='ocrx_word' id='word_1_276' title='bbox 1137 2074 1188 2127; x_wconf 89' lang='lat' dir='ltr'><strong>Id</strong></span> <span class='ocrx_word' id='word_1_277' title='bbox 1215 2074 1258 2127; x_wconf 89' lang='lat' dir='ltr'><strong>si</strong></span> <span class='ocrx_word' id='word_1_278' title='bbox 1301 2074 1419 2140; x_wconf 81' lang='lat' dir='ltr'><strong>jure</strong></span> <span class='ocrx_word' id='word_1_279' title='bbox 1458 2073 1536 2136; x_wconf 88' lang='lat' dir='ltr'><strong>lit,</strong></span> <span class='ocrx_word' id='word_1_280' title='bbox 1563 2081 1767 2142; x_wconf 90' lang='lat' dir='ltr'><strong>quanto</strong></span> <span class='ocrx_word' id='word_1_281' title='bbox 1798 2076 1966 2143; x_wconf 81' lang='lat' dir='ltr'><strong>magis</strong></span> 
     </span>
    </p>
   </div>
   <div class='ocr_carea' id='block_1_40' title="bbox 407 2163 1967 2233">
    <p class='ocr_par' dir='ltr' id='par_1_40' title="bbox 407 2163 1967 2233">
     <span class='ocr_line' id='line_1_40' title="bbox 407 2163 1967 2233; baseline 0.004 -19"><span class='ocrx_word' id='word_1_282' title='bbox 407 2177 531 2214; x_wconf 84' lang='lat' dir='ltr'><strong>cum</strong></span> <span class='ocrx_word' id='word_1_283' title='bbox 563 2173 617 2216; x_wconf 91' lang='lat' dir='ltr'><strong>et</strong></span> <span class='ocrx_word' id='word_1_284' title='bbox 649 2163 760 2227; x_wconf 88' lang='lat' dir='ltr'><strong>isti,</strong></span> <span class='ocrx_word' id='word_1_285' title='bbox 808 2165 929 2218; x_wconf 90' lang='lat' dir='ltr'><strong>aliis</strong></span> <span class='ocrx_word' id='word_1_286' title='bbox 979 2165 1177 2218; x_wconf 89' lang='lat' dir='ltr'><strong>bellum</strong></span> <span class='ocrx_word' id='word_1_287' title='bbox 1229 2166 1562 2233; x_wconf 79' lang='lat' dir='ltr'><strong>gerentibus,</strong></span> <span class='ocrx_word' id='word_1_288' title='bbox 1609 2166 1868 2231; x_wconf 85' lang='lat' dir='ltr'><strong>militant,</strong></span> <span class='ocrx_word' id='word_1_289' title='bbox 1909 2175 1967 2220; x_wconf 86' lang='lat' dir='ltr'><strong>ut</strong></span> 
     </span>
    </p>
   </div>
   <div class='ocr_carea' id='block_1_41' title="bbox 407 2253 1969 2324">
    <p class='ocr_par' dir='ltr' id='par_1_41' title="bbox 407 2253 1969 2324">
     <span class='ocr_line' id='line_1_41' title="bbox 407 2253 1969 2324; baseline 0.003 -20"><span class='ocrx_word' id='word_1_290' title='bbox 407 2253 501 2306; x_wconf 87' lang='lat' dir='ltr'><strong>Dei</strong></span> <span class='ocrx_word' id='word_1_291' title='bbox 535 2253 857 2308; x_wconf 83' lang='lat' dir='ltr'><strong>sacerdotes</strong></span> <span class='ocrx_word' id='word_1_292' title='bbox 885 2262 939 2308; x_wconf 89' lang='lat' dir='ltr'><strong>et</strong></span> <span class='ocrx_word' id='word_1_293' title='bbox 972 2256 1226 2318; x_wconf 87' lang='lat' dir='ltr'><strong>ministri,</strong></span> <span class='ocrx_word' id='word_1_294' title='bbox 1253 2256 1600 2308; x_wconf 86' lang='lat' dir='ltr'><strong>intaminatas</strong></span> <span class='ocrx_word' id='word_1_295' title='bbox 1619 2255 1833 2324; x_wconf 89' lang='lat' dir='ltr'><strong>quidem</strong></span> <span class='ocrx_word' id='word_1_296' title='bbox 1861 2271 1969 2311; x_wconf 86' lang='lat' dir='ltr'><strong>ser-</strong></span> 
     </span>
    </p>
   </div>
   <div class='ocr_carea' id='block_1_42' title="bbox 407 2345 1966 2416">
    <p class='ocr_par' dir='ltr' id='par_1_42' title="bbox 407 2345 1966 2416">
     <span class='ocr_line' id='line_1_42' title="bbox 407 2345 1966 2416; baseline 0.006 -23"><span class='ocrx_word' id='word_1_297' title='bbox 407 2355 591 2397; x_wconf 73' lang='lat' dir='ltr'><strong>rantes</strong></span> <span class='ocrx_word' id='word_1_298' title='bbox 619 2360 831 2406; x_wconf 91' lang='lat' dir='ltr'><strong>manus,</strong></span> <span class='ocrx_word' id='word_1_299' title='bbox 866 2345 1202 2400; x_wconf 88' lang='lat' dir='ltr'><strong>decertantes</strong></span> <span class='ocrx_word' id='word_1_300' title='bbox 1235 2361 1364 2402; x_wconf 90' lang='lat' dir='ltr'><strong>vero</strong></span> <span class='ocrx_word' id='word_1_301' title='bbox 1403 2347 1536 2400; x_wconf 78' lang='lat' dir='ltr'><strong>tusis</strong></span> <span class='ocrx_word' id='word_1_302' title='bbox 1563 2348 1629 2400; x_wconf 85' lang='lat' dir='ltr'><strong>ad</strong></span> <span class='ocrx_word' id='word_1_303' title='bbox 1655 2347 1818 2401; x_wconf 87' lang='lat' dir='ltr'><strong>Deum</strong></span> <span class='ocrx_word' id='word_1_304' title='bbox 1843 2363 1966 2416; x_wconf 89' lang='lat' dir='ltr'><strong>pre-</strong></span> 
     </span>
    </p>
   </div>
   <div class='ocr_carea' id='block_1_43' title="bbox 403 2434 1966 2508">
    <p class='ocr_par' dir='ltr' id='par_1_43' title="bbox 403 2434 1966 2508">
     <span class='ocr_line' id='line_1_43' title="bbox 403 2434 1966 2508; baseline 0.004 -21"><span class='ocrx_word' id='word_1_305' title='bbox 403 2434 561 2489; x_wconf 88' lang='lat' dir='ltr'><strong>cibus</strong></span> <span class='ocrx_word' id='word_1_306' title='bbox 585 2449 683 2504; x_wconf 89' lang='lat' dir='ltr'><strong>pro</strong></span> <span class='ocrx_word' id='word_1_307' title='bbox 717 2436 783 2489; x_wconf 89' lang='lat' dir='ltr'><strong>iis</strong></span> <span class='ocrx_word' id='word_1_308' title='bbox 814 2436 904 2504; x_wconf 89' lang='lat' dir='ltr'><strong>qui</strong></span> <span class='ocrx_word' id='word_1_309' title='bbox 936 2437 1084 2505; x_wconf 90' lang='lat' dir='ltr'><strong>juste</strong></span> <span class='ocrx_word' id='word_1_310' title='bbox 1116 2438 1528 2507; x_wconf 76' lang='lat' dir='ltr'><strong>helligerantnr,</strong></span> <span class='ocrx_word' id='word_1_311' title='bbox 1568 2449 1620 2493; x_wconf 88' lang='lat' dir='ltr'><strong>et</strong></span> <span class='ocrx_word' id='word_1_312' title='bbox 1653 2455 1749 2508; x_wconf 88' lang='lat' dir='ltr'><strong>pro</strong></span> <span class='ocrx_word' id='word_1_313' title='bbox 1781 2454 1847 2494; x_wconf 92' lang='lat' dir='ltr'><strong>eo</strong></span> <span class='ocrx_word' id='word_1_314' title='bbox 1877 2441 1966 2508; x_wconf 91' lang='lat' dir='ltr'><strong>qui</strong></span> 
     </span>
    </p>
   </div>
   <div class='ocr_carea' id='block_1_44' title="bbox 399 2525 1966 2595">
    <p class='ocr_par' dir='ltr' id='par_1_44' title="bbox 399 2525 1966 2595">
     <span class='ocr_line' id='line_1_44' title="bbox 399 2525 1966 2595; baseline 0.007 -22"><span class='ocrx_word' id='word_1_315' title='bbox 399 2525 544 2593; x_wconf 83' lang='lat' dir='ltr'><strong>juste</strong></span> <span class='ocrx_word' id='word_1_316' title='bbox 578 2534 786 2592; x_wconf 80' lang='lat' dir='ltr'><strong>regnat,</strong></span> <span class='ocrx_word' id='word_1_317' title='bbox 820 2536 878 2579; x_wconf 94' lang='lat' dir='ltr'><strong>ut</strong></span> <span class='ocrx_word' id='word_1_318' title='bbox 906 2527 1163 2595; x_wconf 88' lang='lat' dir='ltr'><strong>quidquid</strong></span> <span class='ocrx_word' id='word_1_319' title='bbox 1212 2530 1546 2582; x_wconf 89' lang='lat' dir='ltr'><strong>contrarium</strong></span> <span class='ocrx_word' id='word_1_320' title='bbox 1589 2539 1644 2585; x_wconf 87' lang='lat' dir='ltr'><strong>et</strong></span> <span class='ocrx_word' id='word_1_321' title='bbox 1690 2531 1966 2585; x_wconf 87' lang='lat' dir='ltr'><strong>inimicum</strong></span> 
     </span>
    </p>
   </div>
   <div class='ocr_carea' id='block_1_45' title="bbox 402 2616 1967 2687">
    <p class='ocr_par' dir='ltr' id='par_1_45' title="bbox 402 2616 1967 2687">
     <span class='ocr_line' id='line_1_45' title="bbox 402 2616 1967 2687; baseline 0.003 -18"><span class='ocrx_word' id='word_1_322' title='bbox 402 2625 486 2672; x_wconf 82' lang='lat' dir='ltr'><strong>est</strong></span> <span class='ocrx_word' id='word_1_323' title='bbox 535 2617 683 2686; x_wconf 87' lang='lat' dir='ltr'><strong>juste</strong></span> <span class='ocrx_word' id='word_1_324' title='bbox 738 2617 1087 2680; x_wconf 77' lang='lat' dir='ltr'><strong>incientibus,</strong></span> <span class='ocrx_word' id='word_1_325' title='bbox 1142 2616 1476 2687; x_wconf 80' lang='lat' dir='ltr'><strong>proﬂigetur.</strong></span> <span class='ocrx_word' id='word_1_326' title='bbox 1536 2619 1624 2674; x_wconf 88' lang='lat' dir='ltr'><strong>Sic</strong></span> <span class='ocrx_word' id='word_1_327' title='bbox 1655 2621 1817 2674; x_wconf 88' lang='lat' dir='ltr'><strong>etiam</strong></span> <span class='ocrx_word' id='word_1_328' title='bbox 1841 2636 1967 2676; x_wconf 89' lang='lat' dir='ltr'><strong>eum</strong></span> 
     </span>
    </p>
   </div>
   <div class='ocr_carea' id='block_1_46' title="bbox 401 2707 1967 2776">
    <p class='ocr_par' dir='ltr' id='par_1_46' title="bbox 401 2707 1967 2776">
     <span class='ocr_line' id='line_1_46' title="bbox 401 2707 1967 2776; baseline 0.004 -18"><span class='ocrx_word' id='word_1_329' title='bbox 401 2707 694 2774; x_wconf 52' lang='lat' dir='ltr'><strong>daemones,</strong></span> <span class='ocrx_word' id='word_1_330' title='bbox 723 2709 813 2776; x_wconf 93' lang='lat' dir='ltr'><strong>qui</strong></span> <span class='ocrx_word' id='word_1_331' title='bbox 847 2707 984 2760; x_wconf 88' lang='lat' dir='ltr'><strong>bella</strong></span> <span class='ocrx_word' id='word_1_332' title='bbox 1015 2709 1282 2762; x_wconf 86' lang='lat' dir='ltr'><strong>suscitant</strong></span> <span class='ocrx_word' id='word_1_333' title='bbox 1310 2717 1364 2762; x_wconf 91' lang='lat' dir='ltr'><strong>et</strong></span> <span class='ocrx_word' id='word_1_334' title='bbox 1395 2711 1460 2762; x_wconf 88' lang='lat' dir='ltr'><strong>ad</strong></span> <span class='ocrx_word' id='word_1_335' title='bbox 1483 2709 1684 2764; x_wconf 70' lang='lat' dir='ltr'><strong>fwdera</strong></span> <span class='ocrx_word' id='word_1_336' title='bbox 1719 2711 1967 2766; x_wconf 82' lang='lat' dir='ltr'><strong>violanda</strong></span> 
     </span>
    </p>
   </div>
   <div class='ocr_carea' id='block_1_47' title="bbox 404 2798 1970 2872">
    <p class='ocr_par' dir='ltr' id='par_1_47' title="bbox 404 2798 1970 2872">
     <span class='ocr_line' id='line_1_47' title="bbox 404 2798 1970 2872; baseline 0.003 -23"><span class='ocrx_word' id='word_1_337' title='bbox 404 2798 687 2866; x_wconf 84' lang='lat' dir='ltr'><strong>impellunt</strong></span> <span class='ocrx_word' id='word_1_338' title='bbox 725 2813 1016 2866; x_wconf 87' lang='lat' dir='ltr'><strong>pacemque</strong></span> <span class='ocrx_word' id='word_1_339' title='bbox 1050 2801 1391 2868; x_wconf 87' lang='lat' dir='ltr'><strong>perturbant,</strong></span> <span class='ocrx_word' id='word_1_340' title='bbox 1447 2803 1694 2869; x_wconf 86' lang='lat' dir='ltr'><strong>precibus</strong></span> <span class='ocrx_word' id='word_1_341' title='bbox 1719 2803 1970 2872; x_wconf 82' lang='lat' dir='ltr'><strong>proﬂiga-</strong></span> 
     </span>
    </p>
   </div>
   <div class='ocr_carea' id='block_1_48' title="bbox 403 2891 1967 2964">
    <p class='ocr_par' dir='ltr' id='par_1_48' title="bbox 403 2891 1967 2964">
     <span class='ocr_line' id='line_1_48' title="bbox 403 2891 1967 2964; baseline 0.004 -24"><span class='ocrx_word' id='word_1_342' title='bbox 403 2905 546 2952; x_wconf 89' lang='lat' dir='ltr'><strong>mus,</strong></span> <span class='ocrx_word' id='word_1_343' title='bbox 581 2891 752 2958; x_wconf 81' lang='lat' dir='ltr'><strong>magis</strong></span> <span class='ocrx_word' id='word_1_344' title='bbox 788 2891 1227 2954; x_wconf 79' lang='lat' dir='ltr'><strong>auxilio&#39;sumus</strong></span> <span class='ocrx_word' id='word_1_345' title='bbox 1258 2893 1628 2961; x_wconf 79' lang='lat' dir='ltr'><strong>regnantibus,</strong></span> <span class='ocrx_word' id='word_1_346' title='bbox 1665 2911 1827 2964; x_wconf 89' lang='lat' dir='ltr'><strong>quam</strong></span> <span class='ocrx_word' id='word_1_347' title='bbox 1875 2895 1967 2964; x_wconf 89' lang='lat' dir='ltr'><strong>qui</strong></span> 
     </span>
    </p>
   </div>
   <div class='ocr_carea' id='block_1_49' title="bbox 2067 1808 3643 1886">
    <p class='ocr_par' dir='ltr' id='par_1_49' title="bbox 2067 1808 3643 1886">
     <span class='ocr_line' id='line_1_49' title="bbox 2067 1808 3643 1886; baseline -0.004 -17"><span class='ocrx_word' id='word_1_348' title='bbox 2067 1816 2398 1886; x_wconf 81' lang='grc' dir='ltr'><em>ἀγαλμάτων</em></span> <span class='ocrx_word' id='word_1_349' title='bbox 2447 1815 2629 1878; x_wconf 83' lang='grc' dir='ltr'><em>τινῶν,</em></span> <span class='ocrx_word' id='word_1_350' title='bbox 2681 1815 2770 1867; x_wconf 75' lang='grc' dir='ltr'><em>καὶ</em></span> <span class='ocrx_word' id='word_1_351' title='bbox 2810 1814 3065 1884; x_wconf 85' lang='grc' dir='ltr'><em>νεωκόροι</em></span> <span class='ocrx_word' id='word_1_352' title='bbox 3099 1808 3172 1866; x_wconf 80' lang='grc' dir='ltr'><em>ὧν</em></span> <span class='ocrx_word' id='word_1_353' title='bbox 3210 1812 3455 1883; x_wconf 77' lang='grc' dir='ltr'><em>νομίζετε</em></span> <span class='ocrx_word' id='word_1_354' title='bbox 3488 1811 3643 1874; x_wconf 84' lang='grc' dir='ltr'><em>θεῶν,</em></span> 
     </span>
    </p>
   </div>
   <div class='ocr_carea' id='block_1_50' title="bbox 2065 1904 3642 1977">
    <p class='ocr_par' dir='ltr' id='par_1_50' title="bbox 2065 1904 3642 1977">
     <span class='ocr_line' id='line_1_50' title="bbox 2065 1904 3642 1977; baseline -0.003 -18"><span class='ocrx_word' id='word_1_355' title='bbox 2065 1907 2318 1977; x_wconf 74' lang='grc' dir='ltr'><em>τηροῦσιν</em></span> <span class='ocrx_word' id='word_1_356' title='bbox 2345 1906 2552 1958; x_wconf 78' lang='grc' dir='ltr'><em>ἑαυτῶν</em></span> <span class='ocrx_word' id='word_1_357' title='bbox 2579 1907 2838 1976; x_wconf 86' lang='grc' dir='ltr'><em>ἀμίαντον</em></span> <span class='ocrx_word' id='word_1_358' title='bbox 2863 1906 2960 1976; x_wconf 83' lang='grc' dir='ltr'><em>τὴν</em></span> <span class='ocrx_word' id='word_1_359' title='bbox 2992 1905 3170 1969; x_wconf 71' lang='grc' dir='ltr'><em>δεξιὰν</em></span> <span class='ocrx_word' id='word_1_360' title='bbox 3191 1905 3278 1958; x_wconf 70' lang='grc' dir='ltr'><em>διὰ</em></span> <span class='ocrx_word' id='word_1_361' title='bbox 3301 1905 3398 1968; x_wconf 81' lang='grc' dir='ltr'><em>τὰς</em></span> <span class='ocrx_word' id='word_1_362' title='bbox 3435 1904 3642 1965; x_wconf 78' lang='grc' dir='ltr'><em>θυσίας,</em></span> 
     </span>
    </p>
   </div>
   <div class='ocr_carea' id='block_1_51' title="bbox 2065 1996 3644 2070">
    <p class='ocr_par' dir='ltr' id='par_1_51' title="bbox 2065 1996 3644 2070">
     <span class='ocr_line' id='line_1_51' title="bbox 2065 1996 3644 2070; baseline -0.003 -18"><span class='ocrx_word' id='word_1_363' title='bbox 2065 1999 2130 2053; x_wconf 81' lang='grc' dir='ltr'><strong>ἶν’</strong></span> <span class='ocrx_word' id='word_1_364' title='bbox 2163 2000 2516 2070; x_wconf 81' lang='grc' dir='ltr'><em>ἀναιμάκτοις</em></span> <span class='ocrx_word' id='word_1_365' title='bbox 2543 1999 2697 2068; x_wconf 70' lang='grc' dir='ltr'><em>χερσὶ</em></span> <span class='ocrx_word' id='word_1_366' title='bbox 2719 1997 2810 2051; x_wconf 71' lang='grc' dir='ltr'><em>καὶ</em></span> <span class='ocrx_word' id='word_1_367' title='bbox 2833 1996 3094 2067; x_wconf 81' lang='grc' dir='ltr'><em>καθαραῖς</em></span> <span class='ocrx_word' id='word_1_368' title='bbox 3114 1996 3220 2049; x_wconf 84' lang='grc' dir='ltr'><em>ἀπὸ</em></span> <span class='ocrx_word' id='word_1_369' title='bbox 3251 1996 3448 2064; x_wconf 82' lang='grc' dir='ltr'><em>φόνων,</em></span> <span class='ocrx_word' id='word_1_370' title='bbox 3478 2012 3644 2066; x_wconf 86' lang='grc' dir='ltr'><em>προσ-</em></span> 
     </span>
    </p>
   </div>
   <div class='ocr_carea' id='block_1_52' title="bbox 2067 2083 3647 2159">
    <p class='ocr_par' dir='ltr' id='par_1_52' title="bbox 2067 2083 3647 2159">
     <span class='ocr_line' id='line_1_52' title="bbox 2067 2083 3647 2159; baseline -0.003 -18"><span class='ocrx_word' id='word_1_371' title='bbox 2067 2089 2239 2158; x_wconf 86' lang='grc' dir='ltr'><em>άγωσι</em></span> <span class='ocrx_word' id='word_1_372' title='bbox 2288 2089 2384 2152; x_wconf 81' lang='grc' dir='ltr'><em>τὰς</em></span> <span class='ocrx_word' id='word_1_373' title='bbox 2440 2089 2827 2159; x_wconf 75' lang='grc' dir='ltr'><em>νενομισμένας</em></span> <span class='ocrx_word' id='word_1_374' title='bbox 2880 2088 3068 2150; x_wconf 84' lang='grc' dir='ltr'>θυσίας</span> <span class='ocrx_word' id='word_1_375' title='bbox 3144 2083 3222 2151; x_wconf 76' lang='grc' dir='ltr'><em>οἷς</em></span> <span class='ocrx_word' id='word_1_376' title='bbox 3275 2105 3408 2156; x_wconf 74' lang='grc' dir='ltr'><em>φατε</em></span> <span class='ocrx_word' id='word_1_377' title='bbox 3471 2087 3647 2147; x_wconf 82' lang='grc' dir='ltr'><em>θεοῖς·</em></span> 
     </span>
    </p>
   </div>
   <div class='ocr_carea' id='block_1_53' title="bbox 2066 2176 3643 2250">
    <p class='ocr_par' dir='ltr' id='par_1_53' title="bbox 2066 2176 3643 2250">
     <span class='ocr_line' id='line_1_53' title="bbox 2066 2176 3643 2250; baseline -0.003 -17"><span class='ocrx_word' id='word_1_378' title='bbox 2066 2179 2159 2233; x_wconf 69' lang='grc' dir='ltr'><em>καὶ</em></span> <span class='ocrx_word' id='word_1_379' title='bbox 2199 2180 2256 2232; x_wconf 77' lang='grc' dir='ltr'><em>οὐ</em></span> <span class='ocrx_word' id='word_1_380' title='bbox 2299 2179 2505 2250; x_wconf 83' lang='grc' dir='ltr'><em>δήπου,</em></span> <span class='ocrx_word' id='word_1_381' title='bbox 2554 2179 2786 2249; x_wconf 88' lang='grc' dir='ltr'><em>πολέμου</em></span> <span class='ocrx_word' id='word_1_382' title='bbox 2821 2177 3250 2241; x_wconf 77' lang='grc' dir='ltr'><em>καταλαϐόντος,</em></span> <span class='ocrx_word' id='word_1_383' title='bbox 3282 2177 3376 2230; x_wconf 73' lang='grc' dir='ltr'><em>καὶ</em></span> <span class='ocrx_word' id='word_1_384' title='bbox 3407 2176 3528 2239; x_wconf 73' lang='grc' dir='ltr'><em>τοὺς</em></span> <span class='ocrx_word' id='word_1_385' title='bbox 3567 2177 3643 2228; x_wconf 84' lang='grc' dir='ltr'><strong>ἰε-</strong></span> 
     </span>
    </p>
   </div>
   <div class='ocr_carea' id='block_1_54' title="bbox 2069 2267 3640 2342">
    <p class='ocr_par' dir='ltr' id='par_1_54' title="bbox 2069 2267 3640 2342">
     <span class='ocr_line' id='line_1_54' title="bbox 2069 2267 3640 2342; baseline -0.003 -18"><span class='ocrx_word' id='word_1_386' title='bbox 2069 2275 2182 2342; x_wconf 84' lang='grc' dir='ltr'><em>ρεῖς</em></span> <span class='ocrx_word' id='word_1_387' title='bbox 2231 2272 2551 2342; x_wconf 81' lang='grc' dir='ltr'><em>στρατεύετε</em></span> <span class='ocrx_word' id='word_1_388' title='bbox 2584 2274 2677 2341; x_wconf 83' lang='grc'><strong>(5).</strong></span> <span class='ocrx_word' id='word_1_389' title='bbox 2721 2273 2781 2324; x_wconf 80' lang='grc' dir='ltr'>Εἰ</span> <span class='ocrx_word' id='word_1_390' title='bbox 2820 2267 2911 2324; x_wconf 76' lang='grc' dir='ltr'><em>οὖν</em></span> <span class='ocrx_word' id='word_1_391' title='bbox 2944 2270 3090 2323; x_wconf 79' lang='grc' dir='ltr'><em>τοῦτ’</em></span> <span class='ocrx_word' id='word_1_392' title='bbox 3140 2270 3374 2337; x_wconf 77' lang='grc' dir='ltr'><em>εὐλόγως</em></span> <span class='ocrx_word' id='word_1_393' title='bbox 3401 2268 3640 2336; x_wconf 83' lang='grc' dir='ltr'><em>γίνεται,</em></span> 
     </span>
    </p>
   </div>
   <div class='ocr_carea' id='block_1_55' title="bbox 2068 2348 3642 2431">
    <p class='ocr_par' dir='ltr' id='par_1_55' title="bbox 2068 2348 3642 2431">
     <span class='ocr_line' id='line_1_55' title="bbox 2068 2348 3642 2431; baseline -0.005 -19"><span class='ocrx_word' id='word_1_394' title='bbox 2068 2361 2221 2430; x_wconf 85' lang='grc' dir='ltr'><em>πόσῳ</em></span> <span class='ocrx_word' id='word_1_395' title='bbox 2255 2360 2476 2431; x_wconf 80' lang='grc' dir='ltr'><em>μᾶλλον,</em></span> <span class='ocrx_word' id='word_1_396' title='bbox 2508 2360 2682 2414; x_wconf 85' lang='grc' dir='ltr'><em>ἄλλων</em></span> <span class='ocrx_word' id='word_1_397' title='bbox 2709 2357 3167 2430; x_wconf 78' lang='grc' dir='ltr'><em>στρατευομένων,</em></span> <span class='ocrx_word' id='word_1_398' title='bbox 3193 2358 3287 2408; x_wconf 73' lang='grc' dir='ltr'><em>καὶ</em></span> <span class='ocrx_word' id='word_1_399' title='bbox 3315 2348 3460 2407; x_wconf 72' lang='grc' dir='ltr'><em>οὗτοι</em></span> <span class='ocrx_word' id='word_1_400' title='bbox 3481 2370 3642 2424; x_wconf 85' lang='grc' dir='ltr'><em>στρα-</em></span> 
     </span>
    </p>
   </div>
   <div class='ocr_carea' id='block_1_56' title="bbox 2069 2445 3643 2521">
    <p class='ocr_par' dir='ltr' id='par_1_56' title="bbox 2069 2445 3643 2521">
     <span class='ocr_line' id='line_1_56' title="bbox 2069 2445 3643 2521; baseline -0.005 -18"><span class='ocrx_word' id='word_1_401' title='bbox 2069 2451 2313 2504; x_wconf 82' lang='grc' dir='ltr'><em>τεύονται</em></span> <span class='ocrx_word' id='word_1_402' title='bbox 2349 2451 2420 2521; x_wconf 74' lang='grc'><strong>(4)</strong></span> <span class='ocrx_word' id='word_1_403' title='bbox 2453 2453 2527 2514; x_wconf 82' lang='grc' dir='ltr'><em>ὡς</em></span> <span class='ocrx_word' id='word_1_404' title='bbox 2551 2452 2713 2520; x_wconf 86' lang='grc' dir='ltr'><em>ἱερεῖς</em></span> <span class='ocrx_word' id='word_1_405' title='bbox 2744 2449 2836 2502; x_wconf 89' lang='grc' dir='ltr'><strong>τοῦ</strong></span> <span class='ocrx_word' id='word_1_406' title='bbox 2871 2449 3006 2501; x_wconf 86' lang='grc' dir='ltr'><em>Θεοῦ</em></span> <span class='ocrx_word' id='word_1_407' title='bbox 3039 2449 3131 2501; x_wconf 76' lang='grc' dir='ltr'><em>καὶ</em></span> <span class='ocrx_word' id='word_1_408' title='bbox 3162 2445 3518 2517; x_wconf 71' lang='grc' dir='ltr'><em>θεραπευταίο</em></span> <span class='ocrx_word' id='word_1_409' title='bbox 3549 2461 3643 2496; x_wconf 79' lang='grc' dir='ltr'><strong>κα⁴</strong></span> 
     </span>
    </p>
   </div>
   <div class='ocr_carea' id='block_1_57' title="bbox 2069 2532 3644 2612">
    <p class='ocr_par' dir='ltr' id='par_1_57' title="bbox 2069 2532 3644 2612">
     <span class='ocr_line' id='line_1_57' title="bbox 2069 2532 3644 2612; baseline -0.006 -19"><span class='ocrx_word' id='word_1_410' title='bbox 2069 2540 2240 2612; x_wconf 82' lang='grc' dir='ltr'><em>θαράς</em></span> <span class='ocrx_word' id='word_1_411' title='bbox 2271 2541 2367 2610; x_wconf 82' lang='grc' dir='ltr'><em>μὲν</em></span> <span class='ocrx_word' id='word_1_412' title='bbox 2394 2540 2687 2611; x_wconf 87' lang='grc' dir='ltr'><em>τηροῦντες</em></span> <span class='ocrx_word' id='word_1_413' title='bbox 2712 2538 2808 2601; x_wconf 91' lang='grc' dir='ltr'><strong>τάς</strong></span> <span class='ocrx_word' id='word_1_414' title='bbox 2835 2537 3034 2603; x_wconf 79' lang='grc' dir='ltr'><em>δεξιὰς,</em></span> <span class='ocrx_word' id='word_1_415' title='bbox 3069 2535 3456 2604; x_wconf 76' lang='grc' dir='ltr'><em>ἀγωνιζόμενοι</em></span> <span class='ocrx_word' id='word_1_416' title='bbox 3483 2533 3538 2585; x_wconf 80' lang='grc' dir='ltr'><em>δὲ</em></span> <span class='ocrx_word' id='word_1_417' title='bbox 3561 2532 3644 2585; x_wconf 68' lang='grc' dir='ltr'><em>διὰ</em></span> 
     </span>
    </p>
   </div>
   <div class='ocr_carea' id='block_1_58' title="bbox 2069 2625 3643 2702">
    <p class='ocr_par' dir='ltr' id='par_1_58' title="bbox 2069 2625 3643 2702">
     <span class='ocr_line' id='line_1_58' title="bbox 2069 2625 3643 2702; baseline -0.006 -18"><span class='ocrx_word' id='word_1_418' title='bbox 2069 2632 2174 2684; x_wconf 78' lang='grc' dir='ltr'><strong>τῶν</strong></span> <span class='ocrx_word' id='word_1_419' title='bbox 2208 2632 2343 2702; x_wconf 72' lang='grc' dir='ltr'><em>πρὸς</em></span> <span class='ocrx_word' id='word_1_420' title='bbox 2377 2631 2506 2683; x_wconf 75' lang='grc' dir='ltr'><em>Θεὸν</em></span> <span class='ocrx_word' id='word_1_421' title='bbox 2554 2629 2724 2700; x_wconf 79' lang='grc' dir='ltr'><em>εὐχῶν</em></span> <span class='ocrx_word' id='word_1_422' title='bbox 2752 2669 2766 2692; x_wconf 93' lang='grc'><strong>,</strong></span> <span class='ocrx_word' id='word_1_423' title='bbox 2813 2629 2951 2698; x_wconf 83' lang='grc' dir='ltr'><em>ὑπὲρ</em></span> <span class='ocrx_word' id='word_1_424' title='bbox 2977 2628 3082 2681; x_wconf 81' lang='grc' dir='ltr'><strong>τῶν</strong></span> <span class='ocrx_word' id='word_1_425' title='bbox 3112 2625 3331 2690; x_wconf 84' lang='grc' dir='ltr'><em>δικαίως</em></span> <span class='ocrx_word' id='word_1_426' title='bbox 3363 2641 3643 2696; x_wconf 83' lang='grc' dir='ltr'><em>στρατευο-</em></span> 
     </span>
    </p>
   </div>
   <div class='ocr_carea' id='block_1_59' title="bbox 2075 2713 3642 2794">
    <p class='ocr_par' dir='ltr' id='par_1_59' title="bbox 2075 2713 3642 2794">
     <span class='ocr_line' id='line_1_59' title="bbox 2075 2713 3642 2794; baseline -0.008 -17"><span class='ocrx_word' id='word_1_427' title='bbox 2075 2724 2270 2794; x_wconf 83' lang='grc' dir='ltr'><em>μένων,</em></span> <span class='ocrx_word' id='word_1_428' title='bbox 2322 2723 2415 2775; x_wconf 69' lang='grc' dir='ltr'><em>καὶ</em></span> <span class='ocrx_word' id='word_1_429' title='bbox 2465 2722 2602 2794; x_wconf 80' lang='grc' dir='ltr'><em>ὑπὲρ</em></span> <span class='ocrx_word' id='word_1_430' title='bbox 2647 2720 2740 2774; x_wconf 90' lang='grc' dir='ltr'><strong>τοῦ</strong></span> <span class='ocrx_word' id='word_1_431' title='bbox 2773 2720 2995 2783; x_wconf 81' lang='grc' dir='ltr'><em>δικαίως</em></span> <span class='ocrx_word' id='word_1_432' title='bbox 3043 2718 3433 2788; x_wconf 82' lang='grc' dir='ltr'><em>βασιλεύοντος,</em></span> <span class='ocrx_word' id='word_1_433' title='bbox 3469 2717 3552 2769; x_wconf 80' lang='grc' dir='ltr'><em>ἵνα</em></span> <span class='ocrx_word' id='word_1_434' title='bbox 3579 2713 3642 2766; x_wconf 70' lang='grc' dir='ltr'><em>τὶ</em></span> 
     </span>
    </p>
   </div>
   <div class='ocr_carea' id='block_1_60' title="bbox 2070 2809 3645 2883">
    <p class='ocr_par' dir='ltr' id='par_1_60' title="bbox 2070 2809 3645 2883">
     <span class='ocr_line' id='line_1_60' title="bbox 2070 2809 3645 2883; baseline -0.005 -16"><span class='ocrx_word' id='word_1_435' title='bbox 2070 2815 2287 2867; x_wconf 77' lang='grc' dir='ltr'><em>ἐναντία</em></span> <span class='ocrx_word' id='word_1_436' title='bbox 2317 2815 2511 2877; x_wconf 86' lang='grc' dir='ltr'><em>πάντα,</em></span> <span class='ocrx_word' id='word_1_437' title='bbox 2543 2813 2636 2866; x_wconf 71' lang='grc' dir='ltr'><em>καὶ</em></span> <span class='ocrx_word' id='word_1_438' title='bbox 2671 2811 2838 2883; x_wconf 80' lang='grc' dir='ltr'><em>ἐχθρά</em></span> <span class='ocrx_word' id='word_1_439' title='bbox 2856 2814 2964 2874; x_wconf 89' lang='grc' dir='ltr'><em>τοῖς</em></span> <span class='ocrx_word' id='word_1_440' title='bbox 2991 2811 3212 2872; x_wconf 84' lang='grc' dir='ltr'><em>δικαίως</em></span> <span class='ocrx_word' id='word_1_441' title='bbox 3240 2809 3531 2879; x_wconf 82' lang='grc' dir='ltr'><em>πράττουσι</em></span> <span class='ocrx_word' id='word_1_442' title='bbox 3551 2823 3645 2859; x_wconf 82' lang='grc' dir='ltr'><em>κα-</em></span> 
     </span>
    </p>
   </div>
   <div class='ocr_carea' id='block_1_61' title="bbox 2073 2900 3638 2975">
    <p class='ocr_par' dir='ltr' id='par_1_61' title="bbox 2073 2900 3638 2975">
     <span class='ocr_line' id='line_1_61' title="bbox 2073 2900 3638 2975; baseline -0.004 -19"><span class='ocrx_word' id='word_1_443' title='bbox 2073 2903 2318 2975; x_wconf 77' lang='grc' dir='ltr'><em>θαιρεθῇ.</em></span> <span class='ocrx_word' id='word_1_444' title='bbox 2363 2905 2552 2973; x_wconf 83' lang='grc' dir='ltr'><em>Ἡμεῖς</em></span> <span class='ocrx_word' id='word_1_445' title='bbox 2589 2903 2644 2955; x_wconf 78' lang='grc' dir='ltr'><em>δὲ</em></span> <span class='ocrx_word' id='word_1_446' title='bbox 2669 2903 2762 2955; x_wconf 72' lang='grc' dir='ltr'><em>καὶ</em></span> <span class='ocrx_word' id='word_1_447' title='bbox 2789 2906 2906 2965; x_wconf 88' lang='grc' dir='ltr'><em>ταῖς</em></span> <span class='ocrx_word' id='word_1_448' title='bbox 2932 2904 3117 2972; x_wconf 79' lang='grc' dir='ltr'><em>εὐχαῖς</em></span> <span class='ocrx_word' id='word_1_449' title='bbox 3139 2902 3346 2963; x_wconf 80' lang='grc' dir='ltr'><em>πάντας</em></span> <span class='ocrx_word' id='word_1_450' title='bbox 3367 2900 3638 2969; x_wconf 85' lang='grc' dir='ltr'><em>δαίμονας,</em></span> 
     </span>
    </p>
   </div>
   <div class='ocr_carea' id='block_1_62' title="bbox 402 2981 1973 3083">
    <p class='ocr_par' dir='ltr' id='par_1_62' title="bbox 402 2981 1967 3056">
     <span class='ocr_line' id='line_1_62' title="bbox 402 2981 1967 3056; baseline 0.004 -24"><span class='ocrx_word' id='word_1_451' title='bbox 402 2988 617 3049; x_wconf 78' lang='lat' dir='ltr'><strong>gestare</strong></span> <span class='ocrx_word' id='word_1_452' title='bbox 647 2996 796 3033; x_wconf 88' lang='lat' dir='ltr'><strong>arma</strong></span> <span class='ocrx_word' id='word_1_453' title='bbox 834 2981 1102 3036; x_wconf 87' lang='lat' dir='ltr'><strong>videntur.</strong></span> <span class='ocrx_word' id='word_1_454' title='bbox 1135 2981 1189 3034; x_wconf 91' lang='lat' dir='ltr'><strong>In</strong></span> <span class='ocrx_word' id='word_1_455' title='bbox 1216 2983 1457 3036; x_wconf 88' lang='lat' dir='ltr'><strong>laborum</strong></span> <span class='ocrx_word' id='word_1_456' title='bbox 1484 2999 1698 3056; x_wconf 83' lang='lat' dir='ltr'><strong>quoque</strong></span> <span class='ocrx_word' id='word_1_457' title='bbox 1734 2988 1967 3040; x_wconf 84' lang='lat' dir='ltr'><strong>societa-</strong></span> 
     </span>
    </p>
   </div>
   <div class='ocr_carea' id='block_1_63' title="bbox 2079 2981 3639 3083">
    <p class='ocr_par' dir='ltr' id='par_1_63' title="bbox 2079 2991 3639 3065">
     <span class='ocr_line' id='line_1_63' title="bbox 2079 2991 3639 3065; baseline -0.004 -17"><span class='ocrx_word' id='word_1_458' title='bbox 2079 2997 2203 3058; x_wconf 76' lang='grc' dir='ltr'><em>τοὺς</em></span> <span class='ocrx_word' id='word_1_459' title='bbox 2231 2995 2544 3065; x_wconf 79' lang='grc' dir='ltr'><em>ὲγείροντας</em></span> <span class='ocrx_word' id='word_1_460' title='bbox 2565 2995 2632 3047; x_wconf 90' lang='grc' dir='ltr'><strong>τά</strong></span> <span class='ocrx_word' id='word_1_461' title='bbox 2655 2994 2942 3062; x_wconf 84' lang='grc' dir='ltr'><em>πολεμικὰ,</em></span> <span class='ocrx_word' id='word_1_462' title='bbox 2965 2994 3061 3045; x_wconf 72' lang='grc' dir='ltr'><em>καὶ</em></span> <span class='ocrx_word' id='word_1_463' title='bbox 3091 2993 3284 3063; x_wconf 84' lang='grc' dir='ltr'><em>ὅρκους</em></span> <span class='ocrx_word' id='word_1_464' title='bbox 3302 2991 3639 3060; x_wconf 80' lang='grc' dir='ltr'><em>συγχέοντας,</em></span> 
     </span>
    </p>
   </div>
   <div class='ocr_carea' id='block_1_64' title="bbox 405 3072 1968 3147">
    <p class='ocr_par' dir='ltr' id='par_1_64' title="bbox 405 3072 1968 3147">
     <span class='ocr_line' id='line_1_64' title="bbox 405 3072 1968 3147; baseline 0.006 -23"><span class='ocrx_word' id='word_1_465' title='bbox 405 3081 512 3124; x_wconf 89' lang='lat' dir='ltr'><strong>tem</strong></span> <span class='ocrx_word' id='word_1_466' title='bbox 543 3072 849 3140; x_wconf 68' lang='lat' dir='ltr'><strong>reipublicae</strong></span> <span class='ocrx_word' id='word_1_467' title='bbox 875 3088 1033 3127; x_wconf 89' lang='lat' dir='ltr'><strong>causa</strong></span> <span class='ocrx_word' id='word_1_468' title='bbox 1070 3074 1336 3136; x_wconf 85' lang='lat' dir='ltr'><strong>venimus,</strong></span> <span class='ocrx_word' id='word_1_469' title='bbox 1369 3077 1493 3129; x_wconf 90' lang='lat' dir='ltr'><strong>dum</strong></span> <span class='ocrx_word' id='word_1_470' title='bbox 1522 3077 1684 3145; x_wconf 87' lang='lat' dir='ltr'><strong>justis</strong></span> <span class='ocrx_word' id='word_1_471' title='bbox 1714 3081 1968 3147; x_wconf 81' lang='lat' dir='ltr'><strong>precibus</strong></span> 
     </span>
    </p>
   </div>
   <div class='ocr_carea' id='block_1_65' title="bbox 402 3162 1973 3236">
    <p class='ocr_par' dir='ltr' id='par_1_65' title="bbox 402 3162 1973 3236">
     <span class='ocr_line' id='line_1_65' title="bbox 402 3162 1973 3236; baseline 0.007 -23"><span class='ocrx_word' id='word_1_472' title='bbox 402 3162 745 3231; x_wconf 83' lang='lat' dir='ltr'><strong>adjnngimns</strong></span> <span class='ocrx_word' id='word_1_473' title='bbox 775 3164 1034 3217; x_wconf 77' lang='lat' dir='ltr'><strong>exercitia</strong></span> <span class='ocrx_word' id='word_1_474' title='bbox 1067 3173 1121 3217; x_wconf 90' lang='lat' dir='ltr'><strong>et</strong></span> <span class='ocrx_word' id='word_1_475' title='bbox 1171 3166 1590 3231; x_wconf 87' lang='lat' dir='ltr'><strong>meditationes,</strong></span> <span class='ocrx_word' id='word_1_476' title='bbox 1627 3184 1746 3236; x_wconf 66' lang='lat' dir='ltr'><strong>quae</strong></span> <span class='ocrx_word' id='word_1_477' title='bbox 1779 3170 1973 3225; x_wconf 88' lang='lat' dir='ltr'><strong>docent</strong></span> 
     </span>
    </p>
   </div>
   <div class='ocr_carea' id='block_1_66' title="bbox 405 3255 1971 3323">
    <p class='ocr_par' dir='ltr' id='par_1_66' title="bbox 405 3255 1971 3323">
     <span class='ocr_line' id='line_1_66' title="bbox 405 3255 1971 3323; baseline 0.006 -18"><span class='ocrx_word' id='word_1_478' title='bbox 405 3255 686 3322; x_wconf 87' lang='lat' dir='ltr'><strong>aspernari</strong></span> <span class='ocrx_word' id='word_1_479' title='bbox 729 3256 1038 3323; x_wconf 84' lang='lat' dir='ltr'><strong>voluptates</strong></span> <span class='ocrx_word' id='word_1_480' title='bbox 1063 3264 1118 3311; x_wconf 86' lang='lat' dir='ltr'><strong>et</strong></span> <span class='ocrx_word' id='word_1_481' title='bbox 1145 3257 1224 3310; x_wconf 90' lang='lat' dir='ltr'><strong>eis</strong></span> <span class='ocrx_word' id='word_1_482' title='bbox 1257 3273 1354 3311; x_wconf 91' lang='lat' dir='ltr'><strong>nos</strong></span> <span class='ocrx_word' id='word_1_483' title='bbox 1387 3272 1491 3310; x_wconf 93' lang='lat' dir='ltr'><strong>non</strong></span> <span class='ocrx_word' id='word_1_484' title='bbox 1517 3261 1750 3313; x_wconf 87' lang='lat' dir='ltr'><strong>tradere.</strong></span> <span class='ocrx_word' id='word_1_485' title='bbox 1780 3261 1886 3315; x_wconf 84' lang='lat' dir='ltr'><strong>Sed</strong></span> <span class='ocrx_word' id='word_1_486' title='bbox 1919 3270 1971 3314; x_wconf 92' lang='lat' dir='ltr'><strong>et</strong></span> 
     </span>
    </p>
   </div>
   <div class='ocr_carea' id='block_1_67' title="bbox 409 3343 1973 3420">
    <p class='ocr_par' dir='ltr' id='par_1_67' title="bbox 409 3343 1973 3420">
     <span class='ocr_line' id='line_1_67' title="bbox 409 3343 1973 3420; baseline 0.01 -30"><span class='ocrx_word' id='word_1_487' title='bbox 409 3343 534 3410; x_wconf 80' lang='lat' dir='ltr'><strong>plus</strong></span> <span class='ocrx_word' id='word_1_488' title='bbox 566 3345 778 3398; x_wconf 72' lang='lat' dir='ltr'><strong>caeteris</strong></span> <span class='ocrx_word' id='word_1_489' title='bbox 807 3360 905 3412; x_wconf 90' lang='lat' dir='ltr'><strong>pro</strong></span> <span class='ocrx_word' id='word_1_490' title='bbox 940 3345 1267 3412; x_wconf 88' lang='lat' dir='ltr'><strong>imperatore</strong></span> <span class='ocrx_word' id='word_1_491' title='bbox 1305 3365 1625 3417; x_wconf 85' lang='lat' dir='ltr'><strong>pugnamus.</strong></span> <span class='ocrx_word' id='word_1_492' title='bbox 1672 3348 1785 3403; x_wconf 80' lang='lat' dir='ltr'><strong>Non</strong></span> <span class='ocrx_word' id='word_1_493' title='bbox 1822 3354 1973 3420; x_wconf 90' lang='lat' dir='ltr'><strong>equi-</strong></span> 
     </span>
    </p>
   </div>
   <div class='ocr_carea' id='block_1_68' title="bbox 404 3435 1962 3512">
    <p class='ocr_par' dir='ltr' id='par_1_68' title="bbox 404 3435 1962 3512">
     <span class='ocr_line' id='line_1_68' title="bbox 404 3435 1962 3512; baseline 0.007 -25"><span class='ocrx_word' id='word_1_494' title='bbox 404 3436 526 3487; x_wconf 87' lang='lat' dir='ltr'><strong>dem</strong></span> <span class='ocrx_word' id='word_1_495' title='bbox 561 3437 659 3489; x_wconf 88' lang='lat' dir='ltr'><strong>sub</strong></span> <span class='ocrx_word' id='word_1_496' title='bbox 690 3435 778 3489; x_wconf 91' lang='lat' dir='ltr'><strong>illo</strong></span> <span class='ocrx_word' id='word_1_497' title='bbox 812 3435 1125 3498; x_wconf 88' lang='lat' dir='ltr'><strong>militamus,</strong></span> <span class='ocrx_word' id='word_1_498' title='bbox 1159 3439 1369 3492; x_wconf 88' lang='lat' dir='ltr'><strong>etiamsi</strong></span> <span class='ocrx_word' id='word_1_499' title='bbox 1401 3455 1498 3493; x_wconf 91' lang='lat' dir='ltr'><strong>nos</strong></span> <span class='ocrx_word' id='word_1_500' title='bbox 1520 3441 1584 3492; x_wconf 90' lang='lat' dir='ltr'><strong>ad</strong></span> <span class='ocrx_word' id='word_1_501' title='bbox 1627 3442 1674 3493; x_wconf 86' lang='lat' dir='ltr'><strong>id</strong></span> <span class='ocrx_word' id='word_1_502' title='bbox 1713 3454 1962 3512; x_wconf 81' lang='lat' dir='ltr'><strong>cogeret;</strong></span> 
     </span>
    </p>
   </div>
   <div class='ocr_carea' id='block_1_69' title="bbox 403 3526 1963 3600">
    <p class='ocr_par' dir='ltr' id='par_1_69' title="bbox 403 3526 1963 3600">
     <span class='ocr_line' id='line_1_69' title="bbox 403 3526 1963 3600; baseline 0.006 -21"><span class='ocrx_word' id='word_1_503' title='bbox 403 3527 495 3579; x_wconf 90' lang='lat' dir='ltr'><strong>sed</strong></span> <span class='ocrx_word' id='word_1_504' title='bbox 530 3541 625 3595; x_wconf 92' lang='lat' dir='ltr'><strong>pro</strong></span> <span class='ocrx_word' id='word_1_505' title='bbox 656 3526 749 3580; x_wconf 91' lang='lat' dir='ltr'><strong>illo</strong></span> <span class='ocrx_word' id='word_1_506' title='bbox 786 3527 1101 3593; x_wconf 90' lang='lat' dir='ltr'><strong>militamus,</strong></span> <span class='ocrx_word' id='word_1_507' title='bbox 1129 3545 1252 3584; x_wconf 92' lang='lat' dir='ltr'><strong>cum</strong></span> <span class='ocrx_word' id='word_1_508' title='bbox 1282 3530 1512 3586; x_wconf 88' lang='lat' dir='ltr'><strong>seorsitn</strong></span> <span class='ocrx_word' id='word_1_509' title='bbox 1539 3532 1756 3600; x_wconf 88' lang='lat' dir='ltr'><strong>pietatis</strong></span> <span class='ocrx_word' id='word_1_510' title='bbox 1787 3543 1963 3588; x_wconf 88' lang='lat' dir='ltr'><strong>castra</strong></span> 
     </span>
    </p>
   </div>
   <div class='ocr_carea' id='block_1_70' title="bbox 402 3616 1484 3686">
    <p class='ocr_par' dir='ltr' id='par_1_70' title="bbox 402 3616 1484 3686">
     <span class='ocr_line' id='line_1_70' title="bbox 402 3616 1484 3686; baseline 0.006 -18"><span class='ocrx_word' id='word_1_511' title='bbox 402 3616 540 3671; x_wconf 77' lang='lat' dir='ltr'><strong>fusis</strong></span> <span class='ocrx_word' id='word_1_512' title='bbox 562 3618 628 3670; x_wconf 85' lang='lat' dir='ltr'><strong>ad</strong></span> <span class='ocrx_word' id='word_1_513' title='bbox 666 3617 830 3671; x_wconf 92' lang='lat' dir='ltr'><strong>Denm</strong></span> <span class='ocrx_word' id='word_1_514' title='bbox 857 3620 1109 3686; x_wconf 89' lang='lat' dir='ltr'><strong>precibus</strong></span> <span class='ocrx_word' id='word_1_515' title='bbox 1133 3621 1484 3675; x_wconf 86' lang='lat' dir='ltr'><strong>collocamus.</strong></span> 
     </span>
    </p>
   </div>
   <div class='ocr_carea' id='block_1_71' title="bbox 2070 3081 3640 3157">
    <p class='ocr_par' dir='ltr' id='par_1_71' title="bbox 2070 3081 3640 3157">
     <span class='ocr_line' id='line_1_71' title="bbox 2070 3081 3640 3157; baseline -0.005 -19"><span class='ocrx_word' id='word_1_516' title='bbox 2070 3087 2164 3139; x_wconf 74' lang='grc' dir='ltr'><em>καὶ</em></span> <span class='ocrx_word' id='word_1_517' title='bbox 2196 3087 2293 3156; x_wconf 84' lang='grc' dir='ltr'><em>τὴν</em></span> <span class='ocrx_word' id='word_1_518' title='bbox 2322 3087 2545 3157; x_wconf 84' lang='grc' dir='ltr'><em>εἰρήνην</em></span> <span class='ocrx_word' id='word_1_519' title='bbox 2576 3086 2964 3156; x_wconf 86' lang='grc' dir='ltr'><em>ταράσσοντας,</em></span> <span class='ocrx_word' id='word_1_520' title='bbox 3001 3082 3404 3153; x_wconf 79' lang='grc' dir='ltr'><em>καθαιροῦντες,</em></span> <span class='ocrx_word' id='word_1_521' title='bbox 3449 3081 3640 3151; x_wconf 73' lang='grc' dir='ltr'><em>μᾶλλον</em></span> 
     </span>
    </p>
   </div>
   <div class='ocr_carea' id='block_1_72' title="bbox 2072 3172 3642 3247">
    <p class='ocr_par' dir='ltr' id='par_1_72' title="bbox 2072 3172 3642 3247">
     <span class='ocr_line' id='line_1_72' title="bbox 2072 3172 3642 3247; baseline -0.004 -17"><span class='ocrx_word' id='word_1_522' title='bbox 2072 3177 2263 3247; x_wconf 83' lang='grc' dir='ltr'><em>βοηθοῦ</em></span> <span class='ocrx_word' id='word_1_523' title='bbox 2273 3194 2370 3247; x_wconf 88' lang='grc' dir='ltr'><strong>μεν</strong></span> <span class='ocrx_word' id='word_1_524' title='bbox 2396 3179 2506 3239; x_wconf 90' lang='grc' dir='ltr'><em>τοῖς</em></span> <span class='ocrx_word' id='word_1_525' title='bbox 2537 3175 2926 3246; x_wconf 86' lang='grc' dir='ltr'><em>βασιλεύουσιν,</em></span> <span class='ocrx_word' id='word_1_526' title='bbox 2952 3175 3094 3244; x_wconf 77' lang='grc' dir='ltr'><em>ἤπερ</em></span> <span class='ocrx_word' id='word_1_527' title='bbox 3112 3175 3158 3225; x_wconf 88' lang='grc' dir='ltr'><em>οἱ</em></span> <span class='ocrx_word' id='word_1_528' title='bbox 3183 3172 3462 3236; x_wconf 85' lang='grc' dir='ltr'><em>δοκοῦντες</em></span> <span class='ocrx_word' id='word_1_529' title='bbox 3485 3189 3642 3242; x_wconf 73' lang='grc' dir='ltr'><em>στραο</em></span> 
     </span>
    </p>
   </div>
   <div class='ocr_carea' id='block_1_73' title="bbox 2069 3263 3640 3335">
    <p class='ocr_par' dir='ltr' id='par_1_73' title="bbox 2069 3263 3640 3335">
     <span class='ocr_line' id='line_1_73' title="bbox 2069 3263 3640 3335; baseline -0.004 -17"><span class='ocrx_word' id='word_1_530' title='bbox 2069 3265 2338 3319; x_wconf 87' lang='grc' dir='ltr'><em>τεύεσθαι.</em></span> <span class='ocrx_word' id='word_1_531' title='bbox 2387 3265 2773 3335; x_wconf 86' lang='grc' dir='ltr'><em>Συμπονοῦμεν</em></span> <span class='ocrx_word' id='word_1_532' title='bbox 2824 3265 2881 3316; x_wconf 82' lang='grc' dir='ltr'><em>δὲ</em></span> <span class='ocrx_word' id='word_1_533' title='bbox 2917 3266 3027 3326; x_wconf 87' lang='grc' dir='ltr'><em>τοῖς</em></span> <span class='ocrx_word' id='word_1_534' title='bbox 3065 3266 3261 3325; x_wconf 86' lang='grc' dir='ltr'><em>κοινοῖς</em></span> <span class='ocrx_word' id='word_1_535' title='bbox 3307 3263 3640 3333; x_wconf 75' lang='grc' dir='ltr'><em>πράγμασιν,</em></span> 
     </span>
    </p>
   </div>
   <div class='ocr_carea' id='block_1_74' title="bbox 2071 3353 3647 3424">
    <p class='ocr_par' dir='ltr' id='par_1_74' title="bbox 2071 3353 3647 3424">
     <span class='ocr_line' id='line_1_74' title="bbox 2071 3353 3647 3424; baseline -0.001 -18"><span class='ocrx_word' id='word_1_536' title='bbox 2071 3355 2122 3406; x_wconf 87' lang='grc' dir='ltr'><em>οἱ</em></span> <span class='ocrx_word' id='word_1_537' title='bbox 2185 3354 2322 3424; x_wconf 85' lang='grc' dir='ltr'><strong>μετά</strong></span> <span class='ocrx_word' id='word_1_538' title='bbox 2377 3353 2721 3424; x_wconf 84' lang='grc' dir='ltr'><em>δικαιοσύνης</em></span> <span class='ocrx_word' id='word_1_539' title='bbox 2779 3353 3137 3423; x_wconf 76' lang='grc' dir='ltr'><em>ἀναφέροντες</em></span> <span class='ocrx_word' id='word_1_540' title='bbox 3196 3353 3498 3422; x_wconf 82' lang='grc' dir='ltr'><em>προσευχάς</em></span> <span class='ocrx_word' id='word_1_541' title='bbox 3555 3353 3647 3404; x_wconf 65' lang='grc' dir='ltr'><strong>σὺ)</strong></span> 
     </span>
    </p>
   </div>
   <div class='ocr_carea' id='block_1_75' title="bbox 2071 3442 3655 3515">
    <p class='ocr_par' dir='ltr' id='par_1_75' title="bbox 2071 3442 3655 3515">
     <span class='ocr_line' id='line_1_75' title="bbox 2071 3442 3655 3515; baseline -0.002 -18"><span class='ocrx_word' id='word_1_542' title='bbox 2071 3446 2336 3514; x_wconf 83' lang='grc' dir='ltr'><em>ἀσκήσεσι</em></span> <span class='ocrx_word' id='word_1_543' title='bbox 2393 3445 2485 3496; x_wconf 71' lang='grc' dir='ltr'><em>καὶ</em></span> <span class='ocrx_word' id='word_1_544' title='bbox 2544 3444 2794 3515; x_wconf 83' lang='grc' dir='ltr'><em>μελέταις</em></span> <span class='ocrx_word' id='word_1_545' title='bbox 2859 3442 3233 3505; x_wconf 88' lang='grc' dir='ltr'><em>διδασκούσαις</em></span> <span class='ocrx_word' id='word_1_546' title='bbox 3296 3443 3655 3511; x_wconf 65' lang='grc' dir='ltr'><em>καταφρονεῖν</em></span> 
     </span>
    </p>
   </div>
   <div class='ocr_carea' id='block_1_76' title="bbox 2079 3532 3647 3608">
    <p class='ocr_par' dir='ltr' id='par_1_76' title="bbox 2079 3532 3647 3608">
     <span class='ocr_line' id='line_1_76' title="bbox 2079 3532 3647 3608; baseline -0.005 -18"><span class='ocrx_word' id='word_1_547' title='bbox 2079 3537 2302 3608; x_wconf 81' lang='grc' dir='ltr'><em>ἡδονῶν,</em></span> <span class='ocrx_word' id='word_1_548' title='bbox 2367 3537 2460 3589; x_wconf 75' lang='grc' dir='ltr'><em>καὶ</em></span> <span class='ocrx_word' id='word_1_549' title='bbox 2515 3535 2588 3606; x_wconf 85' lang='grc' dir='ltr'><em>μὴ</em></span> <span class='ocrx_word' id='word_1_550' title='bbox 2649 3534 2872 3603; x_wconf 82' lang='grc' dir='ltr'><em>ἄγεσθαι</em></span> <span class='ocrx_word' id='word_1_551' title='bbox 2927 3534 3017 3585; x_wconf 77' lang='grc' dir='ltr'><strong>ὑπ’</strong></span> <span class='ocrx_word' id='word_1_552' title='bbox 3066 3532 3260 3585; x_wconf 79' lang='grc' dir='ltr'><em>αὐτῶν.</em></span> <span class='ocrx_word' id='word_1_553' title='bbox 3314 3533 3501 3602; x_wconf 78' lang='grc' dir='ltr'><em>Ἡμεῖς</em></span> <span class='ocrx_word' id='word_1_554' title='bbox 3558 3532 3647 3582; x_wconf 78' lang='grc' dir='ltr'><em>καὶ</em></span> 
     </span>
    </p>
   </div>
   <div class='ocr_carea' id='block_1_77' title="bbox 2076 3623 3648 3698">
    <p class='ocr_par' dir='ltr' id='par_1_77' title="bbox 2076 3623 3648 3698">
     <span class='ocr_line' id='line_1_77' title="bbox 2076 3623 3648 3698; baseline -0.005 -17"><span class='ocrx_word' id='word_1_555' title='bbox 2076 3628 2270 3698; x_wconf 83' lang='grc' dir='ltr'><em>μᾶλλον</em></span> <span class='ocrx_word' id='word_1_556' title='bbox 2318 3625 2739 3696; x_wconf 82' lang='grc' dir='ltr'><em>ὑπερμαχοῦμεν</em></span> <span class='ocrx_word' id='word_1_557' title='bbox 2801 3625 2895 3677; x_wconf 86' lang='grc' dir='ltr'><strong>τοῦ</strong></span> <span class='ocrx_word' id='word_1_558' title='bbox 2969 3623 3258 3693; x_wconf 52' lang='grc' dir='ltr'><em>βασιλέως</em></span> <span class='ocrx_word' id='word_1_559' title='bbox 3315 3625 3406 3674; x_wconf 69' lang='grc' dir='ltr'><em>καὶ</em></span> <span class='ocrx_word' id='word_1_560' title='bbox 3452 3623 3510 3675; x_wconf 78' lang='grc' dir='ltr'><em>οὐ</em></span> <span class='ocrx_word' id='word_1_561' title='bbox 3567 3639 3648 3673; x_wconf 89' lang='grc' dir='ltr'><em>συ-</em></span> 
     </span>
    </p>
   </div>
   <div class='ocr_carea' id='block_1_78' title="bbox 403 3712 3645 3792">
    <p class='ocr_par' dir='ltr' id='par_1_78' title="bbox 403 3712 3645 3792">
     <span class='ocr_line' id='line_1_78' title="bbox 403 3712 3645 3792; baseline 0.001 -30"><span class='ocrx_word' id='word_1_562' title='bbox 403 3712 808 3782; x_wconf 85' lang='grc' dir='ltr'><em>στρατευόμεθα</em></span> <span class='ocrx_word' id='word_1_563' title='bbox 1003 3715 1100 3784; x_wconf 82' lang='grc' dir='ltr'><em>μὲν</em></span> <span class='ocrx_word' id='word_1_564' title='bbox 1157 3715 1336 3785; x_wconf 76' lang='grc' dir='ltr'><em>αὐτῷ,</em></span> <span class='ocrx_word' id='word_1_565' title='bbox 1389 3717 1490 3770; x_wconf 85' lang='grc' dir='ltr'><em>κᾶν</em></span> <span class='ocrx_word' id='word_1_566' title='bbox 1540 3717 1770 3787; x_wconf 81' lang='grc' dir='ltr'><strong>ἐπείγῃ·</strong></span> <span class='ocrx_word' id='word_1_567' title='bbox 1823 3721 2224 3792; x_wconf 86' lang='grc' dir='ltr'><em>στρατευόμεθα</em></span> <span class='ocrx_word' id='word_1_568' title='bbox 2266 3722 2323 3774; x_wconf 86' lang='grc' dir='ltr'><em>δὲ</em></span> <span class='ocrx_word' id='word_1_569' title='bbox 2371 3720 2512 3789; x_wconf 81' lang='grc' dir='ltr'><em>ὑπὲρ</em></span> <span class='ocrx_word' id='word_1_570' title='bbox 2557 3718 2742 3784; x_wconf 76' lang='grc' dir='ltr'><em>αὑτοῦ,</em></span> <span class='ocrx_word' id='word_1_571' title='bbox 2791 3719 2918 3771; x_wconf 78' lang='grc' dir='ltr'><em>ἴδιον</em></span> <span class='ocrx_word' id='word_1_572' title='bbox 2963 3716 3320 3788; x_wconf 87' lang='grc' dir='ltr'><em>στρατόπεδον</em></span> <span class='ocrx_word' id='word_1_573' title='bbox 3375 3714 3645 3778; x_wconf 73' lang='grc' dir='ltr'><em>εὐσεϐείας</em></span> 
     </span>
    </p>
   </div>
   <div class='ocr_carea' id='block_1_79' title="bbox 406 3803 1868 3876">
    <p class='ocr_par' dir='ltr' id='par_1_79' title="bbox 406 3803 1868 3876">
     <span class='ocr_line' id='line_1_79' title="bbox 406 3803 1868 3876; baseline 0.004 -22"><span class='ocrx_word' id='word_1_574' title='bbox 406 3803 826 3873; x_wconf 86' lang='grc' dir='ltr'><em>συγκροτοῦντες</em></span> <span class='ocrx_word' id='word_1_575' title='bbox 857 3804 944 3856; x_wconf 87' lang='grc' dir='ltr'><em>διὰ</em></span> <span class='ocrx_word' id='word_1_576' title='bbox 976 3804 1083 3858; x_wconf 86' lang='grc' dir='ltr'><strong>τῶν</strong></span> <span class='ocrx_word' id='word_1_577' title='bbox 1120 3807 1255 3876; x_wconf 75' lang='grc' dir='ltr'><em>πρὸς</em></span> <span class='ocrx_word' id='word_1_578' title='bbox 1283 3807 1342 3858; x_wconf 87' lang='grc' dir='ltr'><em>τὺ</em></span> <span class='ocrx_word' id='word_1_579' title='bbox 1369 3807 1523 3859; x_wconf 86' lang='grc' dir='ltr'><em>Θεῖον</em></span> <span class='ocrx_word' id='word_1_580' title='bbox 1560 3808 1868 3874; x_wconf 81' lang='grc' dir='ltr'><em>ἐντεύξεων.</em></span> 
     </span>
    </p>
   </div>
   <div class='ocr_carea' id='block_1_80' title="bbox 477 3923 1606 3992">
    <p class='ocr_par' dir='ltr' id='par_1_80' title="bbox 477 3923 1606 3992">
     <span class='ocr_line' id='line_1_80' title="bbox 477 3923 1606 3992; baseline 0.004 -16"><span class='ocrx_word' id='word_1_581' title='bbox 477 3923 520 3972; x_wconf 65' lang='grc'><strong>’⁵3</strong></span> <span class='ocrx_word' id='word_1_582' title='bbox 565 3923 766 3992; x_wconf 79' lang='lat' dir='ltr'><strong>Ephcs.</strong></span> <span class='ocrx_word' id='word_1_583' title='bbox 794 3939 872 3988; x_wconf 75' lang='lat' dir='ltr'><strong>Vl,</strong></span> <span class='ocrx_word' id='word_1_584' title='bbox 900 3925 984 3987; x_wconf 82' lang='grc' dir='ltr'><em>ῌ.</em></span> <span class='ocrx_word' id='word_1_585' title='bbox 1074 3925 1118 3957; x_wconf 66' lang='grc' dir='ltr'><em>δ’</em></span> <span class='ocrx_word' id='word_1_586' title='bbox 1159 3925 1178 3978; x_wconf 90' lang='lat' dir='ltr'><strong>l</strong></span> <span class='ocrx_word' id='word_1_587' title='bbox 1209 3925 1349 3980; x_wconf 90' lang='lat' dir='ltr'><strong>Tim.</strong></span> <span class='ocrx_word' id='word_1_588' title='bbox 1375 3942 1435 3990; x_wconf 91' lang='lat' dir='ltr'><strong>tt,</strong></span> <span class='ocrx_word' id='word_1_589' title='bbox 1473 3927 1524 3991; x_wconf 84' lang='lat' dir='ltr'><strong>l,</strong></span> <span class='ocrx_word' id='word_1_590' title='bbox 1553 3926 1606 3980; x_wconf 66' lang='grc' dir='ltr'><em>ἓ.</em></span> 
     </span>
    </p>
   </div>
   <div class='ocr_carea' id='block_1_81' title="bbox 476 4038 1976 4111">
    <p class='ocr_par' dir='ltr' id='par_1_81' title="bbox 476 4038 1976 4111">
     <span class='ocr_line' id='line_1_81' title="bbox 476 4038 1976 4111; baseline 0.004 -20"><span class='ocrx_word' id='word_1_591' title='bbox 476 4039 553 4109; x_wconf 83' lang='lat' dir='ltr'><strong>(l)</strong></span> <span class='ocrx_word' id='word_1_592' title='bbox 577 4038 706 4093; x_wconf 88' lang='lat' dir='ltr'><strong>Post</strong></span> <span class='ocrx_word' id='word_1_593' title='bbox 735 4054 918 4111; x_wconf 85' lang='lat' dir='ltr'><strong>vocem</strong></span> <span class='ocrx_word' id='word_1_594' title='bbox 957 4041 1172 4111; x_wconf 82' lang='grc' dir='ltr'><em>πρῶτον</em></span> <span class='ocrx_word' id='word_1_595' title='bbox 1212 4041 1344 4096; x_wconf 86' lang='lat' dir='ltr'><strong>libb.</strong></span> <span class='ocrx_word' id='word_1_596' title='bbox 1394 4051 1551 4095; x_wconf 91' lang='lat' dir='ltr'><strong>antea</strong></span> <span class='ocrx_word' id='word_1_597' title='bbox 1586 4043 1715 4095; x_wconf 85' lang='lat' dir='ltr'><strong>editi</strong></span> <span class='ocrx_word' id='word_1_598' title='bbox 1768 4043 1976 4098; x_wconf 87' lang='lat' dir='ltr'><strong>addunt</strong></span> 
     </span>
    </p>
   </div>
   <div class='ocr_carea' id='block_1_82' title="bbox 406 4109 1886 4178">
    <p class='ocr_par' dir='ltr' id='par_1_82' title="bbox 406 4109 1886 4178">
     <span class='ocr_line' id='line_1_82' title="bbox 406 4109 1886 4178; baseline 0.003 -15"><span class='ocrx_word' id='word_1_599' title='bbox 406 4109 547 4163; x_wconf 82' lang='lat' dir='ltr'><strong>intra</strong></span> <span class='ocrx_word' id='word_1_600' title='bbox 582 4124 754 4178; x_wconf 82' lang='lat' dir='ltr'><strong>uncos</strong></span> <span class='ocrx_word' id='word_1_601' title='bbox 778 4109 1015 4173; x_wconf 76' lang='grc' dir='ltr'><em>πάντων,</em></span> <span class='ocrx_word' id='word_1_602' title='bbox 1048 4113 1140 4166; x_wconf 87' lang='lat' dir='ltr'><strong>sed</strong></span> <span class='ocrx_word' id='word_1_603' title='bbox 1184 4113 1340 4164; x_wconf 70' lang='lat' dir='ltr'><strong>abest</strong></span> <span class='ocrx_word' id='word_1_604' title='bbox 1371 4112 1718 4167; x_wconf 88' lang='lat' dir='ltr'><strong>ab.omnibus</strong></span> <span class='ocrx_word' id='word_1_605' title='bbox 1752 4129 1886 4170; x_wconf 88' lang='lat' dir='ltr'><strong>mss.</strong></span> 
     </span>
    </p>
   </div>
   <div class='ocr_carea' id='block_1_83' title="bbox 499 4179 1600 4250">
    <p class='ocr_par' dir='ltr' id='par_1_83' title="bbox 499 4179 1600 4250">
     <span class='ocr_line' id='line_1_83' title="bbox 499 4179 1600 4250; baseline 0.003 -18"><span class='ocrx_word' id='word_1_606' title='bbox 499 4181 555 4250; x_wconf 75' lang='lat'><strong>9.)</strong></span> <span class='ocrx_word' id='word_1_607' title='bbox 582 4179 918 4250; x_wconf 73' lang='lat' dir='ltr'><strong>llteschelins</strong></span> <span class='ocrx_word' id='word_1_608' title='bbox 949 4181 1000 4234; x_wconf 92' lang='lat' dir='ltr'><strong>in</strong></span> <span class='ocrx_word' id='word_1_609' title='bbox 1037 4190 1208 4238; x_wconf 75' lang='lat' dir='ltr'><strong>textu,</strong></span> <span class='ocrx_word' id='word_1_610' title='bbox 1236 4181 1402 4250; x_wconf 79' lang='grc' dir='ltr'><em>ἡμᾶς,</em></span> <span class='ocrx_word' id='word_1_611' title='bbox 1441 4181 1600 4235; x_wconf 82' lang='lat' dir='ltr'><strong>male.</strong></span> 
     </span>
    </p>
   </div>
   <div class='ocr_carea' id='block_1_84' title="bbox 502 4249 1978 4320">
    <p class='ocr_par' dir='ltr' id='par_1_84' title="bbox 502 4249 1978 4320">
     <span class='ocr_line' id='line_1_84' title="bbox 502 4249 1978 4320; baseline 0.003 -19"><span class='ocrx_word' id='word_1_612' title='bbox 502 4249 553 4318; x_wconf 82' lang='grc'>5)</span> <span class='ocrx_word' id='word_1_613' title='bbox 588 4249 822 4320; x_wconf 72' lang='lat' dir='ltr'><strong>ldemin</strong></span> <span class='ocrx_word' id='word_1_614' title='bbox 861 4261 1041 4316; x_wconf 78' lang='lat' dir='ltr'><strong>textu,</strong></span> <span class='ocrx_word' id='word_1_615' title='bbox 1093 4249 1641 4320; x_wconf 27' lang='grc' dir='ltr'><em>ἱεροὺςίστρατεύετε.</em></span> <span class='ocrx_word' id='word_1_616' title='bbox 1675 4250 1781 4304; x_wconf 75' lang='lat' dir='ltr'><strong>Vox</strong></span> <span class='ocrx_word' id='word_1_617' title='bbox 1815 4269 1978 4320; x_wconf 89' lang='grc' dir='ltr'><em>στρα-</em></span> 
     </span>
    </p>
   </div>
   <div class='ocr_carea' id='block_1_85' title="bbox 405 4319 1978 4390">
    <p class='ocr_par' dir='ltr' id='par_1_85' title="bbox 405 4319 1978 4390">
     <span class='ocr_line' id='line_1_85' title="bbox 405 4319 1978 4390; baseline 0.003 -20"><span class='ocrx_word' id='word_1_618' title='bbox 405 4319 583 4371; x_wconf 87' lang='grc' dir='ltr'><em>τεύειν</em></span> <span class='ocrx_word' id='word_1_619' title='bbox 614 4319 714 4390; x_wconf 82' lang='lat' dir='ltr'><strong>hoc</strong></span> <span class='ocrx_word' id='word_1_620' title='bbox 745 4319 862 4373; x_wconf 88' lang='lat' dir='ltr'><strong>loco</strong></span> <span class='ocrx_word' id='word_1_621' title='bbox 893 4331 994 4384; x_wconf 88' lang='lat' dir='ltr'><strong>est,</strong></span> <span class='ocrx_word' id='word_1_622' title='bbox 1025 4319 1255 4390; x_wconf 82' lang='lat' dir='ltr'><strong>militem</strong></span> <span class='ocrx_word' id='word_1_623' title='bbox 1278 4319 1475 4390; x_wconf 75' lang='lat' dir='ltr'><strong>legere,</strong></span> <span class='ocrx_word' id='word_1_624' title='bbox 1512 4322 1566 4372; x_wconf 85' lang='lat' dir='ltr'><strong>in</strong></span> <span class='ocrx_word' id='word_1_625' title='bbox 1592 4321 1807 4373; x_wconf 82' lang='lat' dir='ltr'><strong>militem</strong></span> <span class='ocrx_word' id='word_1_626' title='bbox 1841 4319 1978 4375; x_wconf 80' lang='lat' dir='ltr'><strong>asci—</strong></span> 
     </span>
    </p>
   </div>
   <div class='ocr_carea' id='block_1_86' title="bbox 2085 4040 3638 4118">
    <p class='ocr_par' dir='ltr' id='par_1_86' title="bbox 2085 4040 3638 4118">
     <span class='ocr_line' id='line_1_86' title="bbox 2085 4040 3638 4118; baseline -0.006 -18"><span class='ocrx_word' id='word_1_627' title='bbox 2085 4059 2204 4118; x_wconf 80' lang='lat' dir='ltr'><strong>cap.</strong></span> <span class='ocrx_word' id='word_1_628' title='bbox 2231 4046 2252 4098; x_wconf 85' lang='grc' dir='ltr'><strong>Ι</strong></span> <span class='ocrx_word' id='word_1_629' title='bbox 2285 4062 2300 4107; x_wconf 83' lang='grc'><strong>;</strong></span> <span class='ocrx_word' id='word_1_630' title='bbox 2331 4046 2408 4118; x_wconf 79' lang='lat' dir='ltr'><strong>A_d</strong></span> <span class='ocrx_word' id='word_1_631' title='bbox 2441 4043 2746 4118; x_wconf 87' lang='lat' dir='ltr'><strong>Scapulam,</strong></span> <span class='ocrx_word' id='word_1_632' title='bbox 2778 4043 2956 4118; x_wconf 67' lang='lat' dir='ltr'><strong>cap,-_i</strong></span> <span class='ocrx_word' id='word_1_633' title='bbox 2987 4061 3000 4097; x_wconf 92' lang='lat'>:</span> <span class='ocrx_word' id='word_1_634' title='bbox 3052 4041 3505 4118; x_wconf 69' lang='lat' dir='ltr'><strong>Marcus_quoque</strong></span> <span class='ocrx_word' id='word_1_635' title='bbox 3534 4040 3638 4118; x_wconf 67' lang='grc' dir='ltr'><em>Αιιο</em></span> 
     </span>
    </p>
   </div>
   <div class='ocr_carea' id='block_1_87' title="bbox 2085 4111 3637 4177">
    <p class='ocr_par' dir='ltr' id='par_1_87' title="bbox 2085 4111 3637 4177">
     <span class='ocr_line' id='line_1_87' title="bbox 2085 4111 3637 4177; baseline -0.007 -10"><span class='ocrx_word' id='word_1_636' title='bbox 2085 4111 2248 4168; x_wconf 87' lang='lat' dir='ltr'><strong>relius</strong></span> <span class='ocrx_word' id='word_1_637' title='bbox 2269 4118 2322 4169; x_wconf 90' lang='lat' dir='ltr'><strong>in</strong></span> <span class='ocrx_word' id='word_1_638' title='bbox 2351 4111 2661 4168; x_wconf 82' lang='lat' dir='ltr'><strong>Germanica</strong></span> <span class='ocrx_word' id='word_1_639' title='bbox 2713 4115 3062 4177; x_wconf 73' lang='lat' dir='ltr'><strong>expeditione,</strong></span> <span class='ocrx_word' id='word_1_640' title='bbox 3097 4111 3516 4164; x_wconf 84' lang='lat' dir='ltr'><strong>Christianorum</strong></span> <span class='ocrx_word' id='word_1_641' title='bbox 3550 4111 3637 4161; x_wconf 80' lang='lat' dir='ltr'><strong>mi-</strong></span> 
     </span>
    </p>
   </div>
   <div class='ocr_carea' id='block_1_88' title="bbox 2085 4177 3634 4248">
    <p class='ocr_par' dir='ltr' id='par_1_88' title="bbox 2085 4177 3634 4248">
     <span class='ocr_line' id='line_1_88' title="bbox 2085 4177 3634 4248; baseline -0.005 -12"><span class='ocrx_word' id='word_1_642' title='bbox 2085 4189 2240 4238; x_wconf 81' lang='lat' dir='ltr'><strong>litum</strong></span> <span class='ocrx_word' id='word_1_643' title='bbox 2267 4186 2592 4238; x_wconf 81' lang='lat' dir='ltr'><strong>orationibus</strong></span> <span class='ocrx_word' id='word_1_644' title='bbox 2617 4185 2685 4235; x_wconf 88' lang='lat' dir='ltr'><strong>ad</strong></span> <span class='ocrx_word' id='word_1_645' title='bbox 2718 4183 2884 4236; x_wconf 87' lang='lat' dir='ltr'><strong>Deum</strong></span> <span class='ocrx_word' id='word_1_646' title='bbox 2918 4183 3096 4248; x_wconf 79' lang='lat' dir='ltr'><strong>factis,</strong></span> <span class='ocrx_word' id='word_1_647' title='bbox 3119 4179 3310 4233; x_wconf 88' lang='lat' dir='ltr'><strong>imbres</strong></span> <span class='ocrx_word' id='word_1_648' title='bbox 3357 4181 3410 4232; x_wconf 85' lang='lat' dir='ltr'><strong>in</strong></span> <span class='ocrx_word' id='word_1_649' title='bbox 3437 4179 3522 4230; x_wconf 91' lang='lat' dir='ltr'><strong>siti</strong></span> <span class='ocrx_word' id='word_1_650' title='bbox 3549 4177 3634 4230; x_wconf 91' lang='lat' dir='ltr'><strong>illa</strong></span> 
     </span>
    </p>
   </div>
   <div class='ocr_carea' id='block_1_89' title="bbox 2085 4249 3636 4326">
    <p class='ocr_par' dir='ltr' id='par_1_89' title="bbox 2085 4249 3636 4326">
     <span class='ocr_line' id='line_1_89' title="bbox 2085 4249 3636 4326; baseline -0.005 -21"><span class='ocrx_word' id='word_1_651' title='bbox 2085 4254 2699 4326; x_wconf 59' lang='lat' dir='ltr'><strong>iinpetrarit._Ettttttletn</strong></span> <span class='ocrx_word' id='word_1_652' title='bbox 2730 4250 3202 4326; x_wconf 76' lang='lat' dir='ltr'><strong>vi_de_in_Apolog.,</strong></span> <span class='ocrx_word' id='word_1_653' title='bbox 3239 4265 3286 4302; x_wconf 90' lang='lat' dir='ltr'><strong>c.</strong></span> <span class='ocrx_word' id='word_1_654' title='bbox 3427 4249 3636 4326; x_wconf 55' lang='lat' dir='ltr'><strong>Euseb&quot;</strong></span> 
     </span>
    </p>
   </div>
   <div class='ocr_carea' id='block_1_90' title="bbox 2086 4318 3636 4388">
    <p class='ocr_par' dir='ltr' id='par_1_90' title="bbox 2086 4318 3636 4388">
     <span class='ocr_line' id='line_1_90' title="bbox 2086 4318 3636 4388; baseline -0.006 -12"><span class='ocrx_word' id='word_1_655' title='bbox 2086 4318 2304 4385; x_wconf 43' lang='lat' dir='ltr'><strong>Chron&quot;</strong></span> <span class='ocrx_word' id='word_1_656' title='bbox 2330 4333 2384 4377; x_wconf 88' lang='lat' dir='ltr'><strong>et</strong></span> <span class='ocrx_word' id='word_1_657' title='bbox 2416 4324 2508 4376; x_wconf 88' lang='lat' dir='ltr'><strong>lib.</strong></span> <span class='ocrx_word' id='word_1_658' title='bbox 2550 4339 2602 4384; x_wconf 82' lang='grc' dir='ltr'><em>γ,</em></span> <span class='ocrx_word' id='word_1_659' title='bbox 2625 4337 2742 4388; x_wconf 87' lang='lat' dir='ltr'><strong>cap.</strong></span> <span class='ocrx_word' id='word_1_660' title='bbox 2771 4321 2803 4374; x_wconf 86' lang='lat'><strong>5</strong></span> <span class='ocrx_word' id='word_1_661' title='bbox 2835 4318 3034 4372; x_wconf 86' lang='lat' dir='ltr'><strong>Eccles.</strong></span> <span class='ocrx_word' id='word_1_662' title='bbox 3067 4319 3216 4388; x_wconf 81' lang='lat' dir='ltr'><strong>Itist.,</strong></span> <span class='ocrx_word' id='word_1_663' title='bbox 3245 4329 3300 4371; x_wconf 90' lang='lat' dir='ltr'><strong>et</strong></span> <span class='ocrx_word' id='word_1_664' title='bbox 3329 4318 3492 4370; x_wconf 83' lang='lat' dir='ltr'><strong>Marci</strong></span> <span class='ocrx_word' id='word_1_665' title='bbox 3521 4322 3636 4388; x_wconf 86' lang='lat' dir='ltr'><strong>imp.</strong></span> 
     </span>
    </p>
   </div>
   <div class='ocr_carea' id='block_1_91' title="bbox 407 4386 3636 4460">
    <p class='ocr_par' dir='ltr' id='par_1_91' title="bbox 407 4386 3636 4460">
     <span class='ocr_line' id='line_1_91' title="bbox 407 4386 3636 4460; baseline -0.003 -14"><span class='ocrx_word' id='word_1_666' title='bbox 407 4405 568 4460; x_wconf 60' lang='lat' dir='ltr'><strong>scere.</strong></span> <span class='ocrx_word' id='word_1_667' title='bbox 600 4388 818 4460; x_wconf 76' lang='lat' dir='ltr'><strong>militent</strong></span> <span class='ocrx_word' id='word_1_668' title='bbox 852 4391 1193 4460; x_wconf 77' lang='lat' dir='ltr'><strong>conscribere.</strong></span> <span class='ocrx_word' id='word_1_669' title='bbox 1220 4386 1513 4460; x_wconf 46' lang='lat' dir='ltr'><strong>lloc&#39;sensu</strong></span> <span class='ocrx_word' id='word_1_670' title='bbox 1547 4392 1752 4444; x_wconf 88' lang='lat' dir='ltr'><strong>scholia</strong></span> <span class='ocrx_word' id='word_1_671' title='bbox 1793 4393 1976 4444; x_wconf 77' lang='lat' dir='ltr'><strong>brevia</strong></span> <span class='ocrx_word' id='word_1_672' title='bbox 2017 4392 2054 4442; x_wconf 88' lang='lat' dir='ltr'>D</span> <span class='ocrx_word' id='word_1_673' title='bbox 2085 4394 2365 4460; x_wconf 90' lang='lat' dir='ltr'><strong>epistolam</strong></span> <span class='ocrx_word' id='word_1_674' title='bbox 2420 4395 2561 4458; x_wconf 86' lang='lat' dir='ltr'><strong>apud</strong></span> <span class='ocrx_word' id='word_1_675' title='bbox 2588 4386 2883 4453; x_wconf 84' lang='lat' dir='ltr'><strong>Justinnm,</strong></span> <span class='ocrx_word' id='word_1_676' title='bbox 2915 4391 2965 4442; x_wconf 92' lang='lat' dir='ltr'><strong>in</strong></span> <span class='ocrx_word' id='word_1_677' title='bbox 3003 4387 3347 4460; x_wconf 33' lang='lat' dir='ltr'><strong>ﬁneAAp_olog.</strong></span> <span class='ocrx_word' id='word_1_678' title='bbox 3376 4386 3636 4460; x_wconf 49' lang='lat' dir='ltr'><strong>secundae.</strong></span> 
     </span>
    </p>
   </div>
   <div class='ocr_carea' id='block_1_92' title="bbox 409 4457 1982 4543">
    <p class='ocr_par' dir='ltr' id='par_1_92' title="bbox 409 4457 1982 4543">
     <span class='ocr_line' id='line_1_92' title="bbox 409 4457 1982 4543; baseline 0.004 -36"><span class='ocrx_word' id='word_1_679' title='bbox 409 4459 473 4543; x_wconf 61' lang='lat' dir='ltr'><strong>ad</strong></span> <span class='ocrx_word' id='word_1_680' title='bbox 514 4457 922 4543; x_wconf 40' lang='lat' dir='ltr'><strong>llon‘tcrz&#39;l‘liad.</strong></span> <span class='ocrx_word' id='word_1_681' title='bbox 941 4459 1016 4521; x_wconf 93' lang='lat' dir='ltr'><strong>T’,</strong></span> <span class='ocrx_word' id='word_1_682' title='bbox 1053 4475 1103 4511; x_wconf 93' lang='grc' dir='ltr'><strong>ν.</strong></span> <span class='ocrx_word' id='word_1_683' title='bbox 1125 4460 1280 4543; x_wconf 35' lang='grc'><strong>1552]</strong></span> <span class='ocrx_word' id='word_1_684' title='bbox 1303 4459 1659 4543; x_wconf 55' lang='grc' dir='ltr'><em>Ἀηγαμέμνων</em></span> <span class='ocrx_word' id='word_1_685' title='bbox 1691 4463 1783 4543; x_wconf 71' lang='grc' dir='ltr'><em>καὶ</em></span> <span class='ocrx_word' id='word_1_686' title='bbox 1810 4461 1982 4513; x_wconf 86' lang='grc' dir='ltr'><em>Μενέ-</em></span> 
     </span>
    </p>
   </div>
   <div class='ocr_carea' id='block_1_93' title="bbox 408 4527 1979 4600">
    <p class='ocr_par' dir='ltr' id='par_1_93' title="bbox 408 4527 1979 4600">
     <span class='ocr_line' id='line_1_93' title="bbox 408 4527 1979 4600; baseline 0.003 -22"><span class='ocrx_word' id='word_1_687' title='bbox 408 4528 534 4600; x_wconf 80' lang='grc' dir='ltr'><em>λαος</em></span> <span class='ocrx_word' id='word_1_688' title='bbox 562 4527 686 4588; x_wconf 77' lang='grc' dir='ltr'><em>τοὺς</em></span> <span class='ocrx_word' id='word_1_689' title='bbox 720 4527 983 4597; x_wconf 82' lang='grc' dir='ltr'><em>’Έλληνας</em></span> <span class='ocrx_word' id='word_1_690' title='bbox 1011 4528 1150 4600; x_wconf 82' lang='grc' dir='ltr'><strong>κατά</strong></span> <span class='ocrx_word' id='word_1_691' title='bbox 1199 4528 1304 4600; x_wconf 69' lang='grc' dir='ltr'><strong>τῶν</strong></span> <span class='ocrx_word' id='word_1_692' title='bbox 1333 4527 1553 4600; x_wconf 21' lang='grc' dir='ltr'><em>λΤρώων</em></span> <span class='ocrx_word' id='word_1_693' title='bbox 1597 4530 1979 4600; x_wconf 78' lang='grc' dir='ltr'><em>ἐστράτευσαν.</em></span> 
     </span>
    </p>
   </div>
   <div class='ocr_carea' id='block_1_94' title="bbox 411 4597 1982 4668">
    <p class='ocr_par' dir='ltr' id='par_1_94' title="bbox 411 4597 1982 4668">
     <span class='ocr_line' id='line_1_94' title="bbox 411 4597 1982 4668; baseline 0.003 -22"><span class='ocrx_word' id='word_1_694' title='bbox 411 4597 548 4649; x_wconf 87' lang='lat' dir='ltr'><strong>Male</strong></span> <span class='ocrx_word' id='word_1_695' title='bbox 581 4611 710 4668; x_wconf 77' lang='lat' dir='ltr'><strong>ergo</strong></span> <span class='ocrx_word' id='word_1_696' title='bbox 741 4613 835 4668; x_wconf 84' lang='lat' dir='ltr'><strong>pro</strong></span> <span class='ocrx_word' id='word_1_697' title='bbox 861 4598 1204 4668; x_wconf 87' lang='grc' dir='ltr'><em>στρατεύετε,</em></span> <span class='ocrx_word' id='word_1_698' title='bbox 1243 4597 1469 4652; x_wconf 83' lang='lat' dir='ltr'><strong>Guietus</strong></span> <span class='ocrx_word' id='word_1_699' title='bbox 1504 4599 1593 4652; x_wconf 89' lang='lat' dir='ltr'><strong>hic</strong></span> <span class='ocrx_word' id='word_1_700' title='bbox 1637 4597 1982 4654; x_wconf 79' lang='lat' dir='ltr'><strong>scribendum</strong></span> 
     </span>
    </p>
   </div>
   <div class='ocr_carea' id='block_1_95' title="bbox 410 4666 950 4735">
    <p class='ocr_par' dir='ltr' id='par_1_95' title="bbox 410 4666 950 4735">
     <span class='ocr_line' id='line_1_95' title="bbox 410 4666 950 4735; baseline 0.002 -18"><span class='ocrx_word' id='word_1_701' title='bbox 410 4676 562 4735; x_wconf 77' lang='lat' dir='ltr'><strong>putat</strong></span> <span class='ocrx_word' id='word_1_702' title='bbox 592 4666 950 4735; x_wconf 73' lang='grc' dir='ltr'><em>ἀγγαρεύετε.</em></span> 
     </span>
    </p>
   </div>
   <div class='ocr_carea' id='block_1_96' title="bbox 483 4731 1982 4806">
    <p class='ocr_par' dir='ltr' id='par_1_96' title="bbox 483 4731 1982 4806">
     <span class='ocr_line' id='line_1_96' title="bbox 483 4731 1982 4806; baseline 0.004 -20"><span class='ocrx_word' id='word_1_703' title='bbox 483 4734 700 4806; x_wconf 45' lang='grc' dir='ltr'><strong>(4)”Καὶ</strong></span> <span class='ocrx_word' id='word_1_704' title='bbox 734 4731 898 4806; x_wconf 73' lang='grc' dir='ltr'><em>οὗτοι</em></span> <span class='ocrx_word' id='word_1_705' title='bbox 951 4737 1396 4806; x_wconf 75' lang='grc' dir='ltr'><em>στρατεύονται.</em></span> <span class='ocrx_word' id='word_1_706' title='bbox 1451 4735 1611 4790; x_wconf 84' lang='lat' dir='ltr'><strong>Forte</strong></span> <span class='ocrx_word' id='word_1_707' title='bbox 1677 4737 1982 4806; x_wconf 82' lang='lat' dir='ltr'><strong>legendum.</strong></span> 
     </span>
    </p>
   </div>
   <div class='ocr_carea' id='block_1_97' title="bbox 409 4799 1986 4874">
    <p class='ocr_par' dir='ltr' id='par_1_97' title="bbox 409 4799 1986 4874">
     <span class='ocr_line' id='line_1_97' title="bbox 409 4799 1986 4874; baseline 0.002 -19"><span class='ocrx_word' id='word_1_708' title='bbox 409 4799 503 4855; x_wconf 65' lang='lat' dir='ltr'><strong>xui</strong></span> <span class='ocrx_word' id='word_1_709' title='bbox 531 4799 676 4855; x_wconf 75' lang='grc' dir='ltr'><em>οὗτοι</em></span> <span class='ocrx_word' id='word_1_710' title='bbox 717 4804 777 4854; x_wconf 87' lang='grc' dir='ltr'><em>οὐ</em></span> <span class='ocrx_word' id='word_1_711' title='bbox 836 4799 1241 4874; x_wconf 81' lang='grc' dir='ltr'><em>στρατεύονται.</em></span> <span class='ocrx_word' id='word_1_712' title='bbox 1295 4805 1704 4859; x_wconf 84' lang='lat' dir='ltr'><strong>Observandum</strong></span> <span class='ocrx_word' id='word_1_713' title='bbox 1731 4799 1986 4872; x_wconf 40' lang='lat' dir='ltr'><strong>“insuper</strong></span> 
     </span>
    </p>
   </div>
   <div class='ocr_carea' id='block_1_98' title="bbox 409 4874 1990 4946">
    <p class='ocr_par' dir='ltr' id='par_1_98' title="bbox 409 4874 1990 4946">
     <span class='ocr_line' id='line_1_98' title="bbox 409 4874 1990 4946; baseline 0.001 -21"><span class='ocrx_word' id='word_1_714' title='bbox 409 4874 754 4946; x_wconf 83' lang='lat' dir='ltr'><strong>Christianos</strong></span> <span class='ocrx_word' id='word_1_715' title='bbox 792 4876 858 4946; x_wconf 80' lang='lat' dir='ltr'><strong>ah</strong></span> <span class='ocrx_word' id='word_1_716' title='bbox 902 4875 1279 4946; x_wconf 54' lang='lat' dir='ltr'><strong>tlrigenehoe</strong></span> <span class='ocrx_word' id='word_1_717' title='bbox 1314 4875 1432 4928; x_wconf 90' lang='lat' dir='ltr'><strong>loco</strong></span> <span class='ocrx_word' id='word_1_718' title='bbox 1491 4878 1672 4928; x_wconf 84' lang='lat' dir='ltr'><strong>vocari</strong></span> <span class='ocrx_word' id='word_1_719' title='bbox 1723 4876 1990 4946; x_wconf 89' lang='grc' dir='ltr'><em>θεραπευ-</em></span> 
     </span>
    </p>
   </div>
   <div class='ocr_carea' id='block_1_99' title="bbox 407 4942 1976 5012">
    <p class='ocr_par' dir='ltr' id='par_1_99' title="bbox 407 4942 1976 5012">
     <span class='ocr_line' id='line_1_99' title="bbox 407 4942 1976 5012; baseline 0.001 -20"><span class='ocrx_word' id='word_1_720' title='bbox 407 4942 533 5006; x_wconf 69' lang='grc' dir='ltr'><em>τάς,</em></span> <span class='ocrx_word' id='word_1_721' title='bbox 558 4956 663 5012; x_wconf 84' lang='lat' dir='ltr'><strong>quo</strong></span> <span class='ocrx_word' id='word_1_722' title='bbox 700 4942 918 4995; x_wconf 82' lang='lat' dir='ltr'><strong>nomine</strong></span> <span class='ocrx_word' id='word_1_723' title='bbox 945 4942 1100 4996; x_wconf 86' lang='lat' dir='ltr'><strong>Philo</strong></span> <span class='ocrx_word' id='word_1_724' title='bbox 1139 4943 1355 4997; x_wconf 66' lang='lat' dir='ltr'><strong>Judaens</strong></span> <span class='ocrx_word' id='word_1_725' title='bbox 1413 4946 1644 5012; x_wconf 84' lang='lat' dir='ltr'><strong>appellat</strong></span> <span class='ocrx_word' id='word_1_726' title='bbox 1708 4942 1802 4998; x_wconf 77' lang='lat' dir='ltr'><strong>eos</strong></span> <span class='ocrx_word' id='word_1_727' title='bbox 1852 4960 1976 5012; x_wconf 89' lang='lat' dir='ltr'><strong>quo-</strong></span> 
     </span>
    </p>
   </div>
   <div class='ocr_carea' id='block_1_100' title="bbox 417 5011 1990 5082">
    <p class='ocr_par' dir='ltr' id='par_1_100' title="bbox 417 5011 1990 5082">
     <span class='ocr_line' id='line_1_100' title="bbox 417 5011 1990 5082; baseline 0.002 -18"><span class='ocrx_word' id='word_1_728' title='bbox 417 5011 728 5082; x_wconf 13' lang='lat' dir='ltr'><strong>rnn&#39;.rvitam</strong></span> <span class='ocrx_word' id='word_1_729' title='bbox 764 5022 1008 5063; x_wconf 88' lang='lat' dir='ltr'><strong>sanctam</strong></span> <span class='ocrx_word' id='word_1_730' title='bbox 1036 5013 1086 5064; x_wconf 91' lang='lat' dir='ltr'><strong>in</strong></span> <span class='ocrx_word' id='word_1_731' title='bbox 1115 5013 1252 5067; x_wconf 89' lang='lat' dir='ltr'><strong>libro</strong></span> <span class='ocrx_word' id='word_1_732' title='bbox 1286 5014 1425 5081; x_wconf 79' lang='grc' dir='ltr'><em>Περὶ</em></span> <span class='ocrx_word' id='word_1_733' title='bbox 1451 5011 1600 5077; x_wconf 75' lang='grc' dir='ltr'><em>βίου</em></span> <span class='ocrx_word' id='word_1_734' title='bbox 1635 5011 1990 5082; x_wconf 86' lang='grc' dir='ltr'><em>θεωρητικοῦ</em></span> 
     </span>
    </p>
   </div>
   <div class='ocr_carea' id='block_1_101' title="bbox 415 5081 973 5150">
    <p class='ocr_par' dir='ltr' id='par_1_101' title="bbox 415 5081 973 5150">
     <span class='ocr_line' id='line_1_101' title="bbox 415 5081 973 5150; baseline 0.005 -17"><span class='ocrx_word' id='word_1_735' title='bbox 415 5081 658 5150; x_wconf 84' lang='lat' dir='ltr'><strong>pluribus</strong></span> <span class='ocrx_word' id='word_1_736' title='bbox 695 5081 973 5136; x_wconf 69' lang='lat' dir='ltr'><strong>describit.</strong></span> 
     </span>
    </p>
   </div>
   <div class='ocr_carea' id='block_1_102' title="bbox 487 5151 1989 5220">
    <p class='ocr_par' dir='ltr' id='par_1_102' title="bbox 487 5151 1989 5220">
     <span class='ocr_line' id='line_1_102' title="bbox 487 5151 1989 5220; baseline 0 -17"><span class='ocrx_word' id='word_1_737' title='bbox 487 5151 562 5217; x_wconf 75' lang='grc'><strong>(5)</strong></span> <span class='ocrx_word' id='word_1_738' title='bbox 605 5151 731 5220; x_wconf 20' lang='lat' dir='ltr'><strong>Kal,</strong></span> <span class='ocrx_word' id='word_1_739' title='bbox 763 5152 832 5203; x_wconf 84' lang='grc' dir='ltr'><em>οὐ</em></span> <span class='ocrx_word' id='word_1_740' title='bbox 868 5154 1413 5220; x_wconf 78' lang='grc' dir='ltr'><em>συστρατευόμεθα.</em></span> <span class='ocrx_word' id='word_1_741' title='bbox 1453 5153 1702 5212; x_wconf 85' lang='lat' dir='ltr'><strong>Tertull.,</strong></span> <span class='ocrx_word' id='word_1_742' title='bbox 1747 5152 1989 5220; x_wconf 80' lang='lat' dir='ltr'><strong>Apolog.,</strong></span> 
     </span>
    </p>
   </div>
   <div class='ocr_carea' id='block_1_103' title="bbox 417 5216 1988 5288">
    <p class='ocr_par' dir='ltr' id='par_1_103' title="bbox 417 5216 1988 5288">
     <span class='ocr_line' id='line_1_103' title="bbox 417 5216 1988 5288; baseline -0.001 -15"><span class='ocrx_word' id='word_1_743' title='bbox 417 5216 620 5287; x_wconf 75' lang='lat' dir='ltr'><strong>cap.37</strong></span> <span class='ocrx_word' id='word_1_744' title='bbox 643 5235 656 5272; x_wconf 88' lang='lat'>:</span> <span class='ocrx_word' id='word_1_745' title='bbox 680 5219 926 5275; x_wconf 82' lang='lat' dir='ltr'><strong>Hesterni</strong></span> <span class='ocrx_word' id='word_1_746' title='bbox 955 5216 1140 5274; x_wconf 70' lang='lat' dir='ltr'><strong>sumus</strong></span> <span class='ocrx_word' id='word_1_747' title='bbox 1157 5235 1201 5276; x_wconf 86' lang='lat' dir='ltr'><strong>et</strong></span> <span class='ocrx_word' id='word_1_748' title='bbox 1230 5216 1397 5274; x_wconf 69' lang='lat' dir='ltr'><strong>uestra</strong></span> <span class='ocrx_word' id='word_1_749' title='bbox 1423 5224 1598 5274; x_wconf 84' lang='lat' dir='ltr'><strong>omnia</strong></span> <span class='ocrx_word' id='word_1_750' title='bbox 1636 5216 1988 5288; x_wconf 75' lang='lat' dir='ltr'><strong>implevimus,</strong></span> 
     </span>
    </p>
   </div>
   <div class='ocr_carea' id='block_1_104' title="bbox 416 5291 1990 5360">
    <p class='ocr_par' dir='ltr' id='par_1_104' title="bbox 416 5291 1990 5360">
     <span class='ocr_line' id='line_1_104' title="bbox 416 5291 1990 5360; baseline -0.001 -16"><span class='ocrx_word' id='word_1_751' title='bbox 416 5293 590 5355; x_wconf 83' lang='lat' dir='ltr'><strong>urbes,</strong></span> <span class='ocrx_word' id='word_1_752' title='bbox 647 5292 899 5356; x_wconf 84' lang='lat' dir='ltr'><strong>insulas,</strong></span> <span class='ocrx_word' id='word_1_753' title='bbox 953 5291 1195 5354; x_wconf 89' lang='lat' dir='ltr'><strong>castella,</strong></span> <span class='ocrx_word' id='word_1_754' title='bbox 1255 5294 1570 5360; x_wconf 87' lang='lat' dir='ltr'><strong>municipia,</strong></span> <span class='ocrx_word' id='word_1_755' title='bbox 1617 5291 1990 5353; x_wconf 86' lang='lat' dir='ltr'><strong>conciliabula,</strong></span> 
     </span>
    </p>
   </div>
   <div class='ocr_carea' id='block_1_105' title="bbox 419 5361 1992 5427">
    <p class='ocr_par' dir='ltr' id='par_1_105' title="bbox 419 5361 1992 5427">
     <span class='ocr_line' id='line_1_105' title="bbox 419 5361 1992 5427; baseline -0.001 -14"><span class='ocrx_word' id='word_1_756' title='bbox 419 5372 597 5413; x_wconf 81' lang='lat' dir='ltr'><strong>Castra</strong></span> <span class='ocrx_word' id='word_1_757' title='bbox 645 5361 781 5427; x_wconf 86' lang='lat' dir='ltr'><strong>ipsa,</strong></span> <span class='ocrx_word' id='word_1_758' title='bbox 842 5362 1033 5424; x_wconf 84' lang='lat' dir='ltr'><strong>tribus,</strong></span> <span class='ocrx_word' id='word_1_759' title='bbox 1086 5361 1351 5419; x_wconf 87' lang='lat' dir='ltr'><strong>decurias,</strong></span> <span class='ocrx_word' id='word_1_760' title='bbox 1404 5361 1681 5427; x_wconf 66' lang='lat' dir='ltr'><strong>palatium,</strong></span> <span class='ocrx_word' id='word_1_761' title='bbox 1731 5371 1992 5426; x_wconf 81' lang='lat' dir='ltr'><strong>senatum,</strong></span> 
     </span>
    </p>
   </div>
   <div class='ocr_carea' id='block_1_106' title="bbox 421 5429 2020 5508">
    <p class='ocr_par' dir='ltr' id='par_1_106' title="bbox 421 5429 2020 5508">
     <span class='ocr_line' id='line_1_106' title="bbox 421 5429 2020 5508; baseline 0 -28"><span class='ocrx_word' id='word_1_762' title='bbox 421 5430 598 5508; x_wconf 65' lang='lat' dir='ltr'><strong>forum</strong></span> <span class='ocrx_word' id='word_1_763' title='bbox 640 5444 658 5482; x_wconf 90' lang='lat'><strong><em>:</em></strong></span> <span class='ocrx_word' id='word_1_764' title='bbox 691 5431 803 5482; x_wconf 88' lang='lat' dir='ltr'><strong>sola</strong></span> <span class='ocrx_word' id='word_1_765' title='bbox 827 5432 968 5484; x_wconf 77' lang='lat' dir='ltr'><strong>vobis</strong></span> <span class='ocrx_word' id='word_1_766' title='bbox 1002 5430 1343 5508; x_wconf 77' lang='lat' dir='ltr'><strong>relinquimus</strong></span> <span class='ocrx_word' id='word_1_767' title='bbox 1369 5430 1598 5508; x_wconf 60' lang='lat' dir='ltr'><strong>terrtpla;</strong></span> <span class='ocrx_word' id='word_1_768' title='bbox 1633 5439 1688 5483; x_wconf 85' lang='lat' dir='ltr'><strong>et</strong></span> <span class='ocrx_word' id='word_1_769' title='bbox 1718 5446 1837 5497; x_wconf 89' lang='lat' dir='ltr'><strong>cap.</strong></span> <span class='ocrx_word' id='word_1_770' title='bbox 1871 5429 2020 5508; x_wconf 47' lang='grc' dir='ltr'><em>ἀει</em></span> 
     </span>
    </p>
   </div>
   <div class='ocr_carea' id='block_1_107' title="bbox 428 5499 2000 5567">
    <p class='ocr_par' dir='ltr' id='par_1_107' title="bbox 428 5499 2000 5567">
     <span class='ocr_line' id='line_1_107' title="bbox 428 5499 2000 5567; baseline 0 -18"><span class='ocrx_word' id='word_1_771' title='bbox 428 5499 756 5567; x_wconf 79' lang='lat' dir='ltr'><strong>Navigamus</strong></span> <span class='ocrx_word' id='word_1_772' title='bbox 789 5510 835 5551; x_wconf 91' lang='lat' dir='ltr'><strong>et</strong></span> <span class='ocrx_word' id='word_1_773' title='bbox 861 5517 953 5554; x_wconf 88' lang='lat' dir='ltr'><strong>nos</strong></span> <span class='ocrx_word' id='word_1_774' title='bbox 976 5499 1260 5560; x_wconf 78' lang='lat' dir='ltr'><strong>vobiscum,</strong></span> <span class='ocrx_word' id='word_1_775' title='bbox 1287 5511 1335 5553; x_wconf 85' lang='lat' dir='ltr'><strong>et</strong></span> <span class='ocrx_word' id='word_1_776' title='bbox 1381 5500 1692 5562; x_wconf 85' lang='lat' dir='ltr'><strong>militamus,</strong></span> <span class='ocrx_word' id='word_1_777' title='bbox 1729 5510 1775 5552; x_wconf 89' lang='lat' dir='ltr'><strong>et</strong></span> <span class='ocrx_word' id='word_1_778' title='bbox 1839 5501 2000 5550; x_wconf 82' lang='lat' dir='ltr'><strong>rusti-</strong></span> 
     </span>
    </p>
   </div>
   <div class='ocr_carea' id='block_1_108' title="bbox 426 5570 1993 5637">
    <p class='ocr_par' dir='ltr' id='par_1_108' title="bbox 426 5570 1993 5637">
     <span class='ocr_line' id='line_1_108' title="bbox 426 5570 1993 5637; baseline -0.001 -17"><span class='ocrx_word' id='word_1_779' title='bbox 426 5581 629 5627; x_wconf 72' lang='lat' dir='ltr'><strong>eamur,</strong></span> <span class='ocrx_word' id='word_1_780' title='bbox 651 5579 696 5619; x_wconf 91' lang='lat' dir='ltr'><strong>et</strong></span> <span class='ocrx_word' id='word_1_781' title='bbox 731 5584 1049 5632; x_wconf 86' lang='lat' dir='ltr'><strong>mercamur,</strong></span> <span class='ocrx_word' id='word_1_782' title='bbox 1084 5571 1301 5637; x_wconf 83' lang='lat' dir='ltr'><strong>proinde</strong></span> <span class='ocrx_word' id='word_1_783' title='bbox 1329 5570 1608 5623; x_wconf 84' lang='lat' dir='ltr'><strong>miscemus</strong></span> <span class='ocrx_word' id='word_1_784' title='bbox 1631 5580 1770 5623; x_wconf 87' lang='lat' dir='ltr'><strong>artes</strong></span> <span class='ocrx_word' id='word_1_785' title='bbox 1794 5611 1808 5634; x_wconf 93' lang='lat'><strong>,</strong></span> <span class='ocrx_word' id='word_1_786' title='bbox 1834 5584 1993 5633; x_wconf 81' lang='lat' dir='ltr'><strong>Opera</strong></span> 
     </span>
    </p>
   </div>
   <div class='ocr_carea' id='block_1_109' title="bbox 436 5637 1994 5704">
    <p class='ocr_par' dir='ltr' id='par_1_109' title="bbox 436 5637 1994 5704">
     <span class='ocr_line' id='line_1_109' title="bbox 436 5637 1994 5704; baseline 0.004 -18"><span class='ocrx_word' id='word_1_787' title='bbox 436 5647 614 5687; x_wconf 86' lang='lat' dir='ltr'><strong>nostra</strong></span> <span class='ocrx_word' id='word_1_788' title='bbox 635 5637 960 5704; x_wconf 53' lang='lat' dir='ltr'><strong>publicamus</strong></span> <span class='ocrx_word' id='word_1_789' title='bbox 990 5640 1110 5694; x_wconf 86' lang='lat' dir='ltr'><strong>usui</strong></span> <span class='ocrx_word' id='word_1_790' title='bbox 1139 5651 1327 5695; x_wconf 69' lang='lat' dir='ltr'><strong>vestro.</strong></span> <span class='ocrx_word' id='word_1_791' title='bbox 1363 5641 1425 5694; x_wconf 64' lang='lat' dir='ltr'><strong>lit</strong></span> <span class='ocrx_word' id='word_1_792' title='bbox 1457 5639 1530 5694; x_wconf 79' lang='lat' dir='ltr'><strong>De</strong></span> <span class='ocrx_word' id='word_1_793' title='bbox 1572 5656 1764 5695; x_wconf 87' lang='lat' dir='ltr'><strong>corona</strong></span> <span class='ocrx_word' id='word_1_794' title='bbox 1791 5637 1994 5704; x_wconf 86' lang='lat' dir='ltr'><strong>militis,</strong></span> 
     </span>
    </p>
   </div>
   <div class='ocr_carea' id='block_1_110' title="bbox 2087 4456 3640 4526">
    <p class='ocr_par' dir='ltr' id='par_1_110' title="bbox 2087 4456 3640 4526">
     <span class='ocr_line' id='line_1_110' title="bbox 2087 4456 3640 4526; baseline -0.007 -12"><span class='ocrx_word' id='word_1_795' title='bbox 2087 4456 2153 4514; x_wconf 13' lang='lat' dir='ltr'><strong>Ait</strong></span> <span class='ocrx_word' id='word_1_796' title='bbox 2187 4463 2236 4516; x_wconf 92' lang='lat' dir='ltr'><strong>in</strong></span> <span class='ocrx_word' id='word_1_797' title='bbox 2277 4463 2429 4514; x_wconf 90' lang='lat' dir='ltr'><strong>libris</strong></span> <span class='ocrx_word' id='word_1_798' title='bbox 2457 4456 2532 4514; x_wconf 83' lang='lat' dir='ltr'><strong>De</strong></span> <span class='ocrx_word' id='word_1_799' title='bbox 2557 4460 2885 4523; x_wconf 82' lang='lat' dir='ltr'><strong>idololatria,</strong></span> <span class='ocrx_word' id='word_1_800' title='bbox 2914 4473 3029 4526; x_wconf 85' lang='lat' dir='ltr'><strong>cap.</strong></span> <span class='ocrx_word' id='word_1_801' title='bbox 3061 4457 3149 4520; x_wconf 79' lang='grc'><strong>19,</strong></span> <span class='ocrx_word' id='word_1_802' title='bbox 3184 4457 3260 4510; x_wconf 89' lang='lat' dir='ltr'><strong>De</strong></span> <span class='ocrx_word' id='word_1_803' title='bbox 3311 4472 3504 4510; x_wconf 84' lang='lat' dir='ltr'><strong>corona</strong></span> <span class='ocrx_word' id='word_1_804' title='bbox 3552 4456 3640 4504; x_wconf 85' lang='lat' dir='ltr'><strong>nti-</strong></span> 
     </span>
    </p>
   </div>
   <div class='ocr_carea' id='block_1_111' title="bbox 2087 4526 3644 4604">
    <p class='ocr_par' dir='ltr' id='par_1_111' title="bbox 2087 4526 3644 4604">
     <span class='ocr_line' id='line_1_111' title="bbox 2087 4526 3644 4604; baseline -0.007 -22"><span class='ocrx_word' id='word_1_805' title='bbox 2087 4532 2216 4604; x_wconf 71' lang='lat' dir='ltr'><strong>litis,</strong></span> <span class='ocrx_word' id='word_1_806' title='bbox 2259 4546 2381 4604; x_wconf 74' lang='lat' dir='ltr'><strong>cap.</strong></span> <span class='ocrx_word' id='word_1_807' title='bbox 2416 4531 2501 4593; x_wconf 83' lang='grc'><strong>11,</strong></span> <span class='ocrx_word' id='word_1_808' title='bbox 2529 4530 2756 4604; x_wconf 66' lang='grc' dir='ltr'><em>Ιιειιεὶιει,</em></span> <span class='ocrx_word' id='word_1_809' title='bbox 2791 4530 3048 4604; x_wconf 75' lang='lat' dir='ltr'><strong>disputat,</strong></span> <span class='ocrx_word' id='word_1_810' title='bbox 3079 4537 3134 4581; x_wconf 89' lang='lat' dir='ltr'><strong>et</strong></span> <span class='ocrx_word' id='word_1_811' title='bbox 3170 4529 3218 4580; x_wconf 90' lang='lat' dir='ltr'><strong>ei</strong></span> <span class='ocrx_word' id='word_1_812' title='bbox 3260 4526 3477 4604; x_wconf 65' lang='lat' dir='ltr'><strong>tandem</strong></span> <span class='ocrx_word' id='word_1_813' title='bbox 3531 4538 3644 4604; x_wconf 77' lang='lat' dir='ltr'><strong>seq-</strong></span> 
     </span>
    </p>
   </div>
   <div class='ocr_carea' id='block_1_112' title="bbox 2088 4592 3644 4668">
    <p class='ocr_par' dir='ltr' id='par_1_112' title="bbox 2088 4592 3644 4668">
     <span class='ocr_line' id='line_1_112' title="bbox 2088 4592 3644 4668; baseline -0.007 -16"><span class='ocrx_word' id='word_1_814' title='bbox 2088 4601 2266 4654; x_wconf 72' lang='lat' dir='ltr'><strong>tentiae</strong></span> <span class='ocrx_word' id='word_1_815' title='bbox 2296 4592 2513 4652; x_wconf 84' lang='lat' dir='ltr'><strong>videtur</strong></span> <span class='ocrx_word' id='word_1_816' title='bbox 2547 4600 2832 4668; x_wconf 84' lang='lat' dir='ltr'><strong>plurimum</strong></span> <span class='ocrx_word' id='word_1_817' title='bbox 2879 4592 3092 4661; x_wconf 44' lang='lat' dir='ltr'><strong>&quot;lavere,</strong></span> <span class='ocrx_word' id='word_1_818' title='bbox 3127 4611 3244 4664; x_wconf 72' lang='lat' dir='ltr'><strong>qua:</strong></span> <span class='ocrx_word' id='word_1_819' title='bbox 3295 4594 3500 4668; x_wconf 64' lang='lat' dir='ltr'><strong>militiae</strong></span> <span class='ocrx_word' id='word_1_820' title='bbox 3525 4592 3644 4668; x_wconf 65' lang='grc' dir='ltr'><strong>⁸λιι-</strong></span> 
     </span>
    </p>
   </div>
   <div class='ocr_carea' id='block_1_113' title="bbox 2090 4661 3646 4734">
    <p class='ocr_par' dir='ltr' id='par_1_113' title="bbox 2090 4661 3646 4734">
     <span class='ocr_line' id='line_1_113' title="bbox 2090 4661 3646 4734; baseline -0.005 -15"><span class='ocrx_word' id='word_1_821' title='bbox 2090 4679 2353 4723; x_wconf 80' lang='lat' dir='ltr'><strong>versatur.</strong></span> <span class='ocrx_word' id='word_1_822' title='bbox 2392 4661 2560 4723; x_wconf 74' lang='lat' dir='ltr'><strong>Leclti</strong></span> <span class='ocrx_word' id='word_1_823' title='bbox 2606 4667 2923 4734; x_wconf 82' lang='lat' dir='ltr'><strong>dignissima</strong></span> <span class='ocrx_word' id='word_1_824' title='bbox 2960 4675 3118 4730; x_wconf 87' lang='lat' dir='ltr'><strong>sunt,</strong></span> <span class='ocrx_word' id='word_1_825' title='bbox 3145 4661 3274 4732; x_wconf 65' lang='lat' dir='ltr'><strong>quae</strong></span> <span class='ocrx_word' id='word_1_826' title='bbox 3318 4663 3471 4731; x_wconf 84' lang='lat' dir='ltr'><strong>ilugo</strong></span> <span class='ocrx_word' id='word_1_827' title='bbox 3518 4661 3646 4734; x_wconf 77' lang='lat' dir='ltr'><strong>Gro-</strong></span> 
     </span>
    </p>
   </div>
   <div class='ocr_carea' id='block_1_114' title="bbox 2092 4730 3644 4806">
    <p class='ocr_par' dir='ltr' id='par_1_114' title="bbox 2092 4730 3644 4806">
     <span class='ocr_line' id='line_1_114' title="bbox 2092 4730 3644 4806; baseline -0.008 -16"><span class='ocrx_word' id='word_1_828' title='bbox 2092 4741 2196 4792; x_wconf 89' lang='lat' dir='ltr'><strong>tius</strong></span> <span class='ocrx_word' id='word_1_829' title='bbox 2254 4742 2318 4792; x_wconf 86' lang='lat' dir='ltr'><strong>de</strong></span> <span class='ocrx_word' id='word_1_830' title='bbox 2381 4740 2480 4792; x_wconf 87' lang='lat' dir='ltr'><strong>hac</strong></span> <span class='ocrx_word' id='word_1_831' title='bbox 2531 4730 2828 4806; x_wconf 54' lang='lat' dir='ltr'><strong>qnazs&#39;tione</strong></span> <span class='ocrx_word' id='word_1_832' title='bbox 2872 4735 3146 4806; x_wconf 80' lang='lat' dir='ltr'><strong>disseruit,</strong></span> <span class='ocrx_word' id='word_1_833' title='bbox 3174 4730 3311 4806; x_wconf 42' lang='lat' dir='ltr'><strong>_lib._</strong></span> <span class='ocrx_word' id='word_1_834' title='bbox 3354 4730 3556 4806; x_wconf 18' lang='lat' dir='ltr'><strong>1,7cap.</strong></span> <span class='ocrx_word' id='word_1_835' title='bbox 3593 4730 3644 4806; x_wconf 52' lang='grc' dir='ltr'><em>ᾖ,</em></span> 
     </span>
    </p>
   </div>
   <div class='ocr_carea' id='block_1_115' title="bbox 2089 4802 3647 4878">
    <p class='ocr_par' dir='ltr' id='par_1_115' title="bbox 2089 4802 3647 4878">
     <span class='ocr_line' id='line_1_115' title="bbox 2089 4802 3647 4878; baseline -0.004 -19"><span class='ocrx_word' id='word_1_836' title='bbox 2089 4821 2221 4860; x_wconf 83' lang='lat' dir='ltr'><strong>sect.</strong></span> <span class='ocrx_word' id='word_1_837' title='bbox 2259 4806 2312 4878; x_wconf 76' lang='lat'><strong>9,</strong></span> <span class='ocrx_word' id='word_1_838' title='bbox 2354 4808 2427 4860; x_wconf 87' lang='lat' dir='ltr'><strong>De</strong></span> <span class='ocrx_word' id='word_1_839' title='bbox 2443 4802 2568 4876; x_wconf 77' lang='lat' dir='ltr'><strong>jure</strong></span> <span class='ocrx_word' id='word_1_840' title='bbox 2593 4806 2711 4878; x_wconf 84' lang='lat' dir='ltr'><strong>belli</strong></span> <span class='ocrx_word' id='word_1_841' title='bbox 2733 4815 2790 4878; x_wconf 77' lang='lat' dir='ltr'><strong>et</strong></span> <span class='ocrx_word' id='word_1_842' title='bbox 2812 4807 2989 4878; x_wconf 63' lang='lat' dir='ltr'><strong>pacis;</strong></span> <span class='ocrx_word' id='word_1_843' title='bbox 3023 4804 3114 4856; x_wconf 90' lang='lat' dir='ltr'><strong>ubi</strong></span> <span class='ocrx_word' id='word_1_844' title='bbox 3164 4803 3541 4878; x_wconf 71' lang='lat' dir='ltr'><strong>gravissimum</strong></span> <span class='ocrx_word' id='word_1_845' title='bbox 3585 4802 3647 4878; x_wconf 82' lang='lat' dir='ltr'><strong>de</strong></span> 
     </span>
    </p>
   </div>
   <div class='ocr_carea' id='block_1_116' title="bbox 2092 4870 3645 4943">
    <p class='ocr_par' dir='ltr' id='par_1_116' title="bbox 2092 4870 3645 4943">
     <span class='ocr_line' id='line_1_116' title="bbox 2092 4870 3645 4943; baseline -0.006 -13"><span class='ocrx_word' id='word_1_846' title='bbox 2092 4877 2407 4930; x_wconf 80' lang='lat' dir='ltr'><strong>Tertulliani</strong></span> <span class='ocrx_word' id='word_1_847' title='bbox 2443 4870 2514 4930; x_wconf 75' lang='grc' dir='ltr'><strong>ἐι</strong></span> <span class='ocrx_word' id='word_1_848' title='bbox 2574 4870 2824 4943; x_wconf 81' lang='lat' dir='ltr'><strong>Origenis</strong></span> <span class='ocrx_word' id='word_1_849' title='bbox 2888 4874 3106 4926; x_wconf 81' lang='lat' dir='ltr'><strong>levitate</strong></span> <span class='ocrx_word' id='word_1_850' title='bbox 3167 4874 3428 4940; x_wconf 86' lang='lat' dir='ltr'><strong>judicium</strong></span> <span class='ocrx_word' id='word_1_851' title='bbox 3503 4870 3645 4922; x_wconf 83' lang='lat' dir='ltr'><strong>facit.</strong></span> 
     </span>
    </p>
   </div>
   <div class='ocr_carea' id='block_1_117' title="bbox 2093 4943 3648 5012">
    <p class='ocr_par' dir='ltr' id='par_1_117' title="bbox 2093 4943 3648 5012">
     <span class='ocr_line' id='line_1_117' title="bbox 2093 4943 3648 5012; baseline -0.005 -12"><span class='ocrx_word' id='word_1_852' title='bbox 2093 4947 2267 5000; x_wconf 80' lang='lat' dir='ltr'><strong>Solent</strong></span> <span class='ocrx_word' id='word_1_853' title='bbox 2295 4957 2494 5006; x_wconf 87' lang='lat' dir='ltr'><strong>autem,</strong></span> <span class='ocrx_word' id='word_1_854' title='bbox 2533 4947 2729 5012; x_wconf 91' lang='lat' dir='ltr'><strong>inquit,</strong></span> <span class='ocrx_word' id='word_1_855' title='bbox 2762 4946 2824 4996; x_wconf 90' lang='lat' dir='ltr'><strong>ab</strong></span> <span class='ocrx_word' id='word_1_856' title='bbox 2868 4943 2958 5006; x_wconf 79' lang='lat' dir='ltr'><strong>iis,</strong></span> <span class='ocrx_word' id='word_1_857' title='bbox 2999 4944 3100 5012; x_wconf 32' lang='lat' dir='ltr'><strong>Aqui</strong></span> <span class='ocrx_word' id='word_1_858' title='bbox 3145 4943 3279 4995; x_wconf 87' lang='lat' dir='ltr'><strong>bella</strong></span> <span class='ocrx_word' id='word_1_859' title='bbox 3321 4943 3648 5008; x_wconf 84' lang='lat' dir='ltr'><strong>impugnant,</strong></span> 
     </span>
    </p>
   </div>
   <div class='ocr_carea' id='block_1_118' title="bbox 2092 5010 3652 5083">
    <p class='ocr_par' dir='ltr' id='par_1_118' title="bbox 2092 5010 3652 5083">
     <span class='ocr_line' id='line_1_118' title="bbox 2092 5010 3652 5083; baseline -0.007 -15"><span class='ocrx_word' id='word_1_860' title='bbox 2092 5017 2273 5082; x_wconf 81' lang='lat' dir='ltr'><strong>a/fcrri</strong></span> <span class='ocrx_word' id='word_1_861' title='bbox 2296 5017 2435 5067; x_wconf 85' lang='lat' dir='ltr'><strong>dicta</strong></span> <span class='ocrx_word' id='word_1_862' title='bbox 2458 5010 2695 5083; x_wconf 69' lang='lat' dir='ltr'><strong>quautam</strong></span> <span class='ocrx_word' id='word_1_863' title='bbox 2717 5023 2953 5083; x_wconf 70' lang='lat' dir='ltr'><strong>ueterum</strong></span> <span class='ocrx_word' id='word_1_864' title='bbox 2979 5010 3518 5083; x_wconf 81' lang='lat' dir='ltr'><strong>Christianorum,_ad</strong></span> <span class='ocrx_word' id='word_1_865' title='bbox 3539 5025 3652 5083; x_wconf 59' lang='lat' dir='ltr'><strong>qtae</strong></span> 
     </span>
    </p>
   </div>
   <div class='ocr_carea' id='block_1_119' title="bbox 2095 5079 3652 5137">
    <p class='ocr_par' dir='ltr' id='par_1_119' title="bbox 2095 5079 3652 5137">
     <span class='ocr_line' id='line_1_119' title="bbox 2095 5079 3652 5137; baseline -0.006 0"><span class='ocrx_word' id='word_1_866' title='bbox 2095 5079 2196 5137; x_wconf 81' lang='lat' dir='ltr'><strong>tria</strong></span> <span class='ocrx_word' id='word_1_867' title='bbox 2225 5086 2444 5137; x_wconf 86' lang='lat' dir='ltr'><strong>dicenda</strong></span> <span class='ocrx_word' id='word_1_868' title='bbox 2470 5079 2668 5137; x_wconf 45' lang='lat' dir='ltr'><strong>&#39;ltabeo.</strong></span> <span class='ocrx_word' id='word_1_869' title='bbox 2704 5082 2941 5134; x_wconf 81' lang='lat' dir='ltr'><strong>Primum</strong></span> <span class='ocrx_word' id='word_1_870' title='bbox 2981 5091 3054 5134; x_wconf 88' lang='lat' dir='ltr'><strong>est</strong></span> <span class='ocrx_word' id='word_1_871' title='bbox 3104 5097 3168 5133; x_wconf 80' lang='lat' dir='ltr'><strong>ea:</strong></span> <span class='ocrx_word' id='word_1_872' title='bbox 3221 5082 3283 5132; x_wconf 90' lang='lat' dir='ltr'><strong>iis</strong></span> <span class='ocrx_word' id='word_1_873' title='bbox 3319 5081 3472 5131; x_wconf 89' lang='lat' dir='ltr'><strong>dictis</strong></span> <span class='ocrx_word' id='word_1_874' title='bbox 3523 5079 3652 5130; x_wconf 73' lang='lat' dir='ltr'><strong>nihil</strong></span> 
     </span>
    </p>
   </div>
   <div class='ocr_carea' id='block_1_120' title="bbox 2095 5153 3653 5221">
    <p class='ocr_par' dir='ltr' id='par_1_120' title="bbox 2095 5153 3653 5221">
     <span class='ocr_line' id='line_1_120' title="bbox 2095 5153 3653 5221; baseline -0.004 -17"><span class='ocrx_word' id='word_1_875' title='bbox 2095 5155 2318 5220; x_wconf 87' lang='lat' dir='ltr'><strong>amplius</strong></span> <span class='ocrx_word' id='word_1_876' title='bbox 2345 5154 2541 5221; x_wconf 82' lang='lat' dir='ltr'><strong>colligi.</strong></span> <span class='ocrx_word' id='word_1_877' title='bbox 2566 5169 2720 5220; x_wconf 86' lang='lat' dir='ltr'><strong>quam</strong></span> <span class='ocrx_word' id='word_1_878' title='bbox 2759 5153 3016 5217; x_wconf 80' lang='lat' dir='ltr'><strong>privatam</strong></span> <span class='ocrx_word' id='word_1_879' title='bbox 3043 5153 3391 5215; x_wconf 84' lang='lat' dir='ltr'><strong>quorumdam</strong></span> <span class='ocrx_word' id='word_1_880' title='bbox 3449 5158 3653 5221; x_wconf 80' lang='lat' dir='ltr'><strong>senten-</strong></span> 
     </span>
    </p>
   </div>
   <div class='ocr_carea' id='block_1_121' title="bbox 2095 5217 3655 5291">
    <p class='ocr_par' dir='ltr' id='par_1_121' title="bbox 2095 5217 3655 5291">
     <span class='ocr_line' id='line_1_121' title="bbox 2095 5217 3655 5291; baseline -0.005 -16"><span class='ocrx_word' id='word_1_881' title='bbox 2095 5217 2246 5288; x_wconf 86' lang='lat' dir='ltr'><strong>tiam,</strong></span> <span class='ocrx_word' id='word_1_882' title='bbox 2269 5241 2368 5276; x_wconf 91' lang='lat' dir='ltr'><strong>non</strong></span> <span class='ocrx_word' id='word_1_883' title='bbox 2409 5217 2670 5291; x_wconf 77' lang='lat' dir='ltr'><strong>publicam</strong></span> <span class='ocrx_word' id='word_1_884' title='bbox 2703 5221 3092 5283; x_wconf 83' lang='lat' dir='ltr'><strong>Ecclesiarum;</strong></span> <span class='ocrx_word' id='word_1_885' title='bbox 3128 5221 3259 5291; x_wconf 81' lang='lat' dir='ltr'><strong>adde</strong></span> <span class='ocrx_word' id='word_1_886' title='bbox 3280 5259 3293 5278; x_wconf 89' lang='lat'><strong>,</strong></span> <span class='ocrx_word' id='word_1_887' title='bbox 3322 5219 3463 5291; x_wconf 83' lang='lat' dir='ltr'><strong>quod</strong></span> <span class='ocrx_word' id='word_1_888' title='bbox 3498 5217 3655 5284; x_wconf 73' lang='lat' dir='ltr'><strong>ferme</strong></span> 
     </span>
    </p>
   </div>
   <div class='ocr_carea' id='block_1_122' title="bbox 2095 5288 3653 5360">
    <p class='ocr_par' dir='ltr' id='par_1_122' title="bbox 2095 5288 3653 5360">
     <span class='ocr_line' id='line_1_122' title="bbox 2095 5288 3653 5360; baseline -0.006 -15"><span class='ocrx_word' id='word_1_889' title='bbox 2095 5309 2316 5360; x_wconf 81' lang='lat' dir='ltr'><strong>quarunt</strong></span> <span class='ocrx_word' id='word_1_890' title='bbox 2353 5288 2417 5346; x_wconf 79' lang='lat' dir='ltr'><strong>ea</strong></span> <span class='ocrx_word' id='word_1_891' title='bbox 2442 5294 2582 5344; x_wconf 87' lang='lat' dir='ltr'><strong>dicta</strong></span> <span class='ocrx_word' id='word_1_892' title='bbox 2613 5300 2758 5350; x_wconf 88' lang='lat' dir='ltr'><strong>sunt,</strong></span> <span class='ocrx_word' id='word_1_893' title='bbox 2794 5299 2974 5343; x_wconf 87' lang='lat' dir='ltr'><strong>amant</strong></span> <span class='ocrx_word' id='word_1_894' title='bbox 3010 5291 3072 5341; x_wconf 89' lang='lat' dir='ltr'><strong>ab</strong></span> <span class='ocrx_word' id='word_1_895' title='bbox 3105 5289 3224 5360; x_wconf 82' lang='lat' dir='ltr'><strong>aliis</strong></span> <span class='ocrx_word' id='word_1_896' title='bbox 3245 5288 3463 5340; x_wconf 75' lang='lat' dir='ltr'><strong>sem-sim</strong></span> <span class='ocrx_word' id='word_1_897' title='bbox 3487 5303 3582 5360; x_wconf 56' lang='lat' dir='ltr'><strong>ire,</strong></span> <span class='ocrx_word' id='word_1_898' title='bbox 3607 5295 3653 5338; x_wconf 82' lang='lat' dir='ltr'><strong>et</strong></span> 
     </span>
    </p>
   </div>
   <div class='ocr_carea' id='block_1_123' title="bbox 2097 5355 3658 5428">
    <p class='ocr_par' dir='ltr' id='par_1_123' title="bbox 2097 5355 3658 5428">
     <span class='ocr_line' id='line_1_123' title="bbox 2097 5355 3658 5428; baseline -0.006 -13"><span class='ocrx_word' id='word_1_899' title='bbox 2097 5355 2278 5415; x_wconf 80' lang='lat' dir='ltr'><strong>docere</strong></span> <span class='ocrx_word' id='word_1_900' title='bbox 2304 5363 2552 5428; x_wconf 83' lang='lat' dir='ltr'><strong>quiddam</strong></span> <span class='ocrx_word' id='word_1_901' title='bbox 2602 5360 3055 5428; x_wconf 77' lang='lat' dir='ltr'><strong>magniﬁcentius;</strong></span> <span class='ocrx_word' id='word_1_902' title='bbox 3098 5358 3278 5425; x_wconf 86' lang='lat' dir='ltr'><strong>quales</strong></span> <span class='ocrx_word' id='word_1_903' title='bbox 3325 5366 3443 5408; x_wconf 89' lang='lat' dir='ltr'><strong>sunt</strong></span> <span class='ocrx_word' id='word_1_904' title='bbox 3475 5355 3658 5423; x_wconf 72' lang='lat' dir='ltr'><strong>Orige-</strong></span> 
     </span>
    </p>
   </div>
   <div class='ocr_carea' id='block_1_124' title="bbox 2100 5429 3657 5497">
    <p class='ocr_par' dir='ltr' id='par_1_124' title="bbox 2100 5429 3657 5497">
     <span class='ocr_line' id='line_1_124' title="bbox 2100 5429 3657 5497; baseline -0.005 -14"><span class='ocrx_word' id='word_1_905' title='bbox 2100 5449 2187 5483; x_wconf 89' lang='lat' dir='ltr'><strong>nes</strong></span> <span class='ocrx_word' id='word_1_906' title='bbox 2223 5443 2268 5485; x_wconf 84' lang='lat' dir='ltr'><strong>et</strong></span> <span class='ocrx_word' id='word_1_907' title='bbox 2299 5430 2680 5492; x_wconf 85' lang='lat' dir='ltr'><strong>Tertullianus,</strong></span> <span class='ocrx_word' id='word_1_908' title='bbox 2702 5432 2790 5497; x_wconf 87' lang='lat' dir='ltr'><strong>qui</strong></span> <span class='ocrx_word' id='word_1_909' title='bbox 2815 5445 2904 5481; x_wconf 90' lang='lat' dir='ltr'><strong>nec</strong></span> <span class='ocrx_word' id='word_1_910' title='bbox 2934 5429 3032 5480; x_wconf 89' lang='lat' dir='ltr'><strong>sibi</strong></span> <span class='ocrx_word' id='word_1_911' title='bbox 3057 5430 3194 5480; x_wconf 81' lang='lat' dir='ltr'><strong>satis</strong></span> <span class='ocrx_word' id='word_1_912' title='bbox 3221 5435 3463 5497; x_wconf 82' lang='lat' dir='ltr'><strong>constant</strong></span> <span class='ocrx_word' id='word_1_913' title='bbox 3497 5439 3516 5477; x_wconf 91' lang='lat'><strong><em>:</em></strong></span> <span class='ocrx_word' id='word_1_914' title='bbox 3538 5439 3657 5497; x_wconf 79' lang='lat' dir='ltr'><strong>nam</strong></span> 
     </span>
    </p>
   </div>
   <div class='ocr_carea' id='block_1_125' title="bbox 2100 5494 3658 5568">
    <p class='ocr_par' dir='ltr' id='par_1_125' title="bbox 2100 5494 3658 5568">
     <span class='ocr_line' id='line_1_125' title="bbox 2100 5494 3658 5568; baseline -0.005 -15"><span class='ocrx_word' id='word_1_915' title='bbox 2100 5502 2234 5553; x_wconf 90' lang='lat' dir='ltr'><strong>idem</strong></span> <span class='ocrx_word' id='word_1_916' title='bbox 2264 5500 2512 5568; x_wconf 87' lang='lat' dir='ltr'><strong>Origenes</strong></span> <span class='ocrx_word' id='word_1_917' title='bbox 2535 5515 2656 5567; x_wconf 85' lang='lat' dir='ltr'><strong>apes</strong></span> <span class='ocrx_word' id='word_1_918' title='bbox 2681 5494 2751 5549; x_wconf 83' lang='lat' dir='ltr'><strong>ait</strong></span> <span class='ocrx_word' id='word_1_919' title='bbox 2773 5514 2803 5550; x_wconf 85' lang='grc' dir='ltr'><strong>α</strong></span> <span class='ocrx_word' id='word_1_920' title='bbox 2832 5498 2944 5550; x_wconf 89' lang='lat' dir='ltr'><strong>Deo</strong></span> <span class='ocrx_word' id='word_1_921' title='bbox 2967 5497 3330 5568; x_wconf 81' lang='lat' dir='ltr'><strong>documentum</strong></span> <span class='ocrx_word' id='word_1_922' title='bbox 3351 5496 3509 5568; x_wconf 70' lang='lat' dir='ltr'><strong>datas</strong></span> <span class='ocrx_word' id='word_1_923' title='bbox 3527 5494 3658 5568; x_wconf 45' lang='lat' dir='ltr'><strong>«Job;</strong></span> 
     </span>
    </p>
   </div>
   <div class='ocr_carea' id='block_1_126' title="bbox 2098 5563 3660 5637">
    <p class='ocr_par' dir='ltr' id='par_1_126' title="bbox 2098 5563 3660 5637">
     <span class='ocr_line' id='line_1_126' title="bbox 2098 5563 3660 5637; baseline -0.006 -15"><span class='ocrx_word' id='word_1_924' title='bbox 2098 5570 2158 5622; x_wconf 85' lang='grc' dir='ltr'><em>τὸ</em></span> <span class='ocrx_word' id='word_1_925' title='bbox 2183 5563 2422 5633; x_wconf 76' lang='grc' dir='ltr'><em>δικαίους</em></span> <span class='ocrx_word' id='word_1_926' title='bbox 2468 5563 2950 5637; x_wconf 64' lang='grc' dir='ltr'><em>καῖ’τεταγμένους</em></span> <span class='ocrx_word' id='word_1_927' title='bbox 2997 5565 3261 5635; x_wconf 87' lang='grc' dir='ltr'><em>πολέμους</em></span> <span class='ocrx_word' id='word_1_928' title='bbox 3317 5563 3520 5637; x_wconf 64' lang='grc' dir='ltr'><strong>είνιποειξεΔ</strong></span> <span class='ocrx_word' id='word_1_929' title='bbox 3555 5563 3660 5616; x_wconf 81' lang='grc' dir='ltr'><em>δέοι</em></span> 
     </span>
    </p>
   </div>
   <div class='ocr_carea' id='block_1_127' title="bbox 2103 5633 3658 5709">
    <p class='ocr_par' dir='ltr' id='par_1_127' title="bbox 2103 5633 3658 5709">
     <span class='ocr_line' id='line_1_127' title="bbox 2103 5633 3658 5709; baseline -0.003 -18"><span class='ocrx_word' id='word_1_930' title='bbox 2103 5641 2377 5709; x_wconf 87' lang='grc' dir='ltr'><em>γίγνεσθαι</em></span> <span class='ocrx_word' id='word_1_931' title='bbox 2428 5643 2485 5693; x_wconf 85' lang='grc' dir='ltr'><strong>ἐν</strong></span> <span class='ocrx_word' id='word_1_932' title='bbox 2525 5633 2827 5708; x_wconf 81' lang='grc' dir='ltr'><em>ἀνθρώποις</em></span> <span class='ocrx_word' id='word_1_933' title='bbox 2886 5633 3141 5709; x_wconf 65' lang='grc' dir='ltr'><em>(Οιίεοιι.</em></span> <span class='ocrx_word' id='word_1_934' title='bbox 3197 5646 3376 5689; x_wconf 80' lang='lat' dir='ltr'><strong>contra</strong></span> <span class='ocrx_word' id='word_1_935' title='bbox 3431 5633 3658 5700; x_wconf 80' lang='lat' dir='ltr'><strong>Celsum,</strong></span> 
     </span>
    </p>
   </div>
  </div>
