3920 6158
478 287 615 347 162')

546 403 608 455 El
630 401 686 457 δὲ
711 402 962 474 βούλεται
980 405 1166 476 ἡμᾶςὸ
1186 406 1393 468 Κέλσος
1418 407 1512 460 καὶ
1547 410 1872 477 στρατηγεῖν
1910 405 2049 475 ὑπὲρ
2080 413 2124 464 Α

403 535 413 543 .
474 493 728 562 πατρίδος
753 494 850 564 (6),
875 495 1026 559 ἵστω,
1069 497 1150 549 ὅτι
1179 498 1270 549 καὶ
1303 496 1475 550 ταῦτα
1510 497 1788 567 ποιοῦμεν,
1825 498 1885 551 οὐ
1916 497 2050 567 πρὸς

475 582 531 635 τὸ
550 581 838 651 βλέπεσθαι
876 586 981 638 ὑπὸ
1005 586 1110 639 τῶν
1144 586 1444 658 ἀνθρώπων
1468 628 1481 652 ,
1511 588 1604 640 καὶ
1636 588 1929 652 κενοδοξεῖν
1962 587 2047 640 ἐπ’

471 673 668 738 αὐτῶν,
716 673 886 728 ταῦτα
943 677 1287 746 πράττοντες.
1360 679 1461 730 Ἐν
1510 675 1618 749 γὰρ
1677 677 1756 742 τῷ
1810 675 2048 744 κρυπτῷ

469 761 644 831 ἡμῶν,
676 765 796 816 κατ’
825 765 954 818 αὐτὸ
976 766 1038 818 τὸ
1053 767 1397 836 ἡγεμονικὸν,
1431 767 1587 837 εὐχαί
1615 769 1775 829 εἰσιν,
1805 767 2050 834 ἀναπεμο

469 852 700 922 πὸμεναι
733 855 808 918 ὡς
863 855 970 908 ἀπὺ
1017 858 1224 928 ἱερέων,
1284 859 1424 929 ὑπὲρ
1471 859 1578 910 τῶν
1615 861 1670 910 ὲν
1719 861 1784 929 τῇ
1823 857 2044 928 πατρίδι

467 942 626 1012 ἡμῶν
656 945 1104 1017 (7)..Χριστιανοὶ
1134 947 1190 1000 δὲ
1223 948 1420 1017 μᾶλλον
1444 948 1789 1019 εὐεργετοῦσι
1817 948 1913 1010 τὰς
1935 964 2042 998 πα-

466 1033 652 1103 τρίδας
684 1035 716 1106 ἢ
756 1039 802 1089 οἱ
835 1037 1010 1090 λοιποὶ
1042 1037 1148 1089 τῶν
1178 1037 1499 1108 ἀνθρώπων,
1534 1039 1876 1101 παιδεύοντες
1919 1038 2044 1099 τοὺς

469 1123 726 1188 πολίτας,
761 1127 853 1179 καὶ
892 1126 1132 1180 εὐσεϐεῖν
1164 1128 1505 1193 διδάσκοντες
1544 1131 1626 1192 εἰς
1650 1129 1739 1182 τὸν
1769 1128 1874 1181 τῶν
1907 1129 2040 1181 ὅλων

463 1213 594 1267 Θεὸν
627 1213 720 1286 (8),
756 1217 1227 1287 ἀναλαμϐάνοντες
1258 1221 1336 1282 εἰς
1363 1218 1513 1271 θείαν
1542 1219 1663 1272 τινὰ
1696 1219 1787 1272 καὶ
1816 1217 2042 1286 ἐπουρά-

463 1321 573 1359 νιον
621 1306 772 1359 πόλιν
823 1308 950 1370 τοὺς
1001 1308 1058 1360 ὲν
1108 1312 1227 1372 ταῖς
1269 1308 1574 1378 ἐλαχίσταις
1623 1308 1810 1361 πόλεσι
1862 1308 2040 1371 καλῶς

465 1395 796 1464 βιώσαντας·
835 1397 968 1467 πρὸς
997 1397 1088 1461 οὓς
1105 1399 1311 1466 λέγοιτο
1357 1399 1421 1452 ἄν
1444 1416 1457 1429 ’
1507 1401 1609 1452 Ἐν
1641 1399 1716 1470 (9)
1748 1399 2039 1468 ἐλαχίστῃ

462 1485 634 1538 πόλει
672 1485 886 1552 πιστὸς
915 1487 1145 1556 ἐγένου,
1176 1484 1284 1558 ἧκε
1322 1489 1418 1542 καὶ
1452 1489 1552 1541 ἐπὶ
1585 1489 1700 1557 τὴν
1728 1489 1998 1559 μεγάλην
2022 1507 2034 1520 ’

462 1577 595 1628 ὅπου
638 1575 781 1643 Θεὸς
826 1577 974 1645 ἔστη
1023 1578 1092 1631 ἐν·
1134 1577 1454 1648 συναγωγῇ
1486 1579 1652 1642 θεῶν,
1685 1581 1754 1632 ἐν
1780 1579 1939 1647 μέσῳ
1972 1580 2040 1633 δὲ

463 1667 637 1732 θεοὺς
676 1666 989 1734 διακρίνει·
1042 1669 1136 1722 καί
1191 1686 1250 1722 σε
1297 1670 1643 1742 συναριθμῶν
1687 1671 1868 1733 αὐτοῖς
1894 1711 1908 1734 ,
1944 1669 2038 1722 ἐὰν

1632 290 1912 348 CONTRA
1949 287 2222 344 CELSUM
2262 286 2389 342 LIB.
2424 285 2561 341 VIII.

3582 289 3712 344 1650

2224 404 2312 457 74.
2340 402 2490 470 Quod
2520 403 2563 457 si
2595 400 2724 455 velit
2745 399 2935 455 Celsus
2961 400 3084 454 duci
3109 383 3276 455 etiam
3303 415 3333 455 a
3369 400 3527 456 nobis
3556 414 3713 457 exeu-

2152 495 2313 548 citum
2365 493 2430 546 ad
2469 491 2748 545 tutandam
2796 489 3050 557 patriam,
3091 489 3229 543 sciat
3279 491 3508 558 idipsum
3547 490 3710 560 798

2151 596 2364 654 quoque
2393 596 2422 634 a
2461 581 2618 634 nobis
2658 579 2800 642 ﬁeri,
2833 578 2926 634 sed
2957 591 3062 631 non
3097 588 3156 631 ut
3190 580 3256 632 ab
3284 579 3592 634 hominibus
3624 581 3708 632 vi—

2149 675 2375 729 deamur
2393 679 2446 726 et
2477 670 2600 723 inde
2624 667 2907 737 gloriol‘am
2937 677 3236 734 captemus.
3264 667 3394 720 Nam
3414 670 3466 720 in
3490 669 3708 722 abscon-

2147 767 2256 816 dito
2287 771 2471 816 nostro
2495 770 2547 812 et
2579 759 2767 811 intima
2813 768 3015 820 mente,
3046 757 3204 826 quasi
3237 759 3561 820 sacerdotes,
3585 758 3706 810 fun-

2147 855 2325 908 dimus
2373 851 2440 902 ad
2478 850 2640 901 Deum
2677 862 2867 916 preces
2910 862 3007 915 pro
3056 847 3360 902 concivium
3399 857 3703 903 nostrorum

2145 941 2344 998 salute.
2365 942 2503 1008 Quin
2536 941 2726 1010 patriae
2759 938 2931 1007 magis
2952 947 3177 1007 prosunt
3199 938 3517 1005 Christiani,
3545 954 3704 1007 quam

2146 1034 2336 1102 reliqui
2368 1035 2634 1088 homines.
2666 1035 2806 1088 Suos
2859 1033 3001 1084 enim
3037 1031 3184 1085 cives
3222 1031 3498 1099 erudiunt,
3530 1031 3705 1098 pieta-

2147 1131 2250 1176 tem
2284 1121 2336 1175 in
2389 1123 2767 1176 universorum
2802 1121 2966 1173 Deum
3008 1120 3222 1183 docent,
3262 1131 3317 1174 et
3365 1120 3418 1172 in
3467 1120 3703 1174 divinam

2142 1211 2426 1274 quamdam
2461 1226 2524 1264 ac
2571 1212 2844 1264 coalestcm
2881 1210 3160 1264 civitatem
3198 1209 3433 1262 evehunt
3482 1223 3578 1262 eos
3611 1209 3703 1277 qui

2144 1302 2194 1352 in
2222 1301 2457 1354 minimis
2487 1303 2604 1356 istis
2629 1302 2942 1356 civitatibus
2975 1309 3120 1355 recte
3164 1299 3371 1362 vivunt,
3403 1301 3703 1367 quibusque

2141 1391 2244 1445 dici
2282 1393 2453 1459 possit
2485 1410 2496 1444 :
2539 1391 2606 1445 In
2637 1394 2855 1446 minima
2890 1393 3039 1462 fuisti
3073 1391 3266 1457 ﬁdelis,
3312 1392 3426 1444 veni
3472 1389 3541 1442 ad
3589 1407 3704 1441 ma-

2139 1496 2293 1548 gnam
2314 1481 2474 1545 “,ubi
2511 1482 2647 1536 Deus
2668 1484 2807 1536 stetit
2833 1466 2886 1535 in
2909 1498 3173 1551 synagoga
3192 1482 3432 1547 deorum,
3455 1481 3507 1534 in
3530 1481 3700 1534 medio

2139 1580 2313 1623 autem
2344 1572 2467 1625 deos
2507 1573 2790 1641 dijudicat,
2837 1582 2994 1642 teque
3029 1573 3134 1628 illis
3168 1582 3508 1639 annumerat,
3543 1574 3700 1627 modo

2140 1677 2205 1714 ne
2245 1665 2479 1731 amplius
2531 1667 2666 1718 sicut
2699 1667 2853 1720 homo
2903 1667 3172 1731 moriaris,
3215 1675 3264 1720 et
3295 1666 3426 1720 sicut
3469 1682 3602 1720 unus
3635 1666 3700 1720 de

466 1757 664 1828 μηκέτι
709 1758 789 1823 ὡς
838 1758 1144 1825 ἄνθρωπος
1186 1736 1612 1828 ἀποθνήσκῄς,
1659 1759 1796 1828 μηδ’
1841 1760 1920 1824 ὡς
1951 1757 2023 1825 εἷς

2137 1755 2459 1824 principibus
2492 1756 2652 1810 cadas
2669 1755 2735 1810 “.

463 1846 581 1901 τῶν
610 1848 916 1915 ἀρχόντων
943 1849 1010 1901 πί
1013 1865 1184 1917 πτῃς.

530 1935 832 2007 Προτρέπει
864 1936 908 1988 δ’
938 1937 1084 2006 ἡμᾶς
1117 1937 1320 2000 Κέλσος
1350 1939 1442 1990 καὶ
1479 1936 1576 1990 ἐπὶ
1601 1937 1664 1990 τὸ
1699 1936 1903 2007 ἄρχειν
1925 1937 2035 2005 τῆς

461 2025 762 2093 πατρίδος,
799 2026 905 2079 ἐὰν
936 2025 1040 2095 δέῃ
1064 2028 1161 2080 καὶ
1190 2027 1366 2080 τοῦτο
1399 2029 1590 2082 ποιεῖν
1613 2029 1824 2083 ἕνεκεν
1848 2045 2036 2097 σωτη-

449 2118 589 2185 ρίας
637 2118 834 2186 νόμων
874 2118 972 2170 καί
1018 2120 1349 2186 εὐσεϐείας.
1422 2120 1608 2190 Ἡμεῖς
1657 2121 1714 2174 δὲ
1745 2122 1802 2173 ὲν
1831 2123 2032 2191 ἑκάστῃ

456 2209 606 2262 πόλει
639 2208 764 2262 ἄλλο
807 2208 1057 2279 σύστημα
1105 2211 1362 2282 πατρίδος
1381 2251 1394 2274 ,
1448 2211 1661 2265 κτισθὲν
1677 2211 1832 2282 Λόγῳ
1861 2212 1996 2265 Θεοῦ
2014 2254 2028 2276 ,

455 2297 826 2368 ἐπιστάμενοι,
855 2299 980 2362 τοὺς
1012 2299 1278 2364 δυνατοὺς
1299 2300 1441 2370 λόγῳ
1465 2301 1560 2355 καὶ
1593 2301 1693 2372 βίῳ
1720 2304 1863 2370 ὑγιεῖ
1891 2321 2034 2374 χρω-

457 2390 651 2459 μένους
683 2391 774 2443 ὲπὶ
808 2391 867 2443 τὸ
897 2391 1084 2462 ἄρχειν
1131 2390 1240 2461 (I0)
1303 2393 1636 2464 Ἐκκλησιῶν
1682 2395 2029 2465 παρακαλοῦ-

461 2497 559 2549 μεν
583 2497 595 2510 ⁸
634 2481 733 2533 οὐκ
777 2481 1161 2552 ἀποδεχόμενοι
1209 2483 1304 2550 μὲν
1337 2484 1463 2547 τοὺς
1495 2485 1821 2556 φιλάρχους,
1854 2485 2034 2555 βιαζὸ-

460 2587 608 2640 μενοι
652 2571 708 2622 δὲ
761 2572 886 2635 τοὺς
937 2571 1025 2624 διὰ
1076 2573 1274 2642 πολλὴν
1337 2573 1660 2644 μετριότητα
1703 2574 1798 2645 τὴν
1846 2575 2029 2646 κοινὴν

453 2661 706 2731 φροντίδα
736 2660 837 2731 τῆς
881 2662 1200 2733 Ἐκκλησίας
1237 2664 1330 2716 τοῦ
1367 2663 1502 2718 Θεοῦ
1551 2665 1624 2735 μὴ
1675 2665 2026 2736 βουλομένους

452 2750 738 2821 προπετῶς
767 2751 1142 2818 ἀναδέξασθαι.
1167 2755 1277 2807 Καὶ
1296 2755 1342 2806 οἱ
1372 2755 1552 2818 καλῶς
1582 2757 1838 2827 ἄρχοντες
1870 2759 1901 2827 ἡ
1912 2757 2027 2827 μῶν

452 2839 766 2910 βιασθέντες
802 2842 1140 2912 ὑπάρχουσι,
1172 2843 1264 2897 τοῦ
1302 2845 1534 2914 μεγάλου
1569 2846 1830 2916 βασιλέως
1855 2849 2025 2916 ἀναγ-

449 2929 725 2992 κάζοντος,
762 2929 820 2981 ὃν
880 2932 1223 3003 πεπείσμεθα
1282 2931 1421 2986 εἶναι
1481 2936 1601 2988 Υἱὺν
1644 2936 1804 3002 Θεοῦ,
1855 2937 2024 3006 Λόγον

2206 1927 2289 1979 75.
2326 1925 2433 1979 Nos
2459 1925 2619 1980 etian't
2653 1925 2723 1977 ad
2755 1926 3092 1995 magistratus
3119 1943 3212 1994 pro
3240 1928 3414 1995 patria
3453 1930 3699 1996 gerendas

2133 2020 2379 2073 hortatur
2411 2018 2599 2072 Celsus
2618 2058 2632 2080 ,
2673 2018 2716 2071 si
2746 2019 2816 2070 ad
2845 2020 3064 2072 tuendas
3109 2019 3242 2088 leges
3269 2019 3615 2084 pietatemque
3645 2020 3698 2072 id

2131 2113 2271 2182 facta
2306 2127 2434 2180 opus
2463 2119 2557 2163 est.
2591 2108 2697 2164 Sed
2727 2125 2825 2163 nos
2857 2111 2949 2178 qui
2996 2109 3195 2163 Scimus
3225 2110 3280 2162 in
3313 2110 3534 2180 singulis
3562 2110 3694 2164 civi-

2132 2201 2329 2255 tatibus
2377 2201 2533 2253 aliam
2581 2214 2699 2253 esse
2739 2199 2963 2268 patriam
3013 2215 3043 2252 a
3085 2200 3257 2254 Verbo
3294 2199 3388 2252 Dei
3428 2200 3694 2254 constitu-

2129 2303 2257 2356 tam,
2281 2308 2374 2345 eos
2401 2300 2458 2345 ut
2482 2290 2745 2344 Ecclesias
2781 2298 2967 2361 regant
2996 2291 3300 2357 hortamur,
3320 2292 3408 2360 qui
3446 2300 3693 2360 potentes

2129 2397 2379 2438 sermone
2429 2392 2484 2436 et
2521 2397 2750 2450 quorum
2793 2396 2972 2436 mores
3005 2382 3121 2435 sani
3174 2391 3318 2434 sunt.
3371 2381 3472 2446 Qui
3515 2382 3690 2452 digni-

2129 2485 2264 2530 tates
2296 2481 2506 2536 amant,
2556 2489 2649 2528 eos
2698 2473 3076 2542 repudiamus;
3125 2471 3365 2541 cogimus
3406 2487 3534 2526 vero
3573 2472 3690 2527 illos

2125 2565 2214 2634 qui
2257 2580 2368 2634 pra:
2411 2564 2576 2618 multa
2620 2563 2878 2617 modestia
2923 2576 3261 2616 communem
3308 2560 3560 2614 Ecclesiae
3593 2562 3687 2615 Dei

2128 2672 2310 2712 curam
2332 2657 2386 2710 in
2424 2672 2484 2712 se
2522 2656 2682 2710 facile
2719 2655 2956 2723 recipere
2991 2651 3195 2708 nolunt.
3222 2653 3400 2722 Itaque
3417 2653 3506 2723 qui
3533 2652 3690 2707 nobis

2125 2751 2398 2820 sapienter
2427 2757 2684 2817 prmsunl,
2717 2747 2769 2801 id
2807 2747 2878 2800 illi
2911 2745 3080 2799 coacti
3113 2743 3338 2810 faciunt,
3382 2745 3581 2811 coacti,
3610 2746 3688 2798 in-

2125 2857 2311 2911 quam,
2343 2857 2370 2894 a
2409 2855 2603 2909 magno
2632 2838 2723 2892 illo
2747 2836 2910 2902 Rege,
2942 2851 3099 2905 quem
3128 2837 3220 2892 Dei
3256 2836 3449 2890 Filium
3485 2835 3648 2889 Deum
3671 2863 3683 2874 -

2123 2949 2227 3003 que
2259 2933 2491 2988 Verbum
2519 2947 2640 2987 esse
2665 2945 2977 3000 persuasum
3005 2931 3159 2984 nobis
3199 2938 3301 2983 est.
3333 2928 3486 2994 Quod
3511 2928 3554 2982 si
3581 2929 3678 2997 qui

448 3017 600 3070 Θεόν.
637 3020 744 3072 Καὶ
780 3021 827 3072 εί
861 3020 1039 3084 καλῶς
1069 3023 1325 3090 ἄρχουσιν
1357 3023 1466 3093 (II)
1504 3026 1553 3076 οἱ
1586 3027 1841 3096 ἄρχοντες
1871 3029 1928 3079 ἐν
1956 3031 2019 3099 τῇ

2132 3026 2179 3078 in
2219 3025 2456 3079 Ecclesia
2513 3033 2771 3092 praesunt,
2815 3023 2914 3076 hoc
2946 3029 3032 3076 est
3070 3022 3325 3078 ECclesia:
3365 3021 3539 3077 vocati
3579 3036 3682 3074 an-

462 3109 774 3182 Ἐκκλησίᾳ,
816 3111 916 3180 τῆς
950 3111 1090 3164 κατά
1123 3112 1253 3166 Θεὸν
1287 3114 1562 3183 πατρίδος,
1612 3116 1754 3184 λέγω
1815 3117 1871 3170 δὲ
1924 3119 2021 3188 τῆς

458 3198 780 3267 Ἑκκλησίας
803 3200 1081 3271 λεγόμενοι
1107 3205 1422 3273 προστάται,
1454 3205 1486 3275 ἢ
1511 3207 1604 3260 καὶ
1630 3208 1856 3277 ἄρχουσι
1881 3209 2019 3262 κατά

445 3289 516 3342 τὰ
556 3290 660 3342 ὑπὸ
711 3291 807 3343 τοῦ
832 3291 966 3344 Θεοῦ
1009 3297 1473 3366 προστεταγμένα,
1504 3297 1654 3352 οὐδὲν
1688 3299 1835 3369 παρὰ
1862 3299 2018 3353 τοῦτο

449 3378 765 3449 μολύνονται
797 3382 901 3434 ὑπὸ
927 3381 1034 3434 τῶν
1063 3383 1228 3436 θετῶν
1262 3386 1460 3456 νόμων.
1494 3389 1604 3439 Καὶ
1637 3388 1694 3440 οὐ
1728 3389 2018 3457 φεύγοντές

445 3486 509 3538 γε
543 3471 640 3534 τὰς
684 3473 994 3544 κοινοτέρας
1033 3473 1127 3526 τοῦ
1173 3474 1288 3544 βίου
1329 3476 1667 3548 λειτουργίας
1703 3481 2016 3549 Χριστιανοὶ

443 3559 514 3612 τὰ
551 3561 775 3614 τοιαῦτα
827 3563 1215 3632 περιίστανται,
1267 3565 1402 3619 ἀλλά
1455 3567 1743 3638 τηροῦντες
1792 3570 2016 3632 ἑαυτοὺς

444 3645 691 3720 θειοτέρα
741 3649 833 3701 καὶ
885 3649 1283 3723 ἀναγκαιοτέρα
1325 3653 1635 3725 λειτουργίᾳ
1694 3655 2015 3728 Ἐκκλησίας

443 3740 578 3797 Θεοῦ
625 3745 716 3797 ἐπὶ
750 3746 991 3817 σωτηρίᾳ
1035 3747 1360 3822 ἀνθρώπωνο
1409 3750 1504 3802 καὶ
1549 3747 1855 3815 ἀναγκαίως
1883 3746 2019 3817 ’ἅμα

441 3832 536 3888 καὶ
579 3836 800 3902 δικαίως
843 3836 1156 3909 ἡγούμενοι,
1192 3842 1286 3894 καὶ
1330 3842 1546 3895 πάντων
1582 3839 2016 3911 πεφροντικότες,

442 3923 551 3978 τῶν
600 3927 698 3995 μὲν
733 3927 897 3992 ἔνδον,
935 3931 1000 3984 ἵν’
1042 3932 1309 4002 ὁσημέραι
1358 3931 1562 4001 βέλτιον
1609 3930 1783 4000 βιῶσι,
1817 3929 1925 3982 τῶν
1961 3929 2016 3980 δὲ

443 4015 740 4070 δοκούντων
784 4018 906 4084 ἔξω,
975 4022 1061 4076 ἵνα
1105 4022 1367 4090 γένωνται
1417 4023 1475 4073 ὲν
1525 4024 1635 4084 τοῖς
1671 4023 1885 4089 σεμνοῖς
1919 4019 2016 4089 τῆς

515 4158 559 4189 ⁸³
595 4157 782 4213 Matth.
815 4175 940 4226 xxv,
970 4161 1068 4226 2|;
1102 4161 1234 4216 Luc.
1261 4177 1375 4224 χιχ,
1409 4161 1497 4214 I7.

443 4276 539 4348 lib.
569 4290 642 4348 tv,
679 4290 731 4342 ρ.
760 4275 904 4347 561),
936 4287 988 4329 ut
1032 4276 1163 4330 bella
1209 4279 1356 4340 justa
1385 4287 1537 4348 atque
1564 4279 1806 4330 ordinata
1867 4278 2004 4329 inter

2128 3114 2346 3177 tistites,
2384 3113 2458 3166 illi
2493 3128 2611 3181 qua:
2645 3113 2942 3166 secundum
2995 3115 3160 3168 Deum
3192 3123 3276 3167 est
3305 3116 3512 3183 patriis,
3542 3121 3688 3169 recte

2128 3215 2387 3271 praesunt,
2419 3212 2508 3255 aut
2539 3217 2603 3254 ex
2630 3201 2958 3270 prmscriptis
2982 3217 3010 3254 a
3039 3204 3147 3256 Deo
3190 3203 3396 3272 legibus
3425 3213 3684 3271 prtesunt,

2127 3303 2412 3361 propterea
2443 3291 2516 3344 illi
2551 3291 2697 3345 tmllo
2732 3291 2888 3343 modo
2919 3292 2986 3344 ab
3017 3291 3264 3344 humanis
3308 3293 3686 3345 contaminan-

2128 3393 2214 3436 tur
2244 3383 2472 3452 legibus.
2507 3381 2691 3450 Neque
2737 3382 2902 3435 etiam
2939 3398 3000 3436 ea
3035 3397 3199 3437 causa
3230 3383 3520 3437 Christiani
3569 3400 3684 3437 ma-

2122 3474 2381 3540 gistratus
2415 3482 2685 3534 recusant,
2719 3472 2863 3540 quod
2913 3470 3125 3539 publica
3159 3477 3280 3527 vita:
3310 3476 3490 3528 munia
3539 3475 3682 3529 refu-

2121 3562 2299 3630 giant;
2341 3564 2432 3616 sed
2463 3563 2604 3630 quod
2646 3577 2705 3616 se
2755 3563 3010 3617 diviniori
3065 3574 3118 3618 et
3165 3565 3335 3633 magis
3385 3567 3689 3620 necessario

2123 3652 2375 3706 Ecclesia:
2416 3653 2726 3708 ministerio
2771 3657 2837 3708 ad
2885 3656 3161 3710 hominum
3195 3657 3423 3710 salutem
3471 3671 3529 3710 se
3571 3672 3687 3710 ser-

2127 3753 2269 3796 vent.
2302 3742 2676 3797 Necessarium
2702 3745 2856 3799 simul
2883 3754 2937 3821 et
2959 3745 3162 3814 justum
3195 3746 3295 3802 hoc
3326 3747 3684 3801 ministerium

2124 3843 2226 3886 est.
2270 3835 2521 3888 Omnium
2571 3851 2758 3889 curam
2796 3847 3030 3906 gerunt:
3080 3854 3270 3892 eorum
3325 3839 3540 3907 quidem
3592 3839 3684 3908 qui

2124 3936 2248 3980 sunt
2275 3927 2439 3993 intus,
2472 3937 2530 3981 ut
2563 3929 2613 3981 in
2665 3928 2778 3983 dies
2811 3929 3000 3984 melius
3045 3930 3262 3995 vivant;
3315 3944 3506 3984 eorum
3556 3945 3685 3984 vero

2126 4018 2214 4085 qui
2247 4025 2371 4070 sunt
2410 4026 2588 4080 extra,
2622 4028 2678 4070 ut
2702 4019 2993 4088 loquantur
3029 4031 3083 4074 et
3113 4020 3314 4074 faciant
3342 4035 3461 4090 qua:
3485 4020 3686 4088 pietate

1573 4160 1616 4192 “
1651 4159 1790 4214 Psal.
1821 4174 2012 4222 LXXII,
2049 4160 2098 4224 1,
2127 4160 2174 4212 7.

2113 4275 2271 4328 codd.
2305 4276 2502 4343 Regius
2527 4285 2577 4327 et
2618 4273 2967 4335 Bisileeusis.
3004 4273 3143 4327 male
3167 4288 3293 4326 vero
3342 4271 3462 4343 libri
3519 4282 3676 4326 antea

445 4341 970 4414 hominesgerantur,
994 4349 1036 4400 si
1064 4351 1273 4414 quando
1297 4348 1350 4400 id
1383 4341 1559 4408 iubeat
1587 4348 1862 4400 necessitas
1894 4361 1912 4397 :
1954 4357 2000 4397 et

2132 4343 2260 4406 :diti,
2299 4341 2507 4406 είξτὺν
2529 4344 2717 4397 πολιέα
2744 4343 2895 4397 Θεόν.
2925 4343 3038 4414 Vos
3068 4341 3453 4414 εηίηιπολιεύς
3477 4356 3678 4414 cogno:

445 4414 580 4466 idem
603 4414 693 4466 ille
722 4413 1098 4478 Tertullianus,
1147 4420 1234 4484 qui
1271 4417 1396 4468 alibi
1443 4417 1700 4483 supplicia
1753 4416 2002 4480 capitalia

443 4485 614 4534 minus
655 4486 874 4552 probare
914 4487 1135 4547 videtur,
1183 4487 1335 4548 dixit,
1361 4487 1547 4538 bonum
1578 4501 1710 4545 esse,
1753 4501 1869 4536 cum
1917 4501 2006 4550 pu-

444 4553 662 4623 niuntur
685 4563 946 4623 nocentes,
975 4570 1120 4606 nemo
1158 4566 1346 4623 negat;
1393 4567 1436 4606 et
1471 4556 1532 4606 de
1558 4555 1742 4605 militia
1769 4553 2002 4605 ita-situt.

447 4621 590 4674 Nam
618 4620 752 4675 libro
776 4622 850 4674 De
872 4620 1497 4688 idololatria,,quwritur,
1525 4624 1710 4692 inquit,
1736 4641 1802 4676 an
1824 4624 2005 4687 [ide/es

440 4695 509 4742 ad
530 4692 769 4760 militiam
809 4694 1035 4744 converti
1073 4697 1296 4760 possint,
1334 4703 1380 4746 et
1429 4711 1460 4746 a
1500 4694 1689 4745 militia
1721 4695 1788 4743 ad
1847 4692 2005 4758 ﬁdem

444 4760 689 4832 admitti:
713 4757 844 4832 Vide
883 4757 1172 4831 Origencm
1218 4775 1402 4817 contra
1437 4762 1666 4826 Celsum,
1719 4757 1999 4832 pag.'5t54,

443 4826 567 4888 602,
596 4829 719 4883 7l2.
755 4826 1018 4886 Srsucsn'.

512 4894 586 4966 (6)
621 4899 979 4969 Σίτρατηγεῖν
1014 4901 1164 4968 ὑπὲρ
1219 4901 1516 4968 πατρίδος.
1573 4900 1649 4954 Ila
1699 4901 1835 4954 bene
1888 4915 2005 4954 mo-

443 4975 636 5018 nuerat
661 4968 1348 5042 l_l_a_35cl_teliusilegendum;
1385 4987 1508 5024 nam
1530 4972 1700 5042 ίὺπιέρ,
1759 4971 1899 5042 quod
1950 4972 2000 5042 in

442 5045 599 5112 antea
625 5037 981 5112 editiidecst,
1009 5041 1059 5092 in
1099 5037 1342 5108 inargine
1369 5041 1572 5112 codicis
1593 5037 1801 5112 VJoliani
1846 5040 2003 5112 resti-

445 5105 630 5156 tuitur.
674 5122 709 5177 Δι
761 5105 876 5177 Non
936 5123 1148 5175 possum
1207 5105 1409 5172 autem,
1457 5110 1630 5177 inquit
1664 5109 1999 5172 Boherellus,

443 5173 751 5244 consentire
785 5173 1014 5230 Henrico
1057 5178 1285 5240 Valesio,
1311 5180 1403 5244 qui
1443 5179 1494 5232 in
1529 5173 1634 5231 line
1691 5187 2001 5232 erratorum

445 5249 498 5316 et
525 5243 850 5316 olitissornm
868 5246 932 5296 ad
957 5247 1299 5316 Ammianum
1325 5243 1695 5300 Marcellinum
1714 5249 1764 5300 in
1782 5259 1998 5316 quarto,

441 5309 596 5385 dicit,
627 5316 948 5385 στρατηγεῖν
973 5315 1060 5367 hic
1083 5314 1316 5385 positum
1343 5325 1473 5382 puto
1501 5331 1639 5385 pro,
1678 5309 2000 5384 magistratu

2112 4425 2348 4466 mentum
2382 4414 2480 4466 fuit
2515 4414 2686 4477 .lovis,
2717 4423 2770 4465 ut
2810 4415 2971 4466 docet
3003 4413 3298 4466 Pausanias
3340 4413 3436 4464 lib.
3469 4426 3508 4472 ι,
3536 4427 3588 4478 p.
3611 4411 3678 4465 57

2107 4493 2161 4536 et
2191 4499 2240 4550 p.
2274 4481 2360 4536 70.
2387 4485 2484 4536 Cui
2512 4497 2691 4535 autem
2726 4485 2814 4551 qtti
2844 4482 3030 4551 legerit
3053 4497 3114 4534 ea
3151 4497 3270 4550 qua:
3301 4481 3460 4551 habet
3487 4480 3674 4549 Orige-

2109 4549 2202 4605 nes
2226 4553 2316 4605 lib.
2357 4569 2369 4606 l
2401 4564 2582 4605 contra
2611 4549 2817 4604 Celsum
2848 4549 2952 4606 erit
2981 4549 3273 4605 verisimile
3295 4551 3364 4602 ita
3390 4549 3456 4602 ab
3489 4552 3674 4603 eodem

2109 4621 2436 4688 appellatum
2461 4623 2629 4674 fuisse
2650 4637 2914 4674 summum
2932 4622 3133 4674 Deum?
3165 4620 3334 4671 I’anlo
3365 4627 3485 4689 post
3514 4619 3672 4672 codd.

2108 4691 2306 4757 Itegins
2337 4700 2396 4763 et
2422 4691 2840 4753 Iiasileen.~_is,év
2872 4690 3336 4763 ἐλαχίστῃ-ΗΜ).-
3353 4689 3483 4741 editi
3517 4690 3677 4763 omit-

2109 4756 2329 4814 ιιιιῖιὲν.
2360 4761 2628 4814 Caeterum
2677 4775 2742 4813 ex
2795 4756 3050 4814 memoria
3099 4756 3242 4811 'citat
3297 4756 3674 4827 Evangelium,

2105 4829 2259 4894 cujus
2284 4846 2388 4882 non
2423 4831 2605 4892 verba,
2648 4830 2740 4883 sed
2771 4842 2988 4881 sensum
3035 4828 3262 4895 prol'crt.

2173 4901 2251 4967 (9)
2297 4898 2453 4952 Ἐάν.
2479 4899 2761 4952 Boherello
2796 4897 3079 4965 legendum
3125 4899 3358 4962 videtur,
3388 4898 3496 4951 ἵνα.

2175 4968 2284 5041 (l0)
2323 4968 2476 5023 Lihh.
2511 4979 2666 5041 anteit
2697 4967 2847 5041 editi,
2872 4967 3186 5041 χρωμένους
3217 4967 3419 5041 *ἄρχε-ιν
3471 4967 3563 5041 ἐπὶ
3615 4968 3675 5019 τὸ

2105 5036 2316 5108 ἄρχειν,
2352 5049 2407 5090 at
2437 5038 2593 5090 codd.
2623 5036 2821 5106 Regius
2855 5036 2916 5089 et
2934 5036 3260 5108 Dasileensis
3295 5036 3442 5108 prius
3485 5036 3672 5107 ἄρχειν

2104 5105 2212 5162 non
2239 5117 2561 5176 agnoscunt,
2603 5105 2813 5176 etisane
2845 5106 3034 5160 melius
3064 5123 3094 5160 e
3120 5115 3266 5176 textu
3296 5105 3525 5171 ejicitnr.

2175 5173 2424 5249 (ΗῙΚαὶ
2450 5178 2503 5249 ei
2531 5175 2728 5249 καλῶς
2753 5173 3206 5249 ι’ἱρχοιξσινηιξιςΣ
3242 5173 3356 5249 Ita__
3374 5186 3521 5249 recte
3571 5174 3670 5228 ha-

2105 5243 2236 5300 bent
2267 5243 2430 5300 codd.
2466 5246 2668 5314 Regius
2698 5255 2750 5298 et
2772 5313 2778 5314 γ
2801 5245 3144 5297 Basileensis.
3189 5243 3252 5314 In
3305 5244 3480 5314 libris-
3512 5254 3672 5295 antea

2101 5316 2265 5404 editis
2297 5315 2514 5404 lc‘gitu’r,
2539 5309 2633 5404 καὶ.
2669 5309 3293 5404 €‘l1&EXOUGLV;-OA)§GKJJC
3319 5311 3584 5404 ἄρέοντξς
3614 5314 3671 5364 ἐν

2099 5387 2165 5456 τῇ
2212 5379 2506 5464 Ἐκκλησία
2532 5423 2547 5445 ,
2587 5382 2733 5453 [ὑπὸ]
2890 5381 3030 5432 κατὰ
3057 5380 3187 5431 Θεὸν
3215 5379 3498 5448 πατρίδος,
3527 5379 3670 5448 λέγω

2100 5453 2281 5525 seem;
2319 5453 2640 5525 ἶΕκκλησίας
2671 5452 3010 5525 ἐκλεγομενοι
3043 5448 3438 5525 ἀρχουσιματά
3465 5449 3536 5525 sit
3563 5451 3666 5503 ὑπὸ

2099 5524 2192 5577 τοῦ
2213 5517 2348 5576 Θεοῦ
2381 5517 2811 5593 προτεταγμένα,
2849 5517 2999 5593 οὐδεν
3038 5517 3185 5588 παρὰ
3211 5517 3369 5570 τοῦτο
3409 5517 3662 5590 μολύνον·

2101 5611 2191 5656 τες
2211 5593 2376 5647 τῶνδε
2402 5591 2508 5644 τῶν
2533 5591 2725 5660 νόμων.

444 5380 615 5454 fungi.
643 5380 740 5454 Hic
772 5380 913 5434 enim
939 5380 1205 5454 agitu‘rde
1228 5380 1444 5437 militari
1474 5380 1812 5454 praefectura.
1847 5386 1914 5438 At
1936 5386 2002 5438 de

442 5450 588 5522 civili
623 5451 838 5522 demum
874 5455 974 5522 sub
1010 5452 1222 5522 initium
1253 5450 1784 5522 numeri-sequentis.
1820 5475 1837 5507 ι

437 5519 826 5642 110(·ῐ)ᾘμῶν.
860 5520 1054 5577 Guicto
1105 5521 1396 5591 placuisset
1446 5519 1656 5596 δήμων,
1714 5524 1840 5579 mihi
1894 5538 1999 5577 non

518 5607 586 5640 Ill.

515 5628 586 5726 iiii
617 5661 718 5724 Εἰς
753 5659 854 5714 τὸν
891 5659 1003 5714 τῶν
1037 5660 1192 5715 ὅλων
1219 5662 1383 5717 Θεόν.
1423 5663 1512 5719 Sic
1559 5663 1758 5734 optime
1802 5664 2001 5720 habent
