3998 6332
1647 769 2607 984 ELENCHUS

689 1272 1196 1359 OPERUM
1245 1272 1524 1384 QUfE
1579 1270 1704 1355 IN
1754 1271 2003 1358 HOC
2058 1271 2688 1362 VOLUMINE
2747 1277 3630 1364 CONTINENTUR.

1885 2237 1974 2319 S.
2060 2238 2380 2318 ZENO.

640 2418 934 2506 Epistola
960 2418 1372 2488 dedicatoria.

638 2525 1142 2590 Balleriniorum
1171 2523 1493 2592 Praefatio.

637 2629 1147 2694 Dissertationes
1176 2628 1254 2694 de
1290 2627 1707 2708 tractatibus,
1735 2628 2029 2695 doctrina
2063 2634 2125 2694 et
2158 2629 2334 2694 cultu
2371 2630 2433 2694 8.
2469 2630 2768 2696 Zenonis.

637 2730 1057 2796 Monumenta
1087 2730 1164 2794 de
1193 2731 1255 2795 8.
1288 2728 1573 2796 Zenone.

645 2837 988 2898 Tractatus
1024 2836 1088 2897 8.
1123 2832 1424 2898 Zenonis.

642 2937 983 3018 Appendix
1021 2937 1228 3016 prima
1257 2935 1694 3018 complectens
1721 2951 1922 3021 opera
1958 2937 2020 3000 8.
2055 2937 2298 3003 Zenoni
2338 2951 2678 3018 perperam
2709 2937 2973 2999 tributa.

643 3041 983 3122 Appendix
1013 3043 1300 3106 secunda
1333 3042 1768 3122 complectens
1803 3039 1967 3104 duos
1994 3039 2075 3104 de
2106 3039 2523 3104 Sermonibus
2548 3047 2610 3102 et
2639 3041 2950 3121 Martyrio
2985 3041 3046 3101 8.
3086 3042 3204 3102 Ze—

722 3146 915 3210 nonis
947 3146 1178 3223 libros,
1209 3163 1355 3210 cum
1389 3145 1628 3227 duplici
1661 3145 2110 3210 dissertatione
2145 3140 2302 3225 ipsis
2335 3144 2701 3224 subjuncla.
3102 3147 3104 3149 ’

1645 3415 1654 3426 ο
1777 3379 1870 3452 S.
1943 3377 2311 3452 OPTAT
2322 3315 2465 3452 US.

648 3603 950 3668 Prmfatio
971 3605 1258 3686 Dupinii.

649 3709 1048 3772 Testimonia
1073 3709 1152 3771 de
1179 3708 1439 3789 Optato.

649 3811 937 3875 Historia
969 3812 1483 3876 Donatistarum.

648 3915 713 3976 S.
750 3913 970 3994 Optati
1008 3913 1156 3975 libri
1186 3919 1428 3994 septem
1452 3913 1530 3975 de
1559 3911 1918 3976 Schismate
1945 3912 2457 3976 Donatistarum.

648 4019 1067 4082 Prasl'stiones
1101 4017 1432 4080 Francisci
1471 4014 1768 4080 Balduinl
1805 4014 1883 4078 ad
1918 4015 2190 4094 primam
2219 4014 2562 4076 editionetn
2600 4010 2838 4092 Optati.

651 4120 1120 4183 Annotationes
1155 4118 1468 4198 ejusdem.

650 4223 1044 4304 Albaspinwi
1080 4223 1596 4285 observationes.

655 4325 1078 4390 Monumenta
1106 4330 1325 4388 vetera
1355 4327 1436 4388 ad
1478 4323 1833 4387 Historiam
1861 4323 2342 4386 Donatistarum
2371 4317 2782 4399 pertinentia.

653 4432 847 4495 Gesta
896 4430 1275 4494 Coilationis
1333 4430 1859 4512 Carthagincnsis
1888 4475 1905 4505 ,
1953 4446 2148 4509 quam
2185 4433 2548 4507 sequuntur
2595 4425 2878 4488 Historia
2926 4424 3210 4503 ejusdem

731 4533 1138 4610 Collationis,
1163 4537 1430 4597 auctore
1462 4534 1798 4610 Balduino,
1829 4551 1947 4596 nec
1977 4549 2104 4594 non
2139 4531 2385 4594 Indices
2407 4529 2713 4611 analytici
2748 4547 2892 4614 cum
2925 4525 3200 4588 Zenonis

735 4639 870 4697 tum
906 4632 1125 4715 Optati
1152 4651 1444 4714 Operum.

3549 2535 3615 2594 11

3513 2735 3627 2796 189

3508 2835 3628 2896 ‘253

3511 2937 3626 2998 527

3508 3143 3625 3205 599

3511 3599 3631 3660 759

3514 3704 3634 3764 769

3512 3805 3627 3864 771

3513 3905 3634 3966 883

3483 4007 3635 4066 1103

3482 4109 3637 4170 1133

3483 4211 3639 4272 1160

3477 4312 3632 4371 11⁸79

3480 4623 3632 4684 1223
