3952 6320
1491 665 2267 804 ΡΒθΙιΕϐθΜΕΝΑ.

1533 845 2193 880 ο*

834 910 1059 990 [Hm]
1112 924 1676 1013 EPISTOLA
1750 925 2600 1031 DEDICATORIA.

171 1042 623 1110 Εηϋηεηώώηθ
665 1071 732 1112 ac
777 1062 1191 1120 ηοενεηάίαίητο
1233 1063 1474 1139 Ρνίποίρί
1530 1066 1804 1127 Domni“
1828 1073 1880 1134 Α
1907 1082 1955 1130 et
1981 1092 2222 1150 magnam
2246 1081 2453 1153 quidem
2476 1128 2489 1149 ,
2539 1104 2683 1158 spem
2708 1107 2811 1148 non
2838 1093 3150 1165 implevisses
3198 1103 3366 1159 solum
3392 1147 3405 1171 ,
3454 1118 3508 1161 at

240 1128 557 1171 ⁸1),.--;-..--
595 1149 629 1171 ο
699 1150 738 1171 n
793 1150 833 1171 η
879 1151 916 1171 n
998 1156 1030 1171 .-
1110 1158 1141 1171 ..
1184 1160 1219 1171 ι.
1259 1169 1268 1171 μ
1462 1159 1525 1171 ...

240 1128 559 1204 Ῥαεεὶοηεο
590 1149 653 1204 S.
689 1150 759 1205 R.
786 1150 850 1207 Ε.
876 1151 1141 1212 Cardinali
1174 1160 1362 1215 Petrus
1382 1128 1432 1216 ei
1451 1159 1803 1236 Hieronymus
1828 1128 1880 1134 ﬂ
1906 1128 2206 1240 superZsses

248 1233 480 1295 Fratres
501 1239 785 1300 Ballerinii
811 1244 1108 1320 Presbyteri
1142 1248 1476 1310 Veronenses.

244 1420 586 1479 Sermonum
620 1426 805 1484 Sancti
820 1429 1044 1487 Zenonis
1069 1432 1312 1506 Episcopi
1339 1434 1651 1494 Veronensis
1670 1438 1800 1494 inter

174 1529 353 1570 onures
370 1514 605 1574 Latinos
624 1518 833 1587 Patres,
857 1540 1072 1595 quorum
1102 1529 1369 1585 conciones
1384 1534 1682 1602 supersunt,
1705 1548 1799 1586 an-

174 1606 458 1677 tiquissimi
502 1612 861 1672 collectionem
901 1620 1076 1676 multis
1102 1631 1252 1678 antea
1280 1641 1481 1695 semper
1508 1629 1799 1687 nominibus

175 1702 317 1769 apud
336 1703 533 1762 doctos
564 1717 613 1763 et
639 1710 887 1778 eruditos,
917 1714 1105 1768 nedum
1132 1718 1415 1774 catholicos
1438 1764 1453 1788 ,
1486 1722 1577 1777 sed
1600 1722 1798 1779 hetero-

174 1793 342 1849 domos
365 1798 536 1852 etiam
562 1800 781 1873 miriﬁce
809 1806 1254 1875 commendatam;
1282 1828 1417 1867 nunc
1443 1824 1613 1870 autem
1632 1859 1647 1883 ,
1671 1833 1798 1887 qua-

172 1904 392 1961 cumque
418 1910 518 1963 per
549 1910 643 1950 nos
669 1896 917 1966 facultate
948 1918 1008 1954 ac
1033 1902 1301 1976 diligentia
1346 1906 1517 1973 licuit,
1563 1910 1795 1980 plurium

173 1984 514 2055 antiquorum
538 1989 798 2057 codicum,
820 2011 947 2064 quos
972 1996 1196 2054 invenire
1214 2011 1261 2054 et
1285 2001 1518 2073 conferre
1539 2003 1797 2075 fortunate

175 2078 379 2151 obtigit,
416 2098 519 2155 0pc
542 2099 575 2137 a
606 2082 855 2163 pluribus,
865 2100 1139 2161 purgatam
1167 2093 1385 2158 mendis,
1421 2095 1616 2162 aliquot
1639 2099 1689 2152 in
1716 2098 1795 2153 la-

176 2172 322 2226 cunis
349 2175 656 2247 suppletam
681 2218 697 2244 ,
724 2188 773 2233 et
798 2182 1079 2252 segregatis
1104 2184 1338 2255 genuinis
1369 2204 1399 2239 a
1424 2188 1616 2257 spuriis
1643 2230 1658 2254 ,
1688 2191 1795 2261 pri-

181 2264 415 2336 migenia:
438 2269 733 2343 nativieque
757 2273 882 2342 ﬁdei
904 2274 1179 2344 redditam,
1210 2295 1242 2333 a
1272 2296 1371 2334 non
1403 2282 1667 2337 nullorum
1689 2296 1794 2340 tan-

191 2355 300 2410 dem
324 2361 558 2418 censuris
586 2364 898 2423 oindiwtam
930 2370 1214 2426 luculenter
1238 2415 1253 2441 ,
1294 2374 1525 2431 sistimus
1550 2388 1666 2433 ante
1701 2387 1749 2433 te
1772 2421 1787 2448 ,

190 2445 604 2511 Eminentissime
625 2455 875 2530 Princeps
904 2477 926 2527 ,'
951 2473 997 2517 et
1033 2474 1092 2519 ut
1118 2466 1173 2521 in
1198 2471 1579 2540 eam'conjicias
1604 2472 1788 2529 huma-
1819 2475 1867 2537 B
1896 2480 2025 2535 disci

187 2542 321 2597 niter
349 2547 544 2614 oculos,
589 2551 922 2621 eamdemque
947 2556 1001 2609 in
1023 2559 1368 2627 patrocinium
1385 2579 1445 2617 ac
1470 2564 1627 2633 ﬁdem
1647 2576 1791 2621 tuam

186 2637 423 2709 recipias,
452 2642 614 2696 etiam
644 2654 799 2715 atque
822 2648 979 2702 etiam
1005 2650 1228 2720 petimus
1258 2662 1308 2707 et
1325 2654 1670 2712 obsecramus.
1728 2657 1793 2715 Si

182 2744 336 2798 parra
362 2733 580 2788 consilii
600 2738 764 2791 nostri
791 2740 1040 2796 rationem
1074 2745 1277 2813 aperire
1298 2747 1379 2816 fas
1406 2756 1518 2813 est,
1548 2748 1683 2803 illud
1700 2766 1789 2805 co-

179 2819 450 2891 gitavimus
473 2866 490 2890 ,
540 2827 605 2881 ab
648 2828 930 2887 editoribus
954 2833 1199 2889 librorum
1235 2840 1492 2910 ejusmodi
1535 2838 1792 2899 Patronos

182 2916 348 2983 optari
372 2958 389 2980 ,
438 2918 535 2984 qui
582 2937 683 2975 non
726 2923 896 2979 minus
941 2924 1003 2979 ob
1026 2926 1323 2999 dignitatem
1352 2941 1399 2985 et
1436 2934 1791 2990 auctoritatem

181 3009 464 3077 patrocinio
497 3012 606 3067 sint
634 3055 652 3080 ,
682 3031 835 3086 quam
864 3017 925 3073 ob
954 3020 1295 3077 eruditionem
1322 3034 1475 3095 atque
1503 3026 1791 3084 doctrinam

184 3115 488 3171 cognoscere
508 3113 564 3159 et
572 3106 819 3177 judicare
836 3109 902 3166 de
922 3126 1055 3166 nova
1080 3112 1302 3169 editione
1323 3117 1541 3185 possint,
1584 3134 1792 3193 suscep-

152 3240 159 3247 .
184 3192 314 3266 tique
340 3198 647 3267 patrocinii,
674 3202 721 3256 si
743 3218 873 3273 opus
898 3204 984 3273 sit,
1015 3207 1266 3263 rationem
1292 3212 1504 3283 afferre.
1550 3210 1659 3267 Sed
1694 3192 1779 3268 du-

182 3287 359 3355 plicem
382 3289 527 3345 hanc
552 3292 758 3349 laudem
779 3295 1074 3353 desiderare
1093 3301 1295 3370 quidem
1314 3302 1369 3358 in
1387 3320 1490 3359 uno
1510 3304 1663 3376 facile
1690 3316 1785 3374 est,

182 3392 382 3449 sperare
400 3393 603 3452 autem,
632 3394 681 3441 et
699 3386 934 3470 invenire
948 3390 1336 3463 difﬁcillimum.
1358 3392 1633 3470 Ejusmodi
1654 3400 1787 3454 enim

181 3471 482 3547 plerumque
507 3492 594 3531 res
619 3466 857 3552 humana:
885 3495 1026 3546 sunt,
1052 3495 1108 3541 ut
1133 3486 1221 3557 qui
1258 3486 1320 3541 ob
1346 3466 1562 3563 egregiae
1586 3500 1788 3546 naturae

184 3566 322 3623 dotes
350 3570 569 3642 optimis
597 3571 651 3626 in
676 3575 862 3630 studiis
892 3577 1163 3646 proﬁcere,
1186 3590 1233 3634 et
1256 3582 1318 3635 ob
1345 3583 1652 3654 dignitatum
1673 3601 1789 3657 gra-

183 3658 479 3716 dusiisdem
509 3666 824 3730 patrocinari
852 3679 1101 3740 possent;
1131 3670 1168 3723 ii
1192 3670 1413 3727 alterum
1430 3689 1573 3741 sane,
1603 3675 1672 3729 ad
1693 3693 1786 3746 pa-

182 3753 456 3809 trocinium
481 3755 629 3829 quod
654 3760 871 3828 pertinet
893 3802 908 3827 ,
951 3761 1104 3833 facile
1125 3774 1388 3833 prastent,
1417 3766 1634 3822 alterum
1664 3783 1786 3825 vero

180 3860 348 3901 rerum
380 3849 733 3920 gerendarum
752 3856 1108 3923 procuratione
1126 3857 1359 3929 impediti
1379 3877 1523 3935 teque
1543 3877 1787 3933 prwstare
1810 3876 1857 3941 ο
1890 3880 2154 3948 exquisiti;

180 3955 280 3995 non
307 3945 539 4012 possint.
595 3943 754 4001 Nobis
792 3957 962 4004 autem
993 3949 1171 4007 sedulo
1201 3952 1601 4024 inquirentibus,
1630 3977 1781 4014 num-

182 4037 291 4104 quis
326 4046 460 4091 esset
489 4079 506 4104 ,
535 4040 621 4108 qui
645 4050 817 4095 nostra
840 4041 935 4097 hac
953 4053 1101 4100 tetate
1122 4057 1389 4120 utramque
1420 4066 1533 4104 eam
1573 4053 1780 4108 laudem

182 4131 247 4185 sit
274 4142 600 4203 conuentus,
622 4144 676 4190 tu
697 4138 872 4192 statim
901 4141 1189 4204 occurristi.
1227 4143 1280 4197 in
1303 4161 1406 4216 quo
1433 4148 1644 4203 summis
1665 4166 1781 4205 cum

183 4225 525 4294 dignitatibus
570 4229 787 4286 eximius
815 4248 1015 4305 semper
1057 4235 1345 4292 studiorum
1372 4255 1518 4295 amor
1541 4250 1587 4296 et
1612 4241 1781 4300 cultus

184 4318 409 4376 emicuit.
457 4319 734 4378 Enimvero
754 4328 869 4398 jam
894 4344 927 4381 lt
958 4327 1124 4396 prima
1140 4329 1484 4389 adolescentia
1520 4336 1776 4406 politiori-

184 4407 292 4474 bus,
321 4427 382 4466 ac
411 4412 638 4467 subinde
661 4416 824 4471 sacris
849 4420 1133 4489 praesertim
1155 4422 1207 4476 in
1231 4422 1525 4495 disciplinis
1554 4439 1779 4484 versatus

183 4517 378 4557 summa
399 4521 524 4559 cum
544 4506 699 4562 laude
720 4522 741 4571 ,'
778 4509 830 4563 in
854 4510 1035 4582 quibus
1056 4514 1219 4569 multa
1241 4517 1428 4590 ingenii
1451 4536 1513 4575 ac
1533 4521 1781 4581 doctrina:

184 4598 469 4666 specimina
506 4600 736 4669 prtebens
762 4645 777 4668 ,
830 4605 1095 4661 doctorum
1126 4610 1284 4666 variae
1312 4629 1511 4685 quoque
1557 4618 1781 4676 nationis

185 4687 474 4757 hominum,
498 4694 638 4764 queis
659 4696 881 4752 utebaris
906 4700 1247 4771 familiariter,
1289 4709 1781 4767 commendationem

187 4792 229 4836 et
248 4800 478 4840 amorem
528 4786 621 4842 tibi
660 4789 977 4857 conciliasti,
1027 4809 1145 4848 cum
1194 4799 1433 4855 maximis
1486 4804 1781 4860 muneribus

186 4878 429 4935 obeundis
466 4882 697 4953 apprime
741 4884 952 4939 idoneos
982 4887 1215 4943 inventus
1257 4907 1391 4946 esses
1415 4935 1431 4962 ,
1482 4898 1781 4970 perdifﬁcili

187 4973 450 5040 provincia
473 4973 562 5029 tibi
586 4990 621 5028 a
652 4973 882 5033 Romano
918 4982 1160 5051 pontiﬁce
1187 4985 1363 5038 statim
1389 4990 1660 5045 commissa
1683 5032 1698 5057 ,
1727 4993 1781 5048 in

186 5058 424 5134 Belgium
452 5063 735 5121 submissus
760 5084 815 5123 es
838 5085 858 5124 :
902 5070 988 5125 ubi
1017 5088 1135 5126 cum
1164 5087 1573 5149 praeconceptam
1602 5081 1665 5135 de
1693 5091 1739 5137 te
1761 5125 1779 5151 ,

253 5183 364 5273 (ξ).
383 5168 894 5273 ιιληρρειιεὸετειριιίει
915 5191 1119 5273 “(imm
1149 5192 1420 5273 Διεέιξιεοῃῑει,
1467 5197 1785 5273 Parisiensis
1810 5210 1866 5273 ῃ
1889 5228 1978 5268 ηε.

186 5256 306 5334 ξριρί
340 5256 368 5309 1
389 5255 505 5334 98,
534 5258 626 5334 |_ib.
659 5255 880 5334 tv,cap.
912 5265 967 5329 5,
999 5279 1118 5334 pag.
1147 5264 1257 5322 290
1279 5307 1295 5333 ,
1339 5269 1452 5323 haec
1494 5255 1771 5331 legunturi

186 5322 593 5406 Primafabula
616 5322 891 5406 speciniina
919 5322 1107 5406 sep-tem
1132 5322 1332 5393 exhibet
1360 5322 1776 5400 emiBib'liot'heca

188 5395 534 5479 inminens
570 5395 814 5479 nobisque
840 5395 1133 5479 amicissimi
1172 5411 1297 5479 uiri,
1346 5395 1615 5468 Dominici
1634 5395 1771 5471 ei}?

187 5468 344 5549 sionei
364 5486 384 5536 ;
405 5471 493 5539 qui
511 5488 677 5528 annos
705 5468 880 5549 uiginti
899 5489 1117 5549 quatuor
1135 5483 1216 5536 vix
1243 5468 1476 5539 emensus
1497 5527 1511 5549 ,
1546 5485 1766 5541 incredi-

302 5543 466 5620 fulget
490 5559 665 5620 rerum
685 5539 1170 5620 dis'cipiinarumque
1195 5556 1376 5609 notitia
1404 5598 1415 5614 .
1449 5539 1643 5611 Graecis

191 5610 408 5682 tinisque
430 5614 610 5693 litteris
633 5610 867 5693 apprime
893 5610 1120 5677 eruditus
1138 5669 1153 5690 ,
1180 5610 1648 5693 Biblimhecamque
1672 5610 1770 5684 nuo

190 5694 442 5738 merosam
465 5684 962 5770 .Manus'criptorum
1008 5684 1361 5770 editorumque
1401 5684 1771 5770 exemplarium

190 5757 498 5837 comparavit
514 5798 530 5822 ,
569 5757 1163 5837 librorumndelectuqcum
1183 5757 1359 5837 paucis
1378 5757 1769 5829 numerandum.

193 5820 554 5883 Litteratorum
583 5831 861 5885 commodis
881 5834 951 5888 sic
973 5820 1303 5909 advigildns,

762 5924 1031 5991 Pnuon.
1084 5930 1202 5995 XI.

2226 1172 2455 1247 ;legatio
2484 1182 2767 1253 apostolica
2797 1187 3020 1257 primum
3049 1193 3192 1262 apud
3223 1194 3507 1266 Helvetios,

1903 1260 2024 1317 dein
2064 1266 2205 1337 apud
2249 1266 2499 1326 Carolum
2536 1272 2636 1340 Vl,
2686 1275 2940 1336 Ceesarem
2965 1260 3253 1353 Augustum
3279 1290 3369 1345 tibi
3398 1260 3509 1348 ere;

1907 1353 2017 1409 dita
2044 1358 2142 1428 fuit
2172 1360 2265 1415 :in
2282 1378 2383 1433 qua
2411 1364 2517 1420 dici
2546 1368 2632 1424 vix
2655 1381 2841 1443 potest,
2864 1386 2987 1446 quot
3029 1380 3245 1437 subieris
3266 1383 3467 1442 labores
3493 1430 3507 1452 ,

1901 1458 2025 1517 quot
2053 1453 2345 1523 prudentia:
2372 1470 2420 1515 et
2438 1460 2722 1533 diligentia
2736 1467 3044 1527 documenta
3065 1476 3353 1548 reliqueris,
3382 1494 3507 1551 quot

1902 1541 2118 1615 denique
2137 1556 2185 1600 et
2198 1554 2440 1607 varietate
2457 1553 2831 1627 dissimillima,
2863 1574 2910 1617 et
2930 1567 3268 1639 amplitudine
3288 1541 3504 1645 difﬁcil-

1902 1637 2042 1703 lima,
2067 1649 2115 1696 et
2139 1642 2287 1698 rebus
2311 1645 2438 1718 ipsis
2468 1649 2846 1710 incurrentibus
2868 1637 3261 1731 impeditissima
3295 1637 3501 1740 negotia

1899 1747 2101 1789 summa
2126 1754 2244 1792 cum
2270 1741 2520 1811 facilitate
2556 1760 2617 1800 ac
2659 1748 2904 1819 felicitate
2943 1759 3269 1828 transegeris.
3322 1758 3506 1833 Neque

1899 1827 2036 1881 enim
2068 1830 2133 1883 iis
2159 1832 2214 1885 in
2239 1835 2534 1891 muneribus
2552 1839 2799 1895 honorem
2823 1884 2837 1907 ,
2868 1845 2947 1900 vel
2969 1827 3133 1902 otium
3147 1891 3163 1915 ,
3201 1850 3293 1906 sed
3319 1827 3450 1924 opus
3480 1896 3495 1922 ,

1898 1922 2303 1981 sollicitudinem
2330 1969 2345 1995 ,
2378 1944 2637 1999 curasque
2664 1935 2757 1990 tibi
2780 1954 3070 2009 proponens
3095 1983 3112 2010 ,
3136 1943 3267 1998 illud
3294 1922 3503 2005 assidue

1898 2014 2134 2071 volvebas
2161 2018 2332 2075 animo
2356 2061 2371 2085 ,
2395 2038 2499 2092 qua
2523 2024 2604 2079 via
2623 2043 2799 2099 posses
2827 2031 3028 2102 aliquid
3048 2034 3102 2089 in
3123 2036 3232 2093 dies
3256 2039 3460 2111 efﬁcere
3482 2084 3500 2112 ,

1897 2106 2037 2178 quod
2055 2110 2113 2164 in
2142 2108 2394 2170 Romana:
2418 2116 2577 2184 sedis,
2605 2119 2658 2174 in
2686 2121 2955 2196 catholicae
2975 2122 3224 2185 Ecclesiae
3245 2173 3259 2196 ,
3379 2106 3499 2190 teli;

1895 2201 2063 2273 gionis
2093 2202 2247 2259 decus
2270 2216 2318 2262 et
2349 2209 2626 2267 utilitatem
2651 2214 2857 2273 rediret.
2888 2218 3024 2276 Aeta
3049 2225 3377 2293 Apostolicaa
3398 2226 3501 2287 Lc-

1894 2295 2128 2363 gationis
2162 2297 2452 2359 llclvclicua
2479 2303 2632 2377 Tugii
2659 2308 2804 2364 edita
2830 2327 2921 2369 an.
2951 2330 3218 2373 unccxxnt
3242 2361 3257 2384 ,
3299 2322 3351 2376 in
3376 2325 3497 2394 qui-

1897 2386 1991 2443 bus
2028 2393 2316 2463 priscorum
2346 2395 2568 2453 Patrum
2596 2403 2742 2459 zelus
2766 2448 2780 2469 ,
2811 2410 3064 2478 gravitas,
3093 2416 3344 2471 sanctitas
3374 2459 3389 2481 ,
3434 2435 3497 2474 ac

2027 2483 2171 2553 plina
2211 2495 2316 2544 ate
2349 2489 2628 2561 impensius
2657 2497 2873 2554 excultae
2902 2502 3224 2562 relucescunt
3248 2550 3263 2574 ,
3301 2510 3347 2565 si
3382 2512 3500 2581 quis

1894 2584 2085 2632 attente
2111 2578 2287 2653 legerit
2310 2601 2331 2650 ;
2360 2587 2615 2657 specimen
2638 2608 2817 2647 eorum
2843 2638 2857 2660 ,
2890 2615 3008 2664 quae
3032 2602 3297 2661 innuimus
3319 2649 3333 2672 ,
3365 2578 3492 2663 satis

1895 2665 2138 2723 idoneum
2162 2672 2401 2730 inueniet.
2428 2677 2497 2733 At
2524 2681 2688 2737 nihilo
2716 2684 2883 2742 minus
2907 2690 2926 2763 (
2946 2694 3062 2762 quis
3083 2697 3308 2753 crederet
3322 2665 3354 2753 I?
3381 2702 3398 2767 )
3427 2711 3501 2756 tot

1894 2769 1941 2815 et
1973 2770 2076 2815 tam
2115 2764 2377 2823 diuturna:
2395 2812 2410 2835 ,
2440 2787 2500 2825 ac
2520 2778 2889 2845 propemodum
2911 2784 3136 2842 assidua:
3159 2764 3493 2860 cogitationes

1893 2860 1941 2907 te
1969 2870 2072 2910 non
2101 2857 2175 2912 ita
2204 2858 2555 2920 distraxerunt
2582 2909 2597 2932 ,
2648 2880 2706 2926 ut
2730 2873 2916 2929 studiis
2940 2877 3170 2948 quietum
3196 2857 3243 2936 et
3272 2901 3496 2942 uacuum

1892 2946 2123 3003 animum
2145 2956 2531 3021 postulantibus
2558 3001 2575 3027 ,
2607 2962 2738 3018 nihil
2761 2946 3008 3025 tribueres
3030 2988 3050 3025 :
3072 2974 3164 3027 sed
3181 2976 3435 3051 quidquid
3464 2998 3496 3034 a

1893 3043 2188 3100 muneribus
2209 3048 2724 3121 publicissupererat
2751 3064 3014 3133 temporis,
3044 3074 3095 3122 te
3119 3043 3285 3127 totum
3308 3043 3361 3125 in
3384 3083 3499 3128 stu-

1892 3133 1980 3190 dia
2005 3138 2249 3211 colligere
2272 3183 2289 3208 ,
2316 3153 2364 3198 et
2392 3162 2527 3202 nunc
2552 3148 2769 3222 legendo
2795 3195 2811 3219 ,
2844 3172 2979 3213 nunc
3006 3167 3399 3221 commentando
3445 3179 3495 3224 et

1889 3227 2158 3284 scribe-udo
2183 3236 2435 3306 pro/icere
2454 3255 2654 3313 semper
2679 3244 2878 3313 aliquid
2920 3252 3118 3308 naviter
3142 3257 3407 3326 studuisti,
3438 3272 3494 3317 ut

1889 3334 1955 3373 ea:
1976 3323 2209 3380 oratione
2233 3327 2288 3381 in
2316 3332 2498 3401 funere
2526 3338 2702 3407 magni
2732 3336 2953 3411 Eugenii
2976 3323 3493 3423 Sabaudiw‘princi-

1889 3409 1970 3482 pis
1996 3429 2031 3467 a
2059 3422 2107 3469 te
2134 3415 2427 3488 lucubrata,
2451 3428 2764 3497 summisque
2789 3409 3032 3489 laudibus
3055 3454 3087 3490 a
3107 3409 3347 3496 litterulis
3373 3409 3498 3500 doc-

1891 3502 2054 3572 tisque
2078 3508 2201 3564 viris
2227 3524 2484 3586 suscepta,
2506 3533 2597 3572 nec
2624 3535 2729 3575 non
2750 3538 2813 3577 ea;
2838 3522 3067 3582 laudatis
3087 3544 3255 3597 nuper
3276 3532 3494 3608 legatio-

1891 3596 1969 3650 nis
1987 3595 2265 3656 Heloeticie
2288 3603 2429 3661 Actis
2454 3607 2655 3678 aliquot
2670 3612 2897 3687 insignia
2923 3618 2999 3674 tui
3017 3595 3229 3693 ingenii,
3258 3595 3495 3691 eldqueu-

1889 3687 1995 3752 tiae,
2028 3690 2377 3765 doctrinaeque
2398 3712 2727 3758 monumenta
2747 3708 3120 3769 continentibus
3145 3718 3399 3792 conjicere
3428 3722 3492 3777 li-

1888 3794 1985 3837 cet.
2014 3782 2151 3840 Hinc
2178 3788 2330 3844 etiam
2357 3792 2490 3847 nulli
2509 3794 2799 3869 industria,
2830 3804 2963 3860 nulli
2988 3810 3214 3878 sumptui
3234 3782 3489 3883 'parcens,

2185 3884 2522 3957 undequaque
2541 3891 2787 3962 cujusque
2824 3899 3023 3969 generis
3060 3913 3113 3957 et
3151 3905 3414 3963 codicibus
3441 3920 3490 3964 et

1888 3971 2039 4028 editis
2070 3974 2213 4033 libris
2237 4020 2253 4043 ,
2291 3979 2565 4052 insignem,
2594 3985 2893 4045 immensam
2917 4032 2933 4058 ,
2978 4003 3025 4048 et
3060 3995 3123 4049 ab
3153 3997 3264 4070 ipso
3282 4002 3492 4071 quidem

1887 4061 2154 4123 Bernardo
2183 4069 2249 4145 de
2276 4070 2615 4143 Montfaucon
2642 4078 2722 4151 (Ι)
2742 4082 2861 4153 jam
2881 4095 3000 4140 ante
3027 4061 3237 4157 triginta
3282 4061 3447 4148 annos
3473 4136 3490 4162 ,

1895 4160 1956 4213 ob
1981 4161 2226 4219 ducentos
2253 4173 2537 4238 prtesertim
2563 4169 2772 4230 Griecos
2797 4177 3096 4235 lectissimos
3126 4180 3342 4240 Codices
3371 4189 3487 4242 exi-

1886 4254 1989 4308 mie
2008 4258 2416 4316 commendatam
2442 4303 2457 4329 ,
2487 4273 2534 4317 et
2566 4265 2782 4323 subinde
2806 4272 2971 4343 magis
2998 4276 3262 4347 magisque
3283 4290 3488 4349 auctam

1883 4344 2239 4405 bibliothecam
2266 4352 2357 4408 tibi
2390 4360 2718 4429 comparasti,
2754 4377 2856 4417 non
2901 4365 2969 4419 ad
3016 4344 3398 4426 ostentationem
3440 4384 3488 4430 et

1883 4452 2245 4499 ornamentum
2262 4485 2279 4512 ,
2308 4450 2739 4516 quemadmodum
2770 4454 2999 4527 plerique
3023 4477 3226 4536 magna
3253 4462 3485 4535 dignita-

1883 4532 1949 4587 tis
1975 4533 2075 4588 viri
2100 4536 2156 4590 id
2184 4544 2429 4610 temporis
2455 4545 2687 4614 faciunt,
2728 4553 2819 4607 sed
2843 4562 2895 4607 ut
2920 4552 2973 4608 in
3002 4571 3064 4610 ea
3090 4532 3358 4615 subcisivis
3384 4562 3484 4617 Ito-

1883 4626 1978 4686 ris.
2008 4643 2186 4685 somno
2213 4635 2384 4702 potius
2401 4653 2556 4708 quam
2584 4643 2761 4713 ofﬁcio
2791 4646 3048 4718 decerptis
3067 4692 3080 4715 ,
3116 4652 3272 4705 vitam
3301 4655 3485 4710 tradu-

1885 4732 2057 4774 ceres:
2088 4722 2307 4796 indeque
2336 4746 2431 4799 pro
2453 4736 2658 4806 egregia
2689 4741 2870 4795 mentis
2899 4751 3002 4796 tute
3027 4740 3271 4809 facultate
3301 4736 3483 4805 miram

1886 4812 2039 4884 plane
2059 4833 2161 4871 non
2192 4829 2298 4874 tam
2327 4822 2578 4881 librorum
2604 4868 2617 4891 ,
2665 4847 2817 4903 quam
2842 4850 3015 4890 rerum
3033 4877 3047 4899 ,
3079 4854 3195 4910 quae
3220 4840 3275 4894 in
3300 4841 3481 4897 iisdem

1887 4910 2233 4976 continentur,
2264 4918 2499 4973 notitiam
2524 4938 2635 4994 prae
2660 4933 2708 4978 te
2733 4925 2838 4997 fers
2858 4969 2872 4993 ,
2913 4928 3045 4985 adeo
3075 4942 3165 4999 ut,
3205 4934 3343 5002 quod
3365 4953 3486 5005 gra-

1886 5001 2024 5081 vium
2051 5004 2279 5062 virorum
2303 5011 2593 5068 testimonio
2618 5018 2905 5090 accepimus
2927 5062 2941 5085 ,
3003 5022 3169 5090 ipsam
3212 5001 3483 5083 bibliothe-

1888 5112 2023 5163 cam,
2054 5114 2209 5170 quam
2237 5106 2462 5173 parasti,
2494 5108 2548 5163 in
2578 5119 2721 5164 tuam
2747 5124 2966 5169 mentem
3002 5116 3327 5174 transtulisse
3352 5138 3483 5191 quo-

2005 5232 2059 5306 ξε
2080 5217 2252 5302 habet,
2284 5220 2363 5306 uel
2384 5225 2665 5306 amicorum
2692 5243 2788 5306 op_e_
2816 5232 3047 5287 nancisci
3072 5242 3256 5302 potest,
3274 5237 3481 5306 quibus-

1886 5285 1961 5379 pis
1992 5285 2361 5379 litterarite_re_i
2386 5312 2591 5364 operam
2622 5285 2895 5379 dantibus,
2926 5285 3256 5379 nec‘rog'atu's,

1877 5353 2007 5438 item
2040 5360 2092 5438 in
2139 5353 2453 5438 praefatione
2484 5383 2605 5438 pag.
2641 5353 2784 5437 xm,
2808 5353 2896 5429 tibi
2927 5353 3281 5432 recerigeutur
3302 5353 3476 5436 ’ίίθνίιιξ

2243 5437 2369 5517 _.__iu
2418 5426 2640 5517 quibus,
2663 5426 2944 5517 haiienlur—

1874 5495 2187 5586 ῃξωίοιιιεεα
2231 5495 2576 5586 Illustrissimi
2606 5495 3470 5586 unus:55...:nz'pzaésas:

2690 5567 2697 5568 ,
2736 5567 2740 5568 ,
2776 5567 2809 5570 Ὗ
3160 5567 3179 5571 _
3210 5567 3428 5573 κων---
3454 5567 3470 5586 ,

1878 5567 2141 5657 librorunt‘
2169 5580 2320 5657 copia
2361 5590 2407 5633 et
2446 5581 2640 5657 delectu
2665 5587 2900 5657 insignis
2926 5631 2940 5649 ,
2989 5588 3233 5643 ducentos
3267 5592 3471 5644 circiter

1876 5638 2079 5740 gzwcos
2101 5638 2315 5740 Codices
2335 5652 2556 5740 continet
2574 5638 3211 5740 i‘aliquoj‘u-m'specimttm
3234 5659 3470 5740 dedimus

1874 5711 1964 5768 lib.
1995 5731 2047 5770 tv
2074 5726 2121 5801 et
2171 5719 2547 5801 inlihppendice
2574 5711 3470 5801 Calligraphorurmisubscriptiones

1872 5800 1975 5841 non
2000 5787 2192 5846 nullas.
2238 5787 2445 5851 Similia
2472 5787 2735 5867 leguntur"
2754 5787 2820 5853 iu'
2843 5798 3155 5870 Appendice
3186 5787 3309 5871 paé.
3342 5801 3470 5860 510.

2884 5958 2916 6019 1
