3998 6332
503 334 566 396 tt
1438 316 1441 317 ⁷
1895 286 2435 395 mentientium.
3744 334 3817 390 te

492 453 616 507 dam
644 452 794 507 modo
817 450 1078 517 videaris;
1106 452 1179 506 ita
1203 459 1437 526 prompte
1466 458 1515 507 et
1536 451 1739 525 copiose
1766 468 1867 508 non
1897 464 2003 509 tam
2030 452 2099 507 li-
2122 448 2178 515 Α
2201 430 2348 520 eelis,
2374 436 2531 524 quiet
2558 466 2666 522 prta
2690 449 2996 509 auctoritate
3023 452 3374 527 patrocinium
3402 450 3566 509 eidem
3604 467 3816 528 αεσοηιτ

499 548 615 603 bros
654 547 719 603 de
740 562 938 617 quaque
963 562 1020 601 re
1050 554 1325 601 tractantes
1355 545 1577 611 indicas,
1609 561 1764 617 quam
1793 547 1924 616 ipsis
1950 546 2105 602 etiam

496 643 561 697 de
586 642 735 697 rebus
762 640 1126 696 sermocinaris
1155 649 1202 695 et
1242 640 1477 695 disseris.
1523 640 1811 712 Postquam
1839 656 1960 697 vero
1987 638 2103 695 Ro-

506 753 643 793 mam
667 737 861 792 accitus
882 778 895 803 ,
930 736 998 790 ad
1020 736 1479 791 eminentissimum
1503 736 1633 791 illud
1659 776 1673 801 ,
1708 738 1847 792 unde
1875 737 1970 791 toti
1998 733 2106 792 Ec-

505 829 673 884 clesite
696 827 976 899 praefulges
1001 869 1016 892 ,
1048 827 1316 898 fastigium
1346 836 1543 882 evectus
1571 845 1623 882 es
1642 869 1657 895 ,
1688 844 1787 899 quo
1810 836 1859 882 te
1881 845 1985 883 non
2013 844 2108 884 an-

505 921 807 989 tiquissima:
832 937 892 975 ac
921 918 1263 975 celeberrinue
1294 930 1396 975 ture
1423 920 1639 991 funalia
1682 920 1960 987 nobilitas,
2005 938 2107 981 non

506 1015 686 1087 ofﬁcia
717 1014 735 1086 (
760 1014 840 1069 his
872 1014 1011 1069 enim
1038 1012 1567 1068 commendationibus
1589 1055 1604 1081 ,
1651 1029 1768 1089 quis
1793 1014 1881 1068 tibi
1914 1015 1969 1069 in
2000 1013 2109 1071 Pa-

505 1118 640 1163 trum
664 1109 901 1163 doctrina
920 1109 1152 1181 apprime
1176 1094 1427 1163 instt’ucto
1450 1124 1768 1180 nequaquam
1799 1111 2105 1178 probantur,

504 1202 638 1259 nihil
663 1200 935 1273 iudiguisti
958 1200 977 1274 )
1004 1200 1095 1258 sed
1133 1212 1225 1256 tua
1263 1203 1317 1257 in
1348 1199 1701 1258 Christianam
1739 1203 2110 1277 rempublicam

504 1296 688 1351 merita
718 1303 1079 1367 promoveruut
1099 1311 1121 1361 ;
1165 1302 1462 1367 postquam,
1486 1295 1718 1366 inquam,
1744 1296 1842 1350 hoc
1865 1296 1918 1350 in
1940 1295 2113 1367 digni-

506 1388 629 1442 tatis
656 1386 825 1458 gradu
849 1385 1045 1442 locatus
1073 1403 1149 1452 es,
1173 1389 1266 1442 etsi
1287 1385 1542 1457 pluribus,
1568 1404 1725 1459 quam
1755 1405 1997 1460 umquam
2019 1406 2113 1444 an-

505 1486 623 1544 tea,
674 1477 893 1549 publicis
939 1476 1079 1533 curis
1101 1477 1172 1533 sis
1200 1478 1407 1533 assidue
1448 1479 1743 1545 distentus;
1791 1498 1892 1535 non
1942 1490 2114 1536 tamen

505 1580 781 1643 propterea
807 1571 1096 1627 ualedislsti
1124 1572 1323 1643 penitus
1351 1572 1555 1635 litteris,
1576 1572 1665 1627 sed
1691 1582 1905 1630 veterem
1924 1590 2114 1629 morem

506 1652 750 1731 retinens,
776 1664 831 1718 in
859 1662 1161 1718 bibliotheca
1186 1672 1233 1719 et
1262 1664 1316 1718 in
1339 1662 1555 1719 lectione
1577 1667 1819 1734 frequens
1849 1683 1926 1733 es,
1956 1665 2115 1722 nihil-

510 1774 611 1827 que
631 1758 920 1833 jucundius
948 1756 1037 1813 tibi
1063 1754 1271 1818 accidit.
1295 1775 1450 1828 quam
1475 1758 1540 1815 de
1565 1758 1707 1813 libris
1727 1800 1741 1825 ,
1768 1767 1817 1815 et
1840 1760 2116 1816 humanio-

510 1850 674 1918 ribus,
704 1849 943 1917 eruditis,
968 1852 1229 1922 sacrisque
1255 1850 1543 1922 disciplinis
1568 1866 1871 1924 cognoscere
1900 1864 1950 1909 et
1974 1852 2104 1907 scri-

2206 543 2379 599 modes
2402 585 2419 613 ,
2462 552 2515 600 et
2539 558 2646 617 prae
2665 542 2899 599 doctrina
2928 543 3101 618 legens
3139 554 3295 616 atque
3314 544 3605 616 intelligens
3629 552 3819 597 aucto-

2199 653 2312 692 rens
2336 635 2607 708 antiquum
2630 676 2646 703 ,
2686 636 2935 690 disertum
2958 677 2971 699 ,
3010 636 3446 708 elegantissimum
3465 677 3480 702 ,
3536 634 3820 707 patrocinii

2198 744 2410 801 quoque
2425 729 2698 797 rationem,
2719 730 2763 783 si
2790 729 2993 784 occasio
3004 729 3222 794 incidat,
3247 729 3319 784 sis
3335 729 3611 784 allaturus.
3626 726 3822 784 linum

2204 823 2338 879 illud
2364 839 2460 879 nos
2480 823 2622 877 haud
2652 823 2910 879 modicum
2938 822 3186 879 sollicitos
3206 823 3389 890 habet,
3422 841 3525 879 non
3548 833 3821 879 auctorem

2208 916 2399 985 nolunt,
2429 916 2493 972 de
2519 919 2667 993 cujus
2685 902 2991 989 probatione
3006 917 3138 973 nihil
3157 912 3488 989 ambigimus,
3517 916 3609 974 sed
3631 935 3692 973 ea
3708 935 3823 988 ’ρα-

2208 1010 2353 1076 riter,
2391 1026 2508 1082 qua:
2529 1026 2626 1081 pro
2652 1010 2826 1071 eodem
2856 1011 2960 1066 sive
2985 1010 3295 1068 vindicando
3317 1051 3336 1081 ,
3361 1012 3471 1068 sive
3494 1009 3821 1077 illustrando

2211 1104 2413 1176 adjecta
2439 1122 2470 1159 α
2498 1103 2643 1161 nobis
2671 1115 2821 1171 sunt,
2861 1114 2909 1162 te
2947 1104 3188 1162 lectorem
3216 1114 3265 1160 et
3280 1105 3520 1181 judicent
3541 1120 3652 1165 esse
3681 1116 3816 1160 nac-

2215 1205 2354 1251 tura.
2400 1199 2463 1251 At
2487 1214 2603 1252 cum
2629 1198 2726 1252 hoc
2749 1197 2804 1252 in
2830 1206 2969 1253 metu
2996 1214 3090 1253 nos
3117 1206 3313 1254 recreat
3338 1206 3386 1253 et
3425 1196 3593 1270 reﬁcit
3628 1196 3816 1251 huma~

2213 1291 2347 1346 nitas
2375 1300 2462 1346 tua
2479 1333 2496 1358 ,
2527 1292 2879 1364 praclaraque
2903 1292 2999 1347 illa
3027 1292 3228 1348 indoles
3259 1334 3274 1359 ,
3303 1306 3420 1364 que
3445 1293 3824 1364 prtestantibus

2213 1384 2463 1456 quidquid
2491 1393 2728 1456 possunt,
2760 1386 2959 1442 animos
2980 1387 3138 1453 acuit,
3164 1402 3317 1457 opem
3341 1396 3391 1442 et
3416 1385 3705 1447 subsidium
3726 1402 3829 1441 ex-

2214 1475 2394 1545 hibet;
2445 1487 2552 1532 tum
2578 1494 2699 1534 vero
2724 1494 2840 1548 quae
2862 1496 2958 1553 pro
2987 1480 3291 1547 inﬁrmitate
3320 1487 3500 1537 nostra
3530 1480 3601 1536 ad
3621 1479 3684 1537 S.
3708 1480 3827 1537 Anc

2216 1572 2390 1629 tistitis
2420 1573 2671 1629 vindicias
2692 1573 2771 1628 vel
2796 1574 3192 1646 explicationem
3207 1573 3331 1631 huic
3344 1575 3563 1634 editioni
3581 1579 3826 1644 deerunt,

2217 1685 2280 1723 ea
2300 1684 2389 1741 per
2419 1677 2467 1723 te
2495 1684 2591 1742 pro
2619 1649 2827 1725 summa
2856 1669 3043 1740 peritia
3073 1679 3161 1726 tua
3181 1685 3330 1740 posse
3349 1669 3590 1753 cognosci
3609 1677 3658 1725 et
3686 1685 3828 1738 sup.

2220 1761 2353 1831 pleri
2379 1761 2508 1816 nihil
2543 1761 2755 1816 dubium
2792 1772 2889 1817 est.
2940 1762 3131 1833 Accipe
3169 1763 3328 1834 igitur
3350 1804 3367 1829 ,
3400 1761 3832 1823 Eminentissime

2223 1850 2498 1923 Princeps,
2527 1852 2623 1908 hoc
2643 1853 2782 1923 quod
2809 1854 3204 1910 tibiexhibemus
3231 1872 3381 1923 opus.
3401 1855 3631 1926 obsequii
3656 1854 3835 1913 nostri

510 1941 646 1996 bere.
679 1940 807 1998 Ηωο
834 1941 1008 2010 itaque
1033 1943 1206 1997 omnia
1231 1945 1435 2014 fuerunt
1457 1944 1511 1997 in
1523 1959 1702 2008 causa,
1741 1960 1837 1998 cur
1858 1960 1950 1999 nos
1976 1942 2110 2000 hanc
2142 1911 2191 1974 Β
2217 1954 2266 1999 et
2290 1944 2682 2000 deuinctissinue
2706 1946 2762 2001 in
2784 1947 3129 2009 tepoluntatis
3156 1956 3377 2016 testem;
3406 1911 3641 2019 idenlque
3660 1948 3707 2001 si
3727 1949 3835 2005 nti—

508 2036 572 2093 8.
604 2035 828 2091 Zenonis
861 2036 1140 2093 editionem
1176 2036 1267 2091 tibi
1322 2037 1720 2110 nuncupandum
1767 2036 2066 2093 duxerimus
2089 2081 2104 2106 ,

510 2140 776 2200 sperantes
799 2129 937 2200 (ore,
973 2140 1029 2184 ut
1060 2137 1115 2184 tu
1157 2118 1252 2201 pro
1281 2140 1387 2184 tam
1410 2130 1663 2199 praeclaro
1701 2130 1754 2185 in
1782 2130 1973 2203 Optima
2002 2142 2111 2185 stu-

508 2224 596 2279 dia
622 2240 681 2280 ac
704 2224 859 2289 libros
882 2228 1167 2294 prtesertim
1187 2224 1427 2297 antiquos
1455 2238 1630 2280 amore
1658 2239 1847 2279 munus
1877 2223 1972 2279 hoc
1996 2240 2111 2280 sus-

2219 2056 2315 2094 nus
2342 2054 2405 2093 ea:
2424 2048 2621 2104 nostro,
2652 2048 2787 2097 certe
2815 2056 2880 2095 ex
2903 2042 3128 2096 auctoris
3156 2042 3363 2097 nomine
3390 2057 3451 2097 ac
3478 2041 3677 2098 meritis
3706 2043 3833 2115 dig-

2220 2149 2342 2189 num
2366 2142 2462 2200 est,
2485 2132 2622 2203 quod
2653 2134 2783 2189 sicut
2818 2134 2943 2189 olim
2964 2132 3118 2201 Sixto
3154 2131 3217 2202 V,
3240 2149 3443 2191 summo
3462 2132 3720 2206 pontiﬁci,
3737 2135 3835 2193 cui

2220 2225 2387 2297 primo
2413 2227 2641 2282 dicatum
2670 2226 2794 2300 fuit,
2816 2227 2891 2282 ita
2917 2242 3055 2283 nunc
3086 2226 3176 2284 tibi
3204 2225 3460 2283 cardinali
3491 2226 3832 2300 Amplissimo

512 2320 676 2391 cipias
705 2318 1065 2388 libentissime,
1093 2328 1140 2376 et
1179 2328 1225 2375 te
1264 2328 1540 2392 patronum
1582 2318 1841 2395 ejusmodi
1874 2317 2114 2379 exhibere

675 2584 984 2662 [ιι-ιινι]
1029 2486 1497 2705 ΒΑΗ,
1516 2571 1939 2706 ERIN
1956 2572 2116 2703 1C

2221 2572 2540 2703 {UM
2635 2575 3631 2712 PR/EFATIO.

2000 2774 2389 2806 ’ἒ-

2219 2317 2556 2391 approbetur.

3676 2455 3835 2475 *ς

588 2868 628 2930 1.
658 2873 805 2930 Inter
829 2874 1078 2945 antiquos
1102 2871 1364 2930 Ecclesia:
1403 2872 1615 2939 Patres,
1664 2884 1891 2945 quorum
1944 2878 2119 2941 pauca
2234 2864 2430 2927 Veteris
2449 2869 2767 2929 Testamenti
2787 2889 2809 2940 ;
2838 2874 3033 2934 tertius
3062 2891 3346 2936 sermones
3368 2896 3424 2951 ι,
3448 2879 3513 2940 de
3531 2882 3679 2937 rebus
3698 2880 3831 2938 Tes-

528 2967 775 3038 quaadam
807 2980 973 3037 opera
1003 2965 1072 3022 ad
1101 2981 1199 3021 nos
1230 2970 1598 3037 pervenerunt
1622 3006 1635 3030 ,
1659 2960 1914 3035 perpauci
1933 2960 2121 3016 admoé
2225 2965 2435 3019 tantenti
2463 2964 2601 3022 Novi
2630 2985 2649 3023 .-
2681 2968 2733 3024 in
2761 2968 2899 3026 hanc
2919 2970 3064 3027 enim
3096 2972 3386 3041 rationem,
3415 2989 3568 3033 suam
3596 2976 3831 3049 quisque

525 3060 652 3115 dum
688 3069 815 3114 sunt
840 3100 854 3124 ,
885 3059 975 3129 qui
1007 3058 1137 3114 viris
1181 3058 1355 3115 doctis
1382 3072 1447 3114 ac
1470 3056 1694 3114 eruditis
1718 3071 1869 3127 atque
1893 3053 2115 3110 laudena
2222 3052 2361 3111 liber
2383 3058 2789 3131 inscriptionem
2812 3063 3054 3136 praefert.
3078 3064 3351 3137 Subjecte
3371 3081 3534 3141 porro
3550 3068 3605 3124 iu
3625 3068 3819 3128 eadem

518 3161 609 3209 tur
633 3167 698 3208 ac
724 3153 782 3208 S.
818 3152 969 3209 Zeno
996 3150 1281 3224 episcopus
1324 3152 1673 3221 Veronensis,
1701 3152 1755 3207 in
1801 3150 1956 3223 cujus
1990 3149 2119 3207 Ser-
2224 3150 2465 3210 editione
2486 3151 2723 3212 Zenonis
2750 3157 3070 3215 tractatibus
3097 3158 3333 3221 humilia:
3358 3160 3415 3217 S.
3444 3158 3667 3219 Ctesarii
3686 3162 3832 3221 Are-

522 3246 779 3303 snonibus
801 3247 894 3303 alii
943 3245 1270 3318 eloquentia:
1297 3245 1407 3302 vim
1454 3244 1862 3316 ubertatemque
1901 3240 2116 3299 dicendi
2226 3244 2487 3314 latensis,
2532 3260 2589 3304 et
2633 3246 2739 3305 alia
2773 3249 3018 3321 quaedam
3063 3265 3235 3324 pauca
3269 3269 3283 3307 :
3313 3250 3433 3309 haec
3470 3262 3651 3311 autem
3692 3268 3827 3312 mox

518 3342 881 3407 admirantur,
908 3342 998 3398 alii
1031 3339 1213 3397 latinas
1240 3338 1564 3397 elocutionis
1599 3337 1883 3409 puritatem
1916 3336 2116 3410 praedi-
2154 3404 2192 3418 Α
2225 3336 2466 3395 clausula
2517 3341 2844 3412 appenditur
2889 3343 3046 3400 nobis
3093 3361 3435 3418 nequaquam
3482 3347 3825 3415 omittenda,
3864 3348 3867 3351 ’

522 3444 657 3492 cant
684 3450 747 3490 ac
770 3435 1113 3507 elegantiam,
1142 3434 1388 3506 plerique
1411 3446 1541 3488 vero
1565 3446 1758 3487 omnes
1783 3446 2008 3487 acumen
2037 3431 2120 3486 in-
2147 3404 2195 3471 C
2224 3446 2346 3487 cum
2377 3448 2562 3488 verum
2592 3434 2848 3491 editionis
2890 3436 3081 3503 prodat
3105 3448 3379 3495 auctorem
3404 3481 3420 3507 ,
3454 3438 3753 3501 Guariuura
3791 3456 3829 3501 ει

519 3527 687 3600 genii,
714 3527 1108 3597 antiquitatem,
1136 3527 1475 3598 gravitatem,
1500 3525 1778 3597 pietatem,
1810 3539 1874 3581 ac
1900 3535 2118 3583 senten-
2226 3524 2433 3594 multis,
2466 3525 2558 3597 qui
2593 3526 2763 3597 ipsam
2802 3526 3096 3585 editionem
3126 3528 3199 3586 ob
3221 3530 3499 3587 raritatem
3533 3547 3643 3588 non
3675 3532 3829 3591 vide-

518 3620 718 3677 tiarum
764 3620 1135 3691 doctrina-que
1186 3621 1552 3690 praestantiam
1597 3619 2001 3676 commendant.
2049 3620 2120 3676 At
2221 3625 2365 3687 rant,
2400 3633 2683 3689 perperam
2715 3621 3105 3691 existimatum,
3130 3623 3487 3687 nihilominus
3517 3636 3679 3698 atque
3700 3641 3829 3685 eum

531 3724 662 3765 vero
681 3708 883 3765 criticis
903 3709 969 3764 ad
999 3710 1178 3763 vivum
1202 3711 1382 3764 omnia
1409 3719 1465 3765 et
1489 3712 1697 3782 singula
1720 3713 2114 3780 resonantibus,

526 3817 690 3859 uento
712 3810 851 3858 unus
870 3812 954 3858 est
981 3802 1244 3867 omnium,
1269 3802 1421 3874 cujus
1449 3804 1704 3873 operibus
1722 3803 1812 3877 (ad
1842 3813 2117 3860 auctorem

524 3897 800 3967 praecipue
827 3896 1170 3954 statuendum
1199 3897 1343 3970 quod
1372 3896 1628 3973 pertinet)
1667 3907 1748 3955 tot
1775 3898 2118 3957 difﬁcultates

523 3989 752 4062 objecta:
796 3989 1023 4057 fuerint,
1068 3998 1199 4061 quot
1237 3991 1494 4047 adversus
1532 3991 1848 4048 earumdem
1898 3992 2117 4049 Sermo-

532 4099 660 4141 num
693 4082 1068 4139 collectionem
1100 4081 1225 4138 hinc
1252 4092 1413 4153 atque
1443 4082 1568 4138 hinc
1595 4076 1816 4140 eductas
1837 4074 1889 4139 e't
1920 4097 2119 4156 prop0«

532 4179 664 4236 sitas
695 4177 919 4249 legimus
944 4195 957 4231 :
981 4177 1117 4234 adeo
1140 4186 1218 4244 ιιι,
1247 4177 1448 4249 aliquot
1471 4176 1595 4232 licet
1618 4177 1814 4234 eruditi
1843 4178 1896 4233 in
1926 4178 1990 4234 iis
2012 4176 2122 4234 dis-

520 4270 805 4326 solvendis
847 4272 1060 4325 naviter
1114 4270 1509 4336 laboraverint,
1564 4277 1741 4325 tamen
1792 4284 1901 4325 non
1948 4270 2120 4325 solum

536 4362 670 4418 nihil
701 4363 973 4434 potuerint
1000 4360 1286 4428 conﬁcere,
1313 4361 1406 4416 sed
1438 4360 1755 4417 conﬁciendi
1777 4361 1941 4417 etiam
1968 4361 2123 4432 quid-

536 4456 703 4527 piam,
731 4455 874 4527 quod
902 4464 1077 4510 ratum
1108 4456 1197 4520 sit,
1226 4469 1376 4525 Spem
1402 4454 1520 4510 aliis
1548 4455 1661 4511 fere
1688 4469 1903 4510 omnem
1934 4455 2126 4526 praeci-

533 4551 684 4606 disse
737 4549 1039 4604 videantnr.
1088 4547 1145 4603 Id
1195 4557 1371 4603 autem
1405 4546 1569 4621 (quod
1619 4549 1876 4604 hactenus
1920 4547 2124 4603 nemini

528 4642 583 4697 in
613 4643 974 4712 suSpiciouem
1007 4640 1219 4696 venisse
1238 4625 1722 4711 deprehendimus»)
1765 4656 1829 4696 ex
1860 4650 2125 4698 accuratae

528 4739 783 4797 editionis
812 4738 1025 4793 defectu
1066 4738 1326 4808 originem
1356 4737 1522 4792 ducit.
1557 4737 1877 4794 Prodicrunt
1904 4737 2125 4810 quidem

2222 3720 2349 3767 ante
2378 3727 2551 3769 annos
2580 3711 2753 3775 ferme
2777 3715 3167 3788 quinquaginta
3188 3714 3393 3775 abiisse
3419 3717 3667 3776 aliunde.
3694 3734 3831 3777 cou-

2222 3813 2369 3860 stare
2392 3805 2655 3875 potuerit:
2683 3809 2764 3863 Ad
2787 3808 2994 3864 laudem
3020 3819 3073 3864 et
3091 3810 3314 3882 gloriam
3340 3827 3557 3869 summa:
3576 3823 3621 3868 et
3640 3811 3832 3868 indiuit-

2224 3898 2342 3952 dua:
2372 3896 2659 3965 Trinitatis,
2683 3908 2731 3953 et
2753 3899 3061 3957 beatissima:
3094 3901 3323 3974 Virginis
3350 3901 3560 3971 Mariae,
3584 3914 3631 3959 et
3650 3903 3826 3961 beato-

2224 4006 2342 4046 rum
2377 3991 2685 4064 ponti/icum
2713 3989 2937 4049 Zenonis
2965 4004 3013 4049 et
3041 3992 3258 4051 Ctesarii
3280 4004 3327 4051 et
3364 3996 3595 4055 omnium
3619 4005 3830 4055 sanctos-

2223 4099 2361 4151 rum,
2386 4101 2643 4142 sermones
2663 4086 2714 4140 in
2737 4086 2831 4141 hoc
2858 4085 3114 4141 uolumine
3134 4088 3311 4163 positi,
3335 4098 3382 4146 et
3403 4105 3667 4162 nunquam
3695 4089 3833 4144 alias

2226 4177 2485 4248 impressi,
2536 4177 2867 4235 solertissime
2906 4180 3175 4252 recogniti,
3225 4190 3275 4237 et
3324 4183 3699 4243 studiosissime
3737 4198 3832 4252 per

2226 4271 2565 4326 uenerabilem
2620 4271 2833 4328 Patrem
2881 4272 3146 4330 Albertum
3208 4274 3558 4333 Castellauum
3613 4276 3834 4335 Ordinis

2229 4357 2641 4421 Prrcdicatorum
2690 4368 2921 4437 correcti,
2978 4385 3039 4423 ac
3089 4387 3182 4442 per
3223 4369 3533 4445 Magistrum
3577 4370 3834 4428 Iacobum

2230 4456 2293 4511 de
2320 4454 2493 4513 Leuco
2548 4459 2793 4531 impensis
2835 4461 3044 4518 Domini
3072 4462 3337 4522 Benedicti
3361 4464 3607 4523 Fontana
3660 4465 3833 4522 Vene-

2230 4549 2316 4604 tiis
2337 4549 2728 4625 diligentissime
2747 4554 2982 4627 impressi
3007 4574 3142 4612 anno
3162 4542 3377 4613 Domini
3402 4572 3725 4626 stcccccvttt,
3750 4559 3838 4615 die

2230 4656 2357 4697 xxxv
2376 4644 2621 4716 jouuarii
2658 4645 2875 4716 feliciter
2925 4648 3226 4718 empticium.
3264 4649 3387 4705 llaec
3440 4660 3618 4707 autem
3662 4650 3835 4707 editio

2232 4744 2483 4805 suscepta
2513 4737 2693 4792 statim
2715 4754 2744 4793 a
2782 4740 2982 4807 multis,
3015 4742 3269 4810 quamdiu
3299 4758 3405 4797 non
3424 4754 3683 4801 accurate
3707 4759 3834 4814 per-

527 4833 758 4889 Zenonis
791 4838 1044 4887 tractatus
1071 4807 1301 4901 primum
1324 4827 1564 4885 Venetiis
1594 4844 1683 4883 an.
1716 4807 2002 4895 uovntpex
2036 4845 2120 4883 νε·
2149 4807 2205 4869 Ῑ)
2232 4843 2394 4899 pensa
2411 4827 2529 4884 fuit.
2548 4832 2617 4887 At
2631 4847 2752 4887 cum
2772 4830 2960 4888 Sixtus
2981 4807 3623 4893 SonensisBibliothecam
3641 4807 3833 4894 elabo-

531 4927 813 4982 tristissimo
836 4926 1041 4989 codice,
1067 4938 1228 4994 quem
1252 4921 1460 4993 jamdiu
1491 4930 1616 4977 ante
1634 4920 1687 4976 in
1720 4921 1993 4995 Episcopii
2025 4924 2125 4980 Ve-

529 5018 780 5074 ronensis
809 5015 1132 5071 ὺὶιιιίοιιιθοει
1163 5015 1435 5071 Guarinus
1465 5014 1549 5069 vir
1574 5013 1959 5069 celeberrimus
1998 5030 2125 5070 nac-

531 5122 617 5166 tus
648 5109 853 5174 fuerat;
887 5108 1000 5163 haec
1027 5110 1170 5163 enim
1218 5108 1268 5162 in
1288 5106 1464 5169 fronte
1492 5107 1609 5178 ejus
1639 5106 1891 5163 editionis
1934 5108 2122 5181 legnno

529 5216 616 5261 tur
648 5220 660 5257 :
694 5200 889 5259 Eximii
934 5210 982 5255 et
1011 5200 1305 5256 excellentis
1348 5201 1443 5255 viri
1487 5200 1866 5271 praeterissinti
1901 5202 2127 5256 doctoris

529 5295 690 5351 sancti
715 5292 939 5348 Zenonis
978 5293 1205 5364 episcopi
1245 5291 1552 5348 Veronensis
1584 5308 1876 5347 sermonum
1908 5294 2128 5369 elegan-

538 5387 852 5443 tissimorum
895 5384 963 5438 ad
996 5386 1279 5455 populum,
1322 5395 1675 5457 excerptorum
1703 5402 1766 5441 ea:
1790 5386 2127 5441 vetustissimo

529 5479 785 5535 volumine
812 5477 1031 5533 Veronw
1059 5494 1090 5531 a
1112 5475 1345 5533 Gttarino
1384 5476 1660 5534 l'eronensi
1690 5479 1798 5535 viro
1824 5479 2125 5549 eloquentis—

528 5579 657 5632 simo
701 5577 756 5630 in
800 5573 1050 5648 episcopii
1104 5571 1408 5629 Veronensis
1452 5573 1757 5629 bibliotheca
1799 5586 2018 5648 reperto.
2066 5575 2125 5633 In

533 5680 641 5725 tres
668 5668 755 5724 illa
779 5665 1060 5738 dispertita
1090 5664 1256 5723 libros
1286 5666 1407 5731 fuit,
1429 5681 1657 5738 quorum
1687 5668 1893 5741 primus
1914 5674 2122 5727 sermu-

533 5776 629 5817 nes
654 5762 1030 5832 complectitur
1060 5776 1163 5839 xvtt
1195 5802 1208 5827 ,
1257 5761 1343 5829 qui
1370 5769 1486 5815 sunt
1534 5759 1596 5816 de
1639 5761 1909 5818 virtutibus
1954 5772 2003 5818 et
2052 5763 2128 5818 ui~

543 5855 658 5923 tiis;
709 5853 980 5912 secundus
1024 5869 1304 5913 sermones
1351 5869 1592 5927 xxxvut,
1624 5856 1710 5928 qui
1733 5868 1852 5913 sunt
1893 5857 1955 5913 de
1980 5857 2127 5914 rebus

2232 4932 2470 4989 raturus,
2499 4924 2553 4980 in
2582 4942 2684 4997 qua
2713 4925 2783 4982 de
2809 4927 3034 4999 singulis
3061 4927 3449 4985 ecclesiasticis
3473 4929 3834 5000 scriptoribus

2230 5017 2488 5091 judicium
2520 5020 2674 5089 tulit,
2705 5020 2877 5077 editos
2905 5019 3136 5077 Zenonis
3175 5038 3458 5081 sermones
3498 5025 3569 5081 ad
3592 5024 3835 5083 calculos

2232 5112 2524 5180 revocavit,
2558 5122 2637 5168 tot
2655 5113 3001 5169 difﬁcultates
3029 5114 3236 5185 eduxit,
3269 5117 3422 5173 ut.de
3449 5117 3707 5179 editionis
3733 5118 3833 5175 de-

2234 5207 2376 5264 fectu
2406 5208 2540 5265 nihil
2577 5209 2898 5279 suSpicatus,
2930 5208 3206 5269 Zenonem
3240 5213 3308 5270 ab
3337 5213 3835 5273 ecclesiasticon

2232 5311 2517 5358 auctorum
2565 5301 2688 5358 albo
2731 5303 3146 5376 expungendum
3193 5306 3558 5365 contenderit.
3612 5306 3835 5367 Etenim

2232 5410 2357 5453 cum
2385 5412 2447 5453 ea
2477 5397 2646 5454 editio
2675 5408 2934 5456 tractatus
2962 5402 3167 5474 aliquot
3210 5403 3438 5460 aliorum
3482 5402 3833 5477 Scriptorum

2233 5488 2375 5545 inter
2423 5488 2762 5547 Zenonianos
2802 5492 3038 5549 insertos
3067 5507 3131 5551 ac
3160 5494 3500 5553 intermistos
3536 5494 3833 5565 exhibeat,

2228 5580 2301 5636 ita
2326 5590 2382 5635 ut
2409 5598 2515 5638 non
2540 5584 2713 5641 solum
2742 5585 2876 5642 nihil
2903 5582 3235 5645 discriminis
3271 5588 3493 5656 aﬂ'erat,
3521 5601 3632 5661 quo
3668 5587 3832 5651 alteri

2234 5675 2304 5733 ab
2330 5677 2519 5736 alteris
2543 5677 2835 5738 internosci
2875 5690 3095 5752 queant,
3124 5682 3222 5739 sed
3250 5695 3443 5738 omnes
3456 5681 3625 5739 etiam
3653 5695 3833 5753 pera»

2236 5784 2340 5838 que
2370 5785 2469 5840 pro
2511 5771 2746 5830 Zenonis
2776 5773 2973 5836 fetibus
2994 5773 3259 5838 venditet.
3307 5790 3416 5831 uno
3444 5784 3693 5846 excepto,
3741 5772 3838 5846 qui

2236 5862 2293 5919 S.
2325 5862 2612 5921 Gaudentii
2654 5863 2890 5925 Brixiani
2917 5866 3161 5940 episcOpi
3188 5866 3409 5927 nomine
3455 5860 3832 5940 praenotatur}
