3998 6332
235 344 291 409 l3
1322 346 1887 415 BALLEtttNtouuu
1912 345 2326 411 'PREFATIO.
3427 352 3494 415 η

231 467 510 537 vehemens,
544 482 639 525 seu
667 464 847 540 potius
871 468 1118 537 evidens,
1148 462 1292 541 quod
1325 488 1422 545 pro
1463 472 1785 543 quibusdam
1815 470 1859 530 Α
1893 469 2185 527 novissima
2213 467 2276 526 8.
2324 467 2595 525 Ambrosii
2623 467 2861 526 editione
2904 467 3159 542 cognosci
3178 470 3404 543 potest),
3437 480 3496 528 et

231 574 257 615 ι
281 559 485 616 Zenone
521 560 893 632 sbiudicandis
936 563 1280 620 sermonibus
1322 564 1586 621 subolevit
1625 581 1785 637 argu-

231 663 461 721 mentum,
488 669 707 713 causam
756 657 890 712 satis
927 672 1137 727 sequam
1169 659 1417 729 pnubuit,
1472 667 1532 714 ut
1573 659 1790 716 castoris

234 762 427 816 quoque
466 748 716 804 omnibus
760 749 814 804 in
847 749 1069 806 dubium
1118 753 1344 819 vocatis,
1371 765 1436 807 ea
1484 759 1793 809 moveretur

227 837 446 909 gustia,
502 848 680 895 utrum
736 841 798 898 S.
859 841 1011 898 Zeno
1061 842 1390 901 Veronensis
1444 844 1608 901 fuerit
1662 860 1791 901 vere

232 933 439 1003 scriptor
461 932 761 1006 aliquorum
788 951 1101 995 sermonum
1131 937 1275 996 inter
1295 940 1588 1010 scriptores
1616 940 1791 996 eccle-

226 1025 445 1083 siastieos
480 1028 872 1097 reocnsendus,
902 1046 998 1087 seu
1037 1036 1313 1105 cujumant
1348 1047 1465 1088 uere
1503 1033 1605 1088 sint
1634 1048 1792 1102 opera

225 1120 366 1176 uncti
380 1121 529 1193 hujus
546 1123 749 1178 nouunt
770 1124 1054 1196 adscripta,
1075 1136 1134 1182 ut
1158 1126 1218 1182 P.
1246 1126 1591 1183 Mabillonius
1611 1126 1790 1198 loqui-

224 1223 301 1268 tur
325 1214 371 1267 in
401 1214 637 1272 Elcncbo
662 1219 1057 1287 precipuarum
1089 1218 1466 1275 difﬁcultatum
1496 1220 1680 1278 saeculi
1707 1236 1786 1290 tu,

221 1321 340 1377 quas
361 1306 557 1364 eximio
574 1310 731 1379 operi
761 1313 827 1366 de
844 1311 1031 1367 studiis
1056 1310 1361 1368 Hennensi:
1387 1313 1640 1381 subjecit.

302 1399 357 1455 ll.
396 1400 486 1457 liae
510 1402 732 1472 quidem
758 1403 921 1460 editae
948 1404 1183 1475 primum
1209 1421 1238 1459 a
1267 1404 1420 1461 Sixto
1460 1405 1711 1468 Senensi,
1738 1413 1794 1462 et

222 1491 333 1548 dein
357 1492 425 1547 ab
445 1494 589 1561 aliis,
614 1494 709 1564 qui
731 1495 785 1552 in
802 1495 924 1567 ejus
942 1499 1277 1555 transierunt
1303 1500 1649 1561 sententiam.
1666 1514 1792 1555 sus-

228 1594 383 1656 cepta
407 1593 568 1657 atque
591 1586 879 1644 inculcatas
901 1588 1247 1647 difficultates
1273 1600 1332 1647 ut
1356 1590 1792 1648 diluerentur-ab

220 1677 305 1745 iis,
323 1678 404 1750 qui
427 1694 525 1750 pro
543 1679 602 1737 8.
625 1677 863 1738 lenonis
880 1683 1054 1754 gloria
1076 1683 1413 1749 laborabant,
1436 1685 1539 1741 alia
1560 1686 1791 1741 subinde

228 1771 447 1841 ejusdem
473 1771 645 1830 editio
682 1775 784 1831 sub
807 1775 1067 1834 cardinali
1098 1770 1405 1848 Augustine
1429 1777 1648 1835 Valerio
1691 1779 1793 1836 Ve-

1890 563 2062 633 ipsius
2086 563 2289 618 codicis
2308 570 2363 618 et
2390 562 2577 633 primae
2604 561 2861 618 editionis
2910 563 3071 619 fidem
3095 563 3151 620 in
3189 579 3300 620 non
3330 564 3498 621 nullis

1892 652 2250 710 deserendum
2285 653 2519 724 putarint
2546 694 2559 719 ,
2597 663 2650 708 ut
2680 668 2747 710 ex
2788 652 3114 710 adnotandis
3138 669 3239 711 suo
3259 655 3378 711 loco
3403 671 3497 726 pa-

1894 750 1997 804 lam
2030 749 2143 805 flet.
2178 749 2311 805 llinc
2339 764 2472 822 ergo
2500 752 2556 805 in
2582 750 2880 808 Veronensi
2902 750 3145 807 editione
3169 766 3233 807 ac
3272 751 3491 808 caeteris

1893 841 2021 899 inde
2046 842 2304 899 derivatis
2335 854 2536 913 praeter
2558 843 2837 901 confusam
2860 844 3338 915 perturbatamque
3357 844 3493 900 alie-

1894 952 2087 992 norum
2121 946 2446 994 tractatuum
2477 953 2599 994 cum
2628 938 2955 995 Zenonianis
2981 938 3316 1004 mistionem,
3346 938 3497 995 arbi-

1894 1030 2059 1085 traria
2099 1030 2305 1101 aliquot
2336 1030 2576 1088 locorum
2619 1032 2997 1104 interpolatio,
3026 1032 3228 1088 nemini
3259 1039 3491 1087 caetero-

1892 1127 2045 1198 quin,
2078 1127 2220 1198 quod
2265 1126 2527 1183 hactenus
2570 1127 2887 1192 viderimus,
2917 1127 2988 1182 ob
3016 1127 3207 1198 prima:
3236 1123 3492 1180 editionis

1894 1219 2172 1275 raritatem
2221 1220 2545 1287 observata,
2599 1219 2890 1291 plurimum
2966 1218 3245 1275 offendere
3309 1218 3493 1274 debet.

1896 1312 2136 1370 Tandem
2185 1313 2286 1370 alia
2327 1328 2450 1369 cum
2497 1313 2685 1384 primae
2709 1354 2723 1377 ,
2758 1321 2869 1368 tum
2910 1311 3134 1384 reliquis
3164 1310 3495 1367 editionibus

1894 1406 2199 1463 communia
2236 1406 2527 1462 identidem
2550 1405 2817 1470 incidunt,
2838 1418 2959 1477 qtlte
2981 1405 3085 1460 etsi
3103 1403 3170 1458 ad
3198 1406 3491 1458 Auctorem

1895 1498 2346 1572 dignoscendurn,
2377 1498 2461 1553 \th
2491 1499 2733 1555 editores
2762 1495 3269 1568 reprehendendos,
3295 1495 3341 1550 si
3364 1494 3489 1565 qui-

1895 1592 2019 1649 dem
2052 1594 2106 1649 in
2132 1594 2289 1665 culpa
2335 1607 2442 1648 non
2472 1592 2706 1656 fuerint,
2739 1592 2873 1648 nihil
2924 1592 3269 1662 pertineant,
3312 1598 3492 1644 tamen

1904 1695 2172 1744 accuratae
2220 1686 2479 1743 editionis
2532 1684 2989 1742 commendationi
3048 1682 3338 1755 plurimum
3391 1683 3491 1738 de-

1896 1780 2140 1845 trahunt,
2171 1779 2377 1847 aliquot
2400 1779 2653 1835 nimirum
2682 1787 2860 1833 errata
2894 1793 3003 1834 non
3026 1778 3167 1833 levis
3196 1776 3491 1843 momenti,

218 1867 423 1922 mensi
448 1864 694 1926 antistite
732 1871 1177 1941 prastantissimo
1200 1872 1433 1930 Veronae
1459 1884 1646 1930 curata
1690 1873 1790 1929 fuit
1817 1873 1865 1934 Β
1894 1887 2017 1943 qua:
2033 1885 2365 1943 cognoscere
2382 1870 2541 1927 facile
2559 1879 2665 1935 est,
2691 1870 2967 1941 corrigere
2985 1885 3052 1924 ex
3074 1868 3313 1925 auctoris
3338 1882 3492 1922 men-

218 1973 356 2019 IIItto
393 1975 696 2030 locus",
738 1979 900 2035 quam
950 1965 1191 2037 liapbael
1235 1965 1431 2037 Bagata
1459 1977 1512 2024 et
1552 1967 1791 2038 Baptista

214 2052 450 2113 Perettcs
472 2067 731 2116 auctores
759 2058 881 2116 aliis
924 2060 1181 2130 operibus
1227 2060 1345 2116 noti
1394 2061 1462 2117 ad
1487 2063 1680 2117 codicis
1709 2078 1792 2119 ve-

214 2148 365 2211 mu‘,
407 2165 561 2220 quem
614 2157 701 2207 ter
722 2152 774 2208 in
819 2152 1138 2223 pra-tatione
1181 2155 1474 2225 appellant,
1514 2158 1792 2227 exemplar

218 2241 403 2297 alicubi
426 2243 789 2312 emendatam,
820 2245 1070 2319 vindiciis
1094 2248 1226 2303 satis
1252 2247 1387 2305 fusis
1431 2247 1793 2317 praemunien-

211 2333 323 2388 dam
364 2344 649 2404 putarunt:
681 2353 854 2408 eaque
902 2353 1026 2395 mox
1074 2339 1131 2394 in
1161 2348 1394 2411 quatuor
1436 2340 1789 2398 Bibliotheca:

212 2425 414 2481 Patrum
436 2427 785 2494 editionihus,
815 2439 870 2486 at
908 2430 1268 2503 negligentius
1292 2432 1569 2504 aliquanto
1588 2475 1602 2500 ,
1628 2450 1788 2504 repe-

212 2518 295 2573 tita
320 2519 453 2585 fuit,
481 2537 547 2577 ac
574 2513 792 2579 tandem
840 2534 1092 2595 separato
1132 2526 1411 2582 volumine
1454 2527 1790 2585 enucleatius

212 2627 382 2669 recusa
410 2612 615 2673 Patavii
642 2631 730 2671 an.
756 2628 951 2675 luceat.
975 2619 1046 2673 At
1065 2619 1231 2676 multa
1263 2620 1382 2677 licet
1414 2635 1513 2691 pro
1539 2621 1788 2678 vindiciis

211 2706 395 2779 scripta
422 2707 658 2776 fuerint,
690 2724 814 2764 cum
844 2719 1020 2768 tamen
1055 2711 1171 2783 ipsa
1203 2712 1254 2767 in
1302 2713 1543 2769 editione
1592 2724 1789 2783 praeter

207 2797 352 2853 alium
396 2815 710 2857 sermonum
760 2801 1029 2871 ordinem,
1082 2819 1192 2873 quo
1240 2804 1329 2859 isti
1371 2804 1425 2859 in
1451 2804 1590 2861 duos
1619 2805 1788 2861 libros

498 2905 821 2961 cernuntur,
851 2896 984 2952 nihil
1015 2906 1268 2953 occurrat
1299 2900 1445 2966 novi,
1472 2900 1567 2955 sed
1596 2914 1790 2956 omnes

212 2998 631 3075 Hecataeaque
659 2991 766 3047 sint
796 2992 1116 3063 perturbati,
1137 2994 1423 3065 .permisti,
1452 3009 1517 3049 ac
1561 3010 1658 3065 pro
1686 2994 1790 3051 Ze-

214 3084 455 3143 asaianis
474 3084 764 3153 divenditi,
795 3086 831 3141 ii
858 3089 1055 3155 etiam,
1082 3101 1220 3158 quos
1250 3088 1454 3143 alienos
1483 3104 1605 3144 esse
1650 3089 1787 3146 Sixti

214 3187 510 3248 argmenta
532 3178 878 3235 manifestum
911 3180 1149 3234 fecerant
1181 3194 1571 3251 :quaccumqne
1598 3181 1652 3237 in
1677 3192 1782 3236 tum

1896 1974 1949 2021 te
1973 1964 2357 2020 difficillimum
2384 2005 2400 2031 ,
2434 1964 2739 2019 lnxationes
2783 1976 2891 2017 non
2921 1976 3108 2033 pauca
3131 2003 3146 2029 ,
3192 1975 3313 2031 qua
3351 1974 3496 2015 nunc

1894 2058 2183 2115 obscuram
2202 2098 2216 2125 ,
2246 2071 2390 2113 nunc
2418 2070 2664 2114 mancam
2692 2062 2751 2111 et
2792 2055 2935 2111 forte
2971 2055 3134 2111 etiam
3162 2054 3397 2109 alienam
3426 2053 3496 2109 ab

1894 2161 2116 2207 auctore
2146 2151 2474 2207 sententiam
2524 2148 2801 2215 referunt;
2840 2158 2899 2205 ut
2947 2148 3177 2219 proinde
3222 2145 3334 2203 dici
3371 2146 3494 2217 jure

1895 2246 2105 2316 possit,
2138 2245 2280 2300 inter
2304 2253 2381 2299 tot
2402 2242 2692 2310 editiones,
2719 2257 2841 2314 qua
2867 2241 3104 2298 [renotus
3131 2255 3327 2296 nomen
3358 2254 3494 2310 pm:-

1895 2336 2102 2402 ferunt,
2138 2338 2338 2391 nullam
2367 2336 2628 2392 hactenus
2654 2333 2939 2405 prodiisse,
2972 2348 3094 2406 quae
3118 2332 3357 2390 Zenonis
3377 2332 3496 2389 edi-

1895 2433 1972 2488 tio
2001 2446 2130 2489 vere
2154 2431 2226 2486 sit
2257 2445 2320 2487 ac
2346 2430 2611 2501 appellari
2642 2429 2856 2485 debeat.

1966 2525 2051 2581 lll.
2106 2525 2202 2581 His
2250 2524 2502 2581 omnibus
2555 2533 2615 2580 ut
2658 2523 2954 2580 remedium
3005 2521 3316 2589 aﬂ'crretur,
3354 2537 3494 2580 nova

1893 2617 2135 2689 paranda
2156 2616 2328 2673 fuerat
2356 2616 2544 2684 editio,
2573 2617 2624 2671 in
2656 2632 2779 2686 qua,
2814 2624 2873 2670 ut
2900 2623 3273 2671 accnratarum
3297 2615 3494 2672 editio-

1894 2727 2022 2766 num
2054 2711 2194 2765 ratio
2239 2711 2476 2780 postulat
2493 2750 2508 2774 ,
2541 2708 2808 2777 separatis
2834 2706 3028 2762 alienis
3054 2721 3088 2763 a
3113 2707 3365 2778 genuinis
3391 2706 3494 2765 Ze-

1892 2805 2052 2861 nonis
2072 2804 2439 2871 sermonibus,
2487 2802 2754 2873 suppletis
2780 2801 3005 2866 lacunis,
3040 2800 3254 2861 mendis
3275 2816 3492 2859 correc-

1894 2897 1963 2953 tis
1994 2907 2181 2952 sancto
2214 2896 2487 2966 Episcopo
2522 2911 2622 2951 sua
2662 2910 2828 2965 Opera
2862 2893 3241 2961 redderentur,
3269 2904 3324 2951 et
3363 2910 3493 2953 auc-

1893 2990 2089 3047 toritas
2110 2990 2500 3047 vindicaretur.
2525 2990 2634 3045 Nos
2658 2991 2843 3062 itaque
2870 2989 3164 3049 editionem
3192 2989 3245 3045 id
3265 2992 3484 3060 generis

1878 3095 1921 3144 ‘a
1962 3087 2136 3144 doctis
2160 3086 2367 3158 jamdiu
2395 3086 2689 3157 expetitam
2716 3127 2733 3151 ,
2758 3095 2813 3141 et
2841 3084 2901 3142 S.
2929 3084 3164 3142 Zenonis
3205 3086 3399 3142 honori
3431 3087 3488 3143 in

1892 3183 2158 3252 integrum
2208 3180 2545 3236 restituendo
2590 3178 3057 3250 ‘pcrnecessariam
3107 3194 3335 3250 parare,
3361 3188 3489 3237 ante

208 3271 351 3326 Itala
384 3286 568 3327 ausa
620 3272 978 3343 patrocinium
1006 3272 1114 3328 dici
1163 3282 1417 3343 potuere,
1448 3291 1558 3331 non
1613 3275 1785 3331 solum
1815 3275 1862 3340 C
1893 3276 2097 3347 aliquot
2116 3290 2293 3332 annos
2320 3273 2671 3333 volvebamus
2702 3274 2752 3327 in
2781 3272 2999 3328 animo:
3023 3281 3080 3329 at
3105 3287 3225 3329 cum
3251 3273 3304 3328 in
3325 3273 3487 3330 rebus

220 3362 331 3418 nihil
354 3364 720 3434 profecerunt,
746 3365 841 3421 sed
868 3366 934 3421 ad
961 3365 1385 3438 indignationem
1412 3369 1595 3441 potius
1617 3370 1784 3425 exsti-

204 3460 465 3515 tsulamnt
494 3474 602 3516 non
632 3460 899 3517 nuilorum
939 3461 1171 3528 animos,
1199 3476 1528 3533 causamque
1584 3463 1779 3535 ipsam,

207 3567 310 3622 quas
335 3553 699 3611 imbedllibus
727 3554 884 3610 valde
912 3557 1245 3626 argumentis
1265 3556 1528 3614 snb‘ulciri
1560 3573 1625 3615 ac
1662 3574 1782 3615 sus-

200 3645 379 3701 tentari
418 3645 645 3714 debuit,
695 3646 1107 3703 imbecilliorem
1150 3649 1324 3704 multo
1348 3650 1782 3723 deterioremque

203 3752 310 3795 esse
331 3781 346 3805 ,
392 3754 558 3809 quam
597 3749 756 3797 antea
784 3738 981 3809 fuerat,
1010 3742 1278 3811 aliquibus
1312 3757 1649 3812 persuasere.
1696 3743 1779 3801 Ad

204 3829 563 3888 difﬁcultatum
590 3847 755 3903 porro
773 3833 1048 3889 cumulum
1079 3832 1178 3888 hac
1206 3834 1259 3889 in
1291 3834 1525 3891 editione
1550 3838 1782 3893 accessit

198 3926 343 3980 etiam
377 3934 619 3995 tempus,
668 3940 777 3996 quo
822 3924 882 3981 8.
916 3922 1187 3981 Zenonem
1242 3926 1491 3982 ﬂoruisse
1541 3927 1779 3984 editores

198 4026 491 4075 statuunt
513 4035 531 4073 :
557 4017 705 4089 quod
723 4033 853 4074 cum
874 4018 1080 4088 aliquot
1098 4033 1411 4077 sermonum
1455 4022 1779 4078 testimoniis

197 4111 497 4168 adversetur
542 4110 868 4179 manifeste,
916 4127 1016 4183 pro
1067 4114 1324 4170 sedandis
1367 4116 1777 4185 repugnantium

194 4202 731 4267 Marinus,
748 4219 847 4261 eos
867 4205 921 4259 in
948 4206 1152 4275 majora
1178 4207 1400 4262 discidia
1422 4217 1774 4264 exacuerunt.

196 4296 549 4357 ilisornniras
570 4300 639 4355 ad
658 4301 1015 4371 traiectionem
1041 4302 1110 4358 de
1129 4303 1367 4361 Auctore
1390 4303 1778 4372 pertinentibus

197 4389 317 4448 adde
346 4393 454 4448 alia
494 4407 604 4448 non
627 4392 776 4448 nulla
796 4434 811 4461 ,
858 4408 980 4464 quae
1010 4393 1077 4448 ad
1107 4394 1364 4450 editionis
1397 4396 1566 4465 ipsius
1612 4395 1779 4450 decus

198 4486 582 4543 tacendum
613 4502 723 4541 non
753 4486 1033 4543 minimum
1056 4488 1366 4545 crnrt‘erunt.
1400 4489 1655 4546 Vetusius
1680 4505 1776 4545 co-

196 4578 307 4645 αι,
330 4596 498 4653 quem
524 4590 610 4636 ter
634 4580 690 4636 in
732 4580 1048 4652 praefatione
1085 4582 1411 4653 appeiiatum
1444 4583 1774 4651 notavimus,

1887 3370 2153 3444 eiusmodi
2185 3372 2307 3427 sine
2334 3368 2717 3440 manuscriptis
2736 3368 2933 3424 confici
2961 3367 3093 3423 nihil
3122 3367 3312 3437 possit,
3345 3367 3489 3424 inter

1886 3467 2172 3539 legendum
2206 3476 2390 3525 autent
2413 3467 2467 3521 in
2490 3465 2737 3520 notitiam
2764 3463 3101 3519 venissemus
3120 3461 3487 3534 antiquissimi

1884 3561 2111 3629 codicis,
2133 3577 2293 3633 quem
2320 3558 2668 3616 Remensium
2697 3556 3174 3614 Beuedictinorum
3195 3556 3485 3615 bibliotheo

1880 3668 1958 3711 cae
1987 3663 2113 3709 ante
2152 3667 2324 3709 annos
2350 3653 2522 3709 ferme
2571 3662 2877 3722 nongentos
2918 3651 2987 3707 ab
3018 3650 3311 3708 Hincmaro
3364 3652 3481 3722 epis

1882 3763 2048 3820 scopo
2068 3747 2213 3804 dono
2235 3747 2422 3803 datum
2441 3789 2454 3814 ,
2486 3746 2546 3802 P.
2574 3744 2884 3803 Ruinartius
2907 3744 2963 3800 in
2991 3756 3108 3802 acta
3141 3744 3200 3803 S.
3228 3744 3482 3812 Arcadii,
3513 3753 3516 3757 '

1878 3849 1933 3896 et
1987 3840 2048 3895 P.
2091 3839 2439 3895 Constantius
2486 3839 2537 3893 in
2594 3838 2851 3893 Veterum
2910 3834 3172 3893 Codicum
3226 3837 3483 3894 vindiciis

1882 3948 2003 4005 pag.
2031 3933 2333 4000 295,acin
2373 3932 2611 3989 editione
2660 3931 2849 3987 Hilarii
2902 3946 3023 4003 pag.
3068 3930 3176 3987 ιθδ
3224 3931 3484 3989 editionis

1884 4024 2236 4093 Veronensis,
2265 4026 2463 4097 aliique
2491 4026 2653 4080 etiam
2694 4023 2821 4078 alibi
2844 4034 3275 4079 commemorant
3306 4042 3321 4077 τ
3348 4023 3482 4080 illud

1881 4118 2256 4189 cogitavimus,
2291 4131 2645 4189 quacumque
2672 4115 2950 4186 diligentia
2983 4118 3034 4171 in
3063 4115 3185 4171 aliis
3214 4117 3483 4172 recentioo

1880 4210 2032 4265 ribus
2060 4210 2279 4281 quidem
2311 4209 2481 4265 multo
2512 4210 2896 4279 manuscriptis
2926 4208 3080 4265 libris
3125 4224 3156 4263 ιι
3186 4209 3344 4266 nobis
3368 4211 3483 4266 col.

1881 4305 2191 4371 locaretur,
2237 4318 2355 4360 eam
2384 4302 2570 4369 nihili,
2615 4303 2696 4359 vel
2751 4302 2956 4358 minimi
2988 4303 3229 4359 habitum
3284 4305 3381 4370 iri,
3429 4308 3482 4361 sl

1882 4409 1987 4455 tam
2032 4400 2311 4470 antiquum
2360 4398 2601 4455 codicem
2652 4397 2769 4452 orbi
2820 4397 3081 4453 litterario
3122 4397 3231 4467 jam
3284 4408 3474 4454 notum

1882 4495 2202 4565 prosternet.
2235 4492 2417 4564 itaque
2446 4491 2647 4546 tamdiu
2676 4506 2703 4544 a
2729 4498 3104 4561 praconcepto
3130 4506 3297 4562 opere
3324 4490 3487 4547 duxi.

1880 4604 2002 4645 tntis
2027 4587 2487 4658 supersedendum
2510 4629 2524 4652 ,
2554 4583 2729 4655 quoad
2761 4584 2881 4655 ejus
2919 4584 3124 4640 codicis
3157 4587 3476 4647 consulendi

196 4666 319 4728 ita
358 4673 459 4729 ille
500 4672 753 4741 videtur,
800 4689 959 4746 quem
997 4676 1139 4731 inter
1167 4674 1474 4731 testimonia
1520 4685 1773 4732 uetustum
1799 4676 1855 4737 D
1878 4690 1933 4737 et
1969 4680 2283 4736 conferendi
2314 4679 2470 4750 copia
2500 4692 2596 4749 per
2623 4678 2856 4748 aliquem
2886 4676 3060 4733 ﬁeret.
3089 4677 3307 4733 Interim
3341 4695 3475 4736 con-

196 4767 405 4823 adiacet
423 4769 833 4838 αιωαὶριιιιιι
857 4771 1155 4829 ωακειαῦ
1175 4771 1341 4826 σακειὲ
1359 4769 1579 4826 Zenonis
1602 4771 1776 4831 edito-

194 4878 270 4919 res
292 4872 515 4929 vacant,
562 4878 684 4919 cum
703 4878 771 4919 ea
793 4863 985 4924 eadem
1016 4864 1287 4937 Anonymi
1326 4863 1684 4937 fragmentum
1713 4863 1783 4943 de

194 4955 671 5016 1Vth
690 4955 976 5028 proferunt
996 4995 1011 5012 .
1026 4957 1129 5013 Hic
1153 4968 1330 5014 autem
1354 4958 1526 5014 codex
1549 4973 1603 5012 tn
1629 4958 1775 5028 ejus-

195 5049 637 5109 dclrlonaaterii
670 5050 993 5109 birliotbeca
1013 5051 1271 5111 hactenus
1291 5052 1615 5119 custoditus,
1636 5069 1770 5123 prm-

198 5150 268 5199 tcr
289 5161 453 5217 quam
478 5143 623 5216 quod
652 5144 971 5200 reccntioris
1002 5144 1172 5200 multo
1199 5154 1284 5201 est
1308 5145 1486 5202 aetatis
1514 5146 1771 5217 (scriptus

190 5240 464 5297 “ﬁt
488 5240 689 5296 secuto
712 5236 833 5308 av),
865 5237 1169 5296 editorﬂnt‘s
1214 5240 1353 5295 adeo
1399 5239 1618 5295 modico
1654 5239 1775 5295 usui

194 5330 345 5390 fuisse
364 5331 812 5404 adeps-ehem
832 5371 850 5399 ,
901 5342 963 5387 ut
990 5345 1155 5403 pauca
1184 5332 1431 5403 quaedam
1464 5332 1580 5389 loca
1602 5374 1618 5402 ,
1651 5349 1773 5403 quae

190 5422 429 5496 iam
444 5427 697 5487 editione
710 5436 871 5489 erant
886 5427 1317 5496 corruptissima,
1336 5427 1627 5482 emendare
1644 5441 1771 5482 con-

195 5518 331 5585 tenti,
360 5522 415 5574 in
441 5516 567 5577 ai'n's
591 5534 701 5576 non
740 5518 919 5579 solum
948 5518 1083 5576 nihil
1109 5518 1467 5587 mufecerint,
1516 5520 1612 5576 sed
1647 5535 1768 5577 cum

190 5610 652 5670 αιιήϋούεῶ
690 5610 957 5673 anticum
999 5609 1315 5669 imitandam
1362 5612 1767 5683 praesttituerint,

192 5713 280 5770 sua
305 5704 386 5760 usi
414 5703 633 5760 fuerant
656 5704 716 5770 ii,
739 5705 830 5776 qui
883 5703 986 5760 sub
1014 5704 1270 5776 auSpiciis
1298 5705 1439 5762 Sixti
1463 5705 1527 5773 V,
1551 5706 1609 5763 8.
1641 5706 1769 5762 Am-

192 5789 745 5872 anpcr
772 5797 1065 5857 ediderant
1086 5797 1231 5871 (Amo
1258 5799 1771 5871 autemrcujusmodi

195 5884 335 5946 fuerit
352 5930 369 5957 ,
388 5889 645 5951 omnibus
663 5891 837 5949 doctis
866 5890 999 5951 viris
1031 5892 1145 5965 iam
1172 5902 1360 5951 natum
1383 5901 1471 5951 est
1516 5903 1677 5968 atque
1703 5908 1771 5953 ex

1885 4774 2022 4846 tigit,
2048 4772 2355 4829 utltlarcliio
2379 4771 2560 4843 Scipio
2587 4769 2828 4826 Mall‘eius
2867 4771 3029 4826 totius
3069 4770 3346 4827 litterariae
3374 4774 3481 4828 rci-

1884 4866 2114 4938 pubtica:
2134 4865 2301 4921 decus
2320 4863 2702 4930 clarissimum,
2736 4861 3003 4919 eruditum
3045 4862 3149 4919 iter
3174 4864 3227 4919 in
3247 4863 3476 4925 Galliam

1882 4959 2202 5030 susciperet.
2257 4959 2407 5015 Hanc
2449 4973 2577 5030 ergo
2637 4958 2978 5014 occasionem
3018 4967 3473 5028 peropportunam

1880 5054 1986 5109 rati
2013 5054 2069 5109 in
2113 5068 2264 5125 spem
2312 5053 2556 5109 venimus
2584 5050 2701 5107 fure
2722 5094 2735 5118 ,
2769 5060 2826 5106 ut
2850 5051 2943 5106 ille
2971 5051 3141 5107 codex
3167 5067 3329 5124 quam
3351 5053 3476 5111 dilis

1877 5149 2193 5219 gentissime
2213 5146 2555 5204 conferretur
2576 5162 2698 5202 cum
2724 5145 2901 5207 editis,
2932 5144 3165 5217 indeque
3203 5148 3448 5205 variante
3547 5208 3551 5212 _

1876 5242 2135 5299 lectiones
2155 5257 2216 5298 ac
2227 5251 2423 5299 czctera
2442 5250 2627 5297 notatu
2642 5241 2801 5311 digna
2820 5239 3273 5297 describerentur.
3293 5241 3479 5314 harpe

1876 5337 2148 5394 litteratus
2170 5337 2260 5413 ille
2305 5337 2533 5407 eximius
2558 5337 2906 5404 omniumque
2933 5333 3242 5403 pulitinrum
3271 5338 3471 5410 artium

1874 5445 1941 5486 ac
1963 5430 2367 5500 disciplinarum
2392 5428 2567 5484 fautor
2597 5426 3098 5500 prmstantissimus,
3129 5443 3191 5483 ac
3212 5427 3271 5485 S.
3298 5428 3472 5485 Zeno-

1878 5523 1964 5579 nis
1988 5522 2233 5595 apprime
2263 5523 2567 5588 studiosus,
2598 5522 2684 5578 cui
2717 5532 2960 5576 nostrum
2985 5521 3271 5578 consilium
3303 5524 3474 5579 maxi-

1874 5634 1964 5674 me
1986 5619 2333 5689 probabatur,
2347 5618 2467 5674 cum
2491 5617 2759 5673 Lutetiam
2776 5615 3107 5672 Parisiorum
3129 5616 3473 5689 accessisset,

1874 5710 1985 5782 egit
2011 5711 2191 5766 statim
2214 5725 2337 5767 cum
2366 5711 2530 5768 docto
2557 5721 2613 5767 et
2639 5708 2899 5783 pernobili
2923 5710 3036 5763 viro
3059 5706 3266 5765 Joanne
3290 5709 3475 5767 Leues.

1874 5819 2005 5875 ques
2019 5804 2085 5858 de
2109 5803 2372 5878 Barigug;
2400 5806 2443 5860 is
2462 5815 2641 5863 autem
2664 5816 2788 5859 cum
2810 5802 2872 5856 Β.
2894 5798 3185 5858 Franciseo
3212 5801 3476 5878 Maitlefer

1876 5911 1907 5953 a
1939 5897 2270 5959 Bibliotheca
2314 5899 2601 5957 lumensis
2628 5893 2968 5965 morrasterii,
3000 5903 3057 5954 nt
3079 5911 3204 5958 cum
3231 5899 3476 5959 codicem
