3952 6320
474 317 541 373 15
1893 310 2438 372 «PROLEGOMENA.
3695 313 3754 369 i6

473 432 664 488 liceret
685 431 987 500 inspicere;
1035 437 1233 484 etcum
1263 428 1379 500 ejus
1411 428 1621 500 legendi
1649 427 2072 497 perhumanissi-
2098 431 2143 490 Α
2177 431 2238 486 S.
2275 431 2530 504 Remigio.
2562 430 2687 486 llirc
2710 429 3003 499 descriptio
3031 429 3254 485 codicis.

473 543 560 581 me
611 524 745 580 facta
789 524 975 579 fuisset
1015 522 1276 586 facultas,
1325 522 1568 578 Matl’eius
1619 531 1824 588 uoster,
1877 523 2069 578 eodem

472 618 682 674 Joanne
725 616 997 672 collationi
1043 631 1200 686 opem
1231 615 1439 670 ferente
1465 657 1478 678 ,
1511 617 1783 670 variantes
1815 616 2072 670 lectiones

472 711 684 781 aliaque
725 709 1068 764 consideratu
1119 710 1278 780 digna
1328 723 1536 764 summa
1564 724 1687 764 cum
1734 709 2011 780 diligentia
2040 723 2071 763 e

472 805 659 860 codice
688 803 1012 874 descripsit,
1046 818 1110 858 ac
1156 811 1215 857 ut
1261 803 1492 873 primum
1538 801 1802 858 Veronam
1855 803 2074 874 repetiit

473 899 652 952 omnia
686 897 842 951 nobis
865 895 1312 964 communicavit,
1347 905 1402 951 et
1429 905 1487 951 ut
1513 900 1663 968 operi
1696 895 1912 952 tandem
1957 912 2071 952 ma~

471 1004 573 1044 nus
618 989 1057 1060 impnneremus,
1091 989 1290 1044 acriter
1335 991 1574 1060 impulit.
1607 991 1722 1045 Dici
1774 993 1862 1045 vix
1893 999 2072 1061 potest

475 1098 582 1152 qua
611 1083 894 1136 alacritate
921 1081 1226 1152 depositum
1266 1097 1330 1137 ac
1378 1083 1545 1137 ferme
1574 1083 1840 1154 abjectum
1863 1082 2071 1154 jamdiu

470 1190 609 1246 opus
631 1176 809 1229 statim
839 1176 1195 1245 suscepimus.
1222 1175 1370 1230 Alios
1388 1175 1620 1243 codices,
1639 1176 1727 1247 qui
1755 1177 1854 1232 etsi
1884 1191 2072 1232 recen-

472 1267 662 1334 tiores,
689 1282 796 1322 non
819 1267 952 1322 nihil
978 1278 1154 1322 tamen
1178 1267 1473 1336 adjumenti
1497 1270 1794 1340 stepissime
1815 1268 2067 1334 all'erttnt,

471 1376 599 1418 mox
630 1360 756 1416 hinc
783 1368 946 1432 atque
972 1360 1095 1416 hinc
1125 1360 1510 1431 exquirendas,
1542 1373 1739 1416 etcum
1765 1361 1920 1418 editis
1943 1377 2070 1417 con-

481 1455 735 1536 ferendas
756 1456 1103 1521 curavimus;
1139 1455 1517 1526 fortunateque
1538 1455 1755 1522 accidit,
1801 1464 1858 1510 ut
1887 1455 2070 1511 multis

472 1550 598 1606 huic
614 1550 836 1607 editioni
859 1549 1187 1617 faventibus,
1204 1549 1339 1604 alios
1349 1561 1472 1604 octo
1495 1564 1600 1603 non
1621 1547 1818 1603 infimae
1833 1549 2071 1617 plerum-

472 1660 579 1714 que
610 1654 750 1700 nota:
781 1644 950 1699 libros
988 1652 1183 1712 prmter
1208 1657 1424 1697 omnem
1465 1656 1616 1711 spem
1645 1641 1872 1696 collatos
1911 1656 2068 1695 acceo

473 1741 713 1810 perimus
753 1738 916 1793 variis
955 1752 1022 1792 ex
1056 1736 1320 1806 partibus,
1353 1738 1441 1807 qui
1474 1751 1596 1791 cum
1648 1750 1900 1805 magnum
1947 1735 2071 1789 huic

2251 525 2312 579 ν.
2355 525 2505 580 Nunc
2549 525 2618 581 de
2663 525 2867 581 eodicis
2911 524 3232 595 antiquitate
3261 533 3316 578 ct
3365 526 3667 595 pra~stantia
3707 539 3757 582 ut

2178 633 2283 673 non
2317 620 2464 674 nttlla
2491 619 2989 674 animadvertamus
3009 659 3023 684 ,
3058 618 3302 674 rubricas
3328 621 3585 691 quasdam
3628 637 3755 675 mar-

2175 712 2382 782 ginales
2434 711 2640 782 aliquot
2693 711 3012 767 tractatibus
3065 714 3283 782 antiqua
3317 755 3331 779 ,
3388 714 3480 769 sed
3535 716 3753 771 secunda

2177 819 2336 858 manu
2378 805 2651 874 appositas
2691 804 3041 860 considerare
3084 806 3317 860 maxime
3361 807 3617 875 interest,
3648 825 3756 878 qtae

2175 896 2277 950 etsi
2311 896 2424 950 suis
2464 911 2690 968 quaeque
2744 897 2877 952 locis
2927 897 2978 950 in
3028 897 3291 969 subjectis
3340 898 3756 959 adnotationibus

2179 988 2554 1044 recitabuntur
2604 990 3163 1059 explicabunturque,
3214 1006 3398 1046 earum
3455 1003 3629 1049 tamen
3681 994 3758 1052 hic

2184 1081 2487 1152 catalogum
2520 1082 2692 1136 oculis
2722 1083 2959 1151 objicere
2981 1123 2996 1147 ,
3030 1090 3086 1136 et
3124 1091 3332 1154 gratum
3361 1084 3647 1141 lectoribus
3671 1129 3684 1153 ,
3711 1099 3756 1145 et

2177 1185 2364 1230 nostra
2413 1176 2644 1231 consilio
2698 1178 2930 1248 perutile
2971 1176 3207 1232 futurum
3253 1186 3522 1247 putamus.
3573 1181 3662 1236 Hae
3689 1184 3759 1237 ni-

2179 1268 2374 1322 mirum
2405 1267 2674 1338 ejusmodi
2715 1276 2873 1336 sunt,
2910 1279 2969 1324 ut
2999 1284 3122 1325 eum
3174 1270 3416 1327 codicem
3439 1315 3454 1339 ,
3489 1283 3756 1345 antequam

2175 1361 2230 1415 in
2260 1360 2534 1416 Ilincmari
2568 1361 2852 1418 Remensis
2880 1377 3072 1418 manus
3101 1365 3346 1431 veniret,
3377 1364 3445 1421 ad
3477 1367 3756 1423 Ecclesium

2175 1455 2545 1511 Veronensetn
2575 1457 2902 1527 pertinuisse
2929 1499 2944 1523 ,
2975 1457 3202 1528 ejusque
3247 1459 3298 1512 in
3344 1475 3440 1514 usu
3491 1461 3627 1516 inter
3669 1477 3756 1532 pu-

2175 1547 2313 1603 blica
2345 1548 2716 1605 ecclesiastica
2763 1550 2944 1605 officia
2968 1550 3173 1620 jamdiu
3220 1549 3388 1607 fuisse
3437 1553 3756 1624 exploratum

2175 1637 2411 1705 faciant,
2463 1641 2606 1710 quod
2650 1641 2719 1697 ad
2763 1642 3252 1700 commendandam
3301 1645 3528 1715 hujusce
3571 1646 3757 1703 codicis

2175 1734 2550 1805 antiquitatem
2573 1776 2589 1801 ,
2621 1734 2998 1808 originemque
3021 1737 3522 1807 pra'stantissitnam
3548 1738 3756 1795 demon-

471 1831 698 1889 editioni
723 1833 888 1887 decus
908 1829 1142 1886 addituri
1165 1840 1309 1896 sunt,
1337 1839 1449 1885 tum
1473 1838 1716 1884 nostrum
1749 1831 1800 1884 in
1826 1845 1889 1886 ea
1922 1829 2072 1884 navi-
2102 1833 2150 1892 B
2178 1827 2452 1881 strandam
2484 1828 2774 1898 plurimum
2823 1828 3053 1886 confert.
3108 1830 3210 1884 Eas
3255 1840 3436 1886 autem
3471 1841 3622 1886 notas
3663 1845 3756 1886 non

471 1935 553 1981 ter
592 1923 907 1981 elaborandi
958 1921 1196 1978 studium
1236 1923 1545 1979 incitarunt.
1581 1923 1678 1978 llic
1708 1931 1886 1977 autem
1915 1933 2068 1978 antc-

471 2037 632 2093 quam
678 2022 944 2088 dicimus,
977 2020 1105 2092 quid
1139 2036 1233 2091 per
1265 2035 1363 2074 nos
1386 2021 1686 2090 praestitum
1723 2019 1814 2085 sit,
1848 2019 1917 2074 de
1941 2019 2070 2090 ipsis

469 2115 771 2178 codicibus,
803 2124 861 2170 ιιι
888 2127 1079 2169 omnes
1104 2112 1299 2168 eruditi
1328 2112 1475 2167 hisce
1494 2113 1546 2167 in
1577 2112 1830 2182 operibus
1850 2110 2068 2166 deside-

472 2223 595 2264 rare
621 2208 818 2272 solent,
868 2206 1100 2263 dicenda
1128 2215 1252 2260 sunt
1282 2205 1461 2276 aliqua
1495 2222 1507 2258 :
1539 2219 1770 2273 cumque
1800 2205 1939 2260 inter
1971 2203 2070 2260 hos

472 2303 880 2375 antiquissimus
902 2303 1184 2357 Remensis
1215 2300 1379 2356 totius
1395 2300 1611 2354 fabrica:
1634 2300 1841 2354 futurus
1864 2298 1934 2353 sit
1960 2299 2072 2354 vel-

473 2397 548 2453 uti
591 2396 736 2452 basis
775 2411 839 2451 ac
869 2394 1276 2451 fundamentum
1305 2436 1319 2460 ,
1364 2393 1752 2450 accuratiorem
1803 2393 1923 2462 ejus
1977 2391 2071 2448 de-

471 2493 821 2564 scriptionem
851 2492 901 2546 in
927 2491 1118 2562 primis
1149 2488 1508 2546 exhibendam
1540 2487 1698 2544 nobis
1724 2502 1845 2543 esse
1871 2487 2070 2543 intelli-

469 2588 668 2660 gimns.

543 2680 630 2736 IV.
673 2680 835 2736 Liber
862 2687 944 2736 est
977 2679 1423 2736 membranaceus
1467 2679 1516 2734 in
1549 2679 1679 2735 folio
1725 2695 1888 2751 parvo
1927 2680 2071 2752 pagi-

469 2791 660 2833 narum
701 2775 806 2831 MO
825 2818 839 2842 ,
868 2775 1180 2829 charactere
1202 2772 1267 2828 ad
1297 2774 1738 2844 typugrapbicum
1778 2776 2071 2831 accedente

469 2869 738 2939 scriptus,
767 2881 830 2922 ac
857 2866 1056 2936 duplici
1104 2881 1295 2931 manu,
1328 2881 1556 2934 quarum
1597 2867 1762 2921 altera
1795 2875 1964 2922 totum
2007 2868 2068 2922 li-

471 2961 625 3018 brum
657 2966 924 3033 primum,
952 2967 1008 3014 et
1059 2960 1185 3012 item
1237 2959 1532 3013 secundum
1581 2974 1750 3028 usque
1797 2960 1861 3014 ad
1909 2968 2068 3016 tract.

471 3071 616 3122 xxx,
646 3055 855 3110 latioris
881 3052 1127 3109 diametri
1155 3051 1352 3108 litteris
1395 3051 1717 3123 descripsit,
1751 3056 1916 3111 altera
1944 3071 2072 3112 vero

471 3149 668 3206 litteris
717 3148 961 3203 diametri
1003 3148 1162 3217 paulo
1191 3147 1520 3217 angustioris
1546 3148 1782 3217 reliquos
1815 3157 2072 3205 tractatus

472 3242 724 3299 undecim
753 3241 1003 3314 subjecit.
1038 3241 1220 3296 Primo
1246 3238 1372 3294 folio
1400 3238 1713 3310 maiusculis
1743 3250 1798 3297 et
1823 3243 2075 3313 grandio-
2101 3225 2146 3288 Ο

469 3337 622 3393 ribus
653 3335 845 3391 litteris
878 3335 993 3390 haec
1020 3334 1183 3389 verba
1213 3333 1471 3403 inscripta
1502 3334 1753 3404 leguntur
1781 3353 1792 3388 :
1827 3334 2078 3390 Hincma.

473 3447 563 3484 rus
591 3428 1021 3498 Archiepiscopus
1065 3426 1209 3482 dedit
1250 3425 1448 3481 Sancto
1489 3427 1723 3499 Remigio
1750 3443 1769 3482 :
1796 3429 1866 3484 ita
1896 3436 2076 3485 tamen

473 3532 535 3578 ut
561 3523 667 3578 duo
693 3522 866 3592 prima
893 3521 1058 3577 verba
1085 3520 1341 3590 inscripta
1374 3519 1570 3577 fuerint
1598 3521 1662 3578 ad
1691 3523 1850 3579 unius
1873 3524 2077 3596 pagina:

475 3631 661 3671 vacuae
685 3615 910 3680 calcem,
942 3614 1044 3670 tria
1071 3628 1201 3670 vero
1242 3615 1446 3686 reliqua
1479 3615 1545 3671 ad
1575 3616 1778 3672 calcem
1812 3617 2035 3674 alterius
2059 3661 2074 3686 ,

476 3725 597 3781 qua:
629 3725 658 3763 e
688 3709 907 3780 regione
935 3707 1108 3778 posita
1137 3716 1190 3762 et
1231 3708 1428 3776 scripta
1459 3709 1735 3774 cernitur;
1783 3710 2078 3780 eademque

475 3802 708 3860 formula
754 3799 946 3856 eodem
989 3798 1304 3855 charactere
1332 3813 1394 3854 ac
1424 3799 1476 3854 in
1519 3799 1763 3855 eamdem
1814 3801 2078 3856 rationem

475 3906 668 3969 quater
696 3893 923 3965 repetita
954 3891 1082 3948 alibi
1120 3891 1314 3963 legitur
1339 3934 1352 3957 ,
1387 3891 1638 3947 nimirum
1673 3901 1756 3949 ter
1795 3893 1846 3948 in
1896 3895 2080 3966 operis

476 3989 748 4054 decursu,
783 3994 1111 4058 postremum
1159 3985 1212 4039 in
1251 3984 1374 4041 fine.
1413 3984 1466 4039 In
1513 3986 1689 4042 fronte
1731 3987 1850 4042 libri
1884 4003 2077 4044 recen-

478 4083 601 4138 tiori
626 4095 786 4136 manu
811 4086 865 4134 et
887 4078 1184 4134 minoribus
1207 4077 1400 4134 litteris
1426 4077 1542 4134 lucc
1561 4079 1759 4150 scripta
1782 4088 2074 4150 apparent:

479 4173 634 4229 Liber
677 4171 859 4229 Sancti
912 4171 1132 4240 Remigii
1180 4169 1576 4226 Remensis'oot.
1625 4173 1794 4238 xxxi,
1850 4181 1906 4228 et
1951 4172 2075 4229 dein

479 4267 584 4322 alia
605 4307 621 4331 ,
652 4281 715 4322 ac
738 4265 880 4320 forte
909 4263 1188 4319 vetustiori
1222 4278 1381 4318 manu
1409 4282 1436 4317 :-
1454 4263 1668 4318 Librum
1695 4265 1875 4320 Sancti
1906 4265 2079 4321 Remi-

480 4364 554 4437 gii
582 4363 669 4430 qui
689 4362 733 4414 ei
763 4359 1028 4414 abstulerit
1052 4401 1067 4422 ,
1100 4360 1372 4411 anathema
1395 4358 1481 4413 sit.
1510 4359 1773 4415 Praecedit
1799 4378 1966 4416 sermo
1997 4380 2079 4418 ve.

483 4455 724 4511 nerabilis
751 4452 996 4509 Coronati
1023 4451 1212 4506 notarii
1242 4452 1306 4505 de
1339 4451 1461 4506 Vita
1485 4452 1544 4509 S.
1578 4452 1826 4527 Episcopi
1857 4465 1904 4509 et
1945 4454 2079 4512 Con-

483 4548 692 4621 fessoris
735 4545 958 4601 Zenonis
980 4589 993 4612 ,
1019 4561 1181 4616 quam
1228 4546 1370 4600 inter
1413 4557 1762 4604 monumenta
1791 4549 2073 4617 dabimus;

2174 1935 2272 1990 pro
2319 1927 2641 1975 tractatuum
2664 1962 2680 1988 ,
2709 1921 2904 1992 quibus
2929 1920 3104 1976 allixaa
3147 1931 3272 1977 sunt
3295 1965 3310 1988 ,
3341 1923 3519 1986 serie;
3553 1923 3644 1979 sed
3674 1938 3760 1994 pro

2171 2012 2430 2070 festorum
2457 2031 2520 2069 ac
2549 2015 2802 2070 feriarum
2826 2057 2840 2077 ,
2871 2016 2923 2070 in
2952 2017 3147 2085 quibus
3167 2018 3372 2088 aliquot
3396 2017 3634 2072 Zenonis
3664 2028 3756 2071 tra-

2173 2116 2346 2162 ctatus
2378 2108 2518 2163 inter
2547 2123 2698 2163 sacra
2745 2107 2922 2164 ofﬁcia
2962 2110 3221 2164 recitandi
3254 2119 3511 2166 notantur
3532 2153 3548 2174 ,
3581 2109 3756 2165 ordine

2173 2199 2564 2265 describemus,
2591 2201 2840 2257 indicatis
2869 2201 3202 2266 tractatibus,
3225 2203 3421 2273 quibus
3445 2203 3658 2260 easdem
3671 2218 3757 2257 suo

2174 2293 2295 2350 loco
2324 2296 2595 2365 subjectas
2622 2307 2678 2352 et
2728 2299 3132 2354 commentariis
3183 2299 3479 2354 illustratas
3512 2300 3753 2356 invenies.

2245 2385 2526 2442 Tractatus
2554 2403 2647 2452 ιιι,
2683 2388 2773 2442 lib.
2813 2405 2882 2458 ιι,
2912 2389 3028 2446 Ιι.ι·(;
3051 2391 3117 2444 ad
3147 2391 3442 2462 marginem
3473 2391 3632 2448 habet
3657 2409 3669 2446 :
3697 2389 3755 2445 In

2325 2480 2510 2536 Natali
2537 2481 2742 2537 Domini
2769 2485 3016 2553 fratribus
3062 2486 3277 2557 legenda
3304 2487 3356 2541 in
3397 2487 3632 2542 cubiculo
3655 2494 3755 2558 post

2321 2575 2654 2631 diaconorum
2681 2579 3050 2648 ingressionem
3077 2589 3196 2634 ante
3221 2581 3538 2650 pontificem.

2246 2666 2532 2722 Tractatus
2564 2685 2656 2724 xm
2682 2711 2696 2736 ,
2726 2669 2819 2724 lib.
2855 2687 2905 2724 ιε
2943 2668 3012 2724 In
3036 2679 3215 2726 octava
3237 2670 3479 2738 Domini,
3515 2671 3756 2743 pontiﬁcis

2318 2778 2454 2816 nona
2482 2762 2651 2817 lectio.

2248 2855 2529 2910 Tractalus
2552 2871 2697 2910 Lxxtt
2719 2897 2733 2920 ,
2763 2855 2856 2912 lib.
2890 2873 2926 2911 ιι
2953 2875 2966 2910 :
2999 2856 3223 2914 Sabbato
3255 2859 3424 2927 primo
3453 2860 3605 2928 primi
3632 2875 3758 2914 men-

2318 2950 2388 3003 sis
2419 2965 2591 3003 coram
2637 2949 2895 3019 Ponti/ise
2922 2960 3041 3005 ante
3071 2952 3448 3017 processionem
3488 2952 3756 3008 recitando.

2247 3040 2530 3095 Tractatus
2557 3057 2660 3096 xxx
2692 3059 2705 3096 :
2739 3039 2800 3094 In
2833 3042 2999 3110 primo
3023 3044 3254 3117 symbolo
3282 3045 3332 3098 in
3354 3045 3618 3100 ambonca
3640 3060 3758 3116 pon-

2323 3135 2459 3204 tiﬁce
2489 3137 2660 3205 pueris
2685 3136 2972 3192 recitando.
3003 3155 3010 3166 '

2251 3228 2531 3286 Tractatus
2563 3245 2726 3284 situt
2760 3249 2772 3282 :
2821 3229 3105 3286 Itecitanda
3148 3231 3324 3302 pueris
3354 3240 3474 3286 ante
3518 3231 3754 3302 baptisma

2323 3341 2356 3376 a
2379 3323 2639 3393 pontifice.

2252 3415 2536 3470 Tractatus
2568 3431 2770 3470 xxxvnt
2802 3432 2814 3468 :
2852 3413 2917 3469 In
2956 3415 3149 3485 pascha
3175 3418 3348 3486 pueris
3379 3428 3498 3486 post
3528 3415 3762 3488 baptisma

2324 3528 2354 3565 a
2385 3511 2528 3580 ponti
2535 3511 2630 3578 ﬁce
2660 3509 2944 3565 recitando.

2251 3605 2536 3660 Tractatus
2560 3620 2628 3660 Lv
2654 3621 2665 3657 :
2701 3603 2770 3658 In
2799 3604 3042 3673 paschale
3068 3621 3245 3660 coram
3284 3605 3530 3675 pontifice
3554 3607 3609 3660 in
3637 3602 3764 3659 cubi-

2329 3697 2446 3752 culo
2476 3697 2740 3750 recitando
2764 3705 2876 3767 post
2903 3697 3240 3752 diaconorum
3268 3698 3636 3767 ingressionem
3664 3697 3763 3767 ipso

2326 3791 2428 3847 die-
2443 3791 2722 3861 paschalis.

2254 3886 2534 3942 Tractatus
2574 3902 2677 3941 xcv
2711 3903 2725 3939 :
2770 3885 3056 3941 Recitanda
3099 3889 3156 3942 in
3192 3897 3442 3943 conventu
3489 3905 3524 3944 a
3566 3888 3766 3942 diacone

2324 3980 2436 4051 ipso
2467 3979 2550 4034 die
2577 3979 2782 4050 pascha:
2832 3996 3004 4034 coram
3035 3981 3280 4052 pontiﬁce
3299 4021 3315 4044 ,
3361 3990 3630 4050 postquam
3670 3979 3768 4048 ipse

2326 4091 2445 4128 cum
2471 4074 2771 4129 diaconibus
2789 4091 2823 4128 a
2843 4073 3083 4130 cubiculo
3118 4075 3436 4130 descenderit
3455 4085 3532 4130 Fet
3568 4073 3765 4138 sederit,

2327 4170 2575 4240 porrectis
2595 4169 2875 4224 secundant
2901 4185 3095 4224 morem
3141 4170 3290 4224 malis
3335 4187 3453 4224 cum
3496 4187 3625 4242 pace
3649 4179 3772 4240 prat-

2324 4262 2446 4315 slita
2458 4261 2653 4316 dicente
2667 4263 2909 4332 pontifice
2926 4278 2947 4316 :
2963 4262 3202 4319 Surrexit
3225 4261 3483 4320 Christus.
3514 4263 3553 4336 si
3573 4304 3590 4319 .
3621 4262 3731 4318 aliis
3753 4273 3770 4312 .'

2327 4359 2396 4415 Et
2420 4359 2500 4414 ill.

2253 4451 2536 4507 Tractatus
2565 4467 2695 4506 xuv
2721 4470 2734 4506 :
2765 4451 3137 4507 Asubdiacono
3161 4453 3214 4506 in
3240 4451 3457 4506 amboue
3480 4448 3763 4513 recitando,

2325 4547 2448 4600 dum
2491 4563 2606 4600 cum
2635 4545 2882 4614 fratribus
2931 4547 3162 4617 pontifex
3201 4548 3254 4601 in
3283 4559 3534 4603 conuentu
3579 4544 3770 4601 sederit.

481 4649 538 4697 et
566 4642 616 4694 in
648 4639 808 4708 hujus
840 4638 946 4693 line
972 4639 1142 4693 altera
1175 4639 1571 4710 posteriorique
1602 4656 1764 4696 manu
1790 4642 2032 4698 additum
2067 4663 2079 4700 :
2113 4627 2164 4686 Ῑ)
2263 4640 2549 4698 Tractatns
2577 4659 2647 4697 ιιι
2674 4640 2967 4718 :.Secunda
3006 4643 3138 4714 feria
3169 4643 3428 4711 paschalis
3456 4644 3513 4696 in
3540 4647 3774 4697 concentu

482 4733 779 4790 Translatio
807 4733 920 4800 ejus
947 4741 1104 4786 restat
1127 4748 1146 4786 :
1177 4747 1298 4801 qua:
1330 4733 1490 4787 verba
1519 4736 1925 4792 translationem
1955 4752 2084 4792 cor-

484 4830 633 4900 poris
681 4827 736 4883 S.
785 4824 1020 4879 Zenonis
1065 4840 1206 4878 nono
1258 4825 1460 4880 sacculo
1508 4825 1728 4882 ineunte
1775 4838 2082 4899 peractam,

485 4937 588 4978 nec
615 4939 642 4976 a
673 4921 946 4978 Coronato
978 4923 1028 4976 in
1062 4921 1169 4976 vita
1197 4921 1524 4993 descriptam
1555 4925 1847 4981 insinuant.
1894 4927 2084 4998 Sequi-

488 5030 575 5075 tur
601 5020 881 5090 inscriptio
909 5018 1193 5074 Zezoniani
1238 5022 1417 5088 operis
1450 5021 1532 5076 his
1561 5021 1776 5077 verbis:
1815 5022 2085 5080 Tractatus

488 5116 549 5172 S.
585 5115 806 5170 Zenonis
845 5112 1152 5170 Veronensis
1187 5112 1451 5186 Episcopi.
1486 5114 1769 5171 Tractatns
1814 5127 1995 5173 autem
2029 5119 2082 5174 in

489 5207 624 5264 duos
653 5208 818 5263 libros
847 5208 1113 5278 dispertiti
1162 5215 1321 5274 sunt,
1353 5207 1570 5275 praeﬁxa
1618 5208 1845 5278 singulis
1891 5218 2086 5266 tracta-

489 5311 643 5358 tuum
686 5301 886 5356 tabula.
933 5300 1145 5355 Primus
1189 5301 1432 5356 continet
1487 5310 1641 5357 tract.
1675 5303 1780 5365 6‘2,
1814 5304 2084 5361 Secundus

487 5407 668 5451 autem
699 5397 756 5450 Η
784 5437 798 5462 ,
832 5409 901 5450 ex
937 5393 1133 5464 quibus
1159 5394 1407 5449 undecim
1441 5397 1695 5464 postremi
1724 5396 1830 5451 alio
1863 5399 2086 5455 minoris

489 5492 741 5549 diametri
780 5489 1094 5546 charactere
1135 5488 1204 5542 ab
1231 5488 1336 5544 alio
1360 5490 1641 5558 posteriori
1669 5493 1934 5562 scriptore
1961 5494 2091 5551 sub-

487 5587 616 5658 jecti
663 5586 814 5641 fuere
837 5627 852 5650 ,
883 5593 943 5639 ut
971 5597 1114 5638 nunc
1158 5599 1330 5652 nuper
1357 5585 1684 5639 monuimus.
1717 5585 1878 5641 Tituli
1911 5598 2087 5642 autem

492 5677 793 5748 majuseulo
823 5675 1093 5745 rubroque
1121 5673 1435 5731 charactere
1477 5674 1673 5746 depicti
1719 5686 1863 5732 sunt.
1897 5677 1952 5731 In
1986 5676 2090 5734 fine

493 5778 673 5828 autem
704 5768 906 5826 codicis
935 5780 1237 5824 memorata
1283 5767 1492 5824 notatio
1537 5769 1734 5826 litteris
1777 5770 2090 5842 majusculis

493 5877 747 5938 expressa
795 5860 988 5932 legitur
1036 5879 1048 5914 z
1109 5857 1420 5917 Hincmarus
1476 5860 1891 5935 archiepiscopus
1947 5863 2090 5918 dedit

2335 4735 2581 4806 fratribus
2611 4751 2783 4789 coram
2809 4737 3049 4806 pontifice
3069 4735 3338 4790 recitando
3353 4747 3474 4790 ante
3493 4738 3772 4791 stationem.

2263 4829 2546 4884 Tractatus
2578 4845 2702 4884 thtt
2729 4847 2742 4884 :
2775 4830 2855 4883 Ad
2887 4830 2944 4886 S.
2982 4829 3305 4898 Stephanum
3328 4831 3397 4885 ad
3425 4842 3676 4902 martyres
3697 4842 3774 4882 sc-

2333 4923 2502 4976 cunda
2533 4924 2664 4994 feria
2689 4921 2896 4995 pascha:
2920 4923 3136 4993 legenda
3163 4923 3218 4976 in
3243 4923 3485 4989 umbone,
3517 4932 3774 4992 antequam

2338 5019 2570 5089 pontifex
2598 5018 3038 5090 consignationem
3081 5018 3244 5072 sancti
3267 5017 3501 5088 Spiritus
3538 5014 3776 5072 celebrare

2339 5112 2577 5181 incipiat.

2259 5207 2547 5262 Tractatus
2574 5223 2605 5260 L
2634 5224 2649 5262 :
2682 5205 2855 5260 Tertia
2884 5208 3015 5278 feria
3044 5209 3250 5276 paschae
3268 5209 3322 5262 in
3343 5217 3594 5263 conventu
3615 5200 3778 5278 fratri-

2336 5302 2428 5356 bus
2448 5317 2623 5355 coram
2656 5300 2895 5371 pontifice
2915 5302 3184 5355 recitanda
3209 5312 3329 5355 ante
3353 5301 3642 5356 stationem.

2266 5393 2552 5449 Tractatus
2598 5409 2647 5448 ιι
2679 5411 2691 5446 :
2722 5392 2791 5446 In
2821 5392 3063 5465 paschale
3086 5404 3272 5467 quarta
3309 5395 3442 5466 feria
3459 5395 3516 5449 in
3542 5397 3777 5448 consent!

2338 5485 2615 5557 fratribus,
2639 5493 2746 5541 etc.
2768 5528 2783 5553 ,
2812 5499 2867 5540 ut
2893 5487 2946 5541 in
2974 5488 3239 5556 superiori
3269 5488 3502 5544 rubrica.

2267 5579 2551 5634 Tractatus
2578 5595 2756 5635 xcv":
2793 5579 2986 5649 Quinta
3016 5583 3145 5652 feria
3175 5581 3384 5653 pascha
3420 5585 3475 5638 in
3503 5589 3743 5638 conventu
3763 5615 3776 5642 ,

2337 5681 2442 5730 etc.
2463 5715 2477 5738 ,
2507 5681 2565 5729 ut
2587 5689 2768 5744 supra.

2266 5767 2551 5824 Tractatus
2581 5784 2730 5824 xxxv
2762 5787 2774 5823 :
2805 5770 3094 5827 Recitanda
3124 5771 3296 5843 pueris
3323 5781 3442 5828 ante
3463 5770 3719 5841 baptisma
3750 5778 3776 5814 (ι

2339 5863 2578 5934 pontiﬁce
2608 5863 2660 5917 in
2699 5861 3014 5922 Pentecoste.
