3998 6332
418 308 486 364 ιθ
1803 283 2340 344 Ριιοιεουιιιιῖιιιι.
2489 297 2495 310 η
3652 274 3720 325 ira

419 432 740 481 tractatuum
776 421 910 477 ordo
942 428 1115 484 esset,
1145 432 1214 472 an
1244 418 1525 480 diversus,
1558 428 1620 468 ac
1649 413 1702 467 in
1733 410 2010 468 codicibus
2039 411 2094 470 Λ
2118 417 2212 463 tat.
2255 406 2327 462 Si
2369 408 2424 460 in
2473 419 2597 460 eum
2665 408 2952 457 tractatum
3002 399 3240 468 pluribus
3281 396 3713 452 observabimus.

416 517 658 587 reliquis,
690 514 848 584 idque
875 526 1208 582 cognoscere
1251 509 1320 564 ad
1360 507 1786 564 controversiam
1829 504 1928 559 hac
1958 503 2016 559 in

417 628 478 668 re
525 609 860 682 potissimam
913 622 1018 662 non
1072 613 1276 661 temere
1325 601 1678 658 decidendam
1725 600 2018 670 plurimum

419 703 743 776 pertinebat.
787 701 1100 766 Vaticanus,
1157 713 1316 770 quem
1361 697 1560 752 saeculo
1613 710 1706 750 xm
1753 694 2020 764 scriptum

420 805 608 851 censet
627 795 789 848 etiam
807 792 868 847 P.
887 791 1156 862 Iosephus
1177 789 1544 856 Blanchiuios,
1573 786 2021 844 membranaceus'

422 895 527 955 est,
555 897 610 942 et
644 887 851 942 Veneto
879 887 968 940 illo
990 885 1094 940 PP.
1123 884 1443 938 clericorum
1471 880 1794 950 regularium
1823 879 2020 933 Tolené

430 985 653 1039 tinatum
684 983 854 1037 multo
871 979 1227 1042 emendatior,
1251 979 1339 1047 qui
1359 987 1535 1031 tamen
1554 990 1674 1030 cum
1689 989 1782 1028 eas
1793 981 2024 1043 quatuor

429 1079 648 1149 paginas
670 1079 720 1131 in
741 1090 1042 1131 sermonem
1066 1075 1139 1128 de'
1155 1071 1416 1126 Patientia
1439 1085 1718 1141 perperam
1748 1068 2022 1139 trajectas,

436 1172 794 1240 eumdemque
831 1170 1158 1224 Basilianum
1209 1176 1490 1222 tractatum
1525 1167 1577 1220 in
1604 1165 1740 1219 duos
1770 1163 2026 1234 disperti-

428 1274 540 1320 tum
585 1265 836 1320 similiter
859 1263 1075 1327 referat,
1107 1278 1173 1317 ex
1208 1262 1399 1317 eodem
1436 1259 1622 1316 Veneti
1652 1259 1794 1313 illius
1821 1257 2026 1313 codicis

429 1361 580 1417 fonte
609 1361 880 1432 protectus
901 1370 1143 1428 apparet.
1176 1357 1321 1414 Ideni
1349 1354 1643 1424 cteteroqni
1669 1354 1718 1408 in
1747 1353 1869 1419 hoc,
1902 1367 2026 1422 per-

428 1455 556 1510 inde
592 1467 655 1510 ac
683 1456 734 1508 in
769 1452 992 1524 reliquis
1025 1467 1154 1506 mss.
1187 1449 1397 1506 exsistit
1433 1457 1756 1503 tractatuum
1785 1445 1942 1512 ordo,
1973 1451 2030 1500 ot

427 1549 604 1605 Solum
636 1547 950 1603 tractatibus
981 1545 1230 1601 undecim
1264 1546 1314 1600 in
1343 1543 1596 1599 ltemensi
1623 1543 1722 1596 alia
1744 1557 1903 1596 manu
1928 1539 2029 1595 sub

426 1644 588 1700 liuent
619 1641 926 1712 descriptis,
958 1651 1012 1696 et
1043 1641 1289 1695 tractatui
1318 1641 1381 1694 de
1408 1640 1555 1709 signa
1589 1636 1775 1692 Cruci;
1800 1634 2022 1703 subjici-

428 1747 532 1805 tur,
566 1753 686 1807 pag.
738 1736 864 1801 197,
897 1743 1224 1791 memoratus
1252 1747 1432 1788 sermo
1478 1730 1537 1786 S.
1576 1728 1854 1784 Gaudentii
1886 1725 2031 1781 Bris-

2122 500 2281 555 Ilisce
2308 498 2516 554 duobus
2543 494 2800 550 Romanis
2827 492 3106 548 codicibus
3133 489 3412 546 addendos
3433 504 3544 544 ms.
3570 488 3722 543 Basi-

2123 595 2240 649 lica:
2262 595 2318 649 S.
2347 592 2490 646 Petri
2514 592 2565 645 in
2591 589 2850 644 Vaticano
2872 587 3103 656 scriptus
3125 586 3343 640 ineunte
3369 597 3467 637 ιιιιι
3496 582 3721 649 saeculo,

2123 687 2208 744 vel
2265 689 2483 742 ineunte
2523 700 2628 752 xiv,
2679 684 2921 753 signatus
2961 679 3136 734 littera
3170 676 3232 733 F.
3263 677 3354 740 55,
3398 688 3562 743 quem
3597 687 3726 728 eum

2127 788 2487 854 prostremmn
2540 776 2694 831 uohis
2748 771 3078 845 suggesserit
3126 768 3514 824 humanissime
3567 765 3728 822 lose.

2128 877 2264 946 phus
2297 871 2664 938 Blanchiuius,
2693 884 2792 924 nec
2833 865 3156 937 procedente
3181 863 3291 933 jam
3332 860 3590 926 editione,
3638 869 3726 915 to;

2129 969 2234 1024 tius
2254 967 2434 1038 operis
2456 964 2800 1020 collationem
2816 965 3135 1030 exspectare
3154 972 3248 1025 per
3275 964 3489 1024 tempus
3517 954 3729 1019 liceret,

2127 1060 2337 1131 aliquot
2384 1058 2556 1112 solum
2609 1059 2930 1110 tractatuum
2975 1061 3031 1108 et
3070 1049 3436 1104 difficiliorem
3487 1047 3735 1104 locorum

2130 1152 2402 1207 variantes
2443 1149 2703 1204 lectiones
2728 1143 3117 1217 postulavimus
3141 1151 3195 1197 et
3220 1140 3574 1196 obtinuimus.
3616 1138 3735 1193 Cat.

2132 1255 2304 1300 terum
2347 1243 2488 1298 idem
2521 1241 2574 1296 in
2614 1240 2716 1296 hoc
2757 1253 2973 1310 quoque
3011 1235 3198 1292 codice
3227 1242 3548 1290 tractatuum
3595 1232 3736 1289 ordo

2131 1340 2390 1401 cernitur,
2441 1333 2630 1389 eadem
2676 1331 2959 1401 Appendix
3017 1343 3082 1383 ac
3131 1329 3184 1382 in
3241 1327 3532 1392 Remwsi;
3593 1326 3735 1388 tituli

2131 1438 2308 1488 autem
2337 1427 2436 1483 soli
2458 1425 2652 1482 alicubi
2684 1425 3017 1494 discrepant.
3048 1422 3125 1478 De
3151 1433 3282 1476 mss.
3311 1420 3554 1478 externis
3575 1423 3732 1476 satis.

2203 1523 2296 1579 IX.
2337 1524 2410 1578 De
2438 1520 2846 1577 Veronensibus
2874 1527 3054 1573 autem
3086 1527 3146 1571 ut
3173 1515 3432 1575 nonnulla
3451 1514 3733 1583 dicamus,

2136 1619 2276 1673 inter
2316 1631 2448 1671 mss.
2494 1613 2802 1669 monasterii
2831 1612 2889 1668 8.
2934 1610 3170 1666 Zenonis
3209 1609 3300 1666 ille
3347 1610 3596 1664 inventus
3627 1623 3735 1663 non

2134 1719 2238 1773 est,
2265 1725 2424 1780 quem
2458 1708 2650 1764 Petrus
2678 1706 2810 1780 Gala
2837 1704 3040 1762 ordinis
3071 1702 3490 1758 Pnedicatorum
3511 1703 3738 1758 ineunte

427 1832 563 1884 cimn’
608 1831 671 1884 de
711 1827 870 1883 Petro
915 1838 958 1882 et
992 1826 1182 1892 Paulo,
1217 1837 1325 1880 ttnn
1361 1841 1480 1894 pag.
1518 1826 1640 1886 l98,
1675 1823 1780 1878 alia
1823 1821 2026 1877 atlditio

2151 1802 2333 1857 saeculo
2372 1815 2462 1854 xiv
2492 1815 2550 1855 se
2578 1799 2774 1853 ibidem
2804 1798 3001 1852 vidisse
3033 1796 3085 1850 in
3119 1809 3250 1850 mss.
3277 1795 3642 1850 Collectaneis
3665 1794 3735 1852 ab

427 1924 504 1977 sic
531 1935 542 1976 :‘
579 1921 770 1991 Incipit
804 1923 862 1976 S.
907 1920 1079 1991 Vigilii
1104 1920 1334 1990 episwpi
1357 1920 1418 1972 de
1441 1917 1683 1972 laudibus
1711 1915 2032 1972 beatissimos

427 2033 544 2071 rum
573 2025 860 2086 martyrum
906 2013 1149 2076 Sisinnii,
1199 2011 1483 2066 Alexandri
1524 2021 1570 2065 ct
1603 2008 1864 2081 Martyrii,
1899 2024 2032 2078 quo-

430 2129 545 2166 rum
593 2111 823 2181 reliquim
865 2125 956 2179 per
995 2106 1247 2162 Jacobum
1306 2108 1470 2160 virum
1505 2105 1769 2160 lllustrem
1805 2103 1872 2156 nd
1902 2101 2035 2172 Epi-

428 2203 895 2276 scopumloannem
913 2201 1050 2255 urbis
1068 2198 1652 2270 Constantinapolitame
1673 2208 2030 2270 pervenerunt.

434 2299 562 2354 Hzec
585 2298 641 2352 8.
679 2296 851 2366 Vlgilii
885 2295 1121 2365 episcopi
1155 2293 1454 2348 'l‘ridentinl
1487 2292 1715 2361 epistola
1743 2291 1832 2346 illa
1861 2298 1946 2346 est
1969 2289 2036 2344 ad

430 2393 490 2448 8.
531 2390 792 2446 Joannem
833 2386 1280 2462 Chrysostomutn
1331 2385 1566 2455 scripta,
1614 2399 1774 2455 quam
1818 2382 2035 2438 Bollan-

429 2487 588 2541 distat
615 2499 683 2538 ex.
723 2482 826 2539 alio
859 2481 1116 2538 Vaticano
1146 2481 1333 2536 codice
1369 2477 1511 2536 5374
1537 2479 1846 2535 ediderunt.
1881 2477 2032 2532 Vati-

433 2579 552 2633 cani
608 2575 778 2630 nostri
826 2575 1035 2629 initium
1077 2576 1178 2629 hoc
1224 2584 1340 2628 est:
1374 2572 1646 2627 Tractatus
1695 2572 1760 2627 8.
1813 2570 2040 2626 Zenonis

433 2663 767 2723 nobilissima:
813 2684 874 2720 ac
918 2665 1208 2738 magni/ica:
1251 2665 1472 2719 civitatis
1526 2664 1682 2733 hujus
1734 2662 2040 2717 Veronensis

437 2760 686 2833 Episcopi
718 2769 762 2814 et
794 2758 1032 2814 Pastoris
1074 2758 1421 2822 sanctissimi;
1454 2772 1520 2811 ex
1561 2755 1758 2826 quibus
1799 2757 1843 2810 is
1869 2755 2040 2810 codex

441 2862 533 2907 aut
594 2849 955 2914 Veronensis,
1011 2861 1102 2903 aut
1144 2863 1174 2903 e
1225 2845 1525 2903 Veronensi
1569 2847 1875 2916 antiquiore
1911 2846 2040 2901 olim

440 2946 741 3016 descriptus
784 2945 1116 3012 agnoscitur.

511 3039 644 3094 Vlll.
677 3037 1072 3106 Manuscriptus
1107 3036 1239 3090 liber
1259 3033 1490 3090 Urbinas
1531 3034 1654 3102 l50,
1671 3035 1761 3105 qui
1782 3032 2043 3088 Vaticano

442 3133 704 3187 hactenus
735 3128 1006 3200 descripto
1039 3127 1306 3198 posterior
1331 3127 1626 3196 aliquanto,
1671 3136 1724 3182 et
1772 3126 1912 3181 forte
1949 3140 2042 3179 sa)-

441 3227 564 3281 eulo
607 3239 696 3279 xw
742 3233 992 3278 exaratos
1043 3223 1105 3277 P.
1149 3221 1388 3292 Josepho
1433 3222 1751 3276 Blanchinio
1805 3221 2036 3285 videtur,

446 3319 886 3375 ntemhranaceus
909 3316 1034 3370 item
1052 3324 1154 3381 est,
1175 3329 1238 3368 ac
1269 3315 1456 3384 incipit
1477 3314 1555 3368 sic
1584 3333 1596 3367 :
1630 3313 1851 3368 Zenonis
1883 3311 2044 3367 Vero-

442 3413 613 3466 nensis
647 3410 890 3481 Episcopi
932 3408 1036 3462 Viri
1049 3408 1521 3478 sanctissimiatque
1536 3406 1998 3461 doctissimisermo
2026 3422 2043 3459 ι

445 3504 510 3558 de
572 3502 851 3556 Pudicitia.
913 3501 1121 3555 Alicubi
1183 3502 1387 3570 pagina:
1434 3498 2046 3569 quaedamjdesideran-

446 3606 562 3660 tur,
608 3604 660 3647 at
703 3595 844 3648 idem
894 3605 1117 3662 prorsus
1151 3601 1473 3646 tractatuum
1502 3591 1668 3656 ordo,
1707 3605 1807 3646 nec
1843 3589 2046 3644 additio

444 3687 673 3742 habetur
713 3685 907 3756 llymui
946 3683 1008 3738 da
1053 3685 1199 3754 signa
1243 3680 1453 3747 Crucis,
1504 3683 1598 3738 sed
1641 3682 1725 3736 lue
1781 3698 1902 3752 pag.
1943 3681 2049 3738 165

446 3791 595 3850 tergo
625 3793 805 3832 sermo
847 3776 1027 3832 Sancti
1057 3774 1363 3839 Gaudentii,
1399 3784 1450 3830 et
1487 3789 1609 3845 pag.
1641 3771 1744 3828 MS
1775 3774 1832 3828 S.
1871 3773 2049 3842 Vigilii

448 3871 752 3928 Tridentini
780 3871 1003 3940 cpiswla
1045 3868 1234 3924 iisdem
1268 3882 1392 3923 cum
1428 3866 1618 3933 titulis,
1650 3881 1784 3936 quos
1812 3881 1873 3920 ex
1909 3865 2048 3921 Vall-

449 3981 586 4022 cano
626 3962 1033 4034 descripsimus,
1065 3969 1120 4017 et
1145 3968 1405 4032 praeterea
1437 3960 1672 4030 quinque
1697 3959 1953 4030 opuscula
1986 3957 2046 4015 8.

454 4059 764 4131 Hieronymi
812 4057 1031 4112 nomine
1077 4055 1356 4126 inscripta,
1403 4069 1524 4126 qua:
1585 4055 1777 4124 partim
1834 4051 2050 4123 genuini

450 4154 569 4225 ejus
593 4162 718 4207 sunt
743 4151 902 4215 fetus,
942 4149 1132 4220 partim
1170 4147 1500 4218 supposititii
1535 4165 1548 4200 :
1593 4158 1703 4201 tum
1745 4146 1859 4201 haec
1905 4147 2054 4201 clau-

452 4247 567 4303 sola
600 4247 650 4299 in
687 4245 792 4300 line
830 4241 951 4298 libri
981 4241 1230 4312 apposita
1261 4255 1275 4294 :
1325 4239 1474 4293 Finis
1505 4238 1688 4309 Operi:
1720 4239 1783 4294 S.
1826 4238 2054 4312 Zenonis

454 4337 703 4411 Episcopi
747 4347 793 4390 et
843 4334 1180 4405 quarumdam
1211 4332 1434 4386 aliarum
1492 4347 1684 4386 rerum.
1728 4331 1856 4386 Duae
1895 4309 2056 4402 hujus

453 4431 657 4488 codicis
689 4427 917 4482 rubricae
943 4425 1155 4481 duobus
1184 4424 1241 4480 S.
1278 4423 1516 4479 Zenonis
1558 4423 1876 4478 tractatibus
1919 4439 2057 4493 prai—

455 4526 576 4580 ﬁxae
607 4519 1082 4593 prietermittendte
1115 4533 1222 4573 non
1263 4525 1410 4572 sunt.
1454 4515 1634 4571 Prima
1671 4515 1724 4569 in
1766 4509 2052 4570 tractatum

2141 1893 2480 1950 llenseheuio
2515 1893 2747 1946 laudatis
2778 1899 3024 1945 testatur.
3061 1887 3237 1944 Unum
3265 1896 3443 1943 tamen
3475 1887 3738 1956 posterio~

2138 2005 2252 2046 rem
2277 1988 2554 2057 aliquanto
2573 2000 2637 2040 ex
2657 1982 3358 2050 membraniscompactum,
3381 1979 3737 2049 etscriptum,

2142 2091 2200 2136 ut
2221 2081 2451 2144 videtur,
2475 2077 2679 2132 saeculo
2710 2093 2796 2140 xv,
2833 2075 2885 2130 in
2923 2074 3164 2146 ejusdem
3195 2073 3510 2128 monasterii
3547 2072 3740 2141 biblio:

2143 2173 2298 2230 theca
2319 2173 2640 2243 reperimus,
2671 2179 2722 2226 et
2747 2169 2890 2224 idem
2913 2169 3004 2224 ille
3041 2176 3148 2234 est,
3179 2181 3342 2239 quem
3365 2167 3600 2222 editores
3631 2166 3735 2222 γε.

2139 2278 2401 2320 ronenses
2429 2271 2680 2317 vetustum
2726 2260 3019 2332 appellant,
3070 2270 3128 2314 ut
3173 2259 3275 2312 hac
3318 2258 3372 2314 in
3422 2257 3742 2328 praefatione

2143 2359 2304 2430 paulo
2342 2363 2470 2412 ante
2519 2355 2891 2410 indicavimus.
2945 2353 3090 2409 Idem
3142 2353 3194 2407 in
3233 2352 3335 2408 hoc
3380 2351 3567 2408 codice
3591 2367 3655 2406 ac
3685 2353 3742 2410 in

2143 2451 2356 2508 cmteris
2373 2450 2528 2518 ordo,
2560 2449 2698 2505 idem
2725 2457 3048 2504 tractatuum
3070 2447 3378 2503 additorum
3407 2462 3663 2502 numerus
3680 2461 3747 2510 ae

2144 2546 2197 2600 in
2229 2543 2506 2608 Remensi,
2538 2551 2594 2598 et
2619 2545 2792 2598 solum
2825 2541 2987 2607 tituli,
3016 2556 3110 2596 seu
3140 2541 3518 2610 inscriptiones
3545 2549 3746 2598 tractas-

2119 2642 2293 2694 "tuum
2321 2637 2516 2693 alicubi
2547 2637 2731 2701 variae,
2763 2634 3067 2704 cujusmodi
3110 2633 3291 2704 plures
3326 2634 3380 2686 in
3418 2635 3588 2703 prima
3623 2633 3746 2692 edi,

2149 2733 2313 2796 tione,
2344 2745 2449 2784 non
2479 2736 2659 2783 autem
2687 2727 2740 2781 in
2773 2741 2903 2782 mss.
2935 2725 3248 2780 memoratis
3279 2724 3545 2794 leguntur.
3575 2724 3746 2782 Τιτιαν-

2148 2830 2289 2878 tutus
2309 2821 2511 2891 excipit
2537 2822 2594 2876 S.
2617 2819 2850 2875 Zenonis
2872 2819 2984 2873 Vita
3005 2824 3062 2873 et
3082 2816 3474 2873 Translationis
3495 2815 3748 2886 historia,

2147 2931 2306 2988 quam
2360 2914 2703 2974 Zenonianus
2752 2909 3048 2967 monachus
3103 2911 3376 2974 exaravit;
3433 2907 3631 2965 deinde
3679 2924 3752 2975 ea

2147 3008 2412 3075 clausula,
2462 3007 2674 3077 qualem
2730 3005 2781 3058 in
2822 3003 2931 3058 ﬁne
2973 3001 3176 3058 codicis
3203 3001 3398 3058 Veneti
3438 3001 3749 3069 innuimus;

2149 3115 2211 3156 ac
2237 3101 2452 3155 tandem
2476 3098 2649 3153 aliena
2675 3112 2836 3150 ruauu
2878 3096 3237 3165 fragmentum
3277 3097 3566 3166 apponitur
3600 3094 3756 3166 Rhy-

2070 3215 2116 3281 ρ
2149 3195 2281 3250 ιιιιηὶ
2309 3194 2371 3248 de
2404 3193 2620 3248 Verona:
2648 3190 2910 3256 laudibus,
2956 3205 3116 3261 quem
3141 3207 3171 3244 a
3201 3190 3436 3261 quodam
3464 3192 3756 3262 Anonymo

2150 3290 2408 3358 scriptum
2441 3287 2614 3356 Pipini
2645 3285 2976 3354 temporibus
3005 3284 3132 3339 alibi
3157 3284 3422 3342 dicemus.
3455 3286 3513 3341 Ρ.
3549 3285 3760 3342 Ἴθι-εει

2151 3396 2246 3436 cus
2265 3378 2505 3449 ejusdem
2532 3377 2762 3433 ccenobii
2784 3377 3078 3433 monachus
3092 3385 3187 3432 eta
3208 3377 3528 3436 bibliotheca
3545 3379 3756 3442 codicis

2151 3475 2362 3539 copiam
2393 3471 2539 3537 fecit,
2583 3471 2866 3540 eidemque
2893 3470 3224 3525 conferendo
3262 3485 3421 3538 Opem
3458 3469 3748 3541 illll'lelltllls

2228 3566 2294 3621 Χ.
2343 3567 2494 3621 Alius
2543 3565 2712 3620 codex
2752 3564 3070 3619 chartaceus
3117 3564 3216 3617 sub
3253 3564 3415 3618 tinem
3455 3579 3522 3617 xv
3564 3565 3754 3619 sa-culi

2155 3661 2390 3732 pessimo
2419 3658 2730 3712 charactere
2749 3668 3044 3725 ,exaratus,
3101 3657 3450 3711 miscellanea
3501 3659 3753 3727 qumdatn

2159 3753 2431 3806 variorum
2471 3761 2751 3804 auctorum
2780 3751 3084 3815 continens,
3117 3757 3326 3820 septem
3367 3765 3645 3806 sermones
3683 3767 3756 3810 ex

2159 3843 2337 3913 aliquo
2363 3842 2550 3898 codice
2578 3840 2888 3898 Zeuoniano
2917 3850 3201 3915 excerptas
3238 3843 3571 3916 primo'loco
3598 3845 3758 3902 exhiv

2158 3936 2267 4003 bet,
2299 3951 2360 3989 ex
2393 3935 2587 4006 quibus
2609 3949 2701 3989 sex
2733 3923 3004 3990 Zenonem
3039 3935 3236 4006 habent
3269 3942 3574 4005 auctorem,
3615 3938 3759 3995 alius

2158 4039 2337 4084 autem
2378 4044 2443 4084 ex
2485 4027 2797 4099 Appendice
2840 4035 3084 4097 sumptus
3123 4028 3263 4084 fuit:
3311 4029 3364 4100 lii
3403 4009 3584 4086 autern
3629 4040 3763 4088 sunt

2162 4121 2262 4177 hoc
2297 4122 2490 4177 ordine
2537 4119 2726 4191 scripti
2777 4137 2790 4175 :
2841 4119 2920 4174 De
2940 4123 3168 4176 Adtende
3190 4123 3299 4187 tibi,
3321 4137 3386 4177 ex
3407 4125 3756 4194 Appendice;

2158 4246 2229 4256 -
2251 4215 2313 4270 dc
2342 4214 2638 4281 Pudicitia;
2663 4245 2734 4256 —
2771 4214 2834 4268 de
2883 4214 3242 4284 Continentia;
3269 4247 3340 4258 --
3369 4217 3433 4273 de
3474 4218 3763 4278 Natitn'tate

2159 4306 2495 4376 Domini;—
2523 4307 2588 4362 de
2617 4307 2958 4375 Humilitate;
2985 4338 3058 4350 --
3097 4308 3162 4364 de
3199 4309 3338 4366 Jona
3383 4313 3761 4383 praplteta;--

2159 4405 2224 4461 de
2249 4406 2658 4460 Resurrectione.
3401 4425 3406 4430 ·

2232 4500 2323 4556 XI.
2370 4500 2765 4570 Mauuscriptus
2792 4499 2948 4567 liber,
2979 4516 3140 4570 quem
3171 4500 3620 4570 Sparaverianum
3662 4518 3762 4574 ap-

456 4616 526 4676 14
558 4617 649 4671 lih.
681 4631 717 4670 ιι
751 4632 762 4668 :
796 4611 1067 4667 Dominica
1096 4627 1152 4666 ιιι
1181 4612 1233 4664 in
1258 4609 1688 4680 Quadragesima,
1716 4607 1886 4662 Lectio
1924 4624 1960 4674 ι,
1994 4625 2041 4678 tt,

2163 4593 2498 4663 pellabimus,
2534 4594 2689 4648 nobis
2717 4594 2991 4663 inspectus
3024 4608 3128 4648 non
3164 4593 3284 4661 fuit,
3314 4596 3408 4650 sed
3449 4596 3599 4652 illum
3634 4613 3762 4668 per-

453 4728 514 4768 ιιι
575 4709 843 4764 Tractatus
887 4707 949 4761 de
988 4703 1148 4759 Juda.
1192 4705 1374 4759 Altera
1418 4705 1470 4757 in
1503 4712 1660 4758 tract.
1711 4703 1779 4758 15
1809 4702 2054 4772 ejusdem

455 4808 551 4863 lib.
584 4820 654 4860 tt:
689 4802 958 4857 Tractatus
982 4801 1044 4854 de
1068 4797 1168 4852 Job
1197 4795 1371 4852 Lectio
1398 4796 1460 4850 Β.
1487 4795 1709 4852 Zenonis
1732 4797 1885 4866 hujus
1903 4797 2055 4853 Sedis

456 4896 724 4968 EpiscOpi.
755 4891 890 4948 Cum
921 4905 1051 4946 vero
1079 4905 1147 4945 ex
1180 4890 1281 4944 hac
1315 4896 1586 4958 postrema
1611 4887 1822 4943 rubrica
1851 4888 2052 4959 liquet,

458 4992 598 5046 hunc
624 5001 837 5059 quoque
861 4984 1102 5040 codicem
1124 4981 1190 5037 ad
1219 4981 1582 5036 Veronensem
1611 4978 1907 5034 Ecclesiam
1935 4996 2056 5050 per-

457 5082 702 5145 tinuisse,
735 5079 817 5133 vel
849 5077 1025 5147 potius
1053 5074 1382 5143 exscriptum
1413 5088 1476 5126 ex
1505 5071 1686 5143 aliquo
1725 5072 2017 5127 vetustiore
2038 5110 2053 5138 ,

455 5175 546 5247 qui
570 5173 745 5229 eidem
779 5169 1035 5225 Ecclesia:
1063 5167 1183 5221 usui
1205 5175 1347 5221 esset
1374 5181 1386 5218 :
1423 5174 1532 5219 tum
1563 5177 1695 5219 vero
1724 5177 1788 5218 ex
1815 5163 2058 5233 utrisque

458 5269 626 5323 titulis
658 5264 830 5336 palam
869 5270 984 5327 est,
1037 5262 1134 5315 hos
1171 5274 1452 5315 sermones
1505 5259 1646 5314 inter
1684 5272 1837 5313 sacra
1878 5255 2056 5312 cilicia

459 5361 622 5417 fuisse
652 5357 943 5428 aliquando
964 5354 1015 5408 in
1046 5354 1148 5409 hac
1177 5352 1410 5408 Ecclesia
1443 5352 1653 5423 publice
1677 5351 1872 5415 lectos,
1898 5348 2059 5420 idque

465 5458 734 5528 posterius
767 5453 1034 5506 invectum
1058 5489 1072 5516 ,
1105 5463 1264 5518 quam
1295 5445 1504 5501 scilicet
1535 5445 1816 5500 Remensis
1857 5443 2060 5500 codicis

461 5549 714 5610 rubricae,
759 5561 878 5615 qua:
918 5541 1061 5597 inter
1105 5541 1286 5610 plures
1331 5539 1384 5594 id
1433 5541 1648 5609 generis
1685 5536 2062 5602 adnotationes

462 5642 596 5696 nihil
625 5637 890 5711 ejusmodi
919 5637 1183 5699 referunt,
1216 5633 1578 5688 exsoleverint
1611 5650 1623 5687 :
1666 5642 1720 5687 et
1766 5631 1892 5687 hinc
1921 5630 2061 5686 forte

462 5733 752 5791 Eutherius
783 5731 944 5802 hujus
972 5729 1116 5784 sedis
1145 5729 1432 5796 episcopus
1459 5741 1526 5780 ex
1547 5740 1798 5781 sermone
1826 5725 1890 5779 de
1917 5722 2061 5780 Juda

449 5843 540 5889 ter
569 5829 842 5906 quoddam
878 5827 1114 5885 Zenonis
1139 5823 1502 5885 testimonium
1529 5826 1779 5906 sumpsit,
1809 5835 1861 5881 ιιι
1892 5823 2059 5889 adno-

2160 4686 2378 4740 celeber
2418 4696 2472 4739 et
2505 4685 2700 4762 pobilis
2742 4685 2823 4738 vir
2867 4685 3190 4742 Frauciscus
3229 4687 3584 4758 Sparavcrius
3624 4691 3761 4747 olim

2161 4791 2284 4832 cum
2313 4776 2473 4831 editis
2502 4777 2749 4843 contulit,
2772 4779 3147 4849 variantesque
3175 4780 3293 4850 ejus
3323 4782 3582 4838 lectiones
3605 4797 3762 4840 neta-

2168 4871 2244 4926 vit
2287 4869 2341 4924 in
2390 4869 2859 4926 observationibus
2892 4870 2960 4925 ad
3001 4870 3235 4927 Zenonis
3277 4889 3582 4944 sermones,
3623 4893 3763 4947 quas

2162 4977 2283 5018 cum
2324 4977 2522 5018 novam
2553 4961 2710 5031 hujus
2737 4962 3015 5033 scriptoris
3045 4964 3338 5021 editionem
3382 4969 3758 5038 meditaretur.

2163 5059 2263 5112 sub
2303 5061 2425 5112 vita:
2464 5059 2669 5112 exitum
2712 5055 3042 5124 lucubravit,
3089 5058 3541 5132 imperfectusque
3583 5072 3762 5122 morte

2163 5146 2497 5220 interceptus
2526 5148 2761 5216 reliquit.
2789 5147 2954 5218 Cujus
2994 5151 3082 5205 ille
3121 5151 3293 5206 codex
3341 5152 3532 5220 fuerit,
3570 5167 3626 5212 et
3668 5159 3763 5214 ubi

2165 5256 2309 5297 nunc
2347 5245 2445 5308 sit,
2492 5240 2832 5310 ignoramus;
2862 5239 2964 5294 nisi
2994 5239 3132 5297 forte
3159 5243 3302 5298 idem
3329 5245 3421 5301 ille
3451 5246 3634 5302 haberi
3664 5250 3764 5306 de-

2166 5332 2318 5401 beat,
2349 5334 2520 5403 quiin
2561 5332 2861 5386 Sebastiani
2906 5332 3082 5387 l’isani
3117 5335 3383 5404 junioris,
3436 5337 3763 5398 Veronensis

2165 5427 2426 5496 episcOpi,
2458 5437 2512 5480 et
2541 5424 2860 5494 Sparaverio
2887 5426 3059 5480 CO'JBVi
3092 5426 3243 5482 libris
3267 5431 3543 5486 exstitisse
3572 5433 3761 5502 prodi..-

2172 5533 2256 5575 tus
2284 5531 2388 5583 est,
2421 5535 2519 5574 nec
2550 5532 2726 5575 tamen
2759 5534 2866 5590 quo
2899 5529 3020 5590 post
3059 5519 3178 5589 ejus
3211 5529 3439 5578 mortem
3485 5528 3762 5584 transierit

2172 5612 2413 5666 invenire
2443 5611 2609 5667 licttit.
2641 5611 2945 5681 Sparaverii
2969 5623 3148 5666 autem
3179 5613 3352 5669 codex
3377 5616 3618 5686 ejusdem
3646 5617 3764 5678 fere

2168 5706 2380 5777 generis
2412 5705 2576 5784 fuisse
2606 5705 2835 5772 videtur,
2876 5720 2938 5760 ac
2966 5706 3412 5763 tnembrauaceus
3450 5712 3766 5769 tnuuasterii

2166 5806 2221 5860 8.
2249 5801 2499 5874 Zenonis,
2530 5818 2652 5866 cunt
2681 5807 2897 5864 easdem
2929 5818 3072 5882 Saepe
3101 5815 3419 5872 tractatuum
3453 5808 3771 5899 ἱιιδοιίριὶο.
