3998 6332
262 297 327 367 ιιι
686 302 691 309 ν
1433 298 1988 363 BALLEmNtonUtt
2032 305 2420 366 nummo.
3497 324 3569 381 se

260 429 362 510 nes
401 410 843 510 praetentaﬂum
880 412 1145 510 tamenin
1176 413 1444 510 aliquibus
1483 415 1778 510 discrepet,
1810 423 1946 485 etA
1967 420 2053 477 cui
2078 421 2245 480 dubio
2274 424 2495 481 codices
2525 426 2766 501 integros
2810 441 2867 489 et
2914 432 3177 497 Remensi
3209 436 3575 510 antiquiores,

257 505 506 562 diversas
526 503 790 561 lectiones
818 520 927 561 non
948 487 1138 597 pullibi
1159 487 1436 576 exhibeat,
1469 519 1525 564 ut
1552 508 1605 565 in
1633 487 1862 567 adnota-

258 600 499 665 tionibus
526 612 630 656 suo
657 597 782 657 loco
807 599 1147 675 opponendis
1176 600 1537 673 monebimus,
1570 617 1603 659 e
1645 602 1865 673 diversp

256 691 515 764 exemplo
540 691 851 764 descriptus
875 692 1008 751 satis
1036 692 1301 766 proditur.
1335 693 1504 767 Hujus
1530 705 1712 769 autem
1754 697 1867 755 lec-

258 787 440 849 tiones
492 784 765 843 variantes
804 783 1132 858 Sparaverio
1175 787 1473 859 debemus,
1525 788 1751 862 ejusque
1795 806 1867 851 ex

254 879 732 941 observationibus
762 880 816 935 in
857 879 967 938 fine
996 880 1281 954 praestitis
1312 880 1600 953 voluminis
1624 883 1867 943 referen-

254 974 342 1031 dis
371 974 497 1030 illas
525 974 919 1047 excerpsimus.

326 1066 445 1125 Xll.
475 1067 719 1126 Tandem
752 1066 1072 1125 recentioris
1098 1068 1314 1140 quidem
1342 1071 1540 1139 astatis,
1581 1071 1677 1128 sed
1706 1086 1867 1129 accn.

252 1160 474 1229 ratioris
505 1159 716 1219 librarii
743 1160 988 1218 codicem
1013 1163 1377 1234 suppeditavit
1400 1162 1599 1220 Comes
1628 1162 1866 1221 Alexan~

250 1257 348 1319 der
377 1257 710 1327 Pompeius,
749 1266 807 1311 ιιι
839 1256 1063 1327 proinde
1102 1255 1466 1328 Pompeianus
1506 1257 1866 1329 appellandus

250 1351 513 1422 deinceps
539 1349 635 1406 sit.
668 1350 748 1407 Ex
782 1348 1102 1422 Pellcgrime
1147 1349 1388 1425 Familia:
1417 1358 1647 1407 stemate
1673 1392 1689 1419 ,
1716 1351 1863 1425 quod

250 1446 306 1503 in
333 1444 518 1521 fronte
541 1444 816 1515 depictum
845 1441 1049 1500 alfabre
1087 1445 1330 1501 cernitur
1352 1458 1475 1501 cum
1506 1446 1863 1518 inscriptione

251 1535 526 1609 Reregrini
558 1534 871 1613 Peregrinii,
899 1537 966 1594 ad
1007 1552 1131 1597 eum
1162 1538 1318 1609 hujus
1350 1538 1569 1597 familiae
1595 1539 1863 1597 illustrem

249 1632 427 1689 Virum
444 1629 579 1686 olim
598 1630 933 1703 pertinuisse
958 1631 1333 1705 cognoscitur,
1358 1634 1597 1704 qttipoat
1623 1634 1861 1695 medium

252 1739 320 1785 xv
348 1723 619 1781 saeculum
644 1722 851 1792 ﬂoruit,
878 1734 932 1779 et
960 1725 1063 1799 sub
1096 1723 1239 1781 idem
1283 1734 1493 1797 tempus
1528 1726 1699 1785 codex
1728 1742 1859 1785 exa-

1968 526 2043 605 ex-
2083 513 2278 585 quibus
2334 516 2442 573 illa:
2489 522 2873 593 supplerentur
2915 528 3235 597 sententiae,
3288 530 3358 589 ab
3386 532 3566 605 aliquo

1967 603 2161 661 saltem
2190 607 2415 681 antiquo
2439 616 2757 674 amanuensi
2781 618 3055 676 adhibitos
3077 622 3250 691 palam
3279 632 3395 690 est;
3424 603 3573 697 quod

1967 707 2230 768 quantum
2257 701 2505 758 conferat
2524 712 2638 762 tum
2664 707 2731 763 ad
2779 709 3119 768 collectionis
3147 712 3307 783 hujus
3332 715 3588 792 antiqnin

1970 799 2135 847 tatem
2189 794 2556 868 probandam,
2611 810 2723 859 tum
2774 803 2842 860 ad
2893 806 3290 865 ostendendum
3317 819 3566 875 veterum

1968 887 2357 957 exemplarium
2391 906 2699 964 numerum,
2727 910 2890 953 nemo
2915 904 3002 954 est
3033 899 3126 971 qui
3151 916 3257 957 non
3289 902 3489 961 videat.

2040 976 2182 1034 XIV.
2225 980 2377 1049 Quod
2422 984 2468 1041 si
2510 985 2580 1042 de
2625 987 2740 1059 ipsa
2770 990 3110 1048 collectionis
3150 996 3360 1066 origine
3400 998 3563 1057 valde

1967 1072 2321 1142 probabiliter
2345 1078 2616 1150 conjicere
2641 1082 2825 1151 liceat,
2847 1085 2992 1157 quod
3030 1072 3101 1143 ad
3132 1090 3299 1146 multa
3327 1091 3458 1149 utile
3483 1093 3567 1149 fu.

1968 1170 2149 1229 turum
2177 1178 2285 1234 est,
2316 1185 2437 1226 eam
2467 1175 2628 1244 paulo
2658 1187 2778 1246 post
2799 1177 2859 1233 S.
2889 1177 3143 1252 Episcopi
3161 1188 3417 1251 mortem,
3446 1183 3565 1256 ipso

1966 1267 2160 1330 quarto
2182 1262 2380 1319 saeculo
2418 1276 2651 1324 exeunte
2671 1269 2753 1324 vel
2775 1269 2993 1327 ineunte
3016 1274 3226 1345 quinto,
3255 1292 3323 1331 ex
3351 1279 3568 1335 schedis

1966 1352 2084 1421 ejus
2112 1349 2345 1409 Verona:
2366 1357 2581 1414 relictis
2611 1360 2859 1417 eductam
2901 1374 3063 1436 atque
3103 1381 3418 1439 expressam
3448 1388 3569 1430 cre-

1966 1442 2168 1503 dimus.
2196 1448 2495 1506 Auctorem
2524 1452 2740 1524 quidem
2770 1470 2889 1511 eam
2920 1472 3020 1513 nec
3049 1474 3289 1531 parasse,
3316 1478 3419 1520 nec
3444 1439 3566 1523 edi-

1966 1536 2146 1604 disse,
2197 1554 2480 1600 sermones
2526 1545 2746 1615 quidam
2796 1548 3141 1623 imperfecti,
3194 1555 3445 1626 repetiti,
3503 1574 3567 1616 ac

1967 1631 2145 1686 mutili
2188 1648 2409 1702 prorsus
2451 1641 2700 1696 suadent.
2750 1640 2862 1698 Una
2892 1644 3145 1701 nimirum
3177 1649 3262 1704 vel
3293 1654 3564 1725 praecipua

1965 1727 2106 1795 apud
2128 1736 2344 1784 veteres
2371 1728 2631 1788 Ecclesia:
2655 1734 2846 1793 Patres
2866 1752 2995 1794 cura
3022 1736 3146 1809 fuit,
3179 1756 3346 1814 Opera
3377 1747 3565 1804 adver-

248 1827 400 1875 tatus
428 1822 679 1890 apparet.
704 1817 851 1873 Ordo
873 1832 1242 1889 numerusque
1257 1821 1598 1875 'tractatuum
1627 1818 1770 1876 idem
1796 1835 1863 1878 ac
1892 1831 1940 1893 Β
1966 1832 2059 1875 sus
2087 1820 2310 1891 Gentes,
2344 1824 2428 1881 vel
2466 1824 2755 1886 lucreticos
2776 1830 3080 1905 lucubrata,
3103 1835 3315 1908 aliaque
3339 1838 3563 1898 histori-

248 1912 303 1973 in
347 1911 632 1968 Remensi.
680 1910 912 1967 Additur
951 1910 1187 1983 hymnus
1232 1910 1299 1966 de
1333 1912 1481 1986 signa
1523 1910 1723 1980 Crucis,
1767 1915 1859 1984 qui

248 2016 432 2065 tamen
462 2009 585 2065 sine
609 2007 719 2063 ulla
748 2007 1102 2078 inscriptione
1122 2046 1141 2076 ,
1168 2022 1277 2063 uno
1301 2016 1559 2064 contextu
1580 2022 1704 2066 cum
1734 2024 1858 2078 pos-

248 2111 426 2169 tnemo
454 2100 708 2157 addititio
755 2107 989 2157 tractatu
1032 2101 1202 2172 prima
1248 2115 1411 2155 manu
1458 2099 1729 2168 scriptus,
1771 2115 1860 2159 se—

246 2193 423 2251 cunda
447 2208 615 2249 manu
639 2191 930 2249 distinctus
954 2191 1261 2249 exhibetur.
1291 2190 1566 2249 Praeterea
1592 2191 1770 2249 Vitam
1794 2208 1861 2250 ac

246 2287 688 2345 Translationem
730 2286 807 2359 8.,
850 2285 1083 2343 Zenonis
1139 2302 1170 2342 a
1226 2284 1495 2343 monacho
1549 2284 1860 2346 Zenoniano

250 2381 586 2447 lucubratas,
617 2387 673 2434 et
699 2377 974 2451 Anonymi
1002 2377 1269 2447 Pipiniaui
1296 2377 1682 2453 fragmentum,
1716 2388 1773 2437 ut
1803 2381 1857 2443 in

249 2489 350 2529 tus.
380 2469 709 2527 monasterii
734 2470 792 2529 ὃ.
821 2469 1075 2552 Zenonis,
1104 2480 1393 2542 postrema:
1422 2473 1635 2544 paginae
1662 2488 1855 2549 sugge-

248 2574 395 2623 runt.
427 2563 624 2622 Mirum
666 2563 837 2641 videri
864 2565 1034 2634 possit
1061 2567 1115 2619 in
1147 2566 1595 2635 praestantissima
1634 2568 1860 2639 capituli

252 2656 582 2735 νει-[ιιιῳὼ
633 2655 979 2725 bibliotheca,
1027 2655 1084 2713 iu
1131 2671 1236 2729 qua
1281 2664 1366 2713 tut
1405 2660 1599 2715 vetusti
1641 2660 1859 2721 codices

247 2753 539 2827 diligenter
566 2762 873 2820 servantur,
908 2749 1115 2807 nullum
1148 2749 1206 2806 S.
1248 2749 1482 2815 Zenonis
1509 2753 1748 2823 potuisse
1778 2767 1860 2810 re.-

249 2852 553 2924 pet'iri;_at
600 2865 725 2917 cum
777 2847 871 2905 alii
923 2863 1030 2905 non
1079 2850 1256 2918 pauci,
1295 2864 1432 2920 quos
1472 2849 1605 2906 olim
1654 2849 1855 2915 ibidem

248 2945 527 3005 exstitisse
555 2944 835 3009 memorias
861 2944 1145 3017 proditum
1168 2952 1272 3010 est,
1314 2941 1685 3005 vicissitudine
1716 2950 1855 2999 temo

248 3055 444 3112 porum
468 3038 827 3109 deperierint,
848 3037 997 3105 inter
1023 3037 1126 3095 bos
1154 3038 1523 3113 transvolasse
1555 3054 1663 3110 ms,
1692 3039 1858 3109 libros

244 3133 304 3191 S.
328 3131 570 3191 Zenonis
595 3130 730 3187 nihil
769 3130 1115 3203 ambigimps.
1161 3129 1352 3215 Fuisse
1388 3131 1607 3202 quidem
1654 3131 1854 3197 ibidem

1963 1926 2047 1979 ca,
2077 1914 2432 1986 catechetica,
2466 1920 2549 1974 vel
2569 1922 2689 1977 aliis
2716 1923 3022 1982 nominibus
3046 1928 3196 1983 utilia
3222 1946 3287 1987 ac
3312 1947 3566 1991 necessa-

1964 2010 2044 2065 ria
2073 2009 2267 2067 litteris
2294 2014 2553 2072 mandare
2591 2028 2645 2072 et
2669 2000 2868 2087 edere;
2891 2020 2960 2076 de
2985 2024 3327 2086 sermonibus
3353 2038 3560 2094 autem,

1963 2102 2055 2172 qui
2084 2116 2113 2155 a
2137 2105 2328 2174 quovis
2356 2105 2625 2179 Episc0po
2661 2110 2730 2165 ad
2757 2112 3013 2183 pupulum
3040 2114 3376 2173 familiariter
3398 2118 3563 2179 habe-7

1963 2192 2179 2280 bantur,
2202 2209 2309 2251 non
2353 2198 2724 2255 tanta‘exstitit
2747 2203 3235 2277 cogitatio,quippe
3253 2223 3389 2280 quos
3402 2210 3564 2268 nullis

1963 2276 2156 2341 litteris
2196 2292 2544 2361 consignatos
2559 2293 2632 2346 illi
2656 2292 2768 2350 fere
2788 2296 3086 2352 recitabant
3102 2276 3564 2375 extctupore,vel,

1962 2377 2008 2434 si
2038 2382 2442 2447 committerent
2469 2384 2687 2455 litteris,
2720 2402 2827 2443 non
2856 2396 3009 2446 tanto
3030 2391 3212 2447 studio
3238 2394 3527 2453 edolahant
3544 2438 3558 2462 ,

1964 2480 2023 2527 ut
2053 2472 2104 2527 iu
2122 2474 2398 2544 publicum
2420 2478 2745 2536 emittendus
2766 2494 3073 2539 censerent.
3108 2482 3246 2541 Hinc
3276 2488 3417 2542 inter
3438 2487 3564 2544 inli-

1962 2566 2105 2623 nitOs
2124 2570 2511 2649 propemodum
2542 2573 2943 2648 episcoporum,
2973 2592 3110 2649 quos
3124 2579 3420 2652 antiquitas
3451 2585 3564 2641 clo-

1962 2656 2197 2729 quentia:
2217 2661 2378 2715 etiam
2404 2662 2566 2720 laude
2590 2667 2952 2734 commendat,
2969 2682 3273 2739 sermones,
3292 2673 3450 2743 pauci
3468 2676 3562 2730 ad-

1956 2751 2182 2814 modum
2214 2753 2405 2825 scripti
2445 2755 2513 2809 ad
2549 2769 2651 2811 nos
2680 2772 3003 2828 pervenere,
3043 2770 3100 2817 et
3122 2777 3191 2818 ex
3220 2763 3289 2819 iis
3312 2779 3422 2819 non
3446 2780 3564 2825 ont-

1962 2859 2060 2899 nes
2083 2843 2151 2899 ab
2184 2845 2322 2915 ipsis
2350 2848 2661 2903 auctoribus
2686 2850 2901 2905 collecti
2923 2858 2979 2906 et
3013 2850 3179 2920 editi;
3210 2855 3306 2911 sed
3342 2857 3562 2926 quidam

1960 2937 2016 2995 in
2043 2939 2264 2995 schedis
2292 2939 2492 3007 relicti,
2545 2942 2683 2999 alios
2715 2944 2984 3015 habuere,
3014 2936 3106 3018 qui
3135 2945 3258 3005 illos
3285 2959 3411 3020 post
3432 2966 3563 3007 auc-

1962 3040 2137 3089 torum
2161 3043 2392 3089 mortem
2419 3035 2752 3107 colligendos
2773 3047 2830 3093 et
2852 3039 3093 3095 edendos
3113 3053 3396 3099 curarunt.
3427 3042 3563 3105 illud

1962 3126 2329 3187 autemiuter
2358 3144 2647 3188 sermones
2693 3132 2953 3205 collectos
2990 3144 3048 3191 et
3091 3135 3268 3193 editos
3314 3137 3383 3194 ab
3426 3139 3562 3208 ipsis

248 3227 485 3297 aliquem
511 3222 577 3289 id_
595 3223 814 3296 generis
855 3222 1102 3281 codicem
1132 3238 1243 3279 non
1285 3230 1490 3278 tantum
1535 3223 1732 3295 conjici
1760 3240 1857 3296 pu—
1880 3223 1926 3288 C
1960 3221 2295 3289 anetorihus,
2321 3232 2410 3276 aut
2434 3220 2504 3278 ab
2525 3222 2647 3280 aliis
2672 3222 2944 3295 interest,
2976 3226 3119 3297 quod
3159 3229 3317 3298 primi
3345 3228 3561 3298 generis

248 3328 357 3376 test
398 3334 467 3374 es
505 3316 716 3375 Joanne
765 3317 1121 3389 presbytero,
1169 3317 1537 3373 mansiouario
1592 3316 1855 3383 Ecclesiae

255 3413 604 3482 Veronensis,
631 3427 793 3484 quem
825 3412 911 3483 (ut
938 3412 1186 3483 pluribus
1222 3412 1607 3469 adnotabimus
1644 3412 1852 3470 disser-

252 3513 485 3579 tatione,
510 3512 685 3580 prima
720 3521 775 3573 c.
815 3506 868 3574 ὅ,
904 3505 1002 3580 δι)
1030 3523 1139 3563 non
1185 3507 1313 3563 alibi
1342 3507 1577 3581 anonis
1608 3510 1854 3571 codicem

251 3602 453 3659 vidisse
467 3611 524 3659 et
541 3601 738 3675 legisse
762 3604 896 3657 satis
927 3602 1205 3672 probabile
1226 3588 1355 3673 esu;
1375 3602 1471 3660 sed
1494 3602 1671 3677 palam
1691 3604 1854 3660 etiam

244 3695 385 3763 ﬁeri.
412 3693 632 3751 videtur
672 3709 741 3767 es
785 3695 1026 3765 editione
1069 3694 1275 3752 Veneta
1325 3695 1385 3752 S.
1438 3697 1695 3765 Zenonis,
1735 3713 1857 3768 quae

246 3803 370 3859 cum
406 3788 621 3863 codicis
664 3788 978 3846 meminerit
1030 3804 1058 3842 a
1092 3787 1334 3847 Guarino
1374 3790 1582 3847 inventi
1627 3792 1683 3846 in
1722 3789 1854 3863 Epi-

247 3881 411 3955 scopii
442 3878 750 3938 Veronensis
776 3880 1211 3949 bibliotltece,ttec
1238 3880 1345 3938 alia
1369 3882 1632 3954 episcopii
1658 3882 1857 3940 biblio-

249 3974 405 4032 theca
438 3974 635 4031 tradita
664 3975 759 4041 sit,
791 3974 1200 4047 quatnscapituli
1225 3974 1555 4032 catltedralis
1582 3976 1852 4043 ecclesiae,

246 4068 303 4125 in
332 4070 436 4125 hac
481 4068 677 4139 procul
711 4067 876 4125 dubio
913 4067 1159 4126 codicem
1199 4069 1352 4125 illum
1382 4070 1661 4127 inventum
1689 4073 1859 4131 exsti-

249 4162 380 4219 tiSse
400 4160 750 4219 arbitramur.

318 4254 464 4313 XIII.
502 4254 711 4314 Novem
757 4257 940 4329 itaque
986 4264 1115 4315 sunt
1163 4256 1406 4326 codices,
1456 4273 1598 4329 quos
1650 4258 1857 4317 habere

248 4350 498 4421 contigit,
528 4360 588 4405 et
615 4364 683 4405 eo
711 4348 960 4405 utiliores
985 4351 1158 4417 fuere,
1188 4351 1336 4423 quod
1381 4351 1449 4423 (si
1476 4349 1853 4410 Zeuonianum

251 4443 601 4499 citartaceum
620 4440 900 4516 excipias)
927 4459 1117 4500 omnes
1160 4444 1219 4501 S.
1272 4443 1509 4503 Zenonis
1563 4461 1850 4504 sermones

250 4535 449 4608 singuli
474 4536 810 4607 contineant,
839 4540 1024 4609 sicque
1048 4553 1332 4595 sermones
1362 4554 1554 4595 omnes
1580 4554 1704 4596 cum
1729 4548 1854 4596 octo

1962 3327 2244 3371 sermones
2274 3314 2487 3386 integri,
2520 3316 2778 3387 aequales,
2802 3316 3087 3387 elaborati,
3114 3316 3449 3392 et‘perpoliti
3470 3322 3562 3385 inv

1961 3408 2281 3476 veniuntur;
2305 3401 2429 3464 cum
2459 3423 2619 3466 nemo
2663 3408 2801 3465 nihil
2855 3410 2961 3466 nisi
3005 3410 3302 3482 perfectum
3340 3424 3393 3477 et
3428 3429 3563 3471 enu—

1959 3502 2185 3558 cleatius
2215 3502 2555 3579 lucubratum
2584 3490 2833 3561 emittere
2859 3504 3073 3560 soleat:
3106 3513 3163 3561 at
3206 3506 3426 3564 alterius
3466 3520 3561 3578 ge-

1962 3597 2110 3657 neris
2154 3600 2432 3656 orationes
2472 3614 2619 3669 saepe
2664 3600 2847 3667 rudes,
2896 3616 3300 3674 nonnumquam
3352 3604 3559 3662 mutiltc

1958 3690 2398 3764 imperlecneque
2436 3702 2755 3750 cernuntur.
2809 3691 2993 3764 itaque
3017 3694 3122 3750 etsi
3167 3694 3225 3753 Β.
3272 3693 3421 3752 Zeno
3449 3698 3558 3768 pri-

1961 3803 2083 3846 mus
2121 3790 2193 3844 sit
2217 3788 2531 3845 Latinorum
2575 3788 2797 3846 Patrum
2826 3788 2983 3858 cujus
3012 3801 3294 3846 sermones
3337 3790 3556 3860 prndio.

1962 3897 2109 3950 runt,
2139 3892 2197 3939 ut
2238 3884 2294 3939 in
2324 3882 2589 3954 prommio
2628 3882 2695 3937 ad
2736 3882 2957 3938 dissert.
2984 3880 3023 3935 2
3063 3881 3401 3952 ostendetur,
3445 3886 3561 3957 ipse

1962 3985 2142 4032 tamen
2176 3976 2317 4031 hanc
2348 3974 2726 4031 collectionem
2777 3973 2920 4031 haud
2964 3989 3187 4044 parasse
3230 3987 3286 4032 et
3320 3976 3558 4034 edidisse

1960 4066 2268 4124 credendus
2297 4075 2413 4134 est;
2443 4067 2542 4123 sed
2589 4081 2711 4137 quae
2743 4066 2797 4123 in
2825 4080 2982 4121 usum
3012 4080 3330 4122 sermonum
3353 4107 3369 4135 ,
3423 4082 3561 4137 quos

1959 4161 2028 4218 ad
2054 4164 2312 4233 populum
2342 4160 2811 4233 frequentissimos
2842 4160 3050 4228 habuit,
3097 4172 3219 4228 post
3240 4171 3475 4218 mortem
3506 4164 3562 4220 iu

1958 4254 2178 4313 schedis
2221 4255 2471 4327 reliquit,
2503 4269 2569 4312 ea
2622 4253 2692 4313 ab
2719 4252 2843 4313 aliis
2897 4255 3119 4311 inventa
3142 4295 3160 4323 ,
3209 4255 3280 4312 ob
3306 4255 3562 4315 eximiam

1961 4348 2148 4407 Sancti
2199 4347 2299 4407 viri
2348 4347 2804 4419 existimationem
2854 4346 3161 4419 colligenda
3198 4347 3408 4405 naviter
3434 4351 3555 4407 visa
3607 4424 3609 4431 {

1959 4451 2109 4513 sunt,
2141 4444 2305 4515 idque
2335 4452 2482 4499 tanta
2511 4444 2712 4511 factum
2739 4436 3042 4513 diligentia,
3090 4451 3148 4498 ut
3173 4442 3433 4514 quidquid
3464 4458 3555 4500 re-

1950 4540 2125 4612 .periri
2175 4540 2370 4611 potuit,
2415 4539 2534 4597 sive
2577 4535 2900 4607 perfectum,
2952 4536 3067 4601 sive
3098 4537 3310 4607 minus,
3363 4548 3558 4609 totum,

250 4631 533 4688 codicibus
556 4630 804 4717 conferre
848 4631 1019 4705 licuit,
1071 4645 1273 4706 praeter
1307 4642 1569 4689 tractatus
1621 4635 1849 4705 aliquot,
1884 4631 1934 4691 D
1962 4635 2286 4691 collectione
2312 4631 2632 4695 eteditione
2663 4631 2883 4703 dignum
2917 4630 3223 4702 jndicatum
3271 4635 3364 4700 sit,
3415 4632 3560 4705 frag-

254 4738 488 4794 quorum
513 4725 786 4780 variantes
812 4739 915 4781 nec
938 4724 1180 4781 Basilica:
1211 4724 1482 4783 Vaticana
1521 4726 1695 4783 codex
1726 4743 1853 4785 sero

257 4817 548 4891 indicatus,
570 4834 673 4879 nec
697 4821 1052 4892 Sparaverius
1074 4861 1091 4885 ,
1120 4821 1497 4892 imperfectum
1526 4838 1662 4893 opus
1691 4822 1856 4879 retin-

255 4949 453 5006 qoens,
484 4933 917 5005 suppeditarunt.
947 4927 1061 4986 Etsi
1086 4937 1269 4987 autem
1306 4930 1359 4985 hi
1386 4944 1577 4988 omnes
1602 4935 1842 4999 codices,

258 5044 367 5088 non
410 5031 574 5087 modo
599 5033 887 5101 eumdem,
939 5033 1031 5106 qni
1087 5034 1141 5089 in
1169 5032 1551 5103 antiquissimo
1597 5031 1855 5088 Remensi

255 5125 518 5195 cernitur,
573 5140 886 5184 sermonum
944 5127 1191 5184 ordinem
1245 5136 1561 5197 sequantur,
1603 5127 1701 5182 sed
1750 5140 1858 5181 uno

253 5220 419 5276 etiam
441 5220 758 5276 charactere
772 5221 1130 5291 transcriptos
1143 5220 1433 5291 praeferant
1456 5226 1734 5287 tractatus,
1767 5222 1859 5291 qui

254 5314 459 5385 duplici
511 5326 675 5370 manu
723 5315 778 5370 in
832 5314 1086 5371 Remensi
1132 5312 1339 5371 exarati
1372 5314 1660 5386 leguntur:
1694 5328 1855 5371 nemo

260 5418 442 5465 tamen
490 5422 560 5464 ex
607 5407 713 5465 hoc
740 5404 993 5464 Remensi
1035 5416 1307 5479 tamquam
1349 5422 1418 5465 ex
1452 5408 1600 5465 fonte
1627 5415 1858 5465 exteros

260 5495 582 5567 promisisse
632 5501 839 5558 idcirco
892 5503 1184 5559 existimet.
1275 5501 1388 5557 lino
1462 5517 1592 5558 vero
1635 5514 1759 5558 cum
1800 5501 1854 5558 in

261 5592 516 5650 Remensi
542 5601 742 5666 praeter
762 5595 1033 5650 variantes
1065 5595 1331 5651 lectiones
1349 5594 1616 5657 ettitnlos
1643 5596 1858 5652 varian-

261 5697 365 5753 tes,
395 5689 602 5759 aliquot
647 5687 961 5743 ldemtidem
1000 5689 1302 5744 sententias
1341 5702 1443 5744 suo
1473 5702 1716 5761 quasque
1745 5691 1861 5748 loco

261 5779 526 5836 notandas
569 5778 823 5837 librarius
866 5793 965 5852 per
999 5781 1192 5836 saltum
1222 5780 1566 5853 praeterierit,
1623 5797 1756 5854 quas
1804 5782 1899 5839 in.

267 5874 385 5943 aliis
410 5876 798 5950 manuscriptls
826 5872 1106 5951 suppletas
1155 5876 1300 5934 nacti
1325 5890 1545 5944 sumus;
1573 5877 1712 5939 alios
1737 5893 1862 5952 pro-

1963 4737 2205 4785 mentum
2258 4726 2386 4785 licet
2420 4724 2683 4796 exiguum
2725 4737 2893 4794 esset,
2943 4726 3026 4789 vel
3079 4725 3444 4796 exordiolum,
3477 4729 3561 4784 vel

1966 4824 2127 4883 unica
2155 4822 2318 4879 etiam
2349 4822 2626 4894 periodus.
2665 4820 2797 4891 Quae
2824 4820 3228 4886 animadversio
3250 4830 3560 4884 necessaria

1963 4934 2188 4990 omnino
2225 4932 2326 4991 fuit
2350 4934 2419 4991 ad
2441 4934 2768 4991 vindicanda
2797 4950 2905 4991 non
2929 4950 3119 5007 pauca,
3149 4949 3272 5007 quae
3298 4935 3352 4991 in
3383 4935 3559 4994 Zeno-

1963 5028 2049 5083 nis
2081 5028 2399 5085 trnctatihus
2442 5027 2779 5099 imperfecta,
2830 5031 2912 5085 vel
2954 5031 3149 5102 paucis
3191 5030 3414 5099 additis,
3464 5040 3567 5089 seu

1962 5124 2182 5180 mutatis
2207 5165 2221 5189 ,
2279 5124 2503 5180 totidem
2531 5124 2713 5179 verbis
2765 5118 2993 5194 repetita
3021 5125 3404 5182 meminimus:
3436 5140 3560 5198 quae

1962 5217 2006 5271 si
2036 5217 2267 5287 ipsemet
2295 5216 2503 5272 Auctor
2531 5215 2737 5272 edenda
2764 5217 3084 5289 cogitasset,
3113 5217 3246 5273 nihil
3276 5218 3561 5285 dubiLest,

1960 5309 2091 5380 quin
2121 5311 2514 5382 suppressisset
2538 5309 2788 5380 repetita,
2809 5319 3007 5365 caetera
3034 5319 3214 5367 autem
3248 5310 3316 5367 ad
3346 5310 3564 5369 umbili-

1962 5416 2087 5458 cum
2113 5402 2459 5474 perduxisset
2496 5403 2948 5474 pcrpolissetqne.
2982 5402 3121 5459 Hinc
3138 5404 3302 5460 etiam
3327 5404 3397 5460 de
3434 5418 3562 5459 cor-

1965 5497 2139 5568 ruptis
2165 5510 2275 5552 non
2314 5497 2477 5552 nullis
2506 5498 2675 5562 locis,
2713 5494 2911 5568 quibus
2954 5498 3093 5554 nulli
3138 5498 3356 5555 codices
3386 5509 3563 5554 reme-

1938 5588 2112 5646 ~dium
2138 5588 2356 5645 adferre
2394 5598 2712 5660 potuerunt;
2736 5588 3057 5661 oonjectatio
3080 5590 3344 5656 exoritur,
3372 5590 3423 5645 id
3451 5604 3561 5648 non

1964 5683 2204 5739 omnium
2230 5678 2642 5758 amanuensiunt
2699 5685 2754 5740 in
2785 5683 3035 5755 eumdem
3074 5696 3315 5740 errorem
3343 5687 3561 5757 conspi-

1944 5779 2197 5835 rantium
2232 5778 2361 5834 vitio
2390 5778 2663 5846 evenisse,
2689 5779 2785 5835 sed
2825 5778 3056 5849 quadam
3088 5779 3246 5850 primi
3277 5778 3415 5836 forte
3439 5779 3562 5837 Col-

1967 5873 2189 5930 lectoris
2228 5873 2574 5941 necessitate,
2624 5873 2715 5944 qui
2746 5886 2870 5928 cum
2897 5872 3079 5929 omnia
3108 5870 3379 5944 Zenonis,
3416 5890 3562 5948 quae-
