3998 6332
443 319 514 372 ’25
1817 313 1997 370 PROL
2005 311 2353 370 EGOMENA.
3675 315 3751 370 9.4

441 450 674 508 cumque
723 443 930 501 essent,
989 435 1151 489 etiam
1209 432 1508 502 fragmenta
1532 469 1549 495 ,
1579 426 1886 500 colligenda
1936 427 2037 482 sibi
2067 430 2118 488 Α
2148 427 2214 480 tis
2246 429 2528 483 universos
2557 441 2838 484 sermones
2879 416 3246 494 dividi-remus
3290 408 3344 485 in,
3387 429 3557 486 libros
3584 429 3751 485 duos.

447 529 795 600 sumpsisset,
826 527 988 596 idque
1014 541 1078 582 ex
1107 523 1326 581 schedis
1342 539 1449 580 non
1481 522 1672 578 nullihi
1704 520 1922 588 deletis,
1955 520 2041 575 vel

442 624 496 678 in
523 623 722 696 quibus
744 621 1122 693 superductaz,
1153 629 1211 676 ιιι
1240 620 1292 675 in
1325 622 1500 690 primo
1524 615 1776 686 exemplo
1805 614 1920 670 fieri
1949 628 2041 669 so-

435 714 539 781 let,
591 725 779 771 essent
820 729 981 769 voces
1007 755 1020 778 ,
1053 723 1146 768 aut
1193 712 1380 778 lineae;
1431 709 1633 765 alicubi
1687 723 1910 764 necesse
1945 707 2045 762 fuit

442 807 772 867 exscribere.
806 821 927 878 quae
977 820 1083 860 non
1112 806 1250 860 bene
1299 805 1628 874 legerentur,
1664 802 1745 855 vel
1775 801 1827 854 in
1849 797 2042 868 quibus

443 900 657 956 deesset
686 899 827 956 forte
855 898 1058 970 aliquid
1084 916 1098 951 :
1144 897 1341 968 quibus
1367 896 1436 952 de
1467 896 1633 952 rebus
1659 892 1859 951 alicubi
1891 907 2044 948 eum-

443 992 566 1049 dem
588 993 941 1048 collectorem
972 1006 1182 1057 errare,
1216 1005 1374 1044 unam
1401 1004 1593 1044 vocem
1626 1002 1724 1056 pro
1762 985 1867 1040 alia
1895 985 2042 1054 lege-

439 1103 520 1151 re.
556 1086 804 1141 mutilum
833 1086 994 1139 etiam
1025 1098 1242 1139 sensum
1294 1079 1554 1136 exhibere
1607 1079 1880 1150 oportuit,
1908 1092 2046 1148 quos

440 1181 690 1237 defectus
727 1179 816 1233 alii
865 1176 1197 1248 posteriores
1224 1176 1427 1230 librarii
1459 1183 1816 1244 exceperunt,
1841 1181 1900 1228 ut
1921 1185 2047 1242 spes

443 1275 592 1328 nulla
619 1275 692 1329 sit
721 1275 854 1338 fore,
888 1283 944 1326 ut
988 1272 1082 1325 ulli
1111 1269 1199 1324 alii
1247 1269 1486 1331 codices,
1532 1268 1624 1338 qui
1667 1265 1806 1321 forte
1849 1263 2046 1320 alicubi

443 1378 680 1433 exst:mt,
710 1369 1033 1437 quibusdam
1084 1368 1218 1422 locis
1244 1366 1586 1422 medeantur.
1640 1364 1825 1433 Itaque
1869 1362 1913 1416 si
1947 1359 2050 1416 hac

444 1464 497 1518 in
523 1463 764 1519 editione
817 1477 984 1532 pauca
1016 1461 1262 1532 qutcdam
1297 1461 1408 1515 loca
1460 1459 1638 1513 minus
1674 1455 2045 1523 satisfaciant,

443 1574 606 1614 nemo
629 1558 680 1613 id
714 1573 889 1629 neque
919 1557 1144 1612 Auctori
1191 1557 1323 1611 vitio
1350 1555 1468 1621 det,
1496 1569 1560 1610 ac
1601 1555 1646 1609 si
1698 1567 1804 1609 non
1845 1552 1936 1608 ille
1979 1553 2050 1607 sit

443 1651 836 1707 disertissimus
886 1660 941 1706 et
985 1650 1305 1721 perspicuus
1331 1655 1542 1714 orator,
1571 1647 1786 1716 qualem
1831 1647 1950 1701 aliis
1981 1662 2047 1700 ex

442 1747 761 1802 tractatibus
808 1746 1225 1816 cognoscimus;
1276 1757 1378 1797 nec
1424 1741 1578 1796 nobis
1606 1783 1620 1806 ,
1663 1739 1753 1810 qui
1794 1738 1839 1793 si
1872 1738 2049 1794 minus

2147 521 2204 576 In
2237 521 2467 592 primum
2509 520 2784 592 longiores
2815 531 3076 580 tractatus
3123 525 3462 595 conjecimus
3509 524 3760 596 (quibus

2147 613 2193 669 si
2240 615 2566 672 inseruimus
2609 631 2774 670 unum
2805 616 3182 672 brevissimum
3215 618 3280 671 de
3324 617 3579 682 Avaritia,
3630 617 3761 673 ideo

2149 706 2496 774 inseruimus,
2529 709 2672 778 quod
2700 710 2850 764 illum
2875 725 2902 762 a
2931 709 3142 766 duolms
3169 709 3416 780 ejusdem
3438 711 3757 781 argumenti

2147 800 2433 870 sejungere
2461 817 2674 872 arquum
2701 818 2807 857 non
2835 802 2973 875 fuit)
3005 813 3056 858 et
3089 803 3142 858 bi
3178 815 3306 859 sunt
3331 819 3522 860 omnes
3553 813 3763 860 tracta-

2150 903 2235 948 tus
2271 894 2339 949 de
2374 895 2664 951 virtutibus
2689 908 2742 951 et
2766 897 2930 957 vitiis,
2975 911 3096 951 cum
3127 907 3357 965 quatuor
3387 897 3510 951 aliis
3544 897 3763 967 longio-

2150 986 2320 1050 ribus,
2373 1002 2510 1054 quos
2555 987 2656 1042 sub
2702 989 2862 1044 linem
2893 987 3135 1058 ejusdem
3195 989 3318 1044 libri
3365 989 3644 1043 dabimus.
3696 989 3760 1044 ln

2151 1078 2391 1134 secundo
2417 1092 2597 1136 autem
2627 1081 2764 1136 libro
2793 1082 3070 1138 breviores
3117 1092 3380 1138 tractatus
3425 1081 3761 1138 describen-

2153 1182 2261 1240 tur,
2287 1175 2376 1244 qui
2418 1176 2518 1230 etsi
2552 1176 2733 1245 plures
2763 1191 3016 1243 numero,
3048 1177 3329 1233 brevitatis
3371 1186 3552 1233 tamen
3591 1193 3765 1233 causa

2151 1267 2486 1338 longioribus
2518 1271 2621 1324 illis
2651 1270 2793 1326 mole
2836 1273 3070 1341 aequales
3114 1271 3229 1326 fere
3264 1281 3393 1326 sunt
3426 1287 3442 1326 :
3491 1281 3548 1327 et
3577 1271 3766 1342 primo

2153 1361 2368 1432 quidem
2426 1373 2695 1432 ponentur
2739 1366 2830 1435 qui
2877 1367 2943 1420 ad
2973 1365 3247 1421 Christum
3290 1367 3456 1421 Deum
3487 1377 3542 1421 et
3575 1366 3768 1420 homi-

2154 1470 2276 1509 nem
2327 1455 2636 1526 pertinent,
2680 1467 2791 1512 tum
2830 1458 2906 1513 illi
2953 1458 3021 1513 de
3074 1459 3284 1513 Sanctis
3320 1458 3531 1514 Veteris
3561 1457 3770 1514 Testa-

2153 1548 2340 1612 menti,
2376 1561 2440 1602 ac
2467 1548 2683 1604 tandem
2706 1557 2964 1606 tractatus
2995 1550 3063 1607 de
3097 1551 3153 1606 8.
3186 1550 3424 1606 Arcadio
3447 1594 3461 1617 ,
3494 1553 3586 1623 qui
3617 1565 3770 1606 unus

2152 1655 2220 1696 ex
2261 1639 2396 1696 Novi
2443 1639 2778 1698 Testatnenti
2846 1642 3169 1716 Martyrihus
3216 1660 3244 1698 a
3292 1644 3350 1700 S.
3384 1643 3610 1700 Zenone
3643 1645 3771 1699 latt-

2151 1733 2311 1790 datus
2335 1733 2628 1791 invenitur.
2684 1735 2989 1804 Sequemur
3036 1746 3302 1793 tractatus
3346 1753 3454 1793 non
3507 1739 3644 1794 nulli
3709 1739 3770 1794 in

443 1838 805 1903 correximus,
835 1836 1120 1892 codicibus
1151 1834 1279 1889 nihil
1330 1831 1721 1904 opitulantibus
1741 1874 1756 1897 ,
1805 1847 1869 1886 ex
1902 1832 2046 1887 arbi-
2076 1829 2123 1890 Β
2149 1827 2367 1898 aliquod
2399 1826 2694 1896 Scriptura:
2745 1829 3143 1894 testimonium;
3199 1844 3263 1884 ac
3309 1839 3590 1899 postremo
3617 1829 3764 1884 sub-

442 1933 549 1988 trio
580 1946 772 1986 manus
792 1930 1000 1986 inferre
1023 1931 1074 1984 in
1105 1938 1308 1984 textum
1346 1942 1686 1998 nequaquam
1711 1924 1996 1980 debuimus
2031 1942 2045 1979 :

443 2023 540 2081 sed
568 2023 636 2078 ad
683 2022 1026 2078 collectionis
1077 2025 1366 2084 rationem,
1417 2034 1577 2090 quam
1624 2018 1880 2084 diximus,
1935 2018 2052 2072 ani-

447 2130 592 2170 mum
622 2123 867 2180 revocet,
914 2122 971 2169 et
999 2127 1215 2183 aequum
1242 2126 1366 2166 cum
1412 2109 1482 2165 de
1531 2112 1764 2164 Auctore
1793 2150 1807 2176 ,
1841 2117 1953 2162 tum
1982 2108 2051 2164 de

386 2191 387 2194 η
447 2209 623 2277 nobis,
679 2210 787 2264 imo
836 2207 1002 2263 etiam
1033 2207 1120 2262 de
1164 2205 1284 2276 ipso
1325 2204 1551 2275 antiquo
1575 2201 2049 2272 collectorejudi-

446 2302 591 2358 cium
623 2301 780 2357 ferat.

518 2393 635 2450 XV.
680 2392 817 2449 Hinc
860 2400 1041 2448 autem
1082 2391 1317 2463 cognitis
1341 2404 1464 2461 qua:
1513 2388 1579 2443 ad
1631 2387 1851 2443 codices
1881 2387 2052 2457 perti-

445 2499 601 2553 nent,
629 2495 891 2557 quantum
923 2485 1281 2541 nihilominus
1307 2499 1374 2538 ex
1417 2482 1501 2536 his
1523 2479 1916 2553 profecerimus
1939 2489 2050 2533 tum

445 2577 516 2634 ad
543 2576 997 2634 internoscendos
1025 2577 1293 2647 genuinos
1341 2573 1399 2630 S.
1447 2571 1681 2628 Zenonis
1710 2585 1994 2627 sermones
2023 2587 2052 2625 a

447 2669 833 2741 supposititiis,
862 2678 975 2723 tum
1006 2669 1073 2724 ad
1105 2667 1272 2722 multa
1306 2667 1422 2721 loca
1447 2663 1808 2732 emendanda,
1837 2665 2055 2718 varian-

451 2773 644 2834 tesque
696 2761 960 2818 lectiones
1001 2761 1331 2832 insigniores
1372 2760 1423 2815 in
1456 2758 1899 2814 adnotationibus
1944 2757 2059 2812 cui-

451 2870 557 2923 que
601 2855 852 2909 tractatui
897 2854 1156 2924 subjectis
1203 2851 1616 2916 describendas,
1673 2865 1740 2906 ex
1797 2850 2056 2904 disserta-

450 2945 693 3000 tionibus
721 2954 886 3015 atque
916 2941 1360 2999 adnotationibus
1401 2943 1535 3012 ipsis
1572 2941 1796 3012 patebit.
1827 2940 1978 2995 Nunc
1999 2949 2058 2995 ut

449 3037 520 3093 de
553 3038 716 3092 totius
767 3037 1027 3092 editionis
1055 3037 1344 3106 partitione
1387 3050 1452 3090 ac
1495 3034 1688 3090 ordine
1727 3033 1905 3104 deque
1934 3033 2058 3087 aliis

449 3144 551 3200 per
575 3144 675 3185 nos
707 3129 964 3198 praestitis
995 3128 1269 3194 dicamus,
1297 3128 1342 3182 si
1369 3127 1548 3198 primo
1578 3140 1756 3196 neque
1781 3125 2053 3192 codicum,

2148 1920 2408 1990 jicieutur
2437 1921 2724 1976 Paschales
2765 1921 2916 1975 multi
2963 1932 3019 1976 et
3060 1922 3254 1978 breves
3286 1930 3548 1978 tractatus
3570 1965 3584 1986 ,
3619 1937 3775 1993 quos

2155 2016 2425 2085 prmcipua
2456 2013 2828 2070 admonitione
2858 2015 3081 2070 omnino
3130 2015 3353 2086 legenda
3384 2016 3776 2084 pra-munien-

2153 2110 2254 2164 dos
2301 2107 2630 2163 censuimus.
2683 2107 2758 2161 Ne
2806 2107 2924 2178 quis
2955 2123 3081 2163 vero
3109 2109 3354 2164 codicum
3396 2119 3452 2165 et
3500 2109 3776 2165 editionis

2159 2201 2506 2266 Veronensis,
2539 2216 2657 2272 quae
2685 2201 2844 2272 vulgo
2870 2201 3156 2271 allegatur,
3181 2202 3428 2258 ordinem
3455 2202 3772 2267 desideret,

2155 2303 2448 2365 utrumque
2474 2309 2595 2349 cum
2627 2310 2766 2350 novo
2805 2295 3063 2351 collatum
3092 2295 3366 2352 distinctis
3404 2297 3605 2353 tabulis
3631 2306 3777 2354 ante

2157 2391 2304 2462 ipsos
2333 2403 2616 2445 sermones
2638 2389 2908 2444 dabimus.

2230 2481 2372 2537 XVI.
2417 2483 2560 2538 Duos
2607 2482 2771 2539 hosre
2823 2483 3014 2551 libros,
3071 2484 3160 2552 qui
3219 2486 3466 2540 sinceros
3519 2485 3780 2541 Zenonis

2157 2582 2418 2630 tractatus
2448 2576 2748 2643 continent,
2779 2575 3012 2646 excipiet
3045 2576 3349 2647 Appendix,
3382 2579 3434 2632 in
3457 2593 3624 2649 quam
3654 2595 3770 2633 un-

2157 2667 2332 2723 decim
2382 2677 2642 2722 tractatus
2682 2668 2782 2738 ipsi
2825 2683 3106 2739 perperam
3153 2669 3485 2740 adscriptos,
3532 2685 3597 2726 ac
3643 2671 3776 2726 suis

2159 2760 2472 2814 auctoribus
2500 2759 2782 2815 restitutos
2805 2803 2821 2825 ,
2870 2775 3010 2831 quos
3036 2776 3104 2815 ex
3141 2763 3399 2831 peculiari
3444 2764 3787 2834 praefatione

2157 2865 2481 2921 cognosces,
2511 2851 2816 2921 rejecimus.
2848 2852 3180 2916 Tractatuum
3220 2854 3401 2924 potius
3440 2871 3604 2926 quam
3639 2871 3776 2912 ser-

2161 2955 2405 3008 monum,
2439 2953 2496 2996 ut
2534 2953 2651 2996 erat
2680 2942 2732 2997 in
2765 2953 2922 2998 antea
2953 2943 3147 3010 editis,
3177 2960 3376 3000 nomen
3402 2947 3536 3016 ipsis
3560 2961 3787 3003 sermo-

2161 3040 2321 3096 nibus
2345 3041 2792 3111 pnrscripsimus,
2820 3054 2942 3096 cum
2975 3055 3094 3095 eam
3127 3042 3542 3113 inscriptionem
3575 3057 3788 3100 omnes

2160 3134 2378 3189 codices
2417 3142 2732 3188 constanter
2760 3133 3070 3202 praeferant,
3097 3149 3270 3204 eaque
3295 3135 3592 3205 appellatio
3629 3139 3792 3191 anti-

454 3236 632 3292 neQue
671 3221 945 3275 editorum
989 3221 1312 3277 divisionem
1341 3235 1405 3276 ac
1453 3219 1699 3274 ordinem
1746 3218 1917 3274 seculi
1966 3234 2056 3272 ευ·
2084 3220 2130 3284 C
2161 3242 2282 3297 quae
2317 3225 2702 3281 ecclesiasticae
2736 3224 2996 3278 locutioni
3041 3226 3282 3294 propria,
3317 3241 3381 3280 ac
3425 3225 3789 3298 frequentius

453 3329 598 3382 mus,
629 3329 792 3370 nemo
822 3324 1158 3370 succenseat.
1201 3313 1486 3368 Editorum
1534 3311 1971 3367 distributionem
2004 3320 2058 3365 et

454 3405 701 3462 ordinem
747 3405 795 3459 si
839 3421 1086 3462 essemus
1111 3407 1279 3462 secuti
1305 3449 1320 3472 ,
1370 3407 1554 3477 spuria
1581 3405 1829 3476 genuinis
1857 3406 2056 3459 inserta

453 3497 663 3554 edenda
714 3498 956 3565 fuerant;
1007 3498 1218 3569 illisque
1270 3499 1562 3570 separatis,
1613 3499 1793 3553 minus
1836 3496 2060 3568 mqualis

455 3591 720 3646 librorum
773 3591 949 3646 moles
999 3598 1119 3646 erat
1167 3593 1343 3647 futura
1384 3611 1398 3647 :
1441 3606 1504 3646 ac
1551 3600 1813 3661 praeterea
1856 3599 2056 3644 tracta-

453 3693 605 3739 tuum
656 3683 1041 3753 inscriptiones
1067 3724 1081 3748 ,
1113 3699 1234 3754 qua:
1263 3684 1318 3739 in
1346 3684 1510 3740 editis
1550 3694 1770 3739 mutata:
1806 3683 2056 3750 fuerant,

453 3789 660 3835 exacta:
700 3775 768 3832 ad
798 3777 1046 3832 codicum
1079 3776 1261 3844 fidem,
1287 3778 1450 3833 alium
1482 3793 1590 3832 non
1614 3793 1904 3848 numquam
1932 3793 2058 3848 pos-

457 3874 630 3929 tulare
679 3872 926 3928 ordinem
977 3871 1322 3928 videbantur.
1368 3873 1628 3928 Codicum
1665 3887 1797 3928 vero
1835 3875 2057 3938 seriem,

454 3983 578 4039 qua:
612 3968 666 4022 in
699 3968 953 4024 omnibus
983 3966 1174 4022 eadem
1217 3977 1322 4031 est,
1374 3982 1442 4022 ne
1468 3976 1800 4031 teneremus,
1831 3982 1892 4021 ea
1914 3967 2062 4038 cogi-

455 4061 589 4116 tatio
631 4059 920 4124 deterruit,
966 4058 1112 4129 quod
1166 4058 1218 4113 in
1268 4073 1402 4114 mss.
1461 4071 1566 4112 non
1609 4066 1815 4112 tantum
1867 4057 2062 4114 breves

457 4163 718 4210 tractatus
745 4170 868 4210 cum
899 4153 1078 4223 longis
1128 4151 1345 4207 admisti
1392 4153 1535 4218 sint,
1569 4155 1710 4220 quod
1743 4166 1851 4206 non
1899 4152 2062 4206 mini.

460 4263 610 4303 mum
637 4247 926 4304 videbatur
950 4246 1259 4313 oﬂ'endere;
1294 4247 1388 4303 sed
1420 4257 1678 4303 tractatus
1726 4249 1890 4302 etiam
1919 4247 2064 4316 ejus-

457 4341 583 4397 dem
614 4341 756 4396 tituli
783 4357 846 4397 ac
872 4341 1218 4412 argumenti,
1241 4342 1332 4412 qui
1355 4357 1460 4397 una
1482 4341 1676 4396 edendi
1710 4341 1939 4406 fuerant,
1965 4340 2065 4396 hac

456 4434 585 4490 illac
611 4435 842 4504 dispersi
882 4451 944 4490 ac
967 4435 1209 4504 separati
1251 4435 1622 4500 inveniantur,
1665 4444 1724 4489 ut
1751 4450 1818 4489 ne
1846 4450 1950 4504 qua
1981 4450 2066 4489 ra-

457 4529 536 4584 tio
561 4543 658 4584 cur
680 4529 733 4583 id
778 4529 976 4584 factum
1011 4528 1173 4586 fuerit
1197 4530 1328 4584 satis
1349 4539 1621 4595 occurrat,
1651 4528 1751 4582 nisi
1779 4529 1920 4598 quod
1955 4529 2060 4598 pri-

2163 3327 2418 3388 nsurpata
2462 3316 2788 3372 inveniatur.
2834 3317 2947 3372 Etsi
2989 3317 3133 3372 enim
3177 3327 3426 3372 tractatus
3449 3321 3581 3374 olim
3609 3335 3790 3376 voca-

2161 3423 2351 3468 rentur
2383 3413 2769 3484 Episcoporum
2797 3413 3196 3469 collocutiones
3235 3415 3303 3471 de
3343 3416 3531 3488 aliquo
3577 3418 3793 3476 Eccle-

2161 3509 2256 3564 size
2285 3509 2502 3579 negotio
2525 3551 2539 3574 ,
2573 3516 2632 3562 ut
2675 3508 2846 3580 liquet
2891 3524 2954 3564 ex
2992 3508 3248 3582 Cypriani
3277 3510 3441 3582 epist.
3471 3514 3535 3569 51
3582 3525 3640 3570 et
3664 3517 3748 3572 52
3771 3560 3785 3583 ,

2161 3605 2300 3676 apud
2332 3605 2602 3661 Zenonem
2634 3613 2812 3660 autem
2855 3615 3102 3660 tractatus
3144 3621 3556 3678 nonnumquam
3585 3612 3794 3681 appel-

2165 3697 2342 3751 lentur
2383 3696 2778 3766 disputationes
2809 3697 2876 3752 de
2903 3697 3006 3752 fide
3049 3713 3144 3766 per
3170 3713 3230 3752 ea
3264 3709 3509 3769 tempora
3554 3703 3792 3772 scripta:

2163 3799 2218 3843 et
2246 3788 2427 3856 edice,
2459 3799 2514 3842 ut
2561 3789 2737 3859 palam
2771 3791 2862 3843 fiet
2885 3805 2948 3844 ex
2983 3789 3329 3846 adnotatione
3376 3792 3451 3847 26
3482 3794 3538 3848 iu
3568 3803 3790 3850 tracta-

2167 3891 2275 3956 tum
2307 3883 2331 3936 'l
2361 3881 2452 3937 lib.
2503 3898 2554 3946 t;
2589 3891 2764 3936 tamen
2793 3883 2948 3936 sicuti
2996 3893 3217 3938 tractare
3257 3885 3420 3956 (quod
3450 3896 3526 3940 est
3567 3889 3792 3955 episco-

2170 3954 2374 4043 porum,
2398 3982 2454 4028 ut
2474 3972 2704 4043 Optatus
2725 3981 2953 4028 testatur
2976 3974 3114 4030 libro
3143 3991 3215 4030 vn
3239 3954 3292 4030 in
3321 3976 3791 4053 Parmeniannm)

2175 4080 2204 4118 a
2233 4062 2506 4135 Cypriano
2538 4065 2768 4134 primum
2801 4066 2960 4136 epist.
3010 4081 3112 4130 Lvt,
3148 4083 3211 4121 ac
3242 4068 3365 4122 dein
3397 4070 3468 4124 ab
3494 4071 3617 4126 aliis
3666 4071 3791 4129 fre-

2165 4167 2394 4228 quenter
2435 4158 2697 4227 accipitur
2729 4172 2827 4226 pro
2865 4157 3182 4213 concionem
3215 4159 3417 4216 habere
3446 4161 3500 4216 in
3541 4164 3793 4231 publicis

2170 4251 2428 4306 Ecclesia:
2455 4251 2715 4317 coetibus;
2770 4252 2838 4306 ita
2887 4261 3139 4306 tractatus
3191 4269 3290 4306 vox
3343 4271 3442 4324 pro
3474 4257 3790 4328 episcopali

2170 4345 2436 4400 Concione
2485 4343 2550 4399 ad
2585 4345 2835 4413 populum
2885 4345 3114 4400 solemni
3145 4347 3371 4401 formula
3399 4347 3654 4415 invaluit,
3679 4366 3793 4405 cn-

2169 4438 2400 4508 demque
2429 4453 2590 4493 sensu
2621 4438 2818 4508 passim
2847 4440 3245 4509 quamplurium
3289 4443 3643 4512 antiquorum
3678 4445 3797 4500 Pa-

2171 4540 2310 4584 trum
2341 4531 2694 4585 conciouibus
2726 4531 3038 4602 praetigitur,
3094 4542 3150 4586 ut
3187 4549 3252 4587 ex
3302 4533 3406 4592 SS.
3440 4535 3737 4593 Gaudentii
3775 4585 3788 4604 ,

460 4636 582 4677 mus
606 4621 890 4686 collector,
919 4621 1180 4691 quidquid
1230 4637 1574 4692 quocumque
1601 4621 1794 4676 ordine
1834 4621 1979 4676 venit
2007 4624 2060 4674 in
2087 4613 2139 4672 D
2168 4623 2475 4693 Augustini,
2505 4623 2702 4678 Leonis
2728 4624 2923 4694 Magni,
2947 4635 3075 4679 etc..
3095 4626 3396 4692 codicibus,
3422 4639 3478 4684 et
3499 4633 3796 4689 nonnullis

460 4731 678 4779 manus,
702 4716 1070 4785 transcripsit,
1119 4715 1268 4769 nulla
1301 4716 1407 4768 alia
1453 4718 1506 4770 in
1535 4716 1823 4771 scribendo
1851 4716 2064 4770 ratione

457 4808 562 4863 sibi
597 4808 1100 4878 pmstituta,quam
1130 4816 1190 4861 ut
1215 4809 1396 4861 omnia
1426 4807 1738 4861 Zeuoniana
1769 4808 1818 4860 in
1847 4807 2065 4862 schedis

460 4903 682 4957 inventa
722 4903 947 4957 referret
993 4902 1044 4955 in
1087 4901 1351 4956 codicem.
1389 4901 1556 4971 Igitur
1576 4901 1674 4955 bac
1706 4903 1756 4955 in
1791 4903 2062 4958 delibera-

463 4997 614 5050 tione
644 4995 908 5051 dubitatio
950 5010 1055 5048 non
1099 4994 1234 5049 levis
1262 4995 1352 5048 diu
1402 4995 1814 5076 nos'ancipiles
1863 4997 2062 5058 tenuit;

458 5101 583 5141 cum
616 5086 916 5157 pr.esertim
947 5085 1207 5156 quidquid
1253 5086 1413 5140 aliam
1443 5086 1495 5140 in
1548 5087 1812 5140 rationem
1858 5092 2063 5140 consti-

461 5178 719 5235 tuendutn
754 5180 920 5232 menti
949 5178 1361 5243 obversabatur,
1407 5179 1782 5233 exorientibus
1819 5194 1941 5232 mox
1977 5193 2069 5232 va-

459 5273 557 5328 riis
583 5272 942 5342 undequaque
969 5271 1406 5336 difficultatibus,
1448 5271 1737 5341 displicere
1777 5271 2065 5338 inciperet,

465 5381 566 5420 nec
583 5364 716 5418 satis
746 5373 856 5416 tuta
883 5364 1191 5431 aperiretur
1220 5363 1523 5431 partitionis
1549 5372 1714 5434 atque
1748 5362 1956 5418 ordinis
1985 5378 2070 5418 ra-

466 5461 564 5520 tio,
597 5471 719 5528 qua:
748 5456 898 5511 nullo
939 5470 1006 5511 ex
1037 5457 1218 5525 capite
1260 5455 1551 5511 laboraret.
1598 5457 1733 5511 Cum
1767 5469 1897 5510 vero
1920 5456 2070 5509 deci-

463 5551 703 5606 dendum
735 5549 936 5618 aliquid
966 5548 1149 5616 fuerit,
1181 5564 1243 5606 ea
1285 5549 1482 5604 minori
1513 5549 1925 5619 reprehensioni
1971 5552 2069 5606 ob-

465 5643 624 5695 noxia
670 5642 806 5696 ratio
835 5640 948 5695 visa
990 5648 1094 5706 est,
1123 5649 1185 5694 ut
1223 5640 1470 5710 repetitis
1515 5639 1632 5696 fere
1689 5641 1936 5696 codicum
1983 5643 2066 5697 in-

464 5733 887 5803 scriptionibus,
949 5748 1072 5806 qua:
1114 5736 1310 5813 cuique
1361 5737 1608 5793 tractatui
1661 5737 2062 5806 praefiguntur,

465 5826 815 5892 ejusdemque
844 5825 1213 5895 inscriptionis
1240 5828 1557 5884 tractatibus
1586 5829 1635 5884 in
1665 5845 1830 5884 unum
1860 5829 2060 5886 collec-

2168 4715 2329 4770 ctiam
2376 4718 2578 4769 exactis
2627 4716 2691 4770 ad
2743 4716 2900 4771 fidem
2943 4717 3191 4772 codicum
3240 4720 3574 4778 cditiouilms
3615 4724 3796 4781 disci-

2170 4822 2310 4862 mus.
2347 4807 2419 4862 De
2451 4807 2892 4864 adnotationibus
2924 4824 3086 4879 porro
3107 4853 3120 4874 ,
3170 4828 3307 4882 quas
3351 4814 3550 4886 cuique
3579 4826 3797 4873 tracta-

2171 4901 2244 4954 tui
2276 4899 2625 4968 subjecimus,
2669 4900 2798 4955 illud
2827 4902 3054 4957 lectores
3083 4919 3511 4977 praemonemus,
3546 4926 3650 4966 nos
3686 4930 3794 4969 no-

2172 4995 2370 5050 bismet
2416 4995 2557 5048 haud
2603 4995 2946 5064 proposuisse
2990 4997 3336 5056 solummodo
3366 5004 3453 5058 vel
3477 5007 3794 5063 correctio-

2175 5102 2302 5141 ntnn
2332 5089 2596 5141 rationem
2627 5085 2841 5140 adferre
2861 5129 2874 5151 ,
2903 5088 2988 5141 vel
3024 5088 3256 5146 selectos
3289 5095 3563 5151 variantes
3592 5097 3796 5154 lcetio-

2175 5194 2271 5233 nes
2301 5191 2593 5248 apponere,
2624 5178 2703 5230 vel
2732 5176 3033 5235 difficiliora
3061 5181 3174 5237 loca
3206 5185 3508 5254 explicare,
3535 5191 3631 5246 sed
3663 5208 3799 5263 pro—

2174 5271 2416 5341 spexisse
2437 5270 2594 5324 etiam
2635 5270 2734 5323 alia
2773 5272 3049 5338 nonnulla,
3075 5292 3194 5343 quae
3224 5286 3336 5332 tum
3363 5280 3428 5334 ad
3449 5283 3798 5342 confli-man-

2174 5363 2298 5419 dam
2325 5363 2561 5418 auctoris
2590 5371 2824 5426 :etatem,
2874 5379 2986 5418 tum
3015 5367 3081 5422 ad
3125 5369 3330 5425 Latinm
3358 5375 3659 5435 locutionis
3691 5397 3799 5452 pu-

2174 5459 2390 5513 ritatem
2442 5455 2814 5511 vindicandam
2863 5463 3164 5516 necessaria
3218 5465 3457 5524 fuerunt.
3520 5471 3692 5543 Igitur
3737 5479 3794 5532 in

2177 5551 2402 5619 gratiam
2446 5549 2865 5640 nonnullorum,
2909 5552 2998 5619 qui
3050 5553 3377 5624 pra-judieiis
3428 5563 3644 5635 aliquot
3676 5568 3804 5640 jam.

2177 5640 2386 5694 iuolitis
2423 5639 2657 5695 devincti
2683 5651 2955 5707 tenentur,
3002 5647 3264 5713 oportuit,
3319 5666 3480 5720 pares
3523 5639 3795 5726 quasdam

2177 5731 2403 5799 aliorum
2453 5747 2501 5783 tv
2537 5732 2616 5795 vel
2652 5734 2935 5802 sequioris
2974 5736 3136 5790 etiam
3173 5741 3358 5796 saeculi
3406 5743 3634 5805 Patrum
3665 5767 3796 5812 sen-

2179 5825 2373 5881 tentias
2403 5825 2594 5881 alicubi
2627 5825 2886 5893 recitare,
2917 5825 3112 5898 quibus
3139 5829 3352 5904 aliquas
3399 5837 3644 5899 Zenonis
3678 5845 3790 5902 for-
