3952 6320
153 323 220 376 2ΐί
875 320 1328 378 DISSERTATIO
1371 319 1428 382 Ι,
1478 317 1562 372 DE
1600 315 1658 373 S.
1705 317 1718 371 ἱ

1826 314 1859 371 l.
1905 315 2155 374 TRACT.
2201 317 2288 373 ΕΤ
2332 318 2609 376 ΑΞΤᾹΤΕ.
3351 316 3427 372 ‘26

155 437 341 500 mulas,
373 450 469 492 seu
503 435 799 491 testimonia
830 450 940 490 non
967 435 1110 490 nulla
1133 477 1148 500 ,
1199 434 1519 504 antiquioris
1559 431 1727 486 multo
1755 437 1805 493 Λ
1834 431 1997 486 nullis
2037 431 2106 487 de
2153 432 2344 488 horum
2377 443 2702 489 tractatuum
2739 433 2807 488 ad
2842 431 3092 502 dogmata
3121 432 3431 501 veterisque

151 534 316 589 tetatis
342 533 501 603 vulgo
562 533 900 594 existimata,
951 531 1004 584 in
1053 541 1303 600 quartum
1360 540 1606 598 quoque,
1640 526 1722 580 vel

154 625 412 696 posterius
441 625 602 678 etiam
649 622 902 677 saeculum
932 620 1126 678 cadere
1153 620 1494 692 probaretur.
1529 618 1722 686 Voces,

150 731 243 771 seu
291 714 542 783 loquendi
587 713 817 768 rationes
845 713 1053 782 aliquot
1095 713 1272 766 minus
1303 711 1557 774 usitatas,
1605 725 1724 780 qua:

151 809 366 865 exotica:
396 808 481 862 vel
513 807 707 861 iulitute
750 805 1028 861 latinitatis
1058 805 1233 861 videri
1263 815 1502 874 possent,
1531 803 1724 873 proba-

151 905 356 969 liorutu,
384 903 428 956 si
461 902 572 956 ﬁeri
603 901 790 970 potuit,
822 903 1148 971 scriptorum
1182 900 1432 954 iudicatis
1459 898 1724 968 esetnplis

149 1010 366 1068 purgare
415 993 721 1050 studuimus
745 1035 761 1060 ,
809 993 946 1049 adeo
990 1003 1049 1048 ut
1096 1007 1383 1063 perpauca:
1413 992 1521 1046 illa:
1545 1032 1558 1054 ,
1590 1005 1722 1061 quas

146 1089 276 1161 apud
306 1088 573 1144 neminem
603 1088 927 1157 reperimus,
948 1088 1078 1143 satis
1103 1102 1168 1144 ex
1199 1087 1415 1142 caneris
1441 1086 1722 1142 vindicata:

148 1193 411 1247 maneant,
443 1197 567 1236 cum
616 1181 916 1252 praesertim
971 1195 1079 1236 non
1128 1195 1320 1235 omnes
1365 1179 1623 1234 Romanae
1668 1188 1724 1234 et

147 1277 366 1346 antiqua:
416 1288 576 1328 voces
620 1274 672 1327 in
705 1273 856 1328 libris
885 1282 1128 1329 veterum
1173 1272 1534 1328 inveniantur.
1565 1272 1724 1340 Qua“:-

149 1371 258 1426 dam
316 1379 570 1438 pneterea
619 1382 723 1422 non
772 1382 1065 1437 numquam
1096 1367 1399 1437 attigimus,
1451 1382 1570 1436 qua:
1597 1381 1719 1421 cum

151 1462 322 1534 peritis
375 1471 504 1516 nota
557 1461 702 1524 sint,
755 1460 1130 1530 praetereunda
1188 1460 1415 1514 fortasse
1454 1459 1720 1529 quispiam

153 1554 368 1611 duxerit.
419 1553 527 1610 Sed
591 1553 1052 1624 ltunc,qnisquis
1106 1560 1210 1617 est,
1271 1562 1514 1622 rogatum
1568 1552 1720 1606 voln—

153 1665 292 1716 mtts,
345 1648 683 1714 consideret,
737 1663 834 1702 nos
882 1647 1059 1702 minus
1111 1646 1341 1703 eruditis
1390 1661 1643 1716 quoque,
1690 1661 1722 1700 a

153 1743 325 1813 quibus
367 1743 528 1798 etiam
579 1740 815 1796 Zenonis
844 1739 1013 1795 editio
1058 1739 1421 1805 desideratur,
1467 1738 1720 1796 debuisse

153 1836 434 1893 consulere.

215 1928 368 1985 XVII.
406 1929 587 1984 Trium
630 1943 796 1999 porro
834 1928 1275 1983 dissertationum
1299 1970 1313 1994 ,
1338 1943 1460 1998 quze
1488 1928 1723 1998 prolego-

156 2039 285 2077 mene
326 2021 615 2077 Zenoniana
645 2022 941 2077 coniiciunt
969 2064 982 2088 ,
1014 2022 1152 2076 ratio
1183 2021 1299 2076 lucc
1325 2031 1428 2076 est.
1465 2021 1520 2074 In
1550 2021 1719 2090 prima

157 2116 395 2186 separatis
417 2113 662 2185 genuinis
701 2113 952 2169 Auctoris
978 2114 1298 2169 tractatibus
1324 2129 1352 2166 a
1380 2113 1599 2182 spuriis,
1629 2127 1720 2182 ge-

160 2207 413 2262 nuinorum
458 2207 700 2261 defensio
744 2221 808 2260 ac
840 2205 1086 2261 vindiciae
1131 2213 1419 2276 suppetent
1460 2204 1718 2259 adversus

164 2313 214 2352 ea
258 2314 362 2369 quae
403 2315 432 2352 a
473 2298 675 2355 criticis
725 2297 938 2369 objecta
973 2297 1220 2360 luerunt,
1269 2298 1538 2366 simulque
1567 2305 1714 2352 certa

170 2393 375 2447 Auctoris
400 2405 558 2457 tetas,
617 2393 759 2447 unde
807 2391 1152 2448 difﬁcultates
1202 2393 1441 2462 potiores
1471 2393 1716 2460 impacta:

169 2483 382 2550 fuerunt,
416 2486 550 2541 adeo
589 2486 911 2550 luculenter,
954 2497 1011 2542 ut
1042 2486 1195 2541 nobis
1225 2488 1443 2557 quidem
1476 2487 1713 2550 videtur,

166 2577 456 2644 probabitur,
482 2590 537 2632 ut
566 2593 730 2634 nemo
783 2579 888 2634 nisi
934 2595 1184 2634 morosus
1215 2579 1378 2634 nitnis
1401 2578 1564 2648 jndex
1610 2594 1715 2633 non

160 2667 220 2722 sit
243 2684 556 2728 assensurus.
587 2671 656 2727 'ln
687 2673 856 2729 altera
875 2675 1148 2744 praejactis
1171 2675 1222 2728 in
1253 2674 1577 2744 prooemium
1609 2689 1714 2730 non

1826 523 2124 594 disciplina:
2180 526 2447 596 prmeipua
2515 526 2760 596 quaedam
2811 527 2986 598 capita
3053 523 3432 596 cognoscenda

1827 620 2060 676 utilitate
2090 629 2147 675 et
2170 622 2480 688 przestautia
2502 665 2517 689 ,
2554 639 2677 693 quae
2721 623 2820 678 nisi
2851 631 3215 693 opportunum
3249 620 3321 675 ibi
3352 620 3432 675 lo-

1825 731 1947 770 cum
1980 724 2134 769 uacta
2179 716 2404 770 fuissent
2427 757 2441 778 ,
2474 715 2560 771 hic
2600 731 2708 772 non
2741 725 2897 772 erant
2937 715 3427 786 praetermittenda,

1827 805 1934 872 his,
1965 808 2180 878 inquam
2203 850 2218 872 ,
2263 809 2532 878 prtejactis
2557 808 2804 878 quaedam
2855 809 3108 864 Auctoris
3138 809 3298 881 paulo
3323 808 3427 862 du-

1826 900 2001 956 riores
2057 901 2477 956 vindicabuntur
2526 903 2842 966 sententiae;
2893 901 3075 972 ibique
3126 901 3427 972 praesertim

1825 993 2041 1050 Arianae
2073 994 2345 1051 haereseos
2375 995 2579 1050 Zenoni
2608 995 2817 1066 objecta
2848 1010 2878 1049 a
2911 995 3136 1050 l’etavio
3157 995 3426 1065 suspicio.

1825 1088 2110 1156 esplicatis
2157 1105 2293 1145 nova
2324 1089 2556 1161 quadam
2586 1089 3033 1159 interpretatione
3068 1089 3273 1160 aliquot
3311 1088 3429 1158 ejus

1825 1197 1931 1238 non
1967 1181 2105 1237 bene
2157 1181 2418 1238 hactenus
2466 1182 2758 1237 intellectis
2797 1181 3157 1246 testimoniis,
3186 1181 3431 1236 luculen-

1826 1276 2034 1331 tissime
2059 1275 2298 1331 dilttetur
2326 1286 2488 1347 atque
2541 1275 2862 1345 disjicietur.
2894 1275 3077 1329 Tertia
3103 1282 3281 1329 autem
3315 1273 3430 1328 dis-

1824 1371 2085 1434 sertatio,
2129 1369 2385 1440 quidquid
2439 1369 2503 1424 ad
2547 1370 2738 1433 vitam,
2795 1377 3061 1431 mortem,
3113 1367 3427 1436 cultumque

1823 1462 2149 1516 sanetissimi
2181 1462 2430 1534 Episcopi
2480 1462 2664 1534 aliquo
2707 1463 2758 1516 in
2792 1462 2997 1518 lumine
3045 1460 3422 1517 collocandum

1826 1555 2136 1624 pertinebit,
2183 1564 2414 1626 quatuor
2441 1557 2708 1626 capitibus
2741 1565 3027 1627 proponet.
3061 1555 3422 1618 Caterorum,

1822 1664 1944 1718 qua:
1995 1648 2048 1702 itt
2096 1648 2235 1702 hanc
2281 1647 2572 1704 editionem
2632 1647 3016 1720 perﬁciendam
3069 1646 3424 1710 contulimus,

1824 1741 2089 1796 rationem
2118 1740 2263 1813 (cum
2295 1757 2361 1795 ex
2395 1742 2632 1809 ipsorum
2663 1741 2895 1797 lectione
2930 1742 3086 1797 obvia
3113 1738 3286 1810 futura
3309 1739 3425 1810 sit),

1750 1839 1797 1899 B
1825 1849 1892 1889 ne
1917 1835 2244 1889 morosiores
2285 1833 2473 1899 simus,
2519 1834 3001 1902 prattertnittimus.
3057 1831 3233 1890 Unum
3281 1846 3428 1887 nunc

1828 1935 2024 1991 restat,
2087 1935 2144 1982 ιιι
2189 1925 2451 1982 Joannem
2505 1926 2876 1997 Bragadenum
2932 1926 3257 1997 EpiscOpum
3291 1939 3424 1979 uos-

1828 2029 1968 2074 trum
2006 2020 2437 2080 mcritissimnm,
2471 2028 2526 2074 et
2553 2019 2819 2075 Joannem
2850 2018 3197 2074 Franciscum
3230 2016 3426 2071 Musel-

1824 2115 1954 2169 lium
2009 2114 2339 2169 catltedralis
2401 2114 2655 2169 Ecclesiae
2709 2113 3281 2185 archipresbyterum.
3333 2111 3423 2180 qui

1826 2207 1949 2262 huic
1978 2207 2201 2263 editioni
2235 2223 2393 2278 quam
2426 2209 2658 2263 maxime
2686 2207 2952 2272 faverunt,
2983 2222 3212 2278 eamque
3237 2221 3305 2278 ex
3327 2204 3428 2261 Se-

1826 2303 2430 2374 tninariitypographia.
2469 2311 2820 2371 utrorumque
2854 2301 3083 2357 consilio
3120 2310 3292 2370 etope
3329 2315 3421 2355 re-

1825 2409 1954 2448 cens
1982 2395 2224 2449 instituta
2238 2404 2596 2460 etexstructa,
2621 2395 2908 2449 voluerunt
2931 2393 3172 2464 prodire,
3195 2392 3418 2446 honoris

1823 2501 1982 2543 eausa
2029 2488 2374 2543 nominemus
2396 2529 2410 2550 ,
2443 2502 2578 2557 quos
2611 2498 2664 2540 ιιι
2690 2487 2832 2542 Deus
2873 2486 3120 2556 Optimus
3158 2485 3425 2540 Maximus

1827 2595 1931 2636 non
1964 2583 2142 2635 minus
2169 2580 2328 2649 hujus
2362 2580 2640 2645 Ecclesiae,
2659 2597 2818 2651 quam
2853 2579 2946 2634 Rei
2971 2578 3248 2635 litteratiae
3281 2578 3424 2633 bono

1825 2673 1917 2727 diu
1971 2674 2268 2728 incolumes
2311 2673 2654 2744 sospitesque
2701 2681 3010 2738 conservet,
3044 2671 3422 2742 adprecatuur.

2069 2829 2380 2849 ω’..

2381 2829 2754 2851 ’.Μελ-ι(
2781 2835 2854 2847 -ι

909 2902 2629 3101 DlSSERTATlONES

247 3200 370 3272 DE
412 3199 494 3272 S.
549 3196 1019 3279 ZENONIS
1082 3198 1643 3286 OPERIBUS,
1705 3252 1718 3271 ε

1826 3197 2057 3294 iTlS,
2119 3197 2480 3269 CULTU
2541 3197 2681 3268 ET
2740 3197 3126 3268 [ETATE
3204 3211 3315 3285 (ι).

1038 3381 1484 3392 ’.σᾷ-...-

793 3483 1054 3559 [xxxm]

1530 3361 2514 3399 ..ὑ-ᾑ-

1154 3482 1924 3567 DISSERTATIO
1978 3481 2392 3568 PRIMA.

431 3644 533 3707 DE
577 3645 954 3709 GENUINIS
996 3641 1556 3707 TRACTATI'BUS
1599 3642 1661 3702 S.
1711 3638 2050 3702 ZENONIS
2093 3638 2195 3699 ET
2239 3638 2344 3699 DE
2389 3635 2750 3699 EJUSDEM
2796 3634 3111 3696 ᾹΞΤΛΤΕ.

715 3901 1129 3958 ΗὶυίΕΜΙυΜ.

1830 3907 1958 3964 pene
1984 3895 2135 3948 annis
2163 3897 2304 3964 fuere
2335 3893 2676 3962 posteriores.
2713 3891 2883 3960 llujus
2919 3900 3094 3947 autem
3122 3889 3304 3958 judicii
3338 3905 3425 3944 ra-

159 4008 212 4063 1η
237 4029 325 4081 quo
351 4016 505 4070 variis
535 4008 844 4071 Criticorum
875 4016 1106 4069 censuris
1132 4031 1194 4069 ac
1220 4012 1608 4083 difﬁcultatibus
1635 4028 1710 4066 re-

1829 3990 2029 4042 tionem
2063 3987 2356 4057 subjicieus
2382 3987 2457 4040 ait
2489 4004 2500 4038 :
2532 3983 2670 4037 Nam
2701 4000 2957 4038 sermones
2981 4025 2995 4048 ,
3023 3985 3110 4051 qui
3138 3984 3364 4055 psalmos
3395 4000 3426 4036 a

216 4108 398 4161 censitis
417 4151 432 4176 ,
465 4125 524 4163 ac
555 4111 805 4180 separatis
850 4109 1063 4162 subinde
1082 4118 1219 4162 certo
1263 4108 1497 4160 codicum
1524 4107 1714 4160 indicio

218 4203 531 4267 supposititiis
575 4203 898 4265 tractatibus,
931 4204 1016 4272 qui
1060 4203 1316 4272 potiorum
1356 4202 1713 4273 diﬁicultamm

217 4293 340 4363 origo
368 4298 597 4363 fuerunt,
628 4293 876 4365 quidquid
907 4297 969 4347 de
1006 4296 1200 4350 ueteris
1237 4296 1478 4368 genuinis
1520 4296 1615 4348 hac
1653 4295 1706 4347 in

219 4381 546 4442 dissertatione
573 4388 897 4441 statuendum
925 4401 1018 4455 est,
1053 4389 1374 4458 proponitur.

219 4517 494 4592 Antequam
533 4523 768 4593 genuina
814 4523 870 4578 S.
919 4523 1155 4579 Zenonis
1185 4540 1347 4595 opera
1381 4526 1718 4580 secernitnus

162 4607 218 4662 ab
252 4611 329 4679 iis,
357 4632 470 4686 qua:
503 4617 602 4684 ipsi
655 4631 938 4686 perperam
970 4618 1163 4672 tributa
1214 4619 1452 4683 luerunt,
1487 4633 1718 4688 cumque

164 4709 336 4758 certum
368 4706 602 4776 ipsorum
637 4719 912 4762 auctorem
936 4710 1219 4767 statuimus
1243 4729 1254 4763 :
1279 4711 1402 4780 quid
1435 4713 1533 4765 hac
1555 4726 1719 4780 super

166 4803 213 4844 re
236 4797 408 4853 eruditi
455 4800 705 4855 hctnines
737 4799 1032 4866 senserint,
1073 4817 1299 4871 quaeque
1327 4819 1420 4858 eos
1453 4806 1720 4857 moverint

165 4895 470 4959 argumenta,
520 4893 931 4968 proponendum
976 4894 1129 4948 nobis
1177 4910 1300 4952 esse
1346 4895 1716 4966 intelligimus.

168 4978 200 5028 Α
226 4979 353 5039 Sisto
381 4989 628 5052 Senensi,
655 4989 742 5058 qui
767 4987 1114 5043 difﬁcultates
1141 5003 1247 5043 non
1269 4991 1490 5060 exiguas
1516 4993 1720 5059 primus

167 5067 363 5142 obiecit,
410 5080 729 5148 exterisque
775 5080 943 5155 lat-em
995 5081 1252 5152 praetulit,
1305 5082 1718 5138 exordiendutu.

168 5155 245 5216 Hic
268 5181 380 5238 ergo
409 5171 500 5226 lib.
533 5187 586 5224 tv
616 5171 965 5228 Bibliotheca
995 5175 1324 5229 enumeratis
1354 5176 1720 5241 sermonibus,

166 5256 238 5320 qui
266 5259 309 5314 in
337 5265 569 5320 editione
601 5265 803 5320 Veneta
827 5283 916 5320 an.
949 5266 1087 5323 1508
1117 5278 1488 5335 recensentur,
1523 5270 1624 5325 hoc
1653 5271 1720 5325 de

169 5344 320 5406 iisdem
346 5357 602 5424 judicium
629 5361 750 5415 tulit
774 5378 786 5413 :
813 5361 1023 5414 Constat
1054 5361 1144 5415 ltos

168 5454 281 5502 Parte
304 5450 532 5507 collectos
559 5469 666 5507 esse
694 5470 756 5508 ea:
785 5455 994 5508 diversis
1023 5455 1337 5520 auctoribus,
1374 5456 1459 5524 qui
1487 5455 1720 5511 ducentis

222 5623 288 5694 (I)
316 5626 372 5682 ln
403 5632 636 5686 editione
667 5630 1026 5686 Balleriuiaua
1057 5633 1366 5701 praecedunt
1396 5633 1604 5690 iudices
1637 5636 1720 5690 in-

169 5696 234 5776 ξττξ
254 5704 469 5774 paginas
521 5711 738 5776 xxvret
775 5718 942 5756 χχχιιι
990 5696 1229 5776 contenti
1278 5708 1635 5776 consultoqne
1685 5726 1714 5764 a

168 5766 286 5847 nobis
333 5766 703 5847 :pr'xtertnissi,
759 5785 815 5827 ut
869 5783 990 5841 pote
1034 5775 1160 5830 nihil
1215 5776 1458 5832 utilitatis
1516 5766 1716 5834 nostra:

167 5832 352 5894 editioni
377 5832 733 5900 conferentes.
785 5832 916 5901 Enn.

1823 4083 1966 4136 nobis
2010 4092 2334 4135 eitumcratos
2366 4081 2590 4151 (usis,
2640 4096 2691 4146 c,
2719 4095 2876 4136 αλιιιί
2903 4121 2916 4142 ,
2945 4094 3150 4142 cxxvtt,
3194 4093 3424 4142 csxvut,

1819 4189 2001 4236 cunt,
2029 4174 2201 4246 cxxx)
2246 4184 2532 4243 exponunt,
2557 4173 2799 4241 descripti
2821 4184 2938 4226 sunt
2966 4189 3031 4226 ea:
3045 4173 3426 4226 commentariis

1823 4266 2016 4322 Hilarii
2047 4283 2111 4319 ne
2147 4265 2300 4319 verbo
2327 4267 2536 4336 quidem
2567 4269 2835 4319 immutata
2863 4281 2882 4318 ,ο
2903 4281 3072 4318 sermo
3101 4265 3164 4316 de
3211 4263 3430 4318 Attende

1819 4361 1912 4414 tibi
1941 4377 2044 4415 una
2074 4376 2189 4414 cum
2214 4361 2319 4414 alia
2347 4361 2590 4415 concione
2617 4361 2682 4415 de
2711 4359 2895 4413 Livore
2917 4369 2964 4412 et
2991 4359 3206 4422 invidia,
3237 4373 3353 4428 qua:
3375 4358 3426 4410 in

1821 4456 1996 4508 eodem
2027 4454 2283 4508 volumine
2321 4454 2458 4507 hunc
2501 4453 2840 4522 sttbst'qttitttr,
2870 4449 2940 4504 D.
2972 4450 3155 4504 Basilii
3185 4460 3278 4504 est.
3311 4448 3424 4503 Ca:-

1823 4548 1916 4600 teri
1943 4562 2057 4600 vero
2083 4561 2360 4608 sermones.
2394 4545 2496 4598 sive
2525 4546 2686 4616 magis
2707 4547 2996 4614 fragmenta
3019 4558 3330 4608 sermonum,
3360 4543 3422 4595 ob

1822 4641 1939 4711 styli
1963 4640 2312 4693 diversitatem
2337 4639 2506 4691 varios
2531 4647 2753 4708 arguunt
2773 4646 3026 4690 auctores.
3056 4635 3162 4688 Sed
3183 4645 3230 4688 et
3250 4645 3428 4688 auctor

1821 4735 2069 4788 sermonis
2099 4734 2162 4786 de
2189 4733 2532 4793 Continentia,
2567 4734 2654 4802 qui
2679 4732 2771 4784 hac
2800 4747 2951 4801 apere
2999 4731 3306 4792 continetur,
3339 4731 3421 4798 af-

1823 4829 1996 4896 ﬁrmat
2019 4843 2074 4880 se
2114 4844 2146 4880 a
2176 4825 2366 4880 Christi
2395 4837 2511 4879 ortu
2539 4825 2768 4895 abfuisse
2791 4824 2941 4877 annis
2971 4821 3360 4893 quadringentis
3380 4831 3426 4874 et

1825 4939 1883 4976 eo
1930 4922 2170 4994 amplius.
2204 4921 2348 4976 idem
2394 4936 2554 4991 porro
2607 4920 2775 4974 fretus
2822 4919 3143 4972 auctoritate
3178 4915 3318 4969 Petri
3353 4915 3422 4967 de

1825 5014 2109 5070 Natalibus
2141 5014 2372 5085 Equiliui
2416 5013 2680 5083 episcopi,
2707 5011 2796 5081 qtti
2829 5012 2882 5063 in
2928 5008 3186 5078 Catalogo
3215 5016 3430 5061 sancto-

1828 5126 1946 5164 rttm
2004 5109 2240 5163 Zenonis
2292 5111 2455 5164 vitatu
2510 5108 2788 5172 describit,
2841 5105 2972 5160 nihil
3020 5105 3264 5174 antliigit,
3296 5105 3426 5175 quin

1828 5202 1969 5256 idem
2001 5202 2234 5259 Sanctus
2262 5203 2361 5256 sub
2403 5205 2729 5271 imperatore
2767 5198 3015 5254 Gallieno
3061 5197 3340 5262 ﬂoruerit;
3375 5207 3429 5250 et

1827 5294 1928 5349 hac
1959 5296 2010 5349 iu
2043 5294 2336 5366 hypothesi
2369 5303 2694 5348 memoratos
2725 5307 3005 5346 sermones
3038 5291 3288 5346 indicatis
3314 5292 3425 5360 jam

1169 5379 1424 5415 sermones
1451 5364 1637 5431 majori
1657 5380 1718 5418 ea:

1829 5386 2134 5442 rationibus
2166 5387 2234 5440 ab
2260 5386 2451 5442 eodem
2483 5385 2871 5456 abjudicandos
2899 5388 3249 5444 existimavit.

1903 5478 2032 5533 Post
2054 5479 2262 5534 Sixtum
2291 5477 2473 5532 Ca‘sar
2499 5478 2782 5544 Baronius.
2811 5491 2994 5549 postea
3025 5477 3340 5544 cartlinaliu,
3372 5478 3426 5532 in

1828 5573 2000 5642 prima
2029 5571 2398 5643 Martyrologii
2426 5571 2653 5626 Romani
2693 5572 2932 5628 editione
2970 5571 3159 5624 eadem
3205 5584 3429 5638 persua-

1827 5667 1981 5720 sione
2005 5675 2322 5736 occupatus,
2357 5665 2492 5719 adeo
2533 5673 2590 5718 ut
2636 5674 2854 5719 secutus
2896 5661 3156 5719 Galesinii
3208 5672 3426 5716 senten-

1825 5760 1976 5822 tiam,
2009 5759 2288 5814 Zenonem
2338 5761 2687 5830 martyribus,
2719 5760 2808 5827 qui
2839 5757 2938 5810 sub
2984 5755 3233 5808 Gallieno
3283 5757 3424 5832 passi

1823 5860 1965 5916 sunt,
1997 5834 2051 5906 in
2079 5846 2271 5908 eodem
2303 5837 2683 5920 Martyrologio
2716 5842 3115 5906 accensendttm
3149 5844 3283 5900 nihil
3317 5847 3423 5900 dtt-
