3952 6320
413 310 482 365 Ξῖ
1789 300 2323 363 ΡηοιεοοιιεΝΑ.
2950 308 2955 315 ’
3658 295 3727 361 8

414 426 682 495 ﬂaverit,
716 440 823 482 non
862 424 1003 481 hunc
1021 465 1036 491 ,
1082 425 1178 481 sed
1205 422 1480 479 Zenonem
1505 422 1672 479 alium
1699 416 1999 480 Vdronensi
2028 422 2075 488 Α
2105 420 2342 476 Zenonis
2368 421 2533 476 vitam
2553 418 2786 476 subinde
2811 418 3012 475 editam
3041 434 3131 474 nn.
3160 419 3298 477 1597
3326 419 3599 492 sulragis
3626 420 3726 474 ads

410 518 703 585 Ecclesia.
740 528 809 573 ut
866 518 1115 589 putabat,
1159 518 1474 590 cognitum,
1518 518 1631 591 qui
1663 517 1828 590 paulo
1870 526 2004 573 ante

410 613 472 670 8.
501 606 848 669 Ambrosium
870 611 1067 668 viseris
1094 610 1114 679 (
1137 619 1199 666 ut
1224 625 1290 669 es
1337 612 1499 682 hujus
1523 610 1776 683 epistolis
1821 608 2008 682 colligi

410 706 513 763 sibi
540 701 864 774 videbatur)
893 714 1085 760 eorum
1113 716 1423 760 sermonum
1454 712 1739 761 auctorem
1767 703 2005 768 censuit,

408 812 531 861 cum
558 798 889 867 praesrtim
929 810 1095 852 sem.
1124 795 1162 852 li
1192 796 1286 855 lib.
1331 811 1412 862 nt,
1462 810 1534 852 es
1582 795 1757 867 prima
1803 793 2008 853 Veneta

408 890 667 957 editione,
696 904 844 948 nunc
867 898 1052 946 autem
1093 896 1251 945 tract.
1295 890 1328 945 7
1371 890 1466 947 lib.
1516 904 1581 958 tt,
1623 886 1735 945 Arii
1780 887 2010 946 hmsis

407 992 592 1055 aperte
614 992 856 1052 notetur,
882 983 936 1039 id
961 983 1108 1053 quod
1132 994 1411 1040 auctorem
1428 984 1634 1041 Iaculo
1654 996 1708 1039 tv
1730 984 1894 1040 citius
1913 982 2009 1040 edo

406 1078 754 1136 scribendum
784 1078 1041 1136 ostendit.

479 1172 609 1232 Haec
634 1190 758 1231 cum
801 1174 874 1230 ita
918 1188 979 1231 se
1027 1173 1315 1241 haberent,
1364 1171 1421 1230 S.
1452 1172 1690 1231 Zenonis
1726 1186 2010 1230 sermones

409 1269 642 1326 Veronae
658 1268 885 1340 lubente
904 1267 1165 1325 cardinali
1197 1270 1503 1338 Augustino
1519 1268 1740 1324 Valerio
1761 1268 2011 1339 Raphae-

410 1363 480 1419 iis
523 1362 738 1433 Bngatae
767 1369 821 1417 et
860 1361 1112 1432 Baptista:
1167 1360 1363 1416 Peretti
1420 1361 1599 1416 studio
1642 1361 1837 1417 iterum
1881 1373 2010 1431 pro~

415 1454 587 1511 dcunt
616 1470 631 1522 ;
684 1452 741 1510 hi
780 1464 963 1509 autem
992 1453 1382 1526 'iutelligentes
1433 1452 1740 1510 Veronensis
1768 1452 2014 1509 Ecclesiie

413 1558 659 1621 perpetua
701 1549 983 1604 traditione
1028 1548 1235 1603 nullum
1266 1548 1433 1603 alium
1480 1547 1753 1602 Zenonem
1793 1548 2009 1617 episco-

413 1660 537 1716 pum
566 1644 616 1700 ei
645 1647 922 1716 cognitum
955 1659 1189 1715 unquam
1223 1645 1389 1700 fuisse
1414 1653 1601 1717 printer
1620 1643 1883 1699 Zenonem
1903 1646 2013 1717 epi-

411 1754 621 1812 scopum
649 1748 698 1794 et
724 1748 1021 1812 martyrem.
1053 1747 1111 1794 ut
1141 1739 1307 1805 hunc,
1337 1740 1426 1810 qui
1459 1740 1560 1796 sub
1587 1738 1837 1795 Gallieno
1861 1754 2009 1794 mar-

2105 513 2242 571 didit
2267 513 2549 571 Guiilelmi
2595 513 2880 586 Pasti-angi
2914 524 2972 569 et
3016 513 3295 570 Michaelis
3330 513 3582 581 Fannii,
3625 516 3722 585 qui

2106 618 2300 664 clunes
2325 619 2454 664 ante
2496 607 2746 667 estnam
2790 607 3084 665 editionem
3131 608 3365 666 Zenonis
3392 622 3721 667 more

2108 700 2442 757 mentionem
2467 700 2729 758 iecerant.

2183 792 2333 850 Hanc
2364 793 2736 863 pra-istim
2764 808 2890 851 cum
2924 795 3147 867 legisset
3175 795 3717 865 Barenius,intetiis

2107 899 2244 957 gens
2289 902 2319 942 a
2366 886 2671 944 Veronensi
2724 886 2970 946 Ecclesia
3015 904 3182 945 unum
3229 898 3447 946 tantum
3489 891 3717 963 agnosci

2109 980 2383 1037 Zenonem
2407 982 2744 1054 episcopum.
2769 985 3133 1057 eamdemque
3152 999 3277 1042 esse
3299 982 3479 1055 illum,
3497 990 3588 1058 qui
3608 987 3718 1045 sit!

2110 1073 2361 1131 Gallieno
2392 1085 2597 1149 martyr
2617 1079 2839 1145 colitur,
2864 1092 3291 1151 sermonumque
3325 1090 3519 1136 aet-tor
3548 1082 3719 1138 iteite-

2112 1175 2221 1235 tur,
2245 1170 2481 1236 priorem
2508 1171 2811 1238 repudiavit
2835 1172 3185 1239 sententiam,
3205 1172 3557 1245 decrevitque
3577 1173 3720 1229 Hart

2112 1260 2365 1333 tyrnlogii
2418 1262 2733 1319 notationes
2781 1278 2844 1320 ea
2894 1264 2947 1320 in
2994 1276 3149 1336 parte
3178 1266 3494 1332 emendare,
3545 1268 3717 1339 idque

2113 1356 2289 1427 ipsum
2312 1370 2372 1414 se
2404 1358 2673 1414 facturum
2704 1360 2964 1415 cardinali
2995 1360 3217 1418 lValerio
3247 1361 3433 1419 [tome
3465 1370 3579 1418 tum
3616 1361 3722 1418 des

2112 1451 2264 1521 genti
2291 1451 2520 1518 recepit,
2552 1462 2612 1506 ut
2639 1452 2807 1523 liquet
2832 1468 2901 1509 ex
2931 1453 3091 1525 hujus
3116 1455 3349 1524 epistola
3374 1455 3443 1510 ad
3471 1455 3720 1513 editores

2114 1544 2463 1600 Veronenses
2478 1544 2602 1601 data
2630 1544 2722 1602 die
2752 1548 2817 1602 t't
2836 1547 3071 1618 januarii
3090 1562 3181 1603 an.
3214 1546 3372 1615 1587,
3398 1548 3552 1619 cujus
3574 1547 3722 1619 frugs

2115 1649 2355 1694 mentum
2384 1638 2637 1695 Peretttts
2664 1641 2719 1697 in
2742 1640 2963 1697 scholiis
2984 1642 3055 1698 ad
3077 1643 3239 1698 vitam
3266 1643 3501 1699 Zenonis
3521 1643 3717 1700 edidit.

2127 1733 2423 1788 Enimvero
2449 1733 2527 1800 id,
2576 1733 2718 1805 quod
2748 1735 3020 1804 pollicitus
3041 1746 3147 1803 est,
3181 1736 3431 1807 pncstitit
3460 1738 3513 1792 lu
3556 1735 3722 1793 addie

415 1833 612 1906 tyrium
638 1832 844 1891 abiisse
874 1832 1205 1900 tradebatur,
1239 1848 1552 1889 sermonum
1579 1843 1856 1889 auctorem
1887 1846 2010 1889 esse
2039 1826 2088 1893 Β
2115 1827 2349 1884 tionibus
2397 1829 2464 1883 ad
2514 1828 2880 1902 Martyrologii
2933 1835 3259 1901 natationes,
3306 1848 3427 1903 quae
3458 1832 3721 1888 secunda

414 1924 799 1992 defenderent,
834 1925 970 1983 Sixti
1017 1926 1277 1984 Senensis
1314 1935 1522 1996 aperte,
1571 1926 1786 1980 Baronii
1827 1932 2010 1981 autem

413 2032 706 2090 suppresso
732 2019 952 2075 nomine
989 2026 1305 2091 argumenta
1341 2018 1551 2075 diluere
1582 2020 1634 2073 in
1685 2017 2005 2090 praefatione

415 2113 591 2168 conati
621 2120 767 2167 sunt.
798 2111 883 2167 Ad
916 2111 967 2167 id
996 2105 1174 2184 igit'ur,
1200 2111 1344 2183 quod
1368 2127 1432 2167 ex
1459 2111 1730 2168 Ambrosii
1762 2112 2012 2182 epistolis

417 2204 680 2260 Baronins
701 2203 922 2275 obiecit,
949 2214 1307 2275 reposuerunt
1332 2203 1466 2260 nihil
1492 2219 1637 2272 ease,
1660 2203 1802 2275 quod
1832 2204 2007 2260 Zeno-

417 2297 761 2354 nemibldein
780 2308 1140 2354 memoratum
1182 2294 1389 2371 [xxxiv]
1410 2296 1779 2354 Veronensem
1800 2299 2014 2370 episcoo

418 2405 545 2462 pum
558 2404 677 2448 esse
685 2390 1291 2448 convincat.Ariattisttti
1308 2405 1471 2462 porro
1481 2405 1704 2448 errores
1719 2392 1852 2448 satis
1865 2392 2017 2448 aiunt

416 2484 659 2556 potuisse
687 2501 715 2537 a
746 2483 1283 2556 Zenoneimpugnari
1317 2484 1579 2540 adversus
1594 2483 2016 2557 0rigeuem,qni

417 2586 482 2637 es
514 2577 818 2649 Epiphanio
836 2572 952 2634 Arii
984 2587 1134 2650 pater
1162 2576 1282 2634 fuit.
1306 2576 1460 2644 Quod
1488 2587 1667 2633 autem
1697 2590 1763 2632 ex
1792 2578 2016 2648 quadri-

415 2678 703 2742 gcntorum
730 2682 994 2726 annorum
1035 2670 1312 2726 notatione
1354 2670 1408 2726 in
1457 2678 1613 2740 tract.
1658 2669 1693 2725 5
1732 2670 1803 2726 de
1831 2668 2020 2727 Comi-

418 2764 601 2823 nentia
631 2762 817 2823 Sixtus
846 2764 1108 2825 Senensis
1138 2764 1361 2837 collegit
1390 2783 1401 2819 :
1435 2766 1688 2825 mendum
1732 2765 2018 2836 irrepsisse

420 2860 474 2917 in
509 2874 793 2915 numerum
824 2858 958 2915 nihil
982 2858 1252 2925 dubitant,
1282 2874 1345 2913 ac
1369 2856 1597 2930 proinde
1615 2874 1682 2914 eo
1708 2859 1760 2914 in
1788 2868 2017 2915 tractatu

419 2956 663 3010 ducentos
715 2969 812 3025 pro
833 2954 1232 3024 quadringentos
1271 2966 1628 3024 supposuere.
1654 2950 1741 3009 De
1786 2964 2021 3025 quatiuntI

425 3062 557 3105 vero
583 3047 954 3113 sermonibus,
978 3044 1073 3117 qui
1096 3047 1235 3103 inter
1260 3045 1319 3103 S.
1341 3045 1523 3102 Basilii
1550 3040 1803 3102 homilias
1832 3042 2023 3103 (ἔπι-ωδε

422 3142 610 3213 scripti
668 3142 1036 3213 reperiuntur.
1084 3148 1405 3210 argumenta
1428 3139 1529 3195 sibi
1575 3139 1904 3203 non.;deesse
1935 3140 2019 3195 in-

2116 1921 2346 1978 editionl
2373 1923 2593 1978 inserte
2637 1932 2783 1990 sunt,
2818 1924 2907 1981 ubi
2950 1920 3157 1982 Zenoni
3198 1920 3424 1998 martyri
3465 1925 3570 1980 sub
3590 1918 3725 1983 Cal-

2118 2015 2264 2072 lieuo
2313 2024 2573 2073 tractatus
2621 2030 2815 2074 omnes
2858 2020 3104 2089 ejusdem
3156 2019 3376 2074 nomine
3424 2018 3721 2089 inscriptos

2115 2112 2393 2169 vindicare
2422 2128 2527 2168 non
2561 2113 2805 2184 ambigit,
2837 2112 3312 2171 iis'tantummodo
3333 2114 3601 2184 esceptis,
3624 2113 3723 2184 qui

2115 2212 2301 2261 contra
2347 2204 2583 2262 Arianos
2629 2207 2910 2276 extilurate
2952 2206 3247 2275 disserunt,
3278 2216 3334 2266 et
3364 2211 3462 2267 hos
3496 2211 3722 2284 quidem

2117 2300 2261 2354 inter
2287 2297 2631 2355 Zenonianos
2656 2299 2725 2355 ab
2751 2301 3167 2357 amanuensibus
3208 2314 3490 2374 perperam
3529 2305 3719 2361 intruJ

2117 2408 2210 2450 sos
2231 2394 2506 2465 opinatur,
2534 2410 2650 2449 cum
2680 2410 2865 2451 novum
2892 2412 2996 2451 non
3022 2398 3087 2452 sit
3106 2396 3161 2451 in
3187 2399 3423 2468 operibus
3448 2398 3601 2457 unius
3625 2417 3717 2457 res

2118 2490 2213 2543 teri
2257 2488 2522 2561 scriptoris
2559 2489 2756 2559 aliquid
2785 2488 2998 2544 alterius
3039 2488 3332 2546 udntiseeri.
3376 2486 3501 2548 Haec
3528 2501 3715 2550 autem

2119 2581 2301 2652 opinio
2325 2586 2397 2637 ita
2421 2580 2633 2636 Baronii
2660 2581 2844 2637 animo
2868 2582 3103 2648 inhaesit,
3129 2592 3187 2636 ttt
3205 2583 3508 2652 scripserit,
3527 2600 3716 2642 errare

2119 2682 2254 2731 certe
2294 2675 2415 2731 illos
2443 2674 2538 2729 sibi
2572 2674 2755 2744 uideri,
2777 2676 2864 2746 qui
2910 2690 3068 2730 unum
3110 2677 3400 2732 adserentes
3423 2675 3714 2747 Zenonem,

2119 2788 2234 2828 eum
2265 2770 2521 2829 Ambrosii
2548 2770 2859 2844 temporibus
2889 2772 3077 2828 risisse
3100 2773 3299 2836 volunt.
3329 2790 3486 2845 eaque
3511 2775 3726 2844 potissi-

2121 2882 2260 2920 mum
2286 2867 2503 2930 ratione,
2531 2866 2667 2937 quod
2707 2875 2889 2919 auctor
2913 2865 2967 2918 in
2994 2880 3147 2919 scrin.
3178 2864 3245 2921 de
3278 2864 3540 2920 Pudicitia
3566 2867 3585 2938 (
3609 2882 3733 2923 tne-

2124 2958 2228 3014 lius
2270 2958 2341 3013 de
2385 2954 2773 3030 Continentia)
2824 2966 3051 3013 numeret
3091 2958 3156 3012 ab
3191 2959 3414 3030 apostoli
3451 2959 3611 3013 Pauli
3657 2959 3734 3014 ad

2122 3048 2357 3107 Corinth.
2402 3051 2623 3116 primaut
2666 3046 2932 3105 scribentis
2971 3050 3241 3120 epistolam
3266 3061 3489 3124 tempore
3523 3069 3720 3119 annos,

2124 3154 2179 3198 ut
2214 3145 2308 3211 ait,
2341 3146 2503 3216 ferme
2531 3157 2662 3200 cccc
2688 3153 2817 3200 eteo
2840 3142 3088 3214 amplius.
3124 3143 3221 3199 Cui
3278 3144 3608 3214 Oppositioni
3640 3161 3738 3202 re-

422 3237 634 3307 quiuut,
660 3230 842 3307 quibus
865 3234 1084 3307 probare
1108 3232 1280 3288 liceret
1322 3248 1407 3287 eos
1435 3247 1634 3304 quoque
1662 3230 1883 3288 Graecos
1913 3247 2021 3287 ser-
2047 3222 2092 3289 C
2125 3252 2423 3307 Sponsurus
2444 3237 2624 3293 addit:
2656 3234 2805 3293 Certe
2831 3237 2876 3292 si
2902 3239 3016 3305 quis
3043 3240 3275 3291 nunteret
3296 3234 3736 3308 annosquadrin.

423 3345 597 3384 mones
622 3327 691 3382 ad
719 3325 780 3383 S.
810 3325 1068 3381 Zenonem
1092 3334 1320 3379 nostrum
1359 3325 1631 3395 pertinere,
1660 3339 1731 3380 ex
1774 3340 1843 3379 eo
1873 3323 2023 3379 acilia-

423 3433 528 3491 cct,
561 3421 705 3494 quod
739 3421 883 3477 hunc
920 3420 1092 3478 multo
1128 3431 1253 3475 ante
1293 3418 1350 3477 S.
1398 3418 1654 3476 Basiliam
1702 3418 1753 3473 itt
1799 3416 2047 3485 Oriente,

424 3518 749 3591 praedicasse
797 3515 1127 3571 existiment.
1165 3514 1272 3571 Sed
1306 3513 1406 3570 hac
1436 3530 1496 3570 re
1532 3508 1822 3582 derelicta,
1873 3510 2018 3583 quod

424 3609 731 3673 contentiosi,
755 3622 863 3674 esse
892 3607 1080 3676 nolint,
1111 3616 1392 3663 transeunt
1416 3607 1499 3677 ad~
1526 3606 1769 3678 quinnne
1812 3613 2020 3677 tractus

427 3709 533 3766 lus,
568 3702 657 3771 qui
688 3700 757 3771 ,in
800 3700 859 3756 S.
892 3700 1082 3756 Hilarii
1122 3699 1527 3771 commentariis
1573 3699 1797 3779 totitictn
1840 3697 2022 3753 verbis

426 3802 809 3859 recensentur;
839 3808 1070 3863 cumque
1099 3805 1292 3863 praeter
1332 3793 1433 3848 bos
1452 3792 1689 3863 quinque
1721 3808 1857 3847 unus
1881 3791 2021 3846 alius

426 3893 602 3942 exstet
624 3886 680 3941 in
710 3886 969 3954 psalmum
994 3894 1135 3941 cur
1165 3885 1235 3941 ab
1270 3884 1401 3956 ipsis
1432 3884 1722 3955 inscriptus
1753 3885 1772 3955 (
1797 3898 1826 3938 ιι
1860 3884 2023 3940 nobis

427 3986 607 4034 autem
633 3992 701 4034 ex
729 3991 861 4033 mss.
894 3976 958 4032 de
977 3976 1302 4044 Humilitate,
1333 3985 1488 4032 tract.
1535 3977 1567 4030 ‘l
1584 3976 1686 4032 lib.
1718 3976 1771 4047 t)
1800 3975 1891 4046 qui
1918 3974 2022 4030 du-

428 4070 516 4127 bio
541 4069 725 4142 procul
753 4069 1095 4126 Zenonianus
1114 4081 1218 4136 est,
1250 4069 1447 4143 quippe
1476 4071 1649 4142 quiin
1675 4070 1867 4126 Hilarii
1891 4084 2026 4140 opes

426 4166 577 4223 ribus
634 4180 740 4220 non
788 4165 1013 4236 legitur:
1043 4163 1412 4221 Zenoniauutn
1462 4178 1677 4236 quoque
1703 4176 1826 4221 esse
1859 4163 2022 4218 alium

427 4267 715 4315 tractatum
748 4258 980 4315 similem
1016 4258 1068 4313 in
1096 4258 1351 4314 eumdem
1386 4258 1651 4328 psalmum
1677 4268 2024 4329 nequaquam

426 4351 727 4422 ambigunt,
754 4361 1038 4422 proltterea
1066 4349 1210 4421 quod
1236 4349 1456 4407 easdem
1480 4350 1779 4405 sententias
1808 4347 2027 4405 eademo

427 4458 533 4517 que
573 4460 680 4501 non
714 4460 986 4518 nunquam
1018 4445 1183 4503 verba
1211 4444 1401 4512 refert,
1431 4454 1484 4501 et
1511 4445 1654 4502 sicut
1682 4444 1844 4511 hunc,
1877 4443 1951 4498 ita
1971 4450 2028 4498 et

427 4540 565 4596 alios
583 4550 814 4612 quatuor
835 4541 1009 4597 eidem
1033 4542 1238 4598 auctori
1268 4540 1586 4599 tribuendos
1606 4541 1889 4614 colligunt,
1909 4554 2027 4598 om-

2124 3340 2302 3403 gentos
2325 3332 2389 3385 ab
2411 3348 2499 3385 an.
2533 3330 2740 3386 Domini
2767 3331 2835 3387 57
2865 3348 2967 3404 quo
2987 3330 3135 3413 illam
3178 3347 3288 3386 esse
3313 3349 3345 3386 a
3368 3330 3536 3385 Paulo
3558 3334 3737 3405 scrip-

2124 3434 2230 3480 tam
2254 3425 2519 3496 epistolam
2555 3427 2608 3481 in
2631 3426 2925 3493 Annalibus
2956 3426 3410 3505 demonstravimus
3438 3442 3457 3492 ;
3481 3429 3725 3497 oportuit

2124 3528 2382 3573 unctorem
2432 3532 2549 3574 eum
2593 3520 2855 3588 scripsisse
2901 3508 2993 3574 an:
3026 3520 3158 3584 457,
3206 3531 3318 3590 post
3362 3520 3553 3574 obitum
3598 3536 3733 3574 vero

2127 3612 2405 3679 Ambrosii,
2432 3614 2540 3684 qui,
2573 3622 2628 3666 ut
2658 3612 2809 3673 habet
2828 3611 3165 3668 Marcellinus
3192 3612 3251 3668 in
3278 3610 3551 3677 Chronico,
3588 3612 3735 3667 obiit

2124 3725 2211 3763 an.
2246 3706 2455 3762 Domini
2476 3708 2602 3764 597.
2632 3706 2971 3775 Quamobrem
2989 3722 3105 3762 cum
3125 3707 3220 3762 illa
3240 3707 3437 3762 numeri
3456 3715 3576 3760 nota
3601 3722 3726 3773 nec,

2125 3814 2181 3855 ut
2206 3802 2401 3866 volunt,
2442 3801 2700 3856 Ambrosii
2739 3801 3051 3871 temporibus
3089 3802 3262 3871 aptari
3288 3800 3468 3871 possit,
3497 3798 3723 3853 mendo-

2125 3910 2237 3948 sam
2282 3909 2392 3948 esse
2435 3893 2685 3948 neminem
2731 3902 2855 3964 puts
2894 3896 3018 3967 jure
3062 3906 3212 3963 posse
3260 3908 3445 3964 negare
3482 3908 3501 3947 :
3531 3903 3588 3946 et
3655 3892 3737 3947 ita

2124 3987 2559 4043 enendstionem
2605 3987 2851 4042 ducentos
2878 3987 2949 4042 ab
2977 3986 3278 4043 editoribus
3318 3984 3742 4042 Veronensin

2125 4080 2319 4135 iactam
2350 4081 2562 4150 probat.
2593 4080 2864 4137 Zenonem
2890 4088 3068 4135 autem
3084 4080 3250 4146 tertii,
3284 4093 3387 4135 non
3412 4078 3585 4150 quarti
3618 4092 3741 4133 sa:-

2125 4168 2235 4224 culi
2283 4169 2601 4238 scriptorem
2630 4169 2800 4224 fuisse
2835 4167 3011 4224 tribus
3037 4165 3369 4239 argumentis
3403 4160 3742 4222 conﬁrmare

2127 4260 2339 4321 nititur.
2367 4260 2552 4317 Primo
2578 4260 2722 4332 quod
2749 4254 2946 4316 auctor
2973 4258 3259 4316 invehatur
3294 4256 3649 4314 vehementer
3674 4257 3740 4313 in

2128 4354 2357 4411 fetutinas
2396 4355 2684 4426 gentilibus
2728 4356 3017 4423 nubentes,
3081 4354 3453 4426 idolorumque
3519 4352 3736 4423 tentph

2128 4458 2255 4505 tunc
2273 4449 2441 4506 fuisse
2460 4451 2720 4521 patentia,
2743 4449 3094 4522 victimasque
3116 4446 3384 4504 immolari
3402 4446 3587 4502 solitas
3605 4462 3745 4518 pro-

2127 4526 2240 4610 dat,
2263 4559 2384 4616 quae
2411 4540 2745 4599 Constantini
2782 4554 2836 4600 et
2866 4538 3167 4598 Constantii
3200 4538 3408 4611 legibus
3438 4538 3603 4594 vetita
3624 4581 3641 4606 ,
3675 4550 3743 4595 et

429 4650 637 4708 nesque
668 4636 719 4692 in
744 4636 930 4692 Hilarii
960 4639 1409 4694 commentarium
1439 4636 1506 4693 ab
1535 4637 1717 4707 aliquo
1749 4634 1916 4692 fuisse
1944 4635 2027 4690 in-
2052 4628 2107 4691 D
2135 4635 2403 4691 Ambrosii
2432 4634 2660 4707 proinde
2704 4644 2820 4690 :t-vo
2856 4633 3029 4690 aliena
3070 4630 3332 4688 Baronius
3359 4638 3564 4686 censet.
3596 4626 3740 4686 Dein

428 4740 608 4787 sertos
633 4730 987 4787 arbitrantur.
1017 4730 1218 4787 Omnes
1246 4745 1378 4786 vero
1409 4740 1522 4786 tum
1553 4730 1761 4798 Basilii,
1794 4737 1903 4785 tum
1935 4728 2027 4785 Hi-

429 4822 568 4892 larii,
599 4822 675 4879 uti
702 4838 736 4880 ιι
765 4823 1088 4880 censoribus
1116 4823 1475 4893 vocabantur,
1505 4832 1789 4892 tractatus,
1821 4838 1943 4881 cum
1970 4822 2024 4879 in

429 4927 667 4985 vetusto,
692 4933 851 4990 quem
878 4919 1172 5000 appellant,
1200 4919 1389 4975 codice
1414 4932 1517 4973 una
1542 4910 1663 4975 cuin
1694 4918 2027 4975 Zenonianis

429 5014 727 5082 repererint
738 5012 1419 5086 ,defrnudare,inquiunt,3
1430 5011 1705 5068 .Zenonem
1721 5012 1902 5068 debitte
1922 5026 2030 5068 sua:

432 5104 603 5161 laudis
626 5108 945 5180 possessione
963 5109 1078 5162 ausi
1096 5124 1197 5163 non
1218 5123 1417 5165 sumus.
1441 5108 1573 5178 Qua:
1600 5121 1764 5178 porro
1790 5107 2028 5178 objectio

420 5194 495 5253 ἐι
523 5196 668 5270 stylo
692 5207 748 5254 et
772 5198 1040 5257 brevitate
1060 5216 1087 5255 τι
1111 5199 1266 5258 Sixto
1284 5210 1526 5274 urgetur,
1549 5201 1681 5257 satis
1702 5200 1841 5258 bene
1866 5200 2027 5255 dilui-

433 5298 540 5345 tur.
564 5290 807 5358 Tandem
836 5292 1209 5351 conﬁrmaturi
1247 5306 1494 5351 sanctum
1527 5293 1801 5351 Zenonem
1832 5308 1891 5349 ιιι
1916 5306 2024 5348 sa:-

434 5384 843 5442 culiauctoretn
872 5400 967 5442 eos
995 5401 1278 5446 sermones
1318 5390 1624 5461 scripsisse,
1666 5387 1914 5459 quaedam
1961 5400 2031 5444 ex

434 5475 626 5532 iisdem
656 5477 991 5549 antiqttitttis
1022 5479 1217 5537 indicia
1244 5481 1503 5554 colligere
1532 5478 1768 5548 student,
1800 5492 2032 5551 quorum

435 5575 764 5646 praecipuum
800 5576 1235 5645 persecutionum
1269 5578 1673 5652 martyr-umque
1703 5574 2033 5633 mentionem

432 5676 668 5737 spectat,
706 5666 960 5740 Petrique
994 5668 1063 5724 de
1103 5668 1382 5726 Natalibus
1428 5670 1672 5742 episcopi
1713 5669 1945 5741 Equillni
1974 5680 2038 5725 ac

442 5758 611 5817 Flavii
642 5760 854 5830 Blondi,
880 5764 970 5836 qui
1008 5765 1199 5838 prima:
1225 5764 1446 5822 editioni
1487 5773 1902 5841 pra-cesserunt,
1935 5770 2039 5821 tes-
2064 5816 2067 5829 η

458 5852 683 5923 ιιωοκιιία
707 5853 961 5932 allegant.
991 5856 1240 5923 Perottus
1262 5874 1392 5920 vero
1411 5859 1467 5919 in
1494 5854 1702 5919 Latinis
1729 5856 1951 5919 scholiis
1974 5856 2041 5916 ad

2131 4726 2446 4783 idololatria:
2460 4728 2610 4799 signa
2637 4729 2858 4799 ipsaque
2882 4724 3023 4782 idola
3050 4727 3102 4781 in
3128 4723 3361 4780 nummis
3385 4723 3589 4792 sculpta
3619 4724 3743 4779 col-

2129 4817 2245 4892 ligit
2267 4837 2329 4876 ex
2362 4834 2531 4877 serm.
2569 4821 2605 4877 2
2635 4819 2700 4876 de
2730 4819 2986 4884 Avaritia,
3018 4819 3106 4891 qui
3140 4830 3281 4874 nunc
3311 4827 3396 4873 cst
3424 4824 3488 4871 tr.
3520 4813 3588 4871 lO
3619 4814 3660 4869 l.
3693 4832 3740 4885 t,

2130 4912 2274 4986 quod
2300 4913 2370 4970 ad
2400 4918 2634 4979 aetatem,
2665 4915 2716 4969 in
2743 4929 2845 4981 qua
2874 4910 3076 4968 ethnici
3108 4911 3460 4981 imperatores
3485 4904 3745 4962 domina-
3800 4954 3810 4960 .

2133 5006 2683 5073 rettulr,referendum
2705 5004 2921 5062 indubie
2939 5001 3125 5078 [xxxv]
3143 5001 3333 5058 statuit
3358 5021 3370 5055 :
3396 5014 3515 5055 nam
3538 5010 3566 5053 a
3588 4996 3742 5054 Con-

2140 5106 2365 5162 stantino
2387 5104 2603 5177 Magno,
2627 5102 2822 5176 inqttit,
2838 5106 3043 5176 jussum
3062 5117 3190 5168 esse,
3218 5109 3271 5154 ut
3289 5113 3527 5153 nummus
3549 5091 3745 5151 Crucis

2142 5202 2287 5272 signa
2318 5199 2719 5268 intprinteretur,
2746 5204 2965 5254 testatur
3002 5194 3319 5251 Sozomenus
3338 5191 3430 5247 lib.
3462 5207 3499 5256 ι,
3526 5205 3646 5260 cap.
3676 5187 3740 5254 8,

2143 5292 2303 5367 idque
2320 5309 2382 5349 ex
2398 5291 2518 5347 aliis
2529 5290 2753 5347 aliorum
2774 5288 3106 5346 Constantini
3130 5300 3500 5344 successorum
3517 5281 3703 5337 numis
3717 5313 3737 5324 -

2143 5386 2398 5454 ntatibus,
2430 5399 2550 5456 quae
2579 5393 2808 5451 exstant,
2837 5380 3350 5438 tnnlto'luculenlius
3369 5379 3744 5436 demonstrari

2140 5478 2392 5535 al‘lirmat.
2430 5476 2579 5534 Hanc
2622 5474 2838 5533 tandem
2869 5473 3395 5532 animadversionem
3425 5469 3584 5528 tertio
3612 5471 3746 5527 loco

2142 5582 2296 5644 urget
2328 5590 2340 5625 :
2374 5569 2502 5626 Cum
2533 5580 2714 5627 auctor
2741 5571 2797 5623 in
2833 5583 3066 5623 sermone
3093 5567 3165 5626 de
3201 5565 3409 5637 Spiritu
3454 5564 3742 5634 Ediﬁrnt.

2143 5662 2324 5720 damus
2354 5663 2452 5722 Dei
2482 5662 2631 5735 plane
2676 5661 3019 5729 demonstret,
3052 5677 3110 5714 eo
3138 5658 3369 5731 tempore
3386 5657 3581 5714 nullum
3608 5666 3750 5712 tem-

2154 5759 2327 5831 plum,
2377 5768 2467 5812 aut
2506 5770 2771 5829 perrarum
2816 5754 2972 5825 fuisse
3024 5763 3247 5812 erectam
3273 5790 3289 5821 ,
3362 5751 3500 5823 quod
3568 5760 3751 5821 posset

2150 5854 2441 5928 comparari
2472 5868 2593 5914 cum
2630 5850 2823 5908 adibus
2861 5849 3151 5921 idolorum,
3204 5860 3419 5925 prorsus
3460 5842 3748 5921 signiﬁcat,
