3952 6320
470 312 537 369 3i
1843 299 2086 359 PROLEl

2193 302 2381 360 liENA.
3412 326 3419 331 ·
3724 307 3789 362 εξ

469 428 785 501 martyribus
830 427 929 501 (sic
968 425 1335 493 reddendum,
1382 439 1489 481 non
1535 432 1715 481 autem
1755 423 1817 477 de
1857 420 2059 490 templis
2085 423 2138 482 Λ
2165 421 2316 477 irrito
2340 435 2536 481 conatu
2569 426 2909 484 laboraturus
2952 443 3167 501 semper
3192 429 3283 495 sit,
3334 445 3442 487 nou
3471 432 3653 486 minus
3684 446 3773 503 qm

471 536 781 595 martyrum,
827 531 885 576 ut
913 521 965 576 in
996 518 1444 590 interpretatione
1474 516 1765 575 Parisiensi
1796 516 1869 572 ob
1888 513 2074 571 defec-

473 625 589 673 tum
618 612 837 687 vii-gula:
875 612 1131 670 editionis
1160 611 1383 669 Gallica!
1435 612 1649 685 legitur,
1691 608 1834 681 quod
1873 609 1927 664 in
1957 620 2072 663 rem

470 718 794 781 praesentem
823 705 948 777 quid
999 708 1107 773 sit,
1144 721 1305 763 nemo
1329 706 1555 778 divinet)
1608 715 1657 761 et
1702 702 2075 760 catecltumenis

469 801 776 856 mentionem
802 801 928 870 facit
951 801 1040 873 (ac
1062 800 1109 856 si
1137 800 1513 856 catechumeni
1536 815 1641 854 non
1672 800 1812 855 ultra
1842 813 1895 852 tv
1913 798 2074 853 etiam

469 893 722 948 saeclum
749 893 1160 963 processerint).
1194 893 1279 949 Ea:
1306 894 1386 948 his
1414 893 1652 948 omnibus
1671 901 1810 965 patet
1836 893 1929 947 has
1950 907 2076 946 con-

476 988 679 1054 ciones,
710 988 803 1042 toti
833 988 1127 1057 antiquitati
1153 988 1377 1063 ignoms,
1418 988 1727 1059 indigestam
1753 1002 1863 1042 esse
1888 985 2077 1041 collec-

472 1083 665 1138 tionem
686 1083 992 1138 concinnum
1015 1098 1079 1138 ea:
1100 1083 1334 1153 pluribus
1350 1083 1643 1137 auctoribus
1664 1083 1924 1138 variorum
1951 1089 2079 1135 tem-

484 1190 669 1249 porum
690 1186 737 1231 et
758 1176 1021 1248 regionum
1046 1177 1434 1248 desumptarum
1462 1176 1527 1232 ab
1547 1177 1722 1247 aliquo
1745 1175 1982 1246 imperito
2009 1173 2078 1227 li-

477 1272 650 1327 brario
687 1273 898 1343 factum.
945 1269 1042 1326 Hic
1089 1278 1270 1327 autem
1312 1270 1364 1325 in
1406 1269 1670 1344 subjectis
1713 1265 2077 1323 adnotationi-

478 1365 585 1420 bus
612 1363 764 1419 addit
783 1406 799 1429 ,
831 1365 1123 1420 conciones
1152 1378 1258 1419 non
1288 1364 1463 1418 nullas
1484 1406 1499 1428 ,
1528 1377 1649 1433 quae
1677 1361 1897 1432 prolixae
1930 1367 2078 1425 sunt,

477 1472 543 1513 ea:
568 1456 863 1512 auctoribus
892 1455 1086 1512 Grecis
1114 1456 1427 1528 desumptas,
1460 1456 1593 1511 alias
1618 1471 1735 1509 vero
1756 1453 2080 1509 brevissimus

478 1567 543 1607 ea:
578 1553 874 1607 auctoribus
903 1550 1104 1605 Latinis
1131 1558 1179 1605 et
1216 1548 1547 1605 homiliarum
1575 1548 1898 1622 fragmentis.

551 1642 612 1699 P.
630 1628 967 1709 Coutantius,
991 1642 1288 1700 monachus
1312 1640 1714 1705 Benedictinus,
1731 1639 1908 1696 editor
1930 1638 2079 1694 Hila-

479 1734 547 1791 rii
577 1749 799 1805 operum
826 1734 1079 1801 celebris,
1110 1734 1163 1789 in
1195 1733 1599 1797 Admonitione,
1626 1746 1787 1804 quam
1823 1730 2083 1802 praemisit

2175 512 2379 571 Zenoni
2405 516 2622 589 eripere
2646 528 2875 576 conetur
2894 536 3085 577 omnes
3108 530 3388 591 tractatus,
3410 537 3566 595 quam
3590 522 3685 591 qui
3712 524 3787 579 ei-

2176 609 2299 666 dem
2330 627 2524 671 omnes
2548 616 2675 671 velit
2700 616 2976 674 adserere.
3010 617 3230 673 Interim
3261 634 3396 675 vero
3429 635 3494 677 ex
3525 629 3603 676 tot
3622 620 3783 675 criti-

2176 717 2363 762 corum
2385 709 2633 766 censuris
2678 711 2871 781 injecta
2919 709 3184 769 dubitatio
3238 714 3423 783 plures
3476 715 3662 779 movit,
3723 724 3777 772 ut

2178 811 2300 853 cum
2322 814 2479 856 veros
2506 810 2769 859 tractatus
2792 820 2820 858 a
2841 804 3039 875 spuriis
3065 806 3441 863 internoscere
3468 822 3575 863 non
3604 808 3785 873 liceat,

2179 891 2248 949 de
2284 894 2510 966 singulis
2558 897 2853 963 ambigunt.
2904 898 3016 955 Cur
3068 911 3247 957 autem
3291 901 3513 973 genuini
3559 902 3789 960 Zenonis

2180 990 2320 1044 fetus
2345 1002 2374 1042 a
2400 991 2757 1059 supposititiis
2794 992 3076 1063 dijudicari
3107 1010 3206 1052 nec
3230 997 3527 1066 potuerint,
3553 1012 3649 1053 nec
3665 1013 3789 1068 pos-

2184 1080 2313 1145 sint,
2339 1079 2606 1136 editorum
2633 1084 2719 1153 (ut
2741 1085 2792 1139 in
2824 1085 3139 1155 praefatione
3163 1088 3493 1157 monuimus)
3520 1090 3655 1145 vitio
3682 1088 3790 1146 fac-

2185 1180 2296 1227 tum
2324 1182 2429 1238 est,
2453 1172 2544 1243 qui
2564 1176 2935 1246 supposititios
2948 1178 3278 1236 Zenonianis
3301 1182 3577 1251 subjectos
3603 1183 3655 1237 in
3689 1183 3790 1240 line

2183 1265 2451 1335 codicum,
2486 1267 2626 1323 haud
2669 1270 2959 1339 separatim
2999 1271 3200 1327 dedere
3234 1316 3249 1338 ,
3308 1274 3421 1328 imo
3465 1290 3567 1330 nec
3592 1276 3643 1330 in
3678 1291 3793 1329 ma-

2185 1356 2586 1428 nuscriptorum
2620 1359 2724 1417 line
2754 1363 2959 1432 positos
3009 1373 3340 1420 monuerunt
3389 1367 3605 1438 quidem
3654 1369 3791 1439 (qua:

2182 1449 2415 1505 monitio
2445 1451 2511 1506 ad
2556 1467 2772 1510 omnem
2820 1455 2966 1510 litem
2996 1456 3358 1513 dirimendam
3403 1458 3632 1515 eruditis
3664 1461 3791 1515 satis

2185 1539 2420 1629 fuisset),
2453 1544 2547 1601 sed
2582 1560 2680 1602 eos
2720 1562 2842 1603 cum
2884 1552 3135 1620 genuinis
3191 1552 3506 1622 permistos,
3538 1554 3787 1625 nullaque

2185 1634 2471 1691 distinctos
2523 1640 2803 1695 notatione
2846 1641 3167 1708 exhibuere,
3219 1660 3284 1699 ac
3333 1647 3407 1699 uti
3456 1644 3793 1703 Zenonianos

2188 1728 2490 1798 promiscue
2510 1731 2853 1788 venditarum
2874 1751 2889 1798 ;
2920 1734 3063 1806 iique
3084 1752 3205 1791 cum
3228 1737 3504 1793 Zenonem
3523 1748 3789 1795 auctorem

486 1828 725 1901 quinque
773 1829 1089 1885 tractatibus
1136 1827 1427 1883 Hilarianis
1467 1828 1609 1883 inter
1637 1825 1871 1882 Zenonis
1912 1839 2076 1893 Opera
2109 1818 2157 1878 Β
2185 1820 2387 1879 habere
2416 1834 2710 1895 nequeant,
2752 1843 2943 1883 omnes
2981 1844 3198 1901 quoque
3238 1830 3586 1887 Zenonianos
3609 1834 3660 1888 in
3689 1833 3784 1890 du-

479 1921 639 1977 editis
668 1936 789 1993 pag.
817 1919 926 1976 465
952 1929 1082 1976 tom.
1136 1936 1155 1975 ι
1207 1920 1339 1977 edit.
1382 1919 1613 1984 Verum,
1635 1919 1911 1989 antiquam
1941 1915 2083 1972 haud

478 2030 602 2072 esse
644 2030 750 2071 non
796 2014 1067 2070 inliciatur
1093 2014 1470 2071 collectionem
1521 2021 1843 2068 tractatuum
1870 2012 1960 2082 qui
1986 2009 2087 2065 Ze-

485 2109 616 2166 noni
658 2108 1003 2173 tribuuntur,
1047 2118 1100 2162 at
1132 2106 1318 2163 Hilarii
1356 2118 1534 2161 tamen
1580 2118 1696 2159 aevo
1729 2103 2086 2176 posteriorem

481 2199 735 2266 afﬁrmat,
753 2200 1066 2266 autsallem,
1082 2200 1127 2255 si
1146 2199 1281 2271 quis,
1309 2198 1499 2269 inquit,
1527 2197 1790 2261 contendet
1811 2196 1956 2250 illam
1976 2197 2088 2267 ejus

483 2290 707 2346 Zenonis
730 2306 857 2356 esse,
882 2291 969 2361 qui
991 2289 1229 2346 Gallieno
1260 2291 1547 2360 imperante
1581 2286 1783 2347 uixerit.
1814 2294 1946 2340 certe
1964 2301 2088 2339 con-

484 2389 631 2441 cedat
652 2401 854 2441 necesse
868 2395 962 2451 est,
988 2401 1101 2439 eam
1122 2384 1446 2457 postmodum
1467 2382 1650 2438 alienis
1676 2380 1943 2451 Opusculis
1962 2394 2086 2433 auc-

485 2490 611 2543 tam,
638 2494 761 2534 cum
792 2495 896 2533 non
924 2477 1124 2533 Hilarii
1160 2476 1335 2544 modo,
1359 2476 1449 2531 sed
1498 2485 1544 2531 ct
1574 2474 1759 2530 Basilii
1786 2472 2088 2528 tractatibus

485 2574 682 2644 aliquot
708 2583 941 2638 constare
970 2572 1195 2642 prudens
1224 2573 1439 2644 quisque
1462 2578 1866 2642 nou.negaturus
1889 2568 1977 2624 sit.

558 2666 790 2739 Agnovit
839 2666 1221 2723 Tillemontius
1274 2664 1689 2723 Protestantium
1743 2662 2089 2719 doctissimos

483 2761 706 2819 maximi
753 2760 949 2817 fecisse
989 2761 1154 2817 hosce
1185 2769 1446 2816 tractatus
1473 2759 1543 2815 ob
1572 2755 1809 2815 auctoris
1832 2757 2085 2828 pietatem

482 2865 538 2912 et
566 2855 919 2926 elegantiam,
967 2853 1275 2925 iisdemque
1304 2861 1487 2923 aperta
1533 2852 1711 2906 inesse
1753 2848 2087 2919 antiquitatis

484 2948 719 3014 indicia;
752 2941 807 3003 at
832 2948 903 3003 ob
955 2960 1271 3012 sermones,
1308 2944 1400 3016 qui
1429 2943 1692 2999 Hilarium
1726 2942 2089 3012 Basiliumque

484 3052 664 3100 certos
686 3043 887 3099 habent
908 3051 1183 3107 auctores,
1206 3039 1275 3096 de
1295 3051 1515 3096 auctore
1540 3049 1862 3095 cectcrorum
1886 3038 2089 3109 pariter

486 3137 730 3205 ambigit,
781 3149 882 3191 nec
922 3133 1215 3206 quidquam
1246 3148 1366 3189 esse
1392 3133 1488 3197 ait,
1519 3130 1662 3203 quod
1695 3130 1862 3185 ullum
1893 3138 2088 3186 tracta-

2191 1917 2505 1975 bitatiouem
2519 1920 2823 1992 coujeeere.
2849 1921 2961 1978 Hoc
2972 1923 3161 1979 vitium
3176 1940 3276 1980 nos
3293 1935 3351 1980 ut
3367 1926 3782 1991 dcelinaremus,

2192 2011 2718 2085 prmcidercmusque
2759 2014 2952 2071 eodem
2992 2023 3241 2087 tempore
3265 2017 3645 2090 prtejudicium
3677 2034 3792 2090 gra-

2191 2106 2494 2171 vissimum,
2545 2106 2889 2164 Zenonianos
2932 2108 3149 2166 codices
3195 2119 3343 2179 octo,
3393 2119 3662 2183 quotquot
3688 2121 3791 2167 tum

2192 2199 2244 2254 in
2270 2199 2424 2254 Italia
2465 2208 2578 2255 tum
2626 2202 2678 2255 in
2709 2201 2885 2258 Gallia
2926 2204 3167 2274 reperire
3214 2206 3513 2277 potuimus,
3546 2208 3636 2262 vix
3667 2221 3789 2262 con-

2191 2292 2387 2347 sulturi
2427 2292 2716 2359 adivimus,
2749 2297 2989 2352 occurrit
3030 2298 3237 2364 statim,
3268 2314 3375 2353 non
3404 2300 3645 2372 quinque
3675 2300 3790 2355 illos

2191 2384 2364 2439 solum
2393 2392 2654 2441 tractatus
2692 2386 2785 2456 qui
2845 2387 3081 2456 Hilario,
3123 2398 3179 2445 et
3201 2400 3434 2461 quatuor
3484 2394 3578 2463 qui
3608 2392 3791 2448 Basilio

2190 2478 2504 2534 vindicandi
2533 2478 2849 2547 creduntur,
2879 2480 2976 2536 sed
3007 2490 3062 2536 et
3089 2482 3225 2537 duos
3254 2491 3518 2553 praeterea
3557 2485 3694 2540 alios
3721 2485 3791 2539 in-

2193 2579 2276 2627 ter
2306 2569 2494 2627 Hilarii
2520 2581 2578 2628 et
2605 2571 2782 2627 Basilii
2816 2574 3022 2629 medios
3049 2574 3101 2629 in
3139 2574 3246 2631 line
3271 2576 3514 2632 omnium
3542 2578 3786 2633 codicum

2190 2674 2504 2723 constanter
2530 2668 2632 2739 legi
2682 2652 2954 2739 subjectos
2999 2671 3236 2739 caeteris,
3281 2685 3418 2742 quos
3444 2671 3782 2728 Zenonianos

2193 2760 2414 2817 indubie
2439 2762 2728 2817 credimus.
2755 2762 2908 2831 Quod
2936 2764 3039 2819 etsi
3063 2765 3194 2819 satis
3223 2778 3347 2820 esse
3390 2774 3573 2835 potest
3596 2766 3663 2822 ad
3692 2764 3781 2820 ad-

2192 2854 2467 2911 ditionem.
2503 2856 2797 2926 posteriori
2846 2871 3008 2911 nnmu
3054 2856 3250 2912 factam
3303 2858 3789 2929 manuscriptorum

2194 2946 2380 3017 peritis
2412 2946 2859 3016 persuadendam,
2892 2962 3018 3003 cum
3049 2949 3302 3020 frequens
3332 2948 3455 3005 aliis
3499 2965 3717 3021 quoque
3745 2951 3790 3003 in

2191 3040 2469 3096 codicibus
2495 3039 2775 3109 acciderit,
2831 3049 2889 3095 ut
2931 3040 2979 3096 si
3012 3056 3131 3112 quae
3163 3041 3290 3097 folia
3316 3049 3439 3112 post
3472 3042 3792 3113 descriptum

2192 3132 2427 3204 aliquem
2455 3140 2734 3189 auctorem
2763 3140 3044 3198 vacarent,
3077 3133 3272 3188 alienis
3309 3135 3591 3205 opusculis
3628 3135 3794 3204 reple-

487 3240 599 3286 tum
632 3230 837 3286 Zenoni
883 3228 1182 3285 Veronensi
1234 3228 1514 3298 explorate
1550 3225 1931 3281 vindicandum
1957 3240 2081 3296 per-
2108 3215 2155 3280 C
2197 3230 2386 3279 rentur
2412 3240 2425 3277 :
2460 3234 2639 3280 tamen
2671 3239 2741 3281 ne
2764 3224 2892 3295 quid
2913 3222 3264 3281 dubitationis
3294 3225 3396 3282 hac
3422 3226 3490 3282 de
3527 3227 3793 3283 auditione

485 3325 731 3380 suadeat.
770 3322 862 3380 Sic
899 3322 987 3378 ille
1014 3322 1067 3378 in
1102 3320 1486 3377 Persecutione
1521 3319 1622 3374 sub
1651 3316 1956 3382 Valeriano,
1979 3324 2082 3372 art.

485 3418 540 3483 'I,
572 3430 704 3472 tom.
741 3432 810 3482 IV,
870 3430 993 3487 pag.
1025 3414 1113 3479 l6.
1161 3414 1214 3470 in
1264 3411 1706 3469 adnotationibus
1739 3425 1920 3482 porro,
1964 3425 2084 3483 pag.

484 3508 611 3577 587,
642 3509 827 3565 adnot.
864 3509 922 3576 6,
959 3507 1138 3564 allatis
1163 3505 1280 3564 fuse
1312 3505 1550 3572 Baronli,
1582 3504 1914 3568 Bellarmiui,
1943 3503 2086 3558 Lab—

485 3602 593 3666 bei.
644 3600 895 3673 Sixtique
932 3599 1237 3665 sententiis,
1287 3600 1515 3654 miratur
1551 3597 1604 3652 in
1651 3596 1890 3652 editiOne
1924 3595 2090 3652 Vero-

486 3698 638 3752 neusi
690 3696 935 3750 ducentos
984 3694 1133 3750 nullo
1162 3695 1351 3749 codice
1388 3692 1718 3763 sull'ragante
1745 3690 2088 3747 emendatum

485 3803 585 3859 pro
612 3788 1036 3859 quadringentos,
1065 3786 1391 3857 Barouiique
1417 3793 1792 3855 argumentum
1821 3799 1887 3838 ex
1920 3783 2091 3853 publi-

484 3880 563 3937 cis
584 3879 922 3935 ethnicorum
951 3878 1230 3935 sacriﬁciis
1253 3892 1349 3948 pro
1372 3876 1473 3933 hac
1497 3876 1836 3932 correctione
1855 3883 2090 3930 statuen-

483 3974 552 4030 da
587 3974 810 4030 allatum
840 3974 1143 4030 luculenter
1170 3973 1395 4029 refellit.
1424 3973 1494 4027 At
1520 3970 1799 4028 concludit
1826 3970 1928 4026 hos
1974 3985 2093 4026 ser-

486 4082 676 4124 mones
708 4067 1084 4124 collectionem
1113 4079 1233 4121 esse
1250 4083 1313 4121 cx
1345 4063 1574 4121 diversis
1591 4062 1903 4119 auctoribus
1922 4078 1976 4117 ιν
1993 4072 2095 4117 etv

493 4160 707 4227 saeculi,
736 4175 802 4215 es
836 4158 1037 4230 quibus
1061 4158 1227 4233 aliqui
1263 4138 1500 4214 Zenonis
1529 4170 1652 4212 esse
1678 4163 1929 4226 possunt,
1956 4169 2094 4225 quos

486 4264 664 4311 tamen
693 4254 1066 4309 internoscere
1096 4260 1153 4307 et
1182 4252 1467 4323 designare
1498 4268 1603 4306 nou
1634 4251 1781 4310 licet.

558 4345 794 4421 [sunt]
824 4345 1065 4401 Tandem
1108 4357 1417 4416 posuemus
1442 4347 1688 4403 omnium
1718 4347 1806 4404 Jo.
1838 4348 2096 4407 Albertus

485 4440 770 4496 Fabricius
798 4449 930 4497 tom.
961 4456 1018 4496 ιιι
1043 4440 1186 4496 Bibl.
1210 4440 1435 4505 Latinae,
1470 4440 1566 4498 lib.
1600 4457 1675 4509 tv,
1699 4456 1749 4498 c.
1779 4443 1844 4510 '5,
1880 4460 1934 4512 p.
1964 4443 2095 4512 420,

485 4534 590 4592 etsi
623 4544 918 4607 pugnantes
942 4533 1255 4591 criticorum
1296 4536 1596 4592 sententias
1626 4535 1810 4606 paucis
1849 4536 2096 4592 subindi-

482 4642 590 4697 cet,
618 4639 673 4685 et
694 4628 749 4685 in
771 4629 905 4687 Sixti
928 4629 1185 4687 Senensis
1211 4630 1532 4685 sententiam
1563 4604 1805 4690 inclinet.
1839 4629 2093 4687 nimirum
2126 4604 2175 4665 ί)

488 4710 579 4779 hos
605 4739 864 4779 sermones
893 4724 1082 4794 majori
1110 4740 1175 4778 ea;
1219 4732 1365 4791 parte
1409 4724 1648 4779 collectos
1690 4740 1801 4779 esse
1845 4738 1910 4779 ea:
1937 4724 2097 4780 variis

493 4816 826 4881 auctoribus;
848 4814 1123 4870 afﬁrmare
1151 4824 1331 4869 tamen
1360 4829 1464 4870 non
1492 4814 1701 4869 dubitat
1726 4832 1740 4868 :
1774 4814 1914 4871 Sane
1940 4831 2097 4887 quos-

490 4909 608 4962 dam
634 4908 775 4963 illius
795 4905 1020 4962 Zenonis
1045 4922 1154 4962 esse
1177 4907 1323 4959 ualde
1350 4907 1553 4960 videtur
1572 4906 1837 4960 credibile.

562 5001 748 5072 Itaque
774 5000 917 5057 inter
942 5008 1018 5056 tot
1048 5011 1101 5056 et
1134 5009 1239 5054 tam
1270 5014 1487 5055 severas
1507 4998 1575 5056 de
1596 4998 1920 5055 Zeuonianis
1948 5009 2089 5056 trac-

494 5096 695 5151 tatibus
734 5094 1126 5164 percclebrium
1173 5093 1482 5149 criticoruni
1546 5106 1846 5160 censuras,
1900 5103 2098 5163 praeter

494 5199 767 5245 extremas
810 5188 1062 5259 utrinque
1108 5196 1163 5243 ct
1205 5196 1631 5258 compugnantes
1676 5187 1819 5253 illas,
1850 5204 1970 5259 qua:
2000 5189 2092 5246 Ze-

497 5285 627 5341 noni
658 5297 937 5363 sermones
968 5297 1177 5351 omnes.
1220 5282 1303 5336 vel
1337 5282 1514 5338 nullos
1540 5282 1853 5339 tribuendos.
1879 5292 2104 5339 conten-

495 5385 652 5450 dunt,
683 5381 890 5453 :eqnior
918 5383 1087 5436 multo
1115 5388 1170 5437 ct
1188 5381 1517 5451 probabilior
1539 5381 1629 5436 illa
1651 5380 1865 5437 videtur
1888 5386 2099 5448 eorum,

496 5479 589 5548 qui
634 5477 706 5531 ita
749 5489 845 5531 eos
893 5482 1154 5531 tractatus
1197 5473 1583 5530 collectionem
1610 5488 1733 5531 esse
1758 5483 1989 5531 censent
2035 5490 2104 5531 ex

495 5570 663 5627 Variis
707 5556 1019 5625 auctoribus
1060 5577 1420 5636 compactam,
1454 5576 1515 5622 ut
1556 5583 1622 5624 ne
1671 5576 1851 5623 tamen
1903 5568 2104 5625 idcirco

496 5663 772 5722 Zenonem
799 5661 1153 5733 quorumdam
1181 5662 1371 5716 saltem
1399 5669 1677 5717 auctorem
1703 5675 1824 5718 esse
1860 5661 2105 5718 inlicien-

499 5767 606 5841 tur.
642 5757 696 5811 Id
718 5756 980 5838 judicium
1010 5770 1144 5836 sane
1171 5760 1429 5836 quantum
1461 5754 1526 5808 ad
1558 5754 1838 5833 veritatem
1863 5768 2102 5828 accesse-

498 5838 589 5920 rit,
614 5866 679 5907 ex
720 5838 961 5907 dicendis
994 5851 1091 5908 hac
1118 5850 1169 5906 in
1197 5844 1581 5906 dissertatione
1607 5838 1848 5918 patebit;
1878 5845 2016 5903 adeo
2045 5855 2103 5902 ut

2191 3318 2244 3373 in
2272 3316 2598 3372 Zenonianis
2644 3332 2775 3372 mss.
2806 3326 3135 3388 superesset,
3166 3317 3338 3374 codex
3398 3318 3681 3375 Remensis
3708 3333 3793 3372 an-

2190 3410 2523 3480 tiquissimus
2549 3426 2668 3467 eam
2690 3411 2800 3466 alio
2817 3411 3100 3482 posteriori
3126 3409 3446 3467 charactere
3473 3412 3791 3484 descriptam

2191 3504 2453 3570 exhibuit.
2477 3514 2536 3562 ut
2557 3521 2621 3561 es
2651 3506 3029 3561 characterum
3070 3508 3368 3578 specimine
3409 3509 3461 3562 in
3492 3508 3793 3579 praefatione

2196 3600 2425 3664 inserto,
2456 3598 2547 3668 qui
2591 3597 2843 3653 Basiliani
2889 3605 3145 3654 tractatus
3186 3599 3396 3655 initium
3428 3603 3666 3670 praztert.
3694 3599 3797 3655 cui-

2192 3707 2299 3764 que
2344 3694 2686 3765 perspicuum
2718 3692 2829 3748 fiet.
2866 3694 2923 3749 In
2957 3694 3214 3750 Vaticano
3246 3709 3410 3765 porro
3453 3705 3511 3750 et
3550 3694 3794 3751 Urbinate

2195 3802 2327 3842 mss.
2361 3796 2485 3859 post
2506 3798 2926 3844 memoratarum
2954 3788 3283 3845 additiouem
3308 3797 3639 3847 tractatuum
3668 3790 3793 3845 alius

2195 3894 2376 3934 sermo
2409 3880 2603 3950 legitur
2735 3882 3029 3938 Gaudentii'
3063 3883 3324 3949 Brisiani,
3370 3884 3460 3954 qui
3494 3885 3722 3955 proinde
3749 3883 3791 3935 in

2197 3970 2401 4028 Veneta
2432 3972 2663 4028 Zenonis
2707 3973 2945 4029 editione
2994 3974 3137 4029 inter
3179 3973 3524 4030 Zenonianos
3571 3977 3792 4031 insertus

2204 4066 2504 4136 reperitur,
2533 4066 2745 4137 aliaque
2785 4065 3021 4123 subinde
3039 4066 3268 4121 aliorum
3311 4076 3595 4122 auctorum
3641 4078 3793 4138 opus-

2197 4162 2316 4217 cula
2359 4162 2410 4216 iu
2444 4164 2683 4232 utrisque
2714 4164 2815 4218 sub
2845 4162 3006 4218 linem
3047 4163 3230 4218 addita
3259 4164 3635 4228 inveniuntur,
3668 4170 3723 4217 ut
3746 4159 3791 4213 iu

2198 4254 2521 4328 praefatione
2558 4257 2889 4319 monuimus.
2918 4255 3007 4311 ubi
3037 4254 3370 4313 additionem
3398 4254 3558 4309 aliam
3587 4254 3795 4311 alterius

2197 4356 2478 4411 tractatus,
2511 4348 2593 4403 vel
2625 4349 2809 4420 hymni
2836 4348 2900 4402 de
2919 4349 3065 4420 signa
3096 4345 3279 4403 (Σηκὶς
3320 4348 3494 4404 tribus
3518 4348 3571 4403 in
3602 4345 3791 4404 codici-

2200 4440 2303 4498 bus
2325 4442 2597 4497 inventam
2630 4443 2831 4512 pariter
2863 4441 3137 4497 innuimus
3162 4460 3175 4495 :
3204 4440 3342 4516 adeo
3360 4455 3572 4497 certum
3603 4452 3688 4499 est
3707 4439 3794 4494 Ze-

2203 4534 2470 4590 nonianos
2496 4532 2712 4589 codices
2736 4536 2806 4593 ab
2844 4533 3208 4590 additionibus
3235 4534 3501 4605 ejusmodi
3543 4537 3795 4590 immunes

2203 4641 2310 4683 nou
2352 4625 2542 4683 fuisse.
2576 4627 2700 4682 lllos
2740 4638 2922 4684 autem
2946 4631 3215 4684 variorum
3240 4639 3521 4684 auctorum
3553 4635 3795 4685 tractatus

2203 4720 2258 4776 in
2290 4720 2394 4776 line
2433 4720 2679 4777 codicum
2719 4722 2963 4777 omnium
2995 4722 3226 4790 additos,
3260 4724 3351 4795 qui
3382 4736 3611 4778 numero
3637 4718 3794 4779 unde-

2202 4814 2307 4869 cim
2331 4823 2477 4877 sunt,
2499 4813 2551 4867 in
2581 4812 2944 4883 Appendicem
2968 4814 3277 4883 rejecimus.
3301 4830 3603 4885 eorumque
3624 4823 3793 4871 aucto-

2203 4920 2292 4961 res
2337 4905 2389 4960 in
2446 4904 2782 4975 praefatione,
2822 4921 2984 4977 quam
3035 4906 3236 4963 ibidem
3264 4909 3675 4977 praemittemus,
3713 4904 3795 4960 de-

2203 5000 2597 5071 signabuntur,
2651 5014 2715 5055 ac
2768 5000 3195 5057 luculentissima
3240 5010 3564 5057 statueutur.
3630 5000 3794 5070 itaque

2205 5110 2368 5162 nunc,
2398 5110 2521 5150 cum
2549 5095 2617 5151 de
2633 5094 2883 5166 genuinis
2905 5092 3144 5149 Zenonis
3169 5095 3488 5151 tractatibus
3512 5107 3692 5149 sermo
3715 5090 3792 5151 sit,

2203 5187 2497 5244 difﬁcultas
2520 5185 2700 5242 dehis
2729 5202 2778 5240 XI
2810 5201 2947 5256 quos
2978 5187 3045 5240 ab
3077 5185 3168 5240 illo
3197 5186 3278 5241 vel
3307 5201 3371 5241 ex
3403 5186 3640 5256 ipsorum
3670 5179 3795 5238 iudi-

2204 5281 2290 5336 cio
2312 5279 2561 5336 codicum
2597 5279 2740 5335 ultro
2767 5278 3280 5355 ablegamus,_nulla
3323 5280 3554 5348 amplius
3582 5284 3682 5333 est.
3730 5273 3793 5327 De

2206 5375 2432 5447 reliquis
2469 5382 2674 5429 tantum
2714 5372 3090 5429 controversia
3129 5386 3417 5441 superesse
3448 5378 3641 5440 potest.
3701 5365 3792 5423 llos

2205 5481 2387 5525 autem
2414 5476 2475 5523 ut
2515 5465 2860 5523 Zenonianos
2903 5465 3060 5533 plane
3110 5479 3233 5520 esse
3270 5476 3571 5520 statuamus
3596 5472 3649 5519 et
3675 5474 3791 5518 eon-

2206 5567 2486 5620 vincamus
2511 5604 2527 5629 ,
2556 5576 2679 5616 cum
2709 5560 2776 5615 ad
2818 5561 2917 5614 tria
2958 5559 3134 5630 capita
3166 5560 3411 5625 redeant,
3460 5565 3790 5629 quaecumque

2205 5657 2473 5713 adversus
2498 5655 2620 5709 illos
2645 5653 2858 5724 objecta
2887 5659 3033 5717 sunt,
3061 5663 3114 5709 et
3137 5652 3300 5720 objici
3334 5662 3578 5721 possunt,
3604 5648 3794 5705 scilicet

2205 5765 2333 5823 num
2365 5749 2525 5817 unius
2544 5762 2737 5815 omnes
2768 5748 3010 5815 auctoris
3033 5745 3170 5812 sint;
3198 5746 3478 5823 cuirmtati,
3508 5745 3590 5801 vel
3613 5738 3792 5811 saeculo

2205 5822 2539 5913 congruant:
2584 5857 2646 5897 ac
2672 5834 2888 5896 tandem
2919 5851 3047 5897 num
3078 5846 3267 5897 auctor
3294 5818 3481 5910 liuius,
3513 5834 3789 5909 quodcum.
