3998 6332
198 311 268 369 55
982 311 1439 371 DISSERTATIO
1475 311 1519 380 Ι,
1564 311 1652 368 DE
1680 312 1738 369 S.
1781 312 1936 371 ΖΕΝ.
1980 311 2229 371 'I‘RACT.
2273 314 2364 373 ΕΤ
2391 314 2671 376 ᾸΞΤᾹΤΕ.
3457 329 3528 387 54

199 448 301 500 que
333 430 526 494 fuerit,
561 430 772 497 saeculi,
821 431 894 489 sit
921 431 980 491 S.
1027 432 1175 489 Zeno
1220 433 1505 503 episcopus
1538 431 1815 489 Veronen-
1840 433 1891 494 Α
1920 430 2019 488 mis
2048 434 2364 492 tractatibus
2394 437 2706 493 immediate
2735 436 3108 509 praeﬁguntur,
3139 441 3363 512 repetita
3399 443 3533 516 legi-

199 524 315 578 sis:
350 526 452 578 tria
490 523 612 580 haec
641 523 820 581 tribus
870 524 1139 581 distinctis
1195 524 1459 594 capitibus
1504 524 1817 595 plenissime

200 615 484 672 statuenda
509 617 859 688 aggredimur
898 635 914 675 :
949 619 1124 688 primo
1164 632 1356 674 omnes
1389 626 1645 673 tractatus
1686 632 1816 680 scut

200 710 287 783 qui
314 719 519 782 prteter
549 711 803 769 undecim
846 713 898 767 itt
928 711 1297 783 Appendicem
1321 710 1553 783 rejectos
1578 720 1704 767 sunt
1729 725 1815 767 rc-

203 804 355 877 liqui,
410 804 577 862 unius
626 820 753 863 esse
796 806 1107 877 scriptoris;
1141 805 1264 862 dein
1312 804 1456 861 hunc
1495 820 1567 860 ex
1621 803 1814 860 iisdem

204 900 520 957 tractatibus
540 900 902 956 demonstrari
934 899 1256 972 scriptorem
1285 897 1470 954 saeculi
1499 913 1572 965 tv;
1595 896 1813 953 demum

205 996 339 1052 hunc
361 994 690 1067 scriptorem
717 993 901 1050 saeculi
930 992 1108 1063 quarti
1124 1006 1314 1048 eorum
1339 990 1580 1046 omnium
1612 998 1813 1045 tracta-

205 1099 346 1145 tuum
369 1095 653 1144 auctorem
684 1104 791 1142 non
827 1088 990 1143 alium
1014 1101 1156 1152 esse,
1184 1100 1347 1157 quam
1369 1093 1612 1140 sanctum
1634 1083 1814 1139 Zeno-

204 1197 320 1239 nem
358 1182 678 1252 episcopum
707 1180 1099 1236 Veronensem.
1148 1178 1277 1235 Haec
1304 1177 1407 1233 tria
1443 1177 1488 1233 si
1528 1176 1815 1234 evidenter

204 1276 549 1334 docuerimus
589 1276 830 1346 rejectis,
872 1289 1223 1344 qumcumqne
1261 1269 1510 1345 [xxxviii]
1556 1270 1815 1327 adversus

208 1370 404 1441 singula
433 1367 619 1441 capita
650 1383 683 1422 a
710 1366 923 1424 Criticis
951 1367 1165 1437 objecta
1206 1371 1371 1431 sunt,
1393 1363 1462 1420 ad
1491 1362 1809 1419 vindicanda

208 1466 260 1522 S.
277 1463 514 1520 Zenonis
535 1463 738 1531 scripta
761 1460 919 1528 nihil,
936 1469 995 1515 ut
1016 1458 1246 1524 videtur,
1265 1457 1561 1515 desiderari
1582 1457 1814 1527 amplius

209 1560 432 1631 poterit;
468 1556 746 1627 simulque
772 1554 1035 1625 dirempta
1059 1551 1291 1618 eritilla,
1320 1568 1440 1623 qum
1466 1550 1535 1606 de
1554 1550 1613 1606 S.
1640 1548 1816 1606 Zeno.

207 1652 281 1707 nis
303 1657 465 1705 atate
490 1647 723 1703 vertitur
760 1646 1010 1716 quaestio,
1041 1657 1274 1714 quaeque
1302 1641 1417 1697 fere
1456 1641 1720 1710 dirempta
1747 1653 1814 1695 ex

205 1743 466 1802 contrario
507 1740 828 1811 volgarique
855 1754 1023 1795 sensu
1046 1738 1378 1795 Veronensis
1416 1735 1698 1801 Ecclesiae,
1732 1733 1813 1789 uti

1922 535 2027 592 tur,
2063 543 2169 582 non
2197 529 2249 583 itt
2276 545 2378 585 ms.
2408 533 2582 586 solum
2616 529 2890 597 lletnensi,
2910 532 3008 588 sed
3037 533 3087 588 in
3110 533 3231 589 aliis
3257 537 3530 617 similiter;

1921 635 2020 676 nec
2050 636 2112 676 ea
2143 623 2377 692 amplius
2422 623 2661 679 occurrit
2690 622 2743 678 in
2791 626 3039 680 undecim
3098 627 3417 684 tractatibus
3446 645 3533 686 se-

1919 712 2206 783 quentibus
2227 714 2333 785 (sic
2361 716 2505 770 enim
2531 715 2903 773 inscribttntur
2936 735 2949 772 :
2979 716 3348 792 Interpretatio
3377 720 3535 778 Psal-

1918 804 1988 857 mi
2014 820 2204 872 curn,
2254 808 2317 861 de
2363 805 2580 863 Psalmo
2630 823 2844 877 cxxvu,
2890 818 2947 866 et
2975 811 3229 869 similiter
3282 814 3530 887 reliqui),

1917 896 2061 968 quod
2090 898 2222 954 satis
2254 899 2458 956 indicio
2482 908 2589 967 est,
2625 899 2725 957 bos
2753 901 2996 973 ejusdem
3029 906 3265 961 auctoris
3285 905 3354 962 ab
3380 921 3533 964 ama-

1919 992 2215 1046 nuensibus
2242 1008 2350 1048 non
2377 992 2543 1051 fuisse
2573 997 2810 1068 agnitos,
2840 997 2913 1053 uti
2930 999 3129 1069 cogniti
3156 1000 3375 1057 fuerunt
3395 1017 3534 1073 pra:-

1917 1084 2196 1152 cetlcntes,
2244 1086 2338 1156 qui
2371 1087 2597 1158 proinde
2632 1103 2661 1142 a
2706 1088 2884 1160 primo
2926 1090 3145 1147 librario
3190 1094 3413 1150 relative
3443 1096 3532 1153 illa

1920 1174 2147 1232 formula
2180 1180 2348 1234 notati
2398 1190 2452 1237 et
2495 1182 2547 1237 in
2591 1183 2782 1257 titulis,
2829 1194 2887 1241 et
2941 1184 2993 1239 in
3038 1187 3318 1244 titulorum
3353 1188 3531 1246 tabula

1919 1269 2149 1326 fuerant.
2173 1272 2312 1342 Quid
2341 1275 2483 1345 quod
2510 1289 2692 1333 sermo
2738 1293 2850 1333 xxx
2887 1278 2981 1336 lib.
3014 1272 3084 1348 tt,
3113 1296 3271 1353 quem
3290 1284 3531 1341 omnium

1920 1375 2256 1434 postremum
2296 1382 2417 1424 esse
2446 1380 2573 1425 ante
2604 1369 2882 1428 addititios
2929 1388 3070 1429 nunc
3110 1390 3281 1445 nuper
3326 1377 3536 1433 notavi-

1919 1470 2061 1517 mus,
2089 1456 2143 1511 in
2175 1457 2427 1515 Remensi
2455 1462 2845 1532 manuscripto,
2874 1477 3069 1533 prmter
3092 1475 3445 1523 memoratam
3467 1470 3533 1525 ti-

1921 1547 2016 1602 tuli
2043 1550 2269 1605 formam
2301 1551 2364 1605 de
2390 1549 2574 1608 Genesi
2619 1558 2768 1629 cujus
2806 1573 2987 1626 supra,
3014 1557 3121 1619 ,ltac
3144 1558 3248 1615 alia
3279 1561 3438 1631 plane
3459 1561 3532 1618 si-

1920 1642 2035 1697 mili
2064 1642 2359 1714 clauditur,
2396 1644 2631 1716 Explicit
2658 1649 2721 1704 de
2763 1649 2945 1708 Genesi
2973 1656 3128 1727 cujus
3146 1671 3305 1727 supra
3347 1652 3532 1729 (supra

1919 1744 2101 1790 autem
2126 1736 2251 1793 aliis
2284 1740 2600 1797 tractatibus
2640 1741 2763 1800 lucc
2788 1743 2980 1801 eadem
3032 1746 3275 1804 clausula
3315 1749 3529 1816 signato

205 1839 382 1902 fertur,
418 1834 701 1891 traditioni
734 1831 1249 1898 innixo,maximutn
1275 1830 1328 1885 in
1353 1830 1492 1885 hanc
1518 1844 1633 1884 rem
1664 1843 1800 1900 prm-
1831 1835 1879 1897 Β
1906 1829 2231 1899 aliquotiens
2259 1832 2376 1902 ipso
2403 1835 2643 1891 auctoris
2666 1837 2886 1893 nomine
2907 1836 3213 1909 subjicitur,
3248 1852 3307 1897 ut
3338 1858 3404 1898 ex
3438 1841 3533 1899 ad-

200 1932 454 2004 judicium
483 1928 629 2001 apud
659 1926 903 1985 eruditos
933 1934 1234 1983 creaverat.

848 2062 1078 2120 CAPUT
1119 2061 1161 2117 I.

205 2200 339 2241 [LXIII
413 2196 543 2239 ESSE
614 2196 900 2238 AUCTOBEI
965 2193 1326 2236 TRACTATUUII
1383 2193 1510 2234 XCIII
1564 2192 1694 2243 QUOS
1745 2193 1811 2233 AB

270 2291 504 2334 UNDECI!
552 2288 844 2331 ωυιτιτιιε
927 2284 1339 2336 SEPARAVIIUS,
1418 2283 1609 2325 MULTIS
1680 2284 1809 2326 ετΑ·

268 2385 492 2427 TCITUB.

265 2485 294 2559 §
320 2482 824 2554 I.—Proponuntur
852 2488 1155 2553 argumenta
1183 2495 1248 2535 ea:
1276 2477 1534 2535 codicibus
1558 2478 1737 2550 petita.

272 2601 567 2658 Tractatns
612 2614 768 2667 scut,
800 2597 969 2669 quiin
996 2597 1135 2652 duos
1162 2596 1331 2652 libros
1355 2593 1607 2651 omnibus
1636 2594 1691 2650 in
1722 2607 1814 2649 co-

200 2695 409 2752 dicibus
460 2693 759 2761 distributi,
820 2706 959 2746 unus
1015 2696 1140 2761 post
1181 2688 1347 2744 alium
1390 2687 1772 2743 describuntur
1795 2726 1811 2751 ,

207 2789 365 2844 unius
384 2786 634 2842 auctoris
660 2800 804 2852 esse,
835 2786 985 2854 plura
1006 2782 1062 2837 in
1090 2782 1280 2838 iisdem
1309 2779 1589 2837 codicibus
1616 2777 1813 2835 iudicia

202 2881 451 2937 suadent.
482 2880 717 2935 Exstant
741 2877 992 2934 nimirum
1015 2875 1147 2932 tituli
1172 2874 1478 2947 quibusque
1496 2873 1816 2930 tractatibus

205 2974 405 3046 premi
434 2987 563 3028 cum
606 2969 929 3041 quibusdam
984 2968 1260 3034 clausulis,
1312 2977 1367 3024 et
1405 2967 1602 3022 tabulae
1651 2966 1813 3029 etiam

202 3068 540 3140 singulorum
571 3072 895 3121 tractatuum
926 3064 979 3119 in
1006 3062 1381 3134 antiquissimo
1403 3075 1504 3116 ms.
1538 3059 1814 3124 Rcmensi,

209 3177 273 3216 ex
301 3162 503 3232 quibus
533 3160 587 3215 id
617 3160 791 3231 palam
817 3158 1122 3215 conﬁcitur.
1157 3158 1211 3212 In
1244 3156 1416 3211 titulis
1457 3154 1604 3211 enim
1645 3160 1701 3210 et
1737 3159 1818 3207 ta-

1913 1921 2280 1979 notationibus
2306 1924 2364 1980 in
2410 1934 2670 1983 tractatus
2695 1929 2936 2001 singulos
2966 1947 3067 1988 suo
3108 1933 3228 1989 loco
3274 1934 3527 1991 monebi-

1917 2015 2210 2087 mus),qnae
2234 2018 2473 2075 clausula
2495 2022 2745 2079 eumdem
2776 2036 3052 2083 auctorem
3083 2028 3311 2086 mirifice
3332 2033 3533 2087 contir-

1915 2123 2089 2175 mans,
2110 2109 2162 2165 in
2178 2112 2530 2181 sequentibus
2552 2130 2656 2169 non
2677 2113 2890 2191 [χχιιι]
2917 2122 3172 2197 apparet;
3191 2122 3530 2179 concludun-

1919 2206 2005 2254 tur
2017 2200 2159 2255 enim
2193 2201 2276 2257 bis
2306 2204 2514 2261 verbis:
2544 2204 2686 2261 Finit
2715 2207 2954 2264 Psalmus
2972 2210 3357 2279 cxxvtu,Finit
3380 2213 3536 2271 Psal-

1914 2306 2030 2347 mus
2045 2308 2204 2349 cxxrx
2215 2338 2227 2359 ,
2239 2293 2380 2349 Finit
2399 2295 2641 2355 Psalmus
2656 2315 2819 2363 csxx,
2836 2304 3073 2373 feliriter,
3088 2320 3313 2377 quarum
3328 2306 3535 2365 clausu-

1915 2382 2086 2438 larum
2147 2386 2322 2443 nullas
2351 2388 2402 2443 in
2443 2392 2872 2458 praecedentibus
2901 2403 3113 2453 notatas
3138 2399 3376 2468 reperire
3404 2399 3537 2457 lice-

1913 2476 2012 2533 bit.
2044 2477 2453 2537 Obscrvandnm
2501 2483 2716 2540 tandem
2756 2487 3069 2560 estaliquid
3102 2491 3434 2562 praecipuum
3478 2494 3534 2550 in

1913 2569 2245 2643 Pompeiano
2274 2574 2482 2644 codice,
2502 2578 2703 2649 quippe
2731 2579 2783 2634 in
2810 2580 2968 2637 titulo
2990 2591 3252 2641 tractatus
3272 2600 3410 2652 xxx,
3442 2584 3537 2655 qui

1915 2674 1999 2721 est
2025 2675 2333 2743 postremus
2353 2668 2475 2724 libri
2522 2687 2593 2740 ιι,
2623 2681 2749 2729 ante
2788 2673 3116 2744 additiones,
3151 2677 3250 2733 ltac
3279 2677 3534 2751 singulari

1915 2764 1972 2814 et
1992 2757 2197 2815 insueta
2227 2760 2358 2815 altas
2374 2760 2601 2819 formula
2632 2765 2798 2822 utitur
2824 2785 2839 2822 :
2866 2766 2930 2825 S.
2961 2767 3105 2829 Zeno
3143 2768 3445 2827 Veronensis
3470 2772 3534 2827 de

1919 2852 2100 2908 Genesi
2115 2870 2135 2920 ;
2164 2869 2269 2926 qua
2306 2870 2530 2913 monere
2550 2857 2801 2916 librarius
2826 2861 3061 2919 voluisse
3093 2862 3324 2930 videtur,
3340 2879 3536 2921 omnes

1917 2955 2174 3004 tractatus
2203 2950 2306 3005 buc
2338 2966 2509 3023 usque
2537 2953 2840 3022 descriptos
2864 2955 2934 3011 ad
2975 2956 3227 3013 eumdem
3259 2966 3537 3014 auctorem

1915 3038 2069 3095 initio
2115 3040 2454 3098 nominatum
2488 3047 2781 3114 pertinere.
2812 3047 3071 3120 Equidem
3117 3050 3259 3108 inter
3285 3051 3537 3108 undecim

1919 3145 2208 3204 sequentes
2235 3144 2514 3202 tractatus.
2539 3154 2674 3210 quos
2693 3140 2851 3196 trium
2884 3157 3006 3199 esse
3032 3156 3312 3200 auctorum
3329 3144 3380 3200 in
3400 3160 3537 3215 pra:-

212 3224 371 3324 bulis,
395 3256 452 3311 in
479 3224 678 3326 quibus
694 3253 1034 3324 singulorum
1061 3259 1385 3308 tractatuum
1416 3250 1557 3304 tituli
1588 3248 1818 3304 recitan-
1846 3233 1893 3299 C
1924 3224 2200 3326 ίδξξοηθθξί
2216 3228 2584 3326 Allpelldifem
2602 3230 2925 3326 videbimus,
2951 3235 3203 3292 nimirum
3224 3236 3364 3293 duos
3377 3236 3539 3294 Pota-

102 3398 109 3399 κ
210 3361 310 3412 tur,
340 3352 586 3422 quinque
611 3347 871 3419 postremi
899 3355 1154 3403 tractatus
1179 3345 1302 3401 libri
1329 3341 1576 3409 secundi,
1610 3341 1700 3412 qui
1721 3339 1788 3396 ad
1807 3369 1820 3382 -

209 3444 417 3501 dititios
446 3442 696 3513 proxime
720 3440 1082 3507 antecedunt,
1113 3437 1423 3495 alternatim
1449 3435 1818 3493 inscribuntur

207 3540 285 3596 sic
315 3556 331 3593 :
362 3537 639 3593 Tractatus
660 3536 810 3609 cujus
828 3551 1010 3605 supra.

276 3632 361 3688 En
398 3631 513 3702 ipsa
548 3630 749 3686 tabula:
769 3629 961 3685 verba.

276 3740 426 3782 xm.
468 3722 606 3779 Item
652 3722 924 3778 Tractatus
974 3719 1196 3777 Pascha:
1237 3721 1390 3792 cuius
1439 3735 1636 3790 supra,
1681 3730 1824 3773 nunc

203 3828 286 3878 est
311 3825 473 3875 tract.
514 3831 605 3872 uv
650 3817 743 3872 lib.
772 3820 832 3872 tt.
1250 3830 1259 3833 -

274 3928 443 3970 nvtt.
490 3909 765 3966 Tractatus
808 3907 1046 3965 Dauielis
1084 3908 1138 3964 in
1182 3906 1422 3976 Pascha,
1465 3920 1609 3963 nunc
1659 3915 1819 3963 tract.
1914 3956 1917 3959 .

208 4022 326 4064 ιιιι
336 4045 353 4062 ο

275 4115 467 4156 nvm.
529 4097 778 4154 lnoitatio
826 4098 984 4170 fontis
1028 4101 1181 4173 cujus
1234 4113 1427 4169 supra,
1471 4112 1617 4153 nunc
1660 4103 1817 4153 tract.

208 4208 360 4250 ιιιι.

276 4302 429 4344 nn.
468 4285 746 4342 Tractatus
775 4282 1080 4351 Paschalis,
1110 4298 1255 4340 nunc
1281 4290 1443 4340 tract.
1474 4300 1606 4341 xw.

277 4395 409 4435 ns.
450 4375 533 4433 De
555 4376 739 4433 Genesi
765 4379 918 4450 cujus
940 4393 1119 4447 supra,
1152 4392 1296 4434 nunc
1318 4384 1475 4432 tract.
1510 4392 1605 4432 xx.

276 4473 538 4531 Formula
567 4474 713 4545 cujus
736 4489 899 4543 supra
922 4478 1111 4544 aperte
1130 4471 1338 4528 indicat
1358 4486 1464 4526 non
1492 4470 1594 4527 hos
1621 4472 1820 4541 solum,

1926 3318 2052 3385 tnii,
2095 3317 2335 3392 quinque
2356 3337 2422 3378 ex
2453 3321 2678 3387 Hilario,
2728 3342 2794 3381 ex
2837 3325 3037 3383 Basilio
3065 3337 3321 3400 quatuor,
3346 3346 3539 3389 omnes

1925 3411 2188 3484 cujusque
2227 3416 2463 3499 auctoris
2493 3417 2654 3473 simul
2684 3418 3008 3491 descriptos,
3043 3438 3150 3479 non
3178 3432 3362 3480 autem
3393 3425 3535 3481 alios

1923 3504 2047 3559 aliis
2074 3506 2308 3564 insertos
2329 3510 2680 3581 manuscripti
2711 3512 3001 3581 prmfcrunt
3026 3530 3038 3567 τ
3068 3515 3213 3586 quod
3245 3516 3291 3571 si
3315 3516 3371 3574 in
3403 3516 3539 3589 ipsis

1924 3598 2294 3658 additionibus
2335 3613 2647 3659 constanter
2687 3614 2963 3663 servatum
2991 3616 3096 3677 est,
3128 3618 3360 3669 caeteros
3401 3626 3539 3684 quo-

1926 3708 2030 3765 que
2056 3694 2268 3757 duobus
2310 3696 2464 3753 libris
2494 3696 2780 3754 distinctos
2810 3700 3009 3771 unique
3048 3702 3260 3760 auctori
3287 3704 3534 3773 tributos,

1931 3788 2178 3845 eamdem
2206 3789 2258 3845 in
2290 3790 2556 3847 rationem
2583 3791 2840 3850 continue
2860 3796 3093 3867 scriptos
3111 3797 3281 3857 multo
3301 3807 3385 3856 cst
3413 3815 3539 3872 pro-

1927 3879 2180 3937 habilius.

1928 4003 1958 4077 §
2020 4003 2085 4059 II.
2116 4034 2190 4046 --
2230 4005 2456 4081 Urgetur
2502 4019 2860 4082 argumentum
2894 4028 2959 4068 ea:
2996 4015 3148 4086 stylo.
3195 4014 3540 4089 Proferuntur

1999 4099 2233 4166 exempla
2270 4115 2335 4155 ea:
2361 4101 2427 4155 iis
2456 4104 2740 4173 prtesertim
2771 4107 3072 4162 tractatibus
3095 4149 3109 4174 ,
3146 4124 3275 4179 quos
3298 4108 3533 4167 Coutan-

1998 4191 2101 4247 tius
2129 4192 2397 4267 adjudicat
2423 4194 2647 4251 Hilario.
2685 4195 2837 4255 llunc
2866 4198 3060 4255 Auctor
3086 4201 3280 4258 alicubi
3302 4203 3537 4260 imitatus

1997 4284 2301 4341 ostenditur.
2336 4285 2634 4359 Insignium
2660 4290 2971 4359 scriptorum
3002 4295 3258 4367 exentpla,
3288 4295 3377 4367 qui
3403 4296 3538 4353 alios

1996 4376 2207 4447 imitati,
2233 4379 2442 4436 totidem
2462 4381 2771 4453 quandoque
2785 4385 2935 4438 verba
2964 4385 3300 4458 rescripsere.

1997 4477 2125 4534 Haec
2148 4480 2327 4535 omnia
2349 4495 2415 4537 ex
2435 4482 2561 4552 styli
2590 4481 2962 4551 similitudine,
2987 4502 3111 4559 quae
3128 4487 3268 4543 inter
3295 4486 3395 4545 hos
3418 4488 3539 4546 uni-

209 4567 303 4625 sed
334 4566 691 4625 intermedios
736 4580 951 4638 quoque
997 4573 1278 4633 tractatus,
1311 4567 1456 4623 nulla
1506 4564 1635 4621 licet
1675 4565 1823 4636 ejtts-
1847 4633 1899 4651 Ἃ
1927 4586 2114 4629 versos
2137 4573 2463 4642 intercedit,
2503 4576 2663 4646 plane
2687 4577 3098 4636 confirmantur.
3139 4580 3245 4651 Qui
3284 4582 3429 4640 enim
3466 4583 3536 4642 ad

208 4660 356 4717 modi
383 4659 620 4715 formula
641 4633 904 4731 signatus,
927 4657 1170 4731 ejusdem
1190 4660 1448 4716 auctoris
1477 4673 1598 4721 esse
1625 4700 1641 4724 ,
1673 4663 1822 4733 cujus
1847 4633 1902 4694 Ῑ)
1928 4666 2108 4722 varios
2136 4666 2462 4723 asserendos
2490 4677 2742 4727 auctores
2767 4672 2895 4744 styli
2923 4671 3213 4731 discrimen
3242 4675 3496 4748 objecere
3516 4721 3532 4748 ,

211 4771 394 4827 supra,
433 4754 485 4809 id
512 4764 599 4809 est
625 4752 781 4824 cujus
801 4751 889 4810 vel
917 4753 1068 4810 initio
1089 4753 1374 4822 librorum,
1415 4755 1502 4810 vel
1528 4755 1580 4810 in
1609 4755 1823 4812 clausu-

210 4849 295 4917 lis,
321 4849 393 4906 de
414 4849 615 4921 quibus
659 4863 784 4905 mox
826 4847 1094 4915 dicemus,
1124 4863 1389 4919 expressa
1429 4850 1635 4905 mentio
1677 4848 1819 4906 facta

209 4952 313 5011 est,
345 4958 410 4998 ac
441 4941 673 5014 proinde
698 4956 889 4999 omnes
929 4942 1145 5000 unicum
1167 4941 1527 5015 eumdemque
1548 4953 1821 5001 auctorem

209 5034 433 5092 habere.
466 5034 664 5091 Mirum
684 5032 932 5091 fortassis
956 5034 1096 5103 erit,
1128 5033 1259 5106 quid
1287 5035 1403 5091 haec
1435 5035 1663 5091 formula
1708 5037 1825 5093 istis

209 5130 501 5201 postremis
527 5130 704 5186 solum
725 5131 969 5200 apposita
999 5129 1093 5196 sit,
1124 5140 1180 5185 et
1217 5129 1272 5185 in
1325 5130 1478 5186 nullo
1504 5146 1573 5187 es
1617 5146 1825 5202 praece-

210 5222 464 5280 dentibus
486 5238 738 5280 manu:
776 5232 1045 5279 occurrat.
1080 5223 1151 5278 At
1176 5223 1227 5279 id
1250 5240 1281 5279 a
1312 5225 1486 5294 primo
1512 5216 1825 5282 amanuensi

210 5334 327 5375 non
352 5334 506 5385 casu,
533 5319 629 5375 sed
665 5319 915 5376 consulto
943 5320 1140 5374 factum
1167 5318 1404 5387 videtur,
1432 5334 1555 5376 cum
1590 5319 1711 5375 Ilnis
1736 5335 1824 5376 es-

208 5414 297 5468 set
324 5420 643 5468 tractatuum
667 5410 911 5483 ejusdem
936 5411 1197 5467 auctoris.
1239 5412 1318 5468 Ne
1341 5412 1552 5468 scilicet
1577 5411 1828 5470 dubitare

209 5502 269 5559 in
298 5518 370 5560 eo
410 5504 681 5575 quispiam
706 5503 999 5575 aliquando
1023 5514 1205 5574 posset
1223 5544 1238 5572 ,
1267 5503 1511 5574 ejusdem
1543 5520 1611 5561 ne
1638 5519 1828 5563 omnes

208 5606 401 5654 essent
422 5598 682 5665 auctoris,
720 5612 794 5653 an
836 5612 965 5653 vero
1010 5595 1231 5668 quidam
1251 5638 1266 5663 ,
1296 5597 1375 5653 uti
1404 5597 1576 5663 solet,
1605 5613 1673 5655 ex
1699 5598 1823 5657 aliis

211 5690 532 5747 auctoribus
554 5689 723 5747 additi
747 5699 967 5758 essent;
997 5690 1098 5747 hos
1142 5699 1449 5763 postremos
1473 5707 1536 5748 ea
1564 5692 1792 5751 formula
1809 5736 1825 5763 ,

210 5800 340 5854 qua
386 5786 611 5843 dubium
666 5800 829 5843 omne
879 5787 1222 5858 promitteret,
1283 5786 1549 5844 notandos
1591 5790 1824 5845 censuit.

215 5879 388 5939 Porro
416 5883 536 5941 hinc
557 5881 748 5942 eadem
775 5882 1007 5940 formula
1037 5884 1091 5940 in
1124 5882 1252 5955 ipsis
1278 5882 1468 5953 titulis,
1497 5884 1589 5956 qui
1617 5894 1829 5956 postre-

1925 4759 1963 4816 ii
1982 4770 2132 4817 recte
2151 4761 2392 4833 quidem,
2418 4772 2474 4818 et
2489 4762 2613 4834 jure
2638 4764 2739 4821 hoc
2761 4777 3138 4839 argumentum
3162 4769 3530 4846 intenderunt,

1924 4853 2179 4925 quamdiu
2201 4856 2532 4926 Appendicis
2550 4872 2770 4930 quoque
2794 4869 3059 4919 tractatus
3083 4864 3174 4919 uni
3204 4865 3410 4921 auctori
3432 4864 3535 4921 ad-

1924 4948 2198 5005 scribendi
2241 4951 2597 5020 putabantur,
2637 4968 2866 5025 quorum
2905 4955 3156 5014 undecim
3197 4968 3523 5019 tractatuum

1925 5055 2096 5111 genus
2137 5043 2409 5100 scribendi
2453 5059 2560 5101 non
2602 5055 2709 5102 tam
2740 5048 2975 5106 alienum
3007 5051 3177 5107 multo
3204 5060 3289 5110 est
3328 5071 3360 5110 a
3391 5057 3537 5130 stylo

1930 5143 2252 5192 camerarum
2289 5150 2437 5205 retu,
2474 5152 2637 5210 quam
2667 5143 2875 5198 varium
2902 5143 2956 5200 in
2991 5144 3121 5215 ipsis
3151 5163 3369 5221 quoque
3394 5150 3539 5207 inter

1930 5243 2133 5287 seesse
2163 5230 2319 5287 facile
2339 5231 2784 5305 deprehenditur.
2814 5236 3106 5295 Enimvero
3130 5237 3184 5296 bi
3215 5257 3323 5298 non
3351 5243 3534 5310 unius,

1929 5320 2025 5377 sed
2070 5315 2243 5376 trioni
2277 5332 2558 5379 auctorum
2583 5336 2707 5381 sunt
2745 5325 2888 5385 fetus
2913 5371 2928 5395 ,
2966 5346 3196 5402 quorum
3222 5333 3360 5390 alter
3390 5336 3537 5391 llila-

1928 5413 2043 5470 rius
2073 5415 2235 5484 plano
2262 5413 2515 5487 facilique
2542 5418 2684 5490 ston
2706 5417 3110 5491 delectabatur;
3138 5425 3363 5483 Rufinus
3384 5442 3531 5497 vero,

1931 5506 2024 5577 qui
2045 5507 2316 5578 interpres
2338 5517 2571 5580 quatuor
2598 5510 2785 5570 Basilii
2814 5513 3156 5574 hontiliarum
3178 5534 3208 5575 a
3231 5520 3389 5576 nobis
3408 5535 3535 5590 pro-

1924 5601 2169 5671 babitur,
2215 5603 2547 5676 diligentiori
2594 5607 2945 5683 liberiorique
2988 5613 3199 5670 calamo
3240 5629 3371 5671 usus
3406 5623 3532 5671 est:

1931 5694 2210 5753 Potamius
2253 5698 2467 5755 tandem
2510 5699 2741 5759 duorum
2790 5712 3114 5763 tractatuum
3161 5717 3352 5765 auctor
3391 5708 3536 5781 stylo

1934 5790 2091 5861 plane
2116 5789 2340 5859 inculto,
2365 5790 2598 5850 obscuro
2627 5795 2941 5870 difﬁcilique
2984 5798 3214 5868 laborat,
3237 5802 3451 5873 qualem
3480 5803 3534 5859 in

1929 5885 2159 5959 cpistola
2180 5885 2251 5944 ab
2268 5887 2503 5949 Aclterio
2529 5889 2695 5961 edita,
2721 5900 2778 5950 et
2802 5893 2855 5951 in
2881 5892 3194 5969 Appendicc
3217 5896 3526 5957 recudcnda
