  <div class='ocr_page' id='page_1' title='image "/cluster/home/n/w/nwhite01/storage/ocr_20150623/11/hvd.32044015471287/024.png"; bbox 0 0 3952 6320; ppageno 0'>
   <div class='ocr_carea' id='block_1_1' title="bbox 119 314 3453 384">
    <p class='ocr_par' dir='ltr' id='par_1_1' title="bbox 119 314 3453 384">
     <span class='ocr_line' id='line_1_1' title="bbox 119 314 3453 384; baseline 0.001 -6"><span class='ocrx_word' id='word_1_1' title='bbox 119 319 186 378; x_wconf 72' lang='lat'><strong>87</strong></span> <span class='ocrx_word' id='word_1_2' title='bbox 947 316 1400 377; x_wconf 74' lang='lat' dir='ltr'><strong><em>DISSERTATIO</em></strong></span> <span class='ocrx_word' id='word_1_3' title='bbox 1429 319 1470 384; x_wconf 87' lang='lat' dir='ltr'><strong><em>l,</em></strong></span> <span class='ocrx_word' id='word_1_4' title='bbox 1514 315 1603 375; x_wconf 77' lang='lat' dir='ltr'><strong><em>DE</em></strong></span> <span class='ocrx_word' id='word_1_5' title='bbox 1640 314 1698 373; x_wconf 89' lang='lat' dir='ltr'><strong><em>S.</em></strong></span> <span class='ocrx_word' id='word_1_6' title='bbox 1742 314 1896 374; x_wconf 74' lang='grc' dir='ltr'><strong>ΖΕΝ.</strong></span> <span class='ocrx_word' id='word_1_7' title='bbox 1937 314 2187 374; x_wconf 77' lang='lat' dir='ltr'><strong><em>TRACT.</em></strong></span> <span class='ocrx_word' id='word_1_8' title='bbox 2233 318 2322 376; x_wconf 84' lang='lat' dir='ltr'><strong><em>ET</em></strong></span> <span class='ocrx_word' id='word_1_9' title='bbox 2363 319 2640 378; x_wconf 66' lang='grc' dir='ltr'><strong><em>ΕΤΑΤΕ.</em></strong></span> <span class='ocrx_word' id='word_1_10' title='bbox 3382 314 3453 383; x_wconf 72' lang='lat'><strong><em>38</em></strong></span> 
     </span>
    </p>
   </div>
   <div class='ocr_carea' id='block_1_2' title="bbox 120 429 3450 513">
    <p class='ocr_par' dir='ltr' id='par_1_2' title="bbox 120 429 3450 513">
     <span class='ocr_line' id='line_1_2' title="bbox 120 429 3450 513; baseline 0.002 -26"><span class='ocrx_word' id='word_1_11' title='bbox 120 447 259 488; x_wconf 80' lang='lat' dir='ltr'><strong><em>vero</em></strong></span> <span class='ocrx_word' id='word_1_12' title='bbox 288 435 589 505; x_wconf 63' lang='lat' dir='ltr'><strong><em>praecipue</em></strong></span> <span class='ocrx_word' id='word_1_13' title='bbox 613 431 992 490; x_wconf 82' lang='lat' dir='ltr'><strong><em>consideranda</em></strong></span> <span class='ocrx_word' id='word_1_14' title='bbox 1015 448 1167 489; x_wconf 91' lang='lat' dir='ltr'><strong><em>num.</em></strong></span> <span class='ocrx_word' id='word_1_15' title='bbox 1200 434 1266 490; x_wconf 83' lang='lat'><strong><em>5:</em></strong></span> <span class='ocrx_word' id='word_1_16' title='bbox 1299 431 1738 505; x_wconf 79' lang='lat' dir='ltr'><strong><em>Intonat&#39;tingua.</em></strong></span> <span class='ocrx_word' id='word_1_17' title='bbox 1771 429 1822 494; x_wconf 73' lang='grc' dir='ltr'>Α</span> <span class='ocrx_word' id='word_1_18' title='bbox 1850 431 2014 486; x_wconf 83' lang='lat' dir='ltr'><strong><em>multa</em></strong></span> <span class='ocrx_word' id='word_1_19' title='bbox 2063 433 2129 488; x_wconf 86' lang='lat' dir='ltr'><strong><em>ad</em></strong></span> <span class='ocrx_word' id='word_1_20' title='bbox 2184 433 2408 490; x_wconf 85' lang='lat' dir='ltr'><strong><em>verbum</em></strong></span> <span class='ocrx_word' id='word_1_21' title='bbox 2463 436 2806 493; x_wconf 71' lang='lat' dir='ltr'><strong><em>transtulisse</em></strong></span> <span class='ocrx_word' id='word_1_22' title='bbox 2859 439 3062 492; x_wconf 79' lang='lat' dir='ltr'><strong><em>notavit</em></strong></span> <span class='ocrx_word' id='word_1_23' title='bbox 3111 439 3450 513; x_wconf 72' lang='lat' dir='ltr'><strong><em>Porphyrius</em></strong></span> 
     </span>
    </p>
   </div>
   <div class='ocr_carea' id='block_1_3' title="bbox 122 525 1743 597">
    <p class='ocr_par' dir='ltr' id='par_1_3' title="bbox 122 525 1743 597">
     <span class='ocr_line' id='line_1_3' title="bbox 122 525 1743 597; baseline 0 -18"><span class='ocrx_word' id='word_1_24' title='bbox 122 533 267 579; x_wconf 71' lang='lat' dir='ltr'><strong><em>uret</em></strong></span> <span class='ocrx_word' id='word_1_25' title='bbox 307 541 448 595; x_wconf 68' lang='lat' dir='ltr'><strong><em>qua</em></strong></span> <span class='ocrx_word' id='word_1_26' title='bbox 485 542 752 594; x_wconf 66' lang='lat' dir='ltr'><strong><em>&quot;attonitam</em></strong></span> <span class='ocrx_word' id='word_1_27' title='bbox 778 541 964 581; x_wconf 80' lang='lat' dir='ltr'><strong><em>veneno</em></strong></span> <span class='ocrx_word' id='word_1_28' title='bbox 990 527 1239 594; x_wconf 84' lang='lat' dir='ltr'><strong><em>serpentis</em></strong></span> <span class='ocrx_word' id='word_1_29' title='bbox 1259 541 1278 580; x_wconf 85' lang='lat'><strong><em>:</em></strong></span> <span class='ocrx_word' id='word_1_30' title='bbox 1305 527 1391 581; x_wconf 89' lang='lat' dir='ltr'><strong><em>ubi</em></strong></span> <span class='ocrx_word' id='word_1_31' title='bbox 1417 542 1531 597; x_wconf 78' lang='lat' dir='ltr'><strong><em>qua:</em></strong></span> <span class='ocrx_word' id='word_1_32' title='bbox 1558 525 1743 580; x_wconf 83' lang='lat' dir='ltr'><strong><em>relati-</em></strong></span> 
     </span>
    </p>
   </div>
   <div class='ocr_carea' id='block_1_4' title="bbox 126 617 1744 690">
    <p class='ocr_par' dir='ltr' id='par_1_4' title="bbox 126 617 1744 690">
     <span class='ocr_line' id='line_1_4' title="bbox 126 617 1744 690; baseline 0.002 -20"><span class='ocrx_word' id='word_1_33' title='bbox 126 631 256 671; x_wconf 84' lang='lat' dir='ltr'><strong><em>vum</em></strong></span> <span class='ocrx_word' id='word_1_34' title='bbox 287 629 427 686; x_wconf 74' lang='lat' dir='ltr'><strong><em>post</em></strong></span> <span class='ocrx_word' id='word_1_35' title='bbox 462 619 720 682; x_wconf 81' lang='lat' dir='ltr'><strong><em>verbum,</em></strong></span> <span class='ocrx_word' id='word_1_36' title='bbox 769 618 909 688; x_wconf 88' lang='lat' dir='ltr'><strong><em>quod</em></strong></span> <span class='ocrx_word' id='word_1_37' title='bbox 939 618 1112 690; x_wconf 84' lang='lat' dir='ltr'><strong><em>regit,</em></strong></span> <span class='ocrx_word' id='word_1_38' title='bbox 1146 621 1394 689; x_wconf 85' lang='lat' dir='ltr'><strong><em>ponitur,</em></strong></span> <span class='ocrx_word' id='word_1_39' title='bbox 1437 619 1579 674; x_wconf 83' lang='lat' dir='ltr'><strong><em>sicut</em></strong></span> <span class='ocrx_word' id='word_1_40' title='bbox 1615 617 1744 674; x_wconf 88' lang='lat' dir='ltr'><strong><em>alibi</em></strong></span> 
     </span>
    </p>
   </div>
   <div class='ocr_carea' id='block_1_5' title="bbox 130 707 1745 780">
    <p class='ocr_par' dir='ltr' id='par_1_5' title="bbox 130 707 1745 780">
     <span class='ocr_line' id='line_1_5' title="bbox 130 707 1745 780; baseline 0.002 -16"><span class='ocrx_word' id='word_1_41' title='bbox 130 707 401 779; x_wconf 67' lang='lat' dir='ltr'><strong><em>irequeos</em></strong></span> <span class='ocrx_word' id='word_1_42' title='bbox 444 719 571 780; x_wconf 83' lang='lat' dir='ltr'><strong><em>post</em></strong></span> <span class='ocrx_word' id='word_1_43' title='bbox 600 712 754 768; x_wconf 75' lang='lat' dir='ltr'><strong><em>aliam</em></strong></span> <span class='ocrx_word' id='word_1_44' title='bbox 783 726 966 769; x_wconf 87' lang='lat' dir='ltr'><strong><em>vocem</em></strong></span> <span class='ocrx_word' id='word_1_45' title='bbox 1007 713 1330 769; x_wconf 80' lang='lat' dir='ltr'><strong><em>collocatur.</em></strong></span> <span class='ocrx_word' id='word_1_46' title='bbox 1369 713 1461 769; x_wconf 84' lang='lat' dir='ltr'><strong><em>Sic</em></strong></span> <span class='ocrx_word' id='word_1_47' title='bbox 1501 723 1658 770; x_wconf 87' lang='lat' dir='ltr'><strong><em>tract.</em></strong></span> <span class='ocrx_word' id='word_1_48' title='bbox 1689 714 1745 778; x_wconf 76' lang='lat'><strong><em>&#39;5,</em></strong></span> 
     </span>
    </p>
   </div>
   <div class='ocr_carea' id='block_1_6' title="bbox 133 803 1748 879">
    <p class='ocr_par' dir='ltr' id='par_1_6' title="bbox 133 803 1748 879">
     <span class='ocr_line' id='line_1_6' title="bbox 133 803 1748 879; baseline 0.003 -24"><span class='ocrx_word' id='word_1_49' title='bbox 133 817 288 856; x_wconf 81' lang='lat' dir='ltr'><strong><em>num.</em></strong></span> <span class='ocrx_word' id='word_1_50' title='bbox 317 803 360 857; x_wconf 68' lang='grc'><strong>2</strong></span> <span class='ocrx_word' id='word_1_51' title='bbox 381 821 401 857; x_wconf 86' lang='lat'><strong>:</strong></span> <span class='ocrx_word' id='word_1_52' title='bbox 435 803 673 874; x_wconf 65' lang='lat' dir='ltr'><strong><em>Utroque</em></strong></span> <span class='ocrx_word' id='word_1_53' title='bbox 694 808 843 879; x_wconf 79' lang='lat' dir='ltr'><strong><em>cujus</em></strong></span> <span class='ocrx_word' id='word_1_54' title='bbox 866 822 1186 878; x_wconf 68' lang='lat' dir='ltr'><strong><em>exaggera&quot;</em></strong></span> <span class='ocrx_word' id='word_1_55' title='bbox 1209 807 1525 878; x_wconf 75' lang='lat' dir='ltr'><strong><em>epulantium</em></strong></span> <span class='ocrx_word' id='word_1_56' title='bbox 1553 806 1748 862; x_wconf 55' lang='lat' dir='ltr'><strong><em>relatio</em></strong></span> 
     </span>
    </p>
   </div>
   <div class='ocr_carea' id='block_1_7' title="bbox 137 901 1747 974">
    <p class='ocr_par' dir='ltr' id='par_1_7' title="bbox 137 901 1747 974">
     <span class='ocr_line' id='line_1_7' title="bbox 137 901 1747 974; baseline 0.004 -26"><span class='ocrx_word' id='word_1_57' title='bbox 137 906 248 953; x_wconf 77' lang='lat' dir='ltr'><strong><em>tote</em></strong></span> <span class='ocrx_word' id='word_1_58' title='bbox 263 901 404 955; x_wconf 81' lang='lat' dir='ltr'><strong><em>mira</em></strong></span> <span class='ocrx_word' id='word_1_59' title='bbox 431 901 755 964; x_wconf 76' lang='lat' dir='ltr'><strong><em>contendunt,</em></strong></span> <span class='ocrx_word' id='word_1_60' title='bbox 781 917 877 972; x_wconf 91' lang='lat' dir='ltr'><strong><em>pro</em></strong></span> <span class='ocrx_word' id='word_1_61' title='bbox 893 904 1042 974; x_wconf 85' lang='lat' dir='ltr'><strong><em>cujus</em></strong></span> <span class='ocrx_word' id='word_1_62' title='bbox 1059 901 1374 971; x_wconf 72' lang='lat' dir='ltr'><strong><em>opulentiam</em></strong></span> <span class='ocrx_word' id='word_1_63' title='bbox 1387 912 1612 970; x_wconf 73' lang='lat' dir='ltr'><strong><em>utrisque</em></strong></span> <span class='ocrx_word' id='word_1_64' title='bbox 1625 916 1747 956; x_wconf 53' lang='lat' dir='ltr'><strong><em>cont-</em></strong></span> 
     </span>
    </p>
   </div>
   <div class='ocr_carea' id='block_1_8' title="bbox 139 990 1749 1064">
    <p class='ocr_par' dir='ltr' id='par_1_8' title="bbox 139 990 1749 1064">
     <span class='ocr_line' id='line_1_8' title="bbox 139 990 1749 1064; baseline 0.004 -22"><span class='ocrx_word' id='word_1_65' title='bbox 139 990 508 1056; x_wconf 80' lang='lat' dir='ltr'><strong><em>teuduat,etc.</em></strong></span> <span class='ocrx_word' id='word_1_66' title='bbox 539 991 666 1064; x_wconf 80' lang='lat' dir='ltr'><strong><em>[xu]</em></strong></span> <span class='ocrx_word' id='word_1_67' title='bbox 695 993 786 1050; x_wconf 86' lang='lat' dir='ltr'><strong><em>Sic</em></strong></span> <span class='ocrx_word' id='word_1_68' title='bbox 815 991 1032 1057; x_wconf 55' lang='lat' dir='ltr'><strong><em>tracti,</em></strong></span> <span class='ocrx_word' id='word_1_69' title='bbox 1061 1009 1188 1049; x_wconf 90' lang='lat' dir='ltr'><strong><em>num</em></strong></span> <span class='ocrx_word' id='word_1_70' title='bbox 1215 994 1249 1049; x_wconf 78' lang='grc' dir='ltr'><strong>ὕ</strong></span> <span class='ocrx_word' id='word_1_71' title='bbox 1273 1013 1285 1048; x_wconf 91' lang='lat'><strong>:</strong></span> <span class='ocrx_word' id='word_1_72' title='bbox 1315 991 1506 1062; x_wconf 79' lang='lat' dir='ltr'><strong><em>Quasis</em></strong></span> <span class='ocrx_word' id='word_1_73' title='bbox 1527 995 1749 1049; x_wconf 66' lang='lat' dir='ltr'><strong><em>versutia</em></strong></span> 
     </span>
    </p>
   </div>
   <div class='ocr_carea' id='block_1_9' title="bbox 138 1087 1751 1158">
    <p class='ocr_par' dir='ltr' id='par_1_9' title="bbox 138 1087 1751 1158">
     <span class='ocr_line' id='line_1_9' title="bbox 138 1087 1751 1158; baseline 0.002 -18"><span class='ocrx_word' id='word_1_74' title='bbox 138 1087 227 1151; x_wconf 74' lang='lat' dir='ltr'><strong><em>qui</em></strong></span> <span class='ocrx_word' id='word_1_75' title='bbox 258 1087 469 1157; x_wconf 75' lang='lat' dir='ltr'><strong><em>fallitur</em></strong></span> <span class='ocrx_word' id='word_1_76' title='bbox 497 1104 791 1158; x_wconf 79' lang='lat' dir='ltr'><strong><em>numquam.</em></strong></span> <span class='ocrx_word' id='word_1_77' title='bbox 815 1089 995 1144; x_wconf 83' lang='lat' dir='ltr'><strong><em>Tract.</em></strong></span> <span class='ocrx_word' id='word_1_78' title='bbox 1023 1088 1078 1154; x_wconf 83' lang='grc'><strong><em>5,</em></strong></span> <span class='ocrx_word' id='word_1_79' title='bbox 1115 1105 1264 1144; x_wconf 87' lang='lat' dir='ltr'><strong><em>num.</em></strong></span> <span class='ocrx_word' id='word_1_80' title='bbox 1305 1090 1370 1144; x_wconf 68' lang='grc' dir='ltr'><strong><em>ιιι</em></strong></span> <span class='ocrx_word' id='word_1_81' title='bbox 1406 1089 1751 1144; x_wconf 72' lang='lat' dir='ltr'><strong><em>Obseruantia-</em></strong></span> 
     </span>
    </p>
   </div>
   <div class='ocr_carea' id='block_1_10' title="bbox 137 1181 1746 1250">
    <p class='ocr_par' dir='ltr' id='par_1_10' title="bbox 137 1181 1746 1250">
     <span class='ocr_line' id='line_1_10' title="bbox 137 1181 1746 1250; baseline 0.002 -18"><span class='ocrx_word' id='word_1_82' title='bbox 137 1197 244 1249; x_wconf 79' lang='lat' dir='ltr'><strong><em>qua</em></strong></span> <span class='ocrx_word' id='word_1_83' title='bbox 270 1182 583 1250; x_wconf 73' lang='lat' dir='ltr'><strong><em>perfectione</em></strong></span> <span class='ocrx_word' id='word_1_84' title='bbox 620 1181 712 1236; x_wconf 86' lang='lat' dir='ltr'><strong><em>Dei</em></strong></span> <span class='ocrx_word' id='word_1_85' title='bbox 746 1182 914 1237; x_wconf 76' lang='lat' dir='ltr'><strong><em>cultus</em></strong></span> <span class='ocrx_word' id='word_1_86' title='bbox 947 1182 1124 1238; x_wconf 74' lang='lat' dir='ltr'><strong><em>debeat</em></strong></span> <span class='ocrx_word' id='word_1_87' title='bbox 1151 1183 1416 1238; x_wconf 79' lang='lat' dir='ltr'><strong><em>custodiri.</em></strong></span> <span class='ocrx_word' id='word_1_88' title='bbox 1447 1182 1629 1237; x_wconf 82' lang='lat' dir='ltr'><strong><em>&#39;I’ract.</em></strong></span> <span class='ocrx_word' id='word_1_89' title='bbox 1660 1181 1746 1245; x_wconf 68' lang='grc' dir='ltr'><strong><em>ιε,</em></strong></span> 
     </span>
    </p>
   </div>
   <div class='ocr_carea' id='block_1_11' title="bbox 140 1275 1750 1350">
    <p class='ocr_par' dir='ltr' id='par_1_11' title="bbox 140 1275 1750 1350">
     <span class='ocr_line' id='line_1_11' title="bbox 140 1275 1750 1350; baseline 0.001 -20"><span class='ocrx_word' id='word_1_90' title='bbox 140 1291 292 1331; x_wconf 83' lang='lat' dir='ltr'><strong><em>num.</em></strong></span> <span class='ocrx_word' id='word_1_91' title='bbox 339 1275 398 1331; x_wconf 68' lang='grc' dir='ltr'><strong><em>6ο</em></strong></span> <span class='ocrx_word' id='word_1_92' title='bbox 430 1295 443 1329; x_wconf 91' lang='lat'>:</span> <span class='ocrx_word' id='word_1_93' title='bbox 487 1275 802 1348; x_wconf 71' lang='lat' dir='ltr'><strong><em>Martemque</em></strong></span> <span class='ocrx_word' id='word_1_94' title='bbox 833 1277 1004 1347; x_wconf 79' lang='lat' dir='ltr'><strong><em>ipsam</em></strong></span> <span class='ocrx_word' id='word_1_95' title='bbox 1031 1320 1045 1344; x_wconf 94' lang='lat'><strong><em>,</em></strong></span> <span class='ocrx_word' id='word_1_96' title='bbox 1079 1280 1316 1350; x_wconf 85' lang='lat' dir='ltr'><strong><em>perennis</em></strong></span> <span class='ocrx_word' id='word_1_97' title='bbox 1359 1279 1442 1331; x_wconf 80' lang='lat' dir='ltr'><strong><em>cui</em></strong></span> <span class='ocrx_word' id='word_1_98' title='bbox 1488 1277 1750 1332; x_wconf 81' lang='lat' dir='ltr'><strong><em>beatitudo</em></strong></span> 
     </span>
    </p>
   </div>
   <div class='ocr_carea' id='block_1_12' title="bbox 142 1369 1754 1437">
    <p class='ocr_par' dir='ltr' id='par_1_12' title="bbox 142 1369 1754 1437">
     <span class='ocr_line' id='line_1_12' title="bbox 142 1369 1754 1437; baseline 0 -13"><span class='ocrx_word' id='word_1_99' title='bbox 142 1369 405 1424; x_wconf 72' lang='lat' dir='ltr'><strong><em>succedat.</em></strong></span> <span class='ocrx_word' id='word_1_100' title='bbox 454 1369 637 1425; x_wconf 82' lang='lat' dir='ltr'><strong><em>Tract.</em></strong></span> <span class='ocrx_word' id='word_1_101' title='bbox 680 1371 711 1424; x_wconf 99' lang='lat'><strong><em>7</em></strong></span> <span class='ocrx_word' id='word_1_102' title='bbox 742 1371 813 1426; x_wconf 88' lang='lat' dir='ltr'><strong><em>lib</em></strong></span> <span class='ocrx_word' id='word_1_103' title='bbox 857 1385 916 1437; x_wconf 86' lang='lat' dir='ltr'><strong><em>tt,</em></strong></span> <span class='ocrx_word' id='word_1_104' title='bbox 968 1386 1114 1426; x_wconf 89' lang='lat' dir='ltr'><strong><em>num.</em></strong></span> <span class='ocrx_word' id='word_1_105' title='bbox 1145 1373 1218 1427; x_wconf 66' lang='grc' dir='ltr'>ιε</span> <span class='ocrx_word' id='word_1_106' title='bbox 1255 1370 1368 1426; x_wconf 87' lang='lat' dir='ltr'><strong><em>Nec</em></strong></span> <span class='ocrx_word' id='word_1_107' title='bbox 1398 1380 1568 1425; x_wconf 84' lang='lat' dir='ltr'><strong><em>tamen</em></strong></span> <span class='ocrx_word' id='word_1_108' title='bbox 1604 1369 1754 1425; x_wconf 78' lang='lat' dir='ltr'><strong><em>desiit</em></strong></span> 
     </span>
    </p>
   </div>
   <div class='ocr_carea' id='block_1_13' title="bbox 142 1465 1745 1534">
    <p class='ocr_par' dir='ltr' id='par_1_13' title="bbox 142 1465 1745 1534">
     <span class='ocr_line' id='line_1_13' title="bbox 142 1465 1745 1534; baseline 0.001 -16"><span class='ocrx_word' id='word_1_109' title='bbox 142 1478 276 1528; x_wconf 82' lang='lat' dir='ltr'><strong><em>esse,</em></strong></span> <span class='ocrx_word' id='word_1_110' title='bbox 302 1473 422 1518; x_wconf 80' lang='lat' dir='ltr'><strong><em>ante</em></strong></span> <span class='ocrx_word' id='word_1_111' title='bbox 438 1465 572 1534; x_wconf 79' lang='lat' dir='ltr'><strong><em>quod</em></strong></span> <span class='ocrx_word' id='word_1_112' title='bbox 595 1469 761 1534; x_wconf 70' lang='lat' dir='ltr'><strong><em>fuerat</em></strong></span> <span class='ocrx_word' id='word_1_113' title='bbox 781 1483 798 1520; x_wconf 93' lang='lat'><em>:</em></span> <span class='ocrx_word' id='word_1_114' title='bbox 820 1467 905 1520; x_wconf 89' lang='lat' dir='ltr'><strong><em>cui</em></strong></span> <span class='ocrx_word' id='word_1_115' title='bbox 935 1467 1112 1522; x_wconf 84' lang='lat' dir='ltr'><strong><em>simile</em></strong></span> <span class='ocrx_word' id='word_1_116' title='bbox 1137 1466 1266 1521; x_wconf 91' lang='lat' dir='ltr'><strong><em>illud</em></strong></span> <span class='ocrx_word' id='word_1_117' title='bbox 1290 1474 1454 1522; x_wconf 85' lang='lat' dir='ltr'><strong><em>tract.</em></strong></span> <span class='ocrx_word' id='word_1_118' title='bbox 1482 1467 1548 1522; x_wconf 84' lang='lat' dir='ltr'><strong><em>l6</em></strong></span> <span class='ocrx_word' id='word_1_119' title='bbox 1577 1466 1672 1521; x_wconf 91' lang='lat' dir='ltr'><strong>lib.</strong></span> <span class='ocrx_word' id='word_1_120' title='bbox 1701 1481 1745 1532; x_wconf 91' lang='lat' dir='ltr'><strong><em>t,</em></strong></span> 
     </span>
    </p>
   </div>
   <div class='ocr_carea' id='block_1_14' title="bbox 148 1557 1748 1631">
    <p class='ocr_par' dir='ltr' id='par_1_14' title="bbox 148 1557 1748 1631">
     <span class='ocr_line' id='line_1_14' title="bbox 148 1557 1748 1631; baseline 0.001 -19"><span class='ocrx_word' id='word_1_121' title='bbox 148 1573 300 1612; x_wconf 84' lang='lat' dir='ltr'><strong><em>num.</em></strong></span> <span class='ocrx_word' id='word_1_122' title='bbox 352 1560 426 1612; x_wconf 70' lang='grc' dir='ltr'><strong><em>ιτ</em></strong></span> <span class='ocrx_word' id='word_1_123' title='bbox 471 1557 596 1613; x_wconf 82' lang='lat' dir='ltr'><strong><em>Odit</em></strong></span> <span class='ocrx_word' id='word_1_124' title='bbox 621 1562 736 1631; x_wconf 86' lang='lat' dir='ltr'><strong><em>jam</em></strong></span> <span class='ocrx_word' id='word_1_125' title='bbox 772 1560 883 1613; x_wconf 82' lang='lat' dir='ltr'><strong><em>sine</em></strong></span> <span class='ocrx_word' id='word_1_126' title='bbox 921 1576 1104 1625; x_wconf 86' lang='lat' dir='ltr'><strong><em>causa,</em></strong></span> <span class='ocrx_word' id='word_1_127' title='bbox 1148 1569 1263 1614; x_wconf 85' lang='lat' dir='ltr'><strong><em>ante</em></strong></span> <span class='ocrx_word' id='word_1_128' title='bbox 1291 1560 1429 1630; x_wconf 84' lang='lat' dir='ltr'><strong><em>quod</em></strong></span> <span class='ocrx_word' id='word_1_129' title='bbox 1466 1572 1748 1614; x_wconf 77' lang='lat' dir='ltr'><strong><em>amaverat.</em></strong></span> 
     </span>
    </p>
   </div>
   <div class='ocr_carea' id='block_1_15' title="bbox 147 1651 1751 1724">
    <p class='ocr_par' dir='ltr' id='par_1_15' title="bbox 147 1651 1751 1724">
     <span class='ocr_line' id='line_1_15' title="bbox 147 1651 1751 1724; baseline 0.001 -18"><span class='ocrx_word' id='word_1_130' title='bbox 147 1651 334 1707; x_wconf 75' lang='lat' dir='ltr'><strong><em>Tract.</em></strong></span> <span class='ocrx_word' id='word_1_131' title='bbox 361 1652 432 1708; x_wconf 72' lang='lat'><strong><em>6&#39;2</em></strong></span> <span class='ocrx_word' id='word_1_132' title='bbox 477 1652 570 1707; x_wconf 89' lang='lat' dir='ltr'><strong><em>lib.</em></strong></span> <span class='ocrx_word' id='word_1_133' title='bbox 607 1668 675 1708; x_wconf 83' lang='lat' dir='ltr'><strong><em>tt:</em></strong></span> <span class='ocrx_word' id='word_1_134' title='bbox 707 1652 928 1724; x_wconf 86' lang='lat' dir='ltr'><strong><em>Propter</em></strong></span> <span class='ocrx_word' id='word_1_135' title='bbox 947 1669 1034 1708; x_wconf 77' lang='lat' dir='ltr'><strong><em>vos</em></strong></span> <span class='ocrx_word' id='word_1_136' title='bbox 1060 1654 1148 1724; x_wconf 87' lang='lat' dir='ltr'><strong><em>qui</em></strong></span> <span class='ocrx_word' id='word_1_137' title='bbox 1168 1663 1240 1708; x_wconf 85' lang='lat' dir='ltr'><strong><em>est</em></strong></span> <span class='ocrx_word' id='word_1_138' title='bbox 1266 1653 1484 1708; x_wconf 80' lang='lat' dir='ltr'><strong><em>occisus.</em></strong></span> <span class='ocrx_word' id='word_1_139' title='bbox 1525 1653 1751 1724; x_wconf 76' lang='lat' dir='ltr'><strong><em>Reliqua</em></strong></span> 
     </span>
    </p>
   </div>
   <div class='ocr_carea' id='block_1_16' title="bbox 146 1749 1754 1823">
    <p class='ocr_par' dir='ltr' id='par_1_16' title="bbox 146 1749 1754 1823">
     <span class='ocr_line' id='line_1_16' title="bbox 146 1749 1754 1823; baseline 0.004 -21"><span class='ocrx_word' id='word_1_140' title='bbox 146 1749 434 1804; x_wconf 87' lang='lat' dir='ltr'><strong><em>mittimus.</em></strong></span> <span class='ocrx_word' id='word_1_141' title='bbox 462 1749 592 1806; x_wconf 72' lang='lat' dir='ltr'><strong><em>Vide</em></strong></span> <span class='ocrx_word' id='word_1_142' title='bbox 621 1764 785 1821; x_wconf 86' lang='lat' dir='ltr'><strong><em>porro</em></strong></span> <span class='ocrx_word' id='word_1_143' title='bbox 826 1751 1017 1808; x_wconf 87' lang='lat' dir='ltr'><strong><em>eodem</em></strong></span> <span class='ocrx_word' id='word_1_144' title='bbox 1048 1759 1206 1807; x_wconf 84' lang='lat' dir='ltr'><strong><em>tract.</em></strong></span> <span class='ocrx_word' id='word_1_145' title='bbox 1253 1752 1286 1806; x_wconf 96' lang='lat'><strong><em>7</em></strong></span> <span class='ocrx_word' id='word_1_146' title='bbox 1317 1752 1412 1807; x_wconf 87' lang='lat' dir='ltr'><strong><em>lib.</em></strong></span> <span class='ocrx_word' id='word_1_147' title='bbox 1454 1768 1493 1818; x_wconf 84' lang='grc' dir='ltr'>ι,</span> <span class='ocrx_word' id='word_1_148' title='bbox 1537 1753 1605 1808; x_wconf 90' lang='lat' dir='ltr'><strong><em>de</em></strong></span> <span class='ocrx_word' id='word_1_149' title='bbox 1647 1767 1754 1823; x_wconf 81' lang='lat' dir='ltr'><strong><em>quo</em></strong></span> 
     </span>
    </p>
   </div>
   <div class='ocr_carea' id='block_1_17' title="bbox 1847 525 3449 607">
    <p class='ocr_par' dir='ltr' id='par_1_17' title="bbox 1847 525 3449 607">
     <span class='ocr_line' id='line_1_17' title="bbox 1847 525 3449 607; baseline 0.004 -28"><span class='ocrx_word' id='word_1_150' title='bbox 1847 525 1987 594; x_wconf 86' lang='lat' dir='ltr'><strong><em>apud</em></strong></span> <span class='ocrx_word' id='word_1_151' title='bbox 2018 527 2307 582; x_wconf 76' lang='lat' dir='ltr'><strong><em>Eusebium</em></strong></span> <span class='ocrx_word' id='word_1_152' title='bbox 2339 529 2429 583; x_wconf 85' lang='lat' dir='ltr'><strong><em>lib.</em></strong></span> <span class='ocrx_word' id='word_1_153' title='bbox 2462 544 2660 607; x_wconf 76' lang='lat' dir='ltr'><strong><em>x,_eap.</em></strong></span> <span class='ocrx_word' id='word_1_154' title='bbox 2686 532 2740 594; x_wconf 82' lang='grc'><strong><em>5,</em></strong></span> <span class='ocrx_word' id='word_1_155' title='bbox 2759 530 2830 586; x_wconf 87' lang='lat' dir='ltr'><strong><em>de</em></strong></span> <span class='ocrx_word' id='word_1_156' title='bbox 2852 530 3251 601; x_wconf 68' lang='lat' dir='ltr'><strong><em>Praeparatione</em></strong></span> <span class='ocrx_word' id='word_1_157' title='bbox 3268 533 3449 588; x_wconf 83' lang='lat' dir='ltr'><strong><em>Evan-</em></strong></span> 
     </span>
    </p>
   </div>
   <div class='ocr_carea' id='block_1_18' title="bbox 1845 619 3447 690">
    <p class='ocr_par' dir='ltr' id='par_1_18' title="bbox 1845 619 3447 690">
     <span class='ocr_line' id='line_1_18' title="bbox 1845 619 3447 690; baseline 0.005 -18"><span class='ocrx_word' id='word_1_158' title='bbox 1845 619 2038 687; x_wconf 85' lang='lat' dir='ltr'><strong><em>gelica.</em></strong></span> <span class='ocrx_word' id='word_1_159' title='bbox 2087 619 2346 674; x_wconf 76' lang='lat' dir='ltr'><strong><em>Mittimus</em></strong></span> <span class='ocrx_word' id='word_1_160' title='bbox 2383 622 2537 690; x_wconf 81' lang='lat' dir='ltr'><strong><em>plura</em></strong></span> <span class='ocrx_word' id='word_1_161' title='bbox 2582 637 2612 676; x_wconf 89' lang='lat' dir='ltr'><strong><em>e</em></strong></span> <span class='ocrx_word' id='word_1_162' title='bbox 2637 623 2865 688; x_wconf 81' lang='lat' dir='ltr'><strong><em>Graecis,</em></strong></span> <span class='ocrx_word' id='word_1_163' title='bbox 2899 624 3080 680; x_wconf 85' lang='lat' dir='ltr'><strong><em>tacitis</em></strong></span> <span class='ocrx_word' id='word_1_164' title='bbox 3122 643 3311 680; x_wconf 89' lang='lat' dir='ltr'><strong><em>eorum</em></strong></span> <span class='ocrx_word' id='word_1_165' title='bbox 3345 639 3447 680; x_wconf 83' lang='lat' dir='ltr'><strong><em>no-</em></strong></span> 
     </span>
    </p>
   </div>
   <div class='ocr_carea' id='block_1_19' title="bbox 1849 711 3449 785">
    <p class='ocr_par' dir='ltr' id='par_1_19' title="bbox 1849 711 3449 785">
     <span class='ocr_line' id='line_1_19' title="bbox 1849 711 3449 785; baseline 0.006 -21"><span class='ocrx_word' id='word_1_166' title='bbox 1849 711 2117 777; x_wconf 79' lang='lat' dir='ltr'><strong><em>minibus,</em></strong></span> <span class='ocrx_word' id='word_1_167' title='bbox 2149 711 2418 778; x_wconf 82' lang='lat' dir='ltr'><strong><em>tradueta,</em></strong></span> <span class='ocrx_word' id='word_1_168' title='bbox 2449 713 2670 784; x_wconf 82' lang='lat' dir='ltr'><strong><em>suisque</em></strong></span> <span class='ocrx_word' id='word_1_169' title='bbox 2699 716 2956 785; x_wconf 77' lang='lat' dir='ltr'><strong><em>operibus</em></strong></span> <span class='ocrx_word' id='word_1_170' title='bbox 2986 719 3216 773; x_wconf 93' lang='lat' dir='ltr'><strong><em>totidem</em></strong></span> <span class='ocrx_word' id='word_1_171' title='bbox 3263 717 3449 773; x_wconf 79' lang='lat' dir='ltr'><strong><em>verbis</em></strong></span> 
     </span>
    </p>
   </div>
   <div class='ocr_carea' id='block_1_20' title="bbox 1847 802 3450 876">
    <p class='ocr_par' dir='ltr' id='par_1_20' title="bbox 1847 802 3450 876">
     <span class='ocr_line' id='line_1_20' title="bbox 1847 802 3450 876; baseline 0.005 -20"><span class='ocrx_word' id='word_1_172' title='bbox 1847 802 2054 857; x_wconf 89' lang='lat' dir='ltr'><strong><em>inserta</em></strong></span> <span class='ocrx_word' id='word_1_173' title='bbox 2085 818 2114 856; x_wconf 88' lang='lat' dir='ltr'><strong><em>a</em></strong></span> <span class='ocrx_word' id='word_1_174' title='bbox 2138 802 2501 869; x_wconf 80' lang='lat' dir='ltr'><strong><em>Tertulliano,</em></strong></span> <span class='ocrx_word' id='word_1_175' title='bbox 2533 806 2890 876; x_wconf 79' lang='lat' dir='ltr'><strong><em>Hieronymo,</em></strong></span> <span class='ocrx_word' id='word_1_176' title='bbox 2915 807 3226 875; x_wconf 77' lang='lat' dir='ltr'><strong><em>Ambrosio,</em></strong></span> <span class='ocrx_word' id='word_1_177' title='bbox 3253 821 3307 865; x_wconf 90' lang='lat' dir='ltr'><strong><em>et</em></strong></span> <span class='ocrx_word' id='word_1_178' title='bbox 3328 809 3450 864; x_wconf 85' lang='lat' dir='ltr'><strong><em>aliis</em></strong></span> 
     </span>
    </p>
   </div>
   <div class='ocr_carea' id='block_1_21' title="bbox 1851 895 3452 964">
    <p class='ocr_par' dir='ltr' id='par_1_21' title="bbox 1851 895 3452 964">
     <span class='ocr_line' id='line_1_21' title="bbox 1851 895 3452 964; baseline 0.003 -14"><span class='ocrx_word' id='word_1_179' title='bbox 1851 895 2093 958; x_wconf 84' lang='lat' dir='ltr'><strong><em>Latinis,</em></strong></span> <span class='ocrx_word' id='word_1_180' title='bbox 2146 912 2267 964; x_wconf 73' lang='lat' dir='ltr'><strong><em>quae</em></strong></span> <span class='ocrx_word' id='word_1_181' title='bbox 2297 897 2352 952; x_wconf 89' lang='lat' dir='ltr'><strong><em>in</em></strong></span> <span class='ocrx_word' id='word_1_182' title='bbox 2400 899 2670 954; x_wconf 74' lang='lat' dir='ltr'><strong><em>accuratis</em></strong></span> <span class='ocrx_word' id='word_1_183' title='bbox 2703 897 2901 954; x_wconf 84' lang='lat' dir='ltr'><strong><em>horum</em></strong></span> <span class='ocrx_word' id='word_1_184' title='bbox 2942 900 3274 957; x_wconf 87' lang='lat' dir='ltr'><strong><em>editionibus</em></strong></span> <span class='ocrx_word' id='word_1_185' title='bbox 3305 901 3452 956; x_wconf 55' lang='lat' dir='ltr'><strong><em>deuia</em></strong></span> 
     </span>
    </p>
   </div>
   <div class='ocr_carea' id='block_1_22' title="bbox 1849 989 3446 1065">
    <p class='ocr_par' dir='ltr' id='par_1_22' title="bbox 1849 989 3446 1065">
     <span class='ocr_line' id='line_1_22' title="bbox 1849 989 3446 1065; baseline 0.003 -21"><span class='ocrx_word' id='word_1_186' title='bbox 1849 1001 2103 1056; x_wconf 70' lang='lat' dir='ltr'><strong><em>artantur.</em></strong></span> <span class='ocrx_word' id='word_1_187' title='bbox 2139 989 2207 1048; x_wconf 88' lang='lat' dir='ltr'><strong><em>Ut</em></strong></span> <span class='ocrx_word' id='word_1_188' title='bbox 2239 999 2426 1044; x_wconf 88' lang='lat' dir='ltr'><strong><em>autem</em></strong></span> <span class='ocrx_word' id='word_1_189' title='bbox 2463 990 2710 1046; x_wconf 84' lang='lat' dir='ltr'><strong><em>dicamus</em></strong></span> <span class='ocrx_word' id='word_1_190' title='bbox 2738 991 2808 1047; x_wconf 90' lang='lat' dir='ltr'><strong><em>de</em></strong></span> <span class='ocrx_word' id='word_1_191' title='bbox 2837 991 3064 1058; x_wconf 87' lang='lat' dir='ltr'><strong><em>Latinis,</em></strong></span> <span class='ocrx_word' id='word_1_192' title='bbox 3099 995 3188 1065; x_wconf 83' lang='lat' dir='ltr'><strong><em>qui</em></strong></span> <span class='ocrx_word' id='word_1_193' title='bbox 3226 1009 3294 1050; x_wconf 81' lang='lat' dir='ltr'><strong><em>ea</em></strong></span> <span class='ocrx_word' id='word_1_194' title='bbox 3325 995 3446 1049; x_wconf 87' lang='lat' dir='ltr'><strong><em>aliis</em></strong></span> 
     </span>
    </p>
   </div>
   <div class='ocr_carea' id='block_1_23' title="bbox 1849 1082 3453 1154">
    <p class='ocr_par' dir='ltr' id='par_1_23' title="bbox 1849 1082 3453 1154">
     <span class='ocr_line' id='line_1_23' title="bbox 1849 1082 3453 1154; baseline 0.003 -18"><span class='ocrx_word' id='word_1_195' title='bbox 1849 1082 1980 1137; x_wconf 84' lang='lat' dir='ltr'><strong><em>item</em></strong></span> <span class='ocrx_word' id='word_1_196' title='bbox 2012 1083 2220 1137; x_wconf 91' lang='lat' dir='ltr'><strong><em>Latinis</em></strong></span> <span class='ocrx_word' id='word_1_197' title='bbox 2248 1084 2567 1139; x_wconf 75' lang='lat' dir='ltr'><strong><em>auctoribus</em></strong></span> <span class='ocrx_word' id='word_1_198' title='bbox 2606 1084 2861 1140; x_wconf 75' lang='lat' dir='ltr'><strong><em>similiter</em></strong></span> <span class='ocrx_word' id='word_1_199' title='bbox 2902 1084 3280 1154; x_wconf 86' lang='lat' dir='ltr'><strong><em>profecerunt,</em></strong></span> <span class='ocrx_word' id='word_1_200' title='bbox 3312 1087 3453 1141; x_wconf 84' lang='lat' dir='ltr'><strong><em>anti-</em></strong></span> 
     </span>
    </p>
   </div>
   <div class='ocr_carea' id='block_1_24' title="bbox 1848 1177 3452 1245">
    <p class='ocr_par' dir='ltr' id='par_1_24' title="bbox 1848 1177 3452 1245">
     <span class='ocr_line' id='line_1_24' title="bbox 1848 1177 3452 1245; baseline 0.003 -15"><span class='ocrx_word' id='word_1_201' title='bbox 1848 1191 1996 1245; x_wconf 85' lang='lat' dir='ltr'><strong><em>quus</em></strong></span> <span class='ocrx_word' id='word_1_202' title='bbox 2039 1188 2234 1233; x_wconf 81' lang='lat' dir='ltr'><strong><em>auctor</em></strong></span> <span class='ocrx_word' id='word_1_203' title='bbox 2263 1178 2524 1232; x_wconf 88' lang='lat' dir='ltr'><strong><em>librorum</em></strong></span> <span class='ocrx_word' id='word_1_204' title='bbox 2581 1177 2646 1232; x_wconf 86' lang='lat' dir='ltr'><strong><em>de</em></strong></span> <span class='ocrx_word' id='word_1_205' title='bbox 2688 1179 3044 1234; x_wconf 73' lang='lat' dir='ltr'><strong><em>Sacr-amentis</em></strong></span> <span class='ocrx_word' id='word_1_206' title='bbox 3070 1195 3137 1236; x_wconf 79' lang='lat' dir='ltr'><strong><em>ex</em></strong></span> <span class='ocrx_word' id='word_1_207' title='bbox 3174 1179 3452 1237; x_wconf 81' lang='lat' dir='ltr'><strong><em>Ambrosii</em></strong></span> 
     </span>
    </p>
   </div>
   <div class='ocr_carea' id='block_1_25' title="bbox 1851 1269 3457 1344">
    <p class='ocr_par' dir='ltr' id='par_1_25' title="bbox 1851 1269 3457 1344">
     <span class='ocr_line' id='line_1_25' title="bbox 1851 1269 3457 1344; baseline 0.002 -20"><span class='ocrx_word' id='word_1_208' title='bbox 1851 1269 1992 1324; x_wconf 87' lang='lat' dir='ltr'><strong><em>libro</em></strong></span> <span class='ocrx_word' id='word_1_209' title='bbox 2021 1269 2086 1323; x_wconf 68' lang='lat' dir='ltr'><strong><em>de</em></strong></span> <span class='ocrx_word' id='word_1_210' title='bbox 2113 1269 2374 1341; x_wconf 75' lang='lat' dir='ltr'><strong><em>llysteriis</em></strong></span> <span class='ocrx_word' id='word_1_211' title='bbox 2404 1286 2510 1326; x_wconf 92' lang='lat' dir='ltr'><strong><em>non</em></strong></span> <span class='ocrx_word' id='word_1_212' title='bbox 2535 1279 2642 1327; x_wconf 88' lang='lat' dir='ltr'><strong><em>tam</em></strong></span> <span class='ocrx_word' id='word_1_213' title='bbox 2666 1274 2986 1339; x_wconf 82' lang='lat' dir='ltr'><strong><em>sententias,</em></strong></span> <span class='ocrx_word' id='word_1_214' title='bbox 3010 1273 3104 1327; x_wconf 82' lang='lat' dir='ltr'><strong><em>sed</em></strong></span> <span class='ocrx_word' id='word_1_215' title='bbox 3136 1273 3457 1344; x_wconf 86' lang='lat' dir='ltr'><strong><em>plerumque</em></strong></span> 
     </span>
    </p>
   </div>
   <div class='ocr_carea' id='block_1_26' title="bbox 1851 1363 3459 1435">
    <p class='ocr_par' dir='ltr' id='par_1_26' title="bbox 1851 1363 3459 1435">
     <span class='ocr_line' id='line_1_26' title="bbox 1851 1363 3459 1435; baseline 0.002 -19"><span class='ocrx_word' id='word_1_216' title='bbox 1851 1364 2017 1416; x_wconf 88' lang='lat' dir='ltr'><strong><em>etiam</em></strong></span> <span class='ocrx_word' id='word_1_217' title='bbox 2050 1363 2212 1417; x_wconf 86' lang='lat' dir='ltr'><strong><em>verba</em></strong></span> <span class='ocrx_word' id='word_1_218' title='bbox 2234 1363 2516 1431; x_wconf 84' lang='lat' dir='ltr'><strong><em>delibavit,</em></strong></span> <span class='ocrx_word' id='word_1_219' title='bbox 2539 1374 2596 1420; x_wconf 91' lang='lat' dir='ltr'><strong><em>ut</em></strong></span> <span class='ocrx_word' id='word_1_220' title='bbox 2620 1364 3007 1421; x_wconf 82' lang='lat' dir='ltr'><strong><em>Benedictinus</em></strong></span> <span class='ocrx_word' id='word_1_221' title='bbox 3035 1366 3211 1421; x_wconf 82' lang='lat' dir='ltr'><strong><em>editor</em></strong></span> <span class='ocrx_word' id='word_1_222' title='bbox 3237 1367 3288 1420; x_wconf 94' lang='lat' dir='ltr'><strong><em>in</em></strong></span> <span class='ocrx_word' id='word_1_223' title='bbox 3323 1381 3459 1435; x_wconf 51' lang='lat' dir='ltr'><strong><em>pro.»</em></strong></span> 
     </span>
    </p>
   </div>
   <div class='ocr_carea' id='block_1_27' title="bbox 1853 1453 3454 1528">
    <p class='ocr_par' dir='ltr' id='par_1_27' title="bbox 1853 1453 3454 1528">
     <span class='ocr_line' id='line_1_27' title="bbox 1853 1453 3454 1528; baseline 0.004 -20"><span class='ocrx_word' id='word_1_224' title='bbox 1853 1453 2021 1509; x_wconf 80' lang='lat' dir='ltr'><strong><em>missu</em></strong></span> <span class='ocrx_word' id='word_1_225' title='bbox 2077 1453 2440 1509; x_wconf 74' lang='lat' dir='ltr'><strong><em>Admonitloue</em></strong></span> <span class='ocrx_word' id='word_1_226' title='bbox 2510 1457 2841 1512; x_wconf 76' lang='lat' dir='ltr'><strong><em>observavit.</em></strong></span> <span class='ocrx_word' id='word_1_227' title='bbox 2907 1459 3166 1518; x_wconf 86' lang='lat' dir='ltr'><strong><em>Sanctum</em></strong></span> <span class='ocrx_word' id='word_1_228' title='bbox 3234 1472 3454 1528; x_wconf 83' lang='lat' dir='ltr'><strong><em>qquue</em></strong></span> 
     </span>
    </p>
   </div>
   <div class='ocr_carea' id='block_1_28' title="bbox 1853 1546 3460 1624">
    <p class='ocr_par' dir='ltr' id='par_1_28' title="bbox 1853 1546 3460 1624">
     <span class='ocr_line' id='line_1_28' title="bbox 1853 1546 3460 1624; baseline 0.004 -22"><span class='ocrx_word' id='word_1_229' title='bbox 1853 1546 2147 1603; x_wconf 69' lang='lat' dir='ltr'><strong><em>Haaiinutn</em></strong></span> <span class='ocrx_word' id='word_1_230' title='bbox 2171 1548 2588 1616; x_wconf 78' lang='lat' dir='ltr'><strong><em>&#39;l‘aurinensem,</em></strong></span> <span class='ocrx_word' id='word_1_231' title='bbox 2619 1566 2741 1606; x_wconf 90' lang='lat' dir='ltr'><strong><em>cum</em></strong></span> <span class='ocrx_word' id='word_1_232' title='bbox 2769 1551 2970 1606; x_wconf 81' lang='lat' dir='ltr'><strong><em>laudati</em></strong></span> <span class='ocrx_word' id='word_1_233' title='bbox 3000 1551 3272 1607; x_wconf 78' lang='lat' dir='ltr'><strong><em>Ambro.~ii</em></strong></span> <span class='ocrx_word' id='word_1_234' title='bbox 3293 1567 3460 1624; x_wconf 80' lang='lat' dir='ltr'><strong><em>opera</em></strong></span> 
     </span>
    </p>
   </div>
   <div class='ocr_carea' id='block_1_29' title="bbox 1854 1641 3460 1715">
    <p class='ocr_par' dir='ltr' id='par_1_29' title="bbox 1854 1641 3460 1715">
     <span class='ocr_line' id='line_1_29' title="bbox 1854 1641 3460 1715; baseline 0.002 -18"><span class='ocrx_word' id='word_1_235' title='bbox 1854 1641 2049 1697; x_wconf 81' lang='lat' dir='ltr'><strong><em>sedulo</em></strong></span> <span class='ocrx_word' id='word_1_236' title='bbox 2077 1642 2386 1702; x_wconf 86' lang='lat' dir='ltr'><strong><em>evolveret.</em></strong></span> <span class='ocrx_word' id='word_1_237' title='bbox 2429 1658 2620 1713; x_wconf 83' lang='lat' dir='ltr'><strong><em>magna</em></strong></span> <span class='ocrx_word' id='word_1_238' title='bbox 2661 1644 2964 1715; x_wconf 86' lang='lat' dir='ltr'><strong><em>fragmenta</em></strong></span> <span class='ocrx_word' id='word_1_239' title='bbox 3005 1661 3070 1701; x_wconf 80' lang='lat' dir='ltr'><strong><em>es</em></strong></span> <span class='ocrx_word' id='word_1_240' title='bbox 3124 1645 3316 1701; x_wconf 81' lang='lat' dir='ltr'><strong><em>iisdem</em></strong></span> <span class='ocrx_word' id='word_1_241' title='bbox 3347 1686 3360 1709; x_wconf 93' lang='lat'><strong><em>,</em></strong></span> <span class='ocrx_word' id='word_1_242' title='bbox 3395 1662 3460 1701; x_wconf 87' lang='lat' dir='ltr'><strong><em>ac</em></strong></span> 
     </span>
    </p>
   </div>
   <div class='ocr_carea' id='block_1_30' title="bbox 1859 1736 3461 1810">
    <p class='ocr_par' dir='ltr' id='par_1_30' title="bbox 1859 1736 3461 1810">
     <span class='ocr_line' id='line_1_30' title="bbox 1859 1736 3461 1810; baseline 0.002 -19"><span class='ocrx_word' id='word_1_243' title='bbox 1859 1736 2199 1807; x_wconf 86' lang='lat' dir='ltr'><strong><em>potissimum</em></strong></span> <span class='ocrx_word' id='word_1_244' title='bbox 2231 1736 2719 1795; x_wconf 71' lang='lat' dir='ltr'><strong><em>exCormnentario</em></strong></span> <span class='ocrx_word' id='word_1_245' title='bbox 2745 1741 2800 1794; x_wconf 89' lang='lat' dir='ltr'><strong><em>iu</em></strong></span> <span class='ocrx_word' id='word_1_246' title='bbox 2822 1739 3023 1796; x_wconf 83' lang='lat' dir='ltr'><strong><em>Lucam</em></strong></span> <span class='ocrx_word' id='word_1_247' title='bbox 3042 1754 3320 1810; x_wconf 73' lang='lat' dir='ltr'><strong><em>excerpta,</em></strong></span> <span class='ocrx_word' id='word_1_248' title='bbox 3345 1741 3461 1802; x_wconf 83' lang='lat' dir='ltr'><strong><em>suis</em></strong></span> 
     </span>
    </p>
   </div>
   <div class='ocr_carea' id='block_1_31' title="bbox 145 1827 3491 1917">
    <p class='ocr_par' dir='ltr' id='par_1_31' title="bbox 145 1827 3491 1917">
     <span class='ocr_line' id='line_1_31' title="bbox 145 1827 3491 1917; baseline 0.001 -33"><span class='ocrx_word' id='word_1_249' title='bbox 145 1857 296 1898; x_wconf 75' lang='lat' dir='ltr'><strong>nunc</strong></span> <span class='ocrx_word' id='word_1_250' title='bbox 349 1844 633 1913; x_wconf 54' lang='lat' dir='ltr'><strong><em>loquimur.</em></strong></span> <span class='ocrx_word' id='word_1_251' title='bbox 687 1845 1020 1900; x_wconf 54' lang='lat' dir='ltr'><strong><em>parissimam</em></strong></span> <span class='ocrx_word' id='word_1_252' title='bbox 1069 1848 1341 1917; x_wconf 65' lang='lat' dir='ltr'><strong><em>gymaxim</em></strong></span> <span class='ocrx_word' id='word_1_253' title='bbox 1393 1847 1494 1902; x_wconf 66' lang='lat' dir='ltr'><strong><em>sub</em></strong></span> <span class='ocrx_word' id='word_1_254' title='bbox 1537 1847 1702 1902; x_wconf 75' lang='lat' dir='ltr'><strong><em>ﬁnem</em></strong></span> <span class='ocrx_word' id='word_1_255' title='bbox 1728 1888 1744 1913; x_wconf 44' lang='grc' dir='ltr'><strong>ν</strong></span> <span class='ocrx_word' id='word_1_256' title='bbox 1776 1827 1826 1889; x_wconf 63' lang='grc' dir='ltr'><strong>Β</strong></span> <span class='ocrx_word' id='word_1_257' title='bbox 1851 1829 2199 1885; x_wconf 84' lang='lat' dir='ltr'><strong><em>sermonibus</em></strong></span> <span class='ocrx_word' id='word_1_258' title='bbox 2227 1829 2550 1896; x_wconf 79' lang='lat' dir='ltr'><strong><em>inseruisse,</em></strong></span> <span class='ocrx_word' id='word_1_259' title='bbox 2583 1831 2724 1912; x_wconf 74' lang='lat' dir='ltr'><strong><em>idern</em></strong></span> <span class='ocrx_word' id='word_1_260' title='bbox 2763 1833 3150 1888; x_wconf 76' lang='lat' dir='ltr'><strong><em>Beuedietinus</em></strong></span> <span class='ocrx_word' id='word_1_261' title='bbox 3185 1833 3491 1890; x_wconf 81' lang='lat' dir='ltr'><strong><em>Ambrosii.</em></strong></span> 
     </span>
    </p>
   </div>
   <div class='ocr_carea' id='block_1_32' title="bbox 143 1937 1749 2008">
    <p class='ocr_par' dir='ltr' id='par_1_32' title="bbox 143 1937 1749 2008">
     <span class='ocr_line' id='line_1_32' title="bbox 143 1937 1749 2008; baseline 0.004 -19"><span class='ocrx_word' id='word_1_262' title='bbox 143 1953 314 2008; x_wconf 83' lang='lat' dir='ltr'><strong><em>quam</em></strong></span> <span class='ocrx_word' id='word_1_263' title='bbox 351 1939 404 1992; x_wconf 91' lang='lat' dir='ltr'><strong><em>in</em></strong></span> <span class='ocrx_word' id='word_1_264' title='bbox 433 1937 870 1993; x_wconf 78' lang='lat' dir='ltr'><strong><em>aantatiouibus</em></strong></span> <span class='ocrx_word' id='word_1_265' title='bbox 903 1939 1059 2008; x_wconf 80' lang='lat' dir='ltr'><strong><em>plane</em></strong></span> <span class='ocrx_word' id='word_1_266' title='bbox 1089 1938 1462 1995; x_wconf 87' lang='lat' dir='ltr'><strong><em>Zenonianam</em></strong></span> <span class='ocrx_word' id='word_1_267' title='bbox 1493 1939 1749 1996; x_wconf 69' lang='lat' dir='ltr'><strong><em>ostende-</em></strong></span> 
     </span>
    </p>
   </div>
   <div class='ocr_carea' id='block_1_33' title="bbox 100 2029 1776 2114">
    <p class='ocr_par' dir='ltr' id='par_1_33' title="bbox 100 2029 1776 2114">
     <span class='ocr_line' id='line_1_33' title="bbox 100 2029 1776 2114; baseline 0.002 -29"><span class='ocrx_word' id='word_1_268' title='bbox 100 2045 122 2065; x_wconf 73' lang='grc' dir='ltr'><strong>ο</strong></span> <span class='ocrx_word' id='word_1_269' title='bbox 147 2046 291 2088; x_wconf 87' lang='lat' dir='ltr'><strong><em>mus.</em></strong></span> <span class='ocrx_word' id='word_1_270' title='bbox 315 2030 522 2086; x_wconf 85' lang='lat' dir='ltr'><strong><em>Similia</em></strong></span> <span class='ocrx_word' id='word_1_271' title='bbox 542 2029 747 2101; x_wconf 85' lang='lat' dir='ltr'><strong><em>aliquot</em></strong></span> <span class='ocrx_word' id='word_1_272' title='bbox 775 2030 1155 2100; x_wconf 83' lang='lat' dir='ltr'><strong><em>deprehendes</em></strong></span> <span class='ocrx_word' id='word_1_273' title='bbox 1185 2041 1342 2087; x_wconf 86' lang='lat' dir='ltr'><strong><em>tract.</em></strong></span> <span class='ocrx_word' id='word_1_274' title='bbox 1376 2033 1439 2086; x_wconf 73' lang='lat'><strong><em>21</em></strong></span> <span class='ocrx_word' id='word_1_275' title='bbox 1476 2032 1570 2086; x_wconf 87' lang='lat' dir='ltr'><strong><em>lib.</em></strong></span> <span class='ocrx_word' id='word_1_276' title='bbox 1594 2048 1654 2099; x_wconf 90' lang='lat' dir='ltr'><strong><em>tt,</em></strong></span> <span class='ocrx_word' id='word_1_277' title='bbox 1685 2032 1776 2114; x_wconf 28' lang='lat' dir='ltr'><strong><em>de.</em></strong></span> 
     </span>
    </p>
   </div>
   <div class='ocr_carea' id='block_1_34' title="bbox 151 2123 1747 2198">
    <p class='ocr_par' dir='ltr' id='par_1_34' title="bbox 151 2123 1747 2198">
     <span class='ocr_line' id='line_1_34' title="bbox 151 2123 1747 2198; baseline 0.002 -21"><span class='ocrx_word' id='word_1_278' title='bbox 151 2123 375 2178; x_wconf 80' lang='lat' dir='ltr'><strong><em>Psalmo</em></strong></span> <span class='ocrx_word' id='word_1_279' title='bbox 397 2125 685 2190; x_wconf 83' lang='lat' dir='ltr'><strong><em>centesimo,</em></strong></span> <span class='ocrx_word' id='word_1_280' title='bbox 715 2124 791 2179; x_wconf 86' lang='lat' dir='ltr'><strong><em>uti</em></strong></span> <span class='ocrx_word' id='word_1_281' title='bbox 826 2125 956 2180; x_wconf 85' lang='lat' dir='ltr'><strong><em>illud</em></strong></span> <span class='ocrx_word' id='word_1_282' title='bbox 989 2127 1170 2180; x_wconf 82' lang='lat' dir='ltr'><strong><em>statim</em></strong></span> <span class='ocrx_word' id='word_1_283' title='bbox 1207 2136 1328 2196; x_wconf 80' lang='lat' dir='ltr'><strong><em>post</em></strong></span> <span class='ocrx_word' id='word_1_284' title='bbox 1357 2127 1602 2181; x_wconf 88' lang='lat' dir='ltr'><strong><em>initium:</em></strong></span> <span class='ocrx_word' id='word_1_285' title='bbox 1639 2126 1747 2198; x_wconf 82' lang='lat' dir='ltr'><strong><em>Igi-</em></strong></span> 
     </span>
    </p>
   </div>
   <div class='ocr_carea' id='block_1_35' title="bbox 151 2217 1751 2291">
    <p class='ocr_par' dir='ltr' id='par_1_35' title="bbox 151 2217 1751 2291">
     <span class='ocr_line' id='line_1_35' title="bbox 151 2217 1751 2291; baseline 0.004 -22"><span class='ocrx_word' id='word_1_286' title='bbox 151 2226 234 2270; x_wconf 83' lang='lat' dir='ltr'><strong><em>tur</em></strong></span> <span class='ocrx_word' id='word_1_287' title='bbox 255 2218 318 2270; x_wconf 80' lang='lat' dir='ltr'><strong><em>in</em></strong></span> <span class='ocrx_word' id='word_1_288' title='bbox 343 2217 572 2286; x_wconf 66' lang='lat' dir='ltr'><strong><em>presenti</em></strong></span> <span class='ocrx_word' id='word_1_289' title='bbox 603 2217 799 2287; x_wconf 81' lang='lat' dir='ltr'><strong><em>psalmo</em></strong></span> <span class='ocrx_word' id='word_1_290' title='bbox 825 2221 1078 2289; x_wconf 85' lang='lat' dir='ltr'><strong><em>propheta</em></strong></span> <span class='ocrx_word' id='word_1_291' title='bbox 1107 2235 1222 2273; x_wconf 86' lang='lat' dir='ltr'><strong><em>cum</em></strong></span> <span class='ocrx_word' id='word_1_292' title='bbox 1249 2219 1408 2285; x_wconf 68' lang='lat' dir='ltr'><strong><em>dicat,</em></strong></span> <span class='ocrx_word' id='word_1_293' title='bbox 1431 2236 1493 2274; x_wconf 86' lang='lat' dir='ltr'><strong><em>ac</em></strong></span> <span class='ocrx_word' id='word_1_294' title='bbox 1523 2235 1751 2291; x_wconf 74' lang='lat' dir='ltr'><strong><em>prteser-</em></strong></span> 
     </span>
    </p>
   </div>
   <div class='ocr_carea' id='block_1_36' title="bbox 153 2311 1752 2382">
    <p class='ocr_par' dir='ltr' id='par_1_36' title="bbox 153 2311 1752 2382">
     <span class='ocr_line' id='line_1_36' title="bbox 153 2311 1752 2382; baseline 0.005 -18"><span class='ocrx_word' id='word_1_295' title='bbox 153 2311 247 2365; x_wconf 87' lang='lat' dir='ltr'><strong><em>tim</em></strong></span> <span class='ocrx_word' id='word_1_296' title='bbox 275 2312 337 2366; x_wconf 89' lang='lat' dir='ltr'><strong><em>in</em></strong></span> <span class='ocrx_word' id='word_1_297' title='bbox 364 2319 518 2366; x_wconf 90' lang='lat' dir='ltr'><strong><em>tract.</em></strong></span> <span class='ocrx_word' id='word_1_298' title='bbox 546 2313 579 2368; x_wconf 92' lang='lat'>8</span> <span class='ocrx_word' id='word_1_299' title='bbox 602 2311 696 2368; x_wconf 88' lang='lat' dir='ltr'><strong><em>lib.</em></strong></span> <span class='ocrx_word' id='word_1_300' title='bbox 726 2328 766 2379; x_wconf 83' lang='grc' dir='ltr'>ι,</span> <span class='ocrx_word' id='word_1_301' title='bbox 796 2313 859 2367; x_wconf 86' lang='lat' dir='ltr'><strong><em>de</em></strong></span> <span class='ocrx_word' id='word_1_302' title='bbox 885 2311 1110 2376; x_wconf 78' lang='lat' dir='ltr'><strong><em>Timore,</em></strong></span> <span class='ocrx_word' id='word_1_303' title='bbox 1135 2325 1193 2370; x_wconf 92' lang='lat' dir='ltr'><strong><em>et</em></strong></span> <span class='ocrx_word' id='word_1_304' title='bbox 1217 2317 1449 2371; x_wconf 72' lang='lat' dir='ltr'><strong><em>tract.”</em></strong></span> <span class='ocrx_word' id='word_1_305' title='bbox 1481 2316 1576 2371; x_wconf 91' lang='lat' dir='ltr'><strong>lib.</strong></span> <span class='ocrx_word' id='word_1_306' title='bbox 1601 2331 1658 2382; x_wconf 85' lang='grc' dir='ltr'>ιι,</span> <span class='ocrx_word' id='word_1_307' title='bbox 1686 2317 1752 2372; x_wconf 86' lang='lat' dir='ltr'><strong><em>dc</em></strong></span> 
     </span>
    </p>
   </div>
   <div class='ocr_carea' id='block_1_37' title="bbox 163 2402 1750 2480">
    <p class='ocr_par' dir='ltr' id='par_1_37' title="bbox 163 2402 1750 2480">
     <span class='ocr_line' id='line_1_37' title="bbox 163 2402 1750 2480; baseline 0.004 -23"><span class='ocrx_word' id='word_1_308' title='bbox 163 2402 323 2469; x_wconf 70' lang='lat' dir='ltr'><strong><em>Iona,</em></strong></span> <span class='ocrx_word' id='word_1_309' title='bbox 346 2404 432 2458; x_wconf 86' lang='lat' dir='ltr'><strong><em>ubi</em></strong></span> <span class='ocrx_word' id='word_1_310' title='bbox 454 2404 593 2460; x_wconf 87' lang='lat' dir='ltr'><strong><em>idem</em></strong></span> <span class='ocrx_word' id='word_1_311' title='bbox 621 2415 913 2477; x_wconf 80' lang='lat' dir='ltr'><strong><em>syntaxeos</em></strong></span> <span class='ocrx_word' id='word_1_312' title='bbox 932 2422 1126 2477; x_wconf 89' lang='lat' dir='ltr'><strong><em>genus,</em></strong></span> <span class='ocrx_word' id='word_1_313' title='bbox 1153 2406 1297 2462; x_wconf 87' lang='lat' dir='ltr'><strong><em>idem</em></strong></span> <span class='ocrx_word' id='word_1_314' title='bbox 1324 2409 1571 2462; x_wconf 77' lang='lat' dir='ltr'><strong><em>Auctoris</em></strong></span> <span class='ocrx_word' id='word_1_315' title='bbox 1601 2410 1750 2480; x_wconf 85' lang='lat' dir='ltr'><strong><em>inge-</em></strong></span> 
     </span>
    </p>
   </div>
   <div class='ocr_carea' id='block_1_38' title="bbox 165 2498 1752 2572">
    <p class='ocr_par' dir='ltr' id='par_1_38' title="bbox 165 2498 1752 2572">
     <span class='ocr_line' id='line_1_38' title="bbox 165 2498 1752 2572; baseline 0.003 -20"><span class='ocrx_word' id='word_1_316' title='bbox 165 2498 313 2552; x_wconf 84' lang='lat' dir='ltr'><strong><em>nium</em></strong></span> <span class='ocrx_word' id='word_1_317' title='bbox 340 2498 526 2568; x_wconf 85' lang='lat' dir='ltr'><strong><em>ubique</em></strong></span> <span class='ocrx_word' id='word_1_318' title='bbox 549 2500 765 2554; x_wconf 81' lang='lat' dir='ltr'><strong><em>visitur.</em></strong></span> <span class='ocrx_word' id='word_1_319' title='bbox 789 2498 943 2568; x_wconf 82' lang='lat' dir='ltr'><strong><em>Quod</em></strong></span> <span class='ocrx_word' id='word_1_320' title='bbox 961 2501 1006 2554; x_wconf 88' lang='lat' dir='ltr'><strong><em>si</em></strong></span> <span class='ocrx_word' id='word_1_321' title='bbox 1031 2498 1156 2554; x_wconf 85' lang='lat' dir='ltr'><strong><em>huic</em></strong></span> <span class='ocrx_word' id='word_1_322' title='bbox 1186 2511 1292 2554; x_wconf 81' lang='lat' dir='ltr'><strong><em>tam</em></strong></span> <span class='ocrx_word' id='word_1_323' title='bbox 1318 2501 1604 2571; x_wconf 63' lang='lat' dir='ltr'><strong><em>praecipua!</em></strong></span> <span class='ocrx_word' id='word_1_324' title='bbox 1625 2516 1752 2572; x_wconf 75' lang='lat' dir='ltr'><strong><em>syri-</em></strong></span> 
     </span>
    </p>
   </div>
   <div class='ocr_carea' id='block_1_39' title="bbox 161 2591 1753 2664">
    <p class='ocr_par' dir='ltr' id='par_1_39' title="bbox 161 2591 1753 2664">
     <span class='ocr_line' id='line_1_39' title="bbox 161 2591 1753 2664; baseline 0.003 -19"><span class='ocrx_word' id='word_1_325' title='bbox 161 2591 268 2646; x_wconf 78' lang='lat' dir='ltr'><strong><em>taxi</em></strong></span> <span class='ocrx_word' id='word_1_326' title='bbox 314 2591 474 2646; x_wconf 85' lang='lat' dir='ltr'><strong><em>addas</em></strong></span> <span class='ocrx_word' id='word_1_327' title='bbox 507 2600 738 2647; x_wconf 69' lang='lat' dir='ltr'><strong><em>ceteras</em></strong></span> <span class='ocrx_word' id='word_1_328' title='bbox 767 2591 1100 2647; x_wconf 85' lang='lat' dir='ltr'><strong><em>locutionum</em></strong></span> <span class='ocrx_word' id='word_1_329' title='bbox 1125 2636 1140 2655; x_wconf 89' lang='lat'><strong><em>,</em></strong></span> <span class='ocrx_word' id='word_1_330' title='bbox 1189 2592 1569 2664; x_wconf 83' lang='lat' dir='ltr'><strong><em>allegoriarum</em></strong></span> <span class='ocrx_word' id='word_1_331' title='bbox 1589 2637 1602 2659; x_wconf 91' lang='lat'><strong><em>,</em></strong></span> <span class='ocrx_word' id='word_1_332' title='bbox 1635 2609 1753 2650; x_wconf 60' lang='lat' dir='ltr'><strong><em>seno</em></strong></span> 
     </span>
    </p>
   </div>
   <div class='ocr_carea' id='block_1_40' title="bbox 157 2685 1751 2755">
    <p class='ocr_par' dir='ltr' id='par_1_40' title="bbox 157 2685 1751 2755">
     <span class='ocr_line' id='line_1_40' title="bbox 157 2685 1751 2755; baseline 0.003 -17"><span class='ocrx_word' id='word_1_333' title='bbox 157 2685 550 2755; x_wconf 85' lang='lat' dir='ltr'><strong><em>tentiarumque</em></strong></span> <span class='ocrx_word' id='word_1_334' title='bbox 580 2685 942 2755; x_wconf 90' lang='lat' dir='ltr'><strong><em>proprietates</em></strong></span> <span class='ocrx_word' id='word_1_335' title='bbox 980 2685 1048 2741; x_wconf 85' lang='lat' dir='ltr'><strong><em>ab</em></strong></span> <span class='ocrx_word' id='word_1_336' title='bbox 1079 2685 1368 2742; x_wconf 80' lang='lat' dir='ltr'><strong><em>Hilarionis</em></strong></span> <span class='ocrx_word' id='word_1_337' title='bbox 1402 2687 1559 2754; x_wconf 91' lang='lat' dir='ltr'><strong><em>plane</em></strong></span> <span class='ocrx_word' id='word_1_338' title='bbox 1587 2687 1751 2742; x_wconf 83' lang='lat' dir='ltr'><strong><em>dissi-</em></strong></span> 
     </span>
    </p>
   </div>
   <div class='ocr_carea' id='block_1_41' title="bbox 155 2778 1748 2846">
    <p class='ocr_par' dir='ltr' id='par_1_41' title="bbox 155 2778 1748 2846">
     <span class='ocr_line' id='line_1_41' title="bbox 155 2778 1748 2846; baseline 0.003 -14"><span class='ocrx_word' id='word_1_339' title='bbox 155 2778 333 2846; x_wconf 83' lang='lat' dir='ltr'><strong><em>miles,</em></strong></span> <span class='ocrx_word' id='word_1_340' title='bbox 367 2795 541 2834; x_wconf 89' lang='lat' dir='ltr'><strong><em>nonne</em></strong></span> <span class='ocrx_word' id='word_1_341' title='bbox 569 2781 754 2834; x_wconf 80' lang='lat' dir='ltr'><strong><em>statim</em></strong></span> <span class='ocrx_word' id='word_1_342' title='bbox 783 2780 948 2836; x_wconf 85' lang='lat' dir='ltr'><strong><em>alium</em></strong></span> <span class='ocrx_word' id='word_1_343' title='bbox 972 2782 1040 2836; x_wconf 90' lang='lat' dir='ltr'><strong><em>ab</em></strong></span> <span class='ocrx_word' id='word_1_344' title='bbox 1065 2781 1344 2837; x_wconf 85' lang='lat' dir='ltr'><strong><em>liilariano</em></strong></span> <span class='ocrx_word' id='word_1_345' title='bbox 1371 2783 1600 2838; x_wconf 89' lang='lat' dir='ltr'><strong><em>istorum</em></strong></span> <span class='ocrx_word' id='word_1_346' title='bbox 1633 2781 1748 2837; x_wconf 85' lang='lat' dir='ltr'><strong><em>tra-</em></strong></span> 
     </span>
    </p>
   </div>
   <div class='ocr_carea' id='block_1_42' title="bbox 153 2874 1755 2946">
    <p class='ocr_par' dir='ltr' id='par_1_42' title="bbox 153 2874 1755 2946">
     <span class='ocr_line' id='line_1_42' title="bbox 153 2874 1755 2946; baseline 0.002 -19"><span class='ocrx_word' id='word_1_347' title='bbox 153 2882 391 2928; x_wconf 89' lang='lat' dir='ltr'><strong><em>ctatuum</em></strong></span> <span class='ocrx_word' id='word_1_348' title='bbox 416 2874 614 2946; x_wconf 81' lang='lat' dir='ltr'><strong><em>stylum</em></strong></span> <span class='ocrx_word' id='word_1_349' title='bbox 643 2883 1031 2946; x_wconf 87' lang='lat' dir='ltr'><strong><em>auctoremque</em></strong></span> <span class='ocrx_word' id='word_1_350' title='bbox 1050 2890 1372 2946; x_wconf 77' lang='lat' dir='ltr'><strong><em>cognosces,</em></strong></span> <span class='ocrx_word' id='word_1_351' title='bbox 1397 2877 1755 2945; x_wconf 83' lang='lat' dir='ltr'><strong><em>eamdemque</em></strong></span> 
     </span>
    </p>
   </div>
   <div class='ocr_carea' id='block_1_43' title="bbox 155 2969 1749 3041">
    <p class='ocr_par' dir='ltr' id='par_1_43' title="bbox 155 2969 1749 3041">
     <span class='ocr_line' id='line_1_43' title="bbox 155 2969 1749 3041; baseline 0.002 -21"><span class='ocrx_word' id='word_1_352' title='bbox 155 2981 306 3032; x_wconf 83' lang='lat' dir='ltr'><strong><em>sane,</em></strong></span> <span class='ocrx_word' id='word_1_353' title='bbox 336 2981 399 3022; x_wconf 86' lang='lat' dir='ltr'><strong><em>ac</em></strong></span> <span class='ocrx_word' id='word_1_354' title='bbox 425 2975 510 3023; x_wconf 88' lang='lat' dir='ltr'><strong><em>est</em></strong></span> <span class='ocrx_word' id='word_1_355' title='bbox 544 2969 720 3041; x_wconf 88' lang='lat' dir='ltr'><strong><em>stylus</em></strong></span> <span class='ocrx_word' id='word_1_356' title='bbox 748 2979 804 3025; x_wconf 93' lang='lat' dir='ltr'><strong><em>et</em></strong></span> <span class='ocrx_word' id='word_1_357' title='bbox 829 2979 1020 3024; x_wconf 85' lang='lat' dir='ltr'><strong><em>auctor</em></strong></span> <span class='ocrx_word' id='word_1_358' title='bbox 1050 2978 1370 3026; x_wconf 81' lang='lat' dir='ltr'><strong><em>tractatuum</em></strong></span> <span class='ocrx_word' id='word_1_359' title='bbox 1399 2970 1749 3040; x_wconf 90' lang='lat' dir='ltr'><strong><em>reliquorum,</em></strong></span> 
     </span>
    </p>
   </div>
   <div class='ocr_carea' id='block_1_44' title="bbox 155 3057 1749 3134">
    <p class='ocr_par' dir='ltr' id='par_1_44' title="bbox 155 3057 1749 3134">
     <span class='ocr_line' id='line_1_44' title="bbox 155 3057 1749 3134; baseline 0.003 -20"><span class='ocrx_word' id='word_1_360' title='bbox 155 3060 207 3114; x_wconf 91' lang='lat' dir='ltr'><strong><em>in</em></strong></span> <span class='ocrx_word' id='word_1_361' title='bbox 235 3060 428 3129; x_wconf 88' lang='lat' dir='ltr'><strong><em>quibus</em></strong></span> <span class='ocrx_word' id='word_1_362' title='bbox 454 3061 644 3116; x_wconf 86' lang='lat' dir='ltr'><strong><em>eadem</em></strong></span> <span class='ocrx_word' id='word_1_363' title='bbox 675 3062 906 3129; x_wconf 84' lang='lat' dir='ltr'><strong><em>indoles,</em></strong></span> <span class='ocrx_word' id='word_1_364' title='bbox 939 3061 1159 3130; x_wconf 90' lang='lat' dir='ltr'><strong><em>locutio,</em></strong></span> <span class='ocrx_word' id='word_1_365' title='bbox 1195 3074 1248 3118; x_wconf 90' lang='lat' dir='ltr'><strong><em>et</em></strong></span> <span class='ocrx_word' id='word_1_366' title='bbox 1287 3057 1532 3134; x_wconf 75' lang='lat' dir='ltr'><strong><em>syntaxis</em></strong></span> <span class='ocrx_word' id='word_1_367' title='bbox 1556 3077 1749 3134; x_wconf 66' lang='lat' dir='ltr'><strong><em>perpeo</em></strong></span> 
     </span>
    </p>
   </div>
   <div class='ocr_carea' id='block_1_45' title="bbox 155 3153 567 3210">
    <p class='ocr_par' dir='ltr' id='par_1_45' title="bbox 155 3153 567 3210">
     <span class='ocr_line' id='line_1_45' title="bbox 155 3153 567 3210; baseline 0.002 -4"><span class='ocrx_word' id='word_1_368' title='bbox 155 3160 247 3207; x_wconf 87' lang='lat' dir='ltr'><strong><em>tuo</em></strong></span> <span class='ocrx_word' id='word_1_369' title='bbox 265 3153 567 3210; x_wconf 79' lang='lat' dir='ltr'><strong><em>elucescit?</em></strong></span> 
     </span>
    </p>
   </div>
   <div class='ocr_carea' id='block_1_46' title="bbox 224 3219 1824 3321">
    <p class='ocr_par' dir='ltr' id='par_1_46' title="bbox 224 3219 1824 3321">
     <span class='ocr_line' id='line_1_46' title="bbox 224 3219 1824 3321; baseline 0.001 -20"><span class='ocrx_word' id='word_1_370' title='bbox 224 3245 360 3303; x_wconf 77' lang='lat' dir='ltr'><strong><em>Hinc</em></strong></span> <span class='ocrx_word' id='word_1_371' title='bbox 405 3247 517 3318; x_wconf 79' lang='lat' dir='ltr'><strong><em>jam</em></strong></span> <span class='ocrx_word' id='word_1_372' title='bbox 565 3250 845 3306; x_wconf 81' lang='lat' dir='ltr'><strong><em>evanescit</em></strong></span> <span class='ocrx_word' id='word_1_373' title='bbox 881 3248 1126 3321; x_wconf 77' lang='lat' dir='ltr'><strong><em>profecto</em></strong></span> <span class='ocrx_word' id='word_1_374' title='bbox 1165 3247 1340 3304; x_wconf 79' lang='lat' dir='ltr'><strong><em>audax</em></strong></span> <span class='ocrx_word' id='word_1_375' title='bbox 1391 3249 1479 3305; x_wconf 85' lang='lat' dir='ltr'><strong><em>illa</em></strong></span> <span class='ocrx_word' id='word_1_376' title='bbox 1526 3248 1744 3318; x_wconf 87' lang='lat' dir='ltr'><strong><em>aninii</em></strong></span> <span class='ocrx_word' id='word_1_377' title='bbox 1777 3219 1824 3284; x_wconf 76' lang='lat' dir='ltr'>C</span> 
     </span>
    </p>
   </div>
   <div class='ocr_carea' id='block_1_47' title="bbox 154 3345 1750 3417">
    <p class='ocr_par' dir='ltr' id='par_1_47' title="bbox 154 3345 1750 3417">
     <span class='ocr_line' id='line_1_47' title="bbox 154 3345 1750 3417; baseline 0.003 -23"><span class='ocrx_word' id='word_1_378' title='bbox 154 3345 413 3412; x_wconf 85' lang='lat' dir='ltr'><strong><em>opinatio,</em></strong></span> <span class='ocrx_word' id='word_1_379' title='bbox 459 3345 548 3414; x_wconf 89' lang='lat' dir='ltr'><strong><em>qui</em></strong></span> <span class='ocrx_word' id='word_1_380' title='bbox 592 3347 864 3400; x_wconf 78' lang='lat' dir='ltr'><strong><em>conciones</em></strong></span> <span class='ocrx_word' id='word_1_381' title='bbox 889 3345 943 3398; x_wconf 82' lang='lat' dir='ltr'><strong><em>in</em></strong></span> <span class='ocrx_word' id='word_1_382' title='bbox 977 3345 1206 3417; x_wconf 88' lang='lat' dir='ltr'><strong><em>psalmos</em></strong></span> <span class='ocrx_word' id='word_1_383' title='bbox 1234 3359 1384 3409; x_wconf 71' lang='lat' dir='ltr'><strong><em>sua,</em></strong></span> <span class='ocrx_word' id='word_1_384' title='bbox 1417 3359 1581 3400; x_wconf 77' lang='lat' dir='ltr'><strong>Lxxtx</strong></span> <span class='ocrx_word' id='word_1_385' title='bbox 1612 3353 1750 3411; x_wconf 89' lang='lat' dir='ltr'><strong><em>etc,</em></strong></span> 
     </span>
    </p>
   </div>
   <div class='ocr_carea' id='block_1_48' title="bbox 156 3435 1755 3512">
    <p class='ocr_par' dir='ltr' id='par_1_48' title="bbox 156 3435 1755 3512">
     <span class='ocr_line' id='line_1_48' title="bbox 156 3435 1755 3512; baseline 0.002 -22"><span class='ocrx_word' id='word_1_386' title='bbox 156 3435 350 3492; x_wconf 75' lang='lat' dir='ltr'><strong><em>Hilarii</em></strong></span> <span class='ocrx_word' id='word_1_387' title='bbox 378 3455 487 3493; x_wconf 77' lang='lat' dir='ltr'><strong><em>esse</em></strong></span> <span class='ocrx_word' id='word_1_388' title='bbox 507 3455 658 3510; x_wconf 83' lang='lat' dir='ltr'><strong><em>posse</em></strong></span> <span class='ocrx_word' id='word_1_389' title='bbox 687 3437 978 3494; x_wconf 84' lang='lat' dir='ltr'><strong><em>aflirmavit</em></strong></span> <span class='ocrx_word' id='word_1_390' title='bbox 998 3480 1012 3502; x_wconf 97' lang='lat'><strong><em>,</em></strong></span> <span class='ocrx_word' id='word_1_391' title='bbox 1045 3439 1165 3507; x_wconf 82' lang='lat' dir='ltr'><strong><em>quia</em></strong></span> <span class='ocrx_word' id='word_1_392' title='bbox 1201 3440 1357 3512; x_wconf 84' lang='lat' dir='ltr'><strong><em>hujus</em></strong></span> <span class='ocrx_word' id='word_1_393' title='bbox 1396 3437 1572 3493; x_wconf 72' lang='lat' dir='ltr'><strong><em>Patris</em></strong></span> <span class='ocrx_word' id='word_1_394' title='bbox 1615 3451 1755 3493; x_wconf 86' lang='lat' dir='ltr'><strong><em>com-</em></strong></span> 
     </span>
    </p>
   </div>
   <div class='ocr_carea' id='block_1_49' title="bbox 151 3532 1752 3602">
    <p class='ocr_par' dir='ltr' id='par_1_49' title="bbox 151 3532 1752 3602">
     <span class='ocr_line' id='line_1_49' title="bbox 151 3532 1752 3602; baseline 0.001 -18"><span class='ocrx_word' id='word_1_395' title='bbox 151 3533 404 3586; x_wconf 83' lang='lat' dir='ltr'><strong><em>mentaria</em></strong></span> <span class='ocrx_word' id='word_1_396' title='bbox 427 3533 481 3586; x_wconf 85' lang='lat' dir='ltr'><strong><em>in</em></strong></span> <span class='ocrx_word' id='word_1_397' title='bbox 507 3532 600 3587; x_wconf 81' lang='lat' dir='ltr'><strong><em>hos</em></strong></span> <span class='ocrx_word' id='word_1_398' title='bbox 639 3533 865 3602; x_wconf 83' lang='lat' dir='ltr'><strong><em>psalmos</em></strong></span> <span class='ocrx_word' id='word_1_399' title='bbox 893 3533 1173 3602; x_wconf 83' lang='lat' dir='ltr'><strong><em>perierunt.</em></strong></span> <span class='ocrx_word' id='word_1_400' title='bbox 1204 3532 1334 3586; x_wconf 75' lang='lat' dir='ltr'><strong><em>Nam</em></strong></span> <span class='ocrx_word' id='word_1_401' title='bbox 1363 3543 1565 3602; x_wconf 75' lang='lat' dir='ltr'><strong><em>prmter</em></strong></span> <span class='ocrx_word' id='word_1_402' title='bbox 1591 3547 1752 3602; x_wconf 83' lang='lat' dir='ltr'><strong><em>quam</em></strong></span> 
     </span>
    </p>
   </div>
   <div class='ocr_carea' id='block_1_50' title="bbox 150 3626 1751 3697">
    <p class='ocr_par' dir='ltr' id='par_1_50' title="bbox 150 3626 1751 3697">
     <span class='ocr_line' id='line_1_50' title="bbox 150 3626 1751 3697; baseline 0.002 -18"><span class='ocrx_word' id='word_1_403' title='bbox 150 3626 293 3696; x_wconf 91' lang='lat' dir='ltr'><strong><em>quod</em></strong></span> <span class='ocrx_word' id='word_1_404' title='bbox 331 3626 483 3696; x_wconf 90' lang='lat' dir='ltr'><strong><em>primi</em></strong></span> <span class='ocrx_word' id='word_1_405' title='bbox 514 3627 623 3681; x_wconf 93' lang='lat' dir='ltr'><strong><em>duo</em></strong></span> <span class='ocrx_word' id='word_1_406' title='bbox 653 3635 937 3692; x_wconf 86' lang='lat' dir='ltr'><strong><em>tractatus,</em></strong></span> <span class='ocrx_word' id='word_1_407' title='bbox 968 3628 1098 3681; x_wconf 91' lang='lat' dir='ltr'><strong><em>olim</em></strong></span> <span class='ocrx_word' id='word_1_408' title='bbox 1125 3629 1174 3680; x_wconf 92' lang='lat' dir='ltr'><strong><em>in</em></strong></span> <span class='ocrx_word' id='word_1_409' title='bbox 1205 3644 1284 3697; x_wconf 87' lang='lat' dir='ltr'><strong><em>ps.</em></strong></span> <span class='ocrx_word' id='word_1_410' title='bbox 1320 3643 1442 3682; x_wconf 78' lang='lat' dir='ltr'><strong><em>xm</em></strong></span> <span class='ocrx_word' id='word_1_411' title='bbox 1475 3636 1528 3682; x_wconf 90' lang='lat' dir='ltr'><strong><em>et</em></strong></span> <span class='ocrx_word' id='word_1_412' title='bbox 1558 3643 1751 3696; x_wconf 78' lang='lat' dir='ltr'><strong><em>Lxxtx,</em></strong></span> 
     </span>
    </p>
   </div>
   <div class='ocr_carea' id='block_1_51' title="bbox 151 3719 1754 3784">
    <p class='ocr_par' dir='ltr' id='par_1_51' title="bbox 151 3719 1754 3784">
     <span class='ocr_line' id='line_1_51' title="bbox 151 3719 1754 3784; baseline 0.001 -11"><span class='ocrx_word' id='word_1_413' title='bbox 151 3733 296 3774; x_wconf 88' lang='lat' dir='ltr'><strong><em>nunc</em></strong></span> <span class='ocrx_word' id='word_1_414' title='bbox 329 3729 509 3774; x_wconf 89' lang='lat' dir='ltr'><strong><em>autem</em></strong></span> <span class='ocrx_word' id='word_1_415' title='bbox 535 3719 603 3774; x_wconf 83' lang='lat' dir='ltr'><strong><em>l5</em></strong></span> <span class='ocrx_word' id='word_1_416' title='bbox 636 3719 730 3772; x_wconf 89' lang='lat' dir='ltr'><strong>lib.</strong></span> <span class='ocrx_word' id='word_1_417' title='bbox 763 3734 800 3784; x_wconf 84' lang='grc' dir='ltr'>ι,</span> <span class='ocrx_word' id='word_1_418' title='bbox 835 3726 894 3772; x_wconf 89' lang='lat' dir='ltr'><strong><em>et</em></strong></span> <span class='ocrx_word' id='word_1_419' title='bbox 919 3719 990 3772; x_wconf 70' lang='lat'><strong>27</strong></span> <span class='ocrx_word' id='word_1_420' title='bbox 1024 3719 1121 3773; x_wconf 85' lang='lat' dir='ltr'><strong>lib.</strong></span> <span class='ocrx_word' id='word_1_421' title='bbox 1149 3735 1209 3781; x_wconf 87' lang='grc' dir='ltr'><strong><em>ιι,</em></strong></span> <span class='ocrx_word' id='word_1_422' title='bbox 1243 3721 1295 3773; x_wconf 92' lang='lat' dir='ltr'><strong><em>in</em></strong></span> <span class='ocrx_word' id='word_1_423' title='bbox 1334 3734 1464 3774; x_wconf 88' lang='lat' dir='ltr'><strong><em>mss.</em></strong></span> <span class='ocrx_word' id='word_1_424' title='bbox 1498 3721 1754 3775; x_wconf 85' lang='lat' dir='ltr'><strong><em>onmihus</em></strong></span> 
     </span>
    </p>
   </div>
   <div class='ocr_carea' id='block_1_52' title="bbox 152 3810 1752 3884">
    <p class='ocr_par' dir='ltr' id='par_1_52' title="bbox 152 3810 1752 3884">
     <span class='ocr_line' id='line_1_52' title="bbox 152 3810 1752 3884; baseline 0.003 -16"><span class='ocrx_word' id='word_1_425' title='bbox 152 3829 257 3868; x_wconf 90' lang='lat' dir='ltr'><strong><em>non</em></strong></span> <span class='ocrx_word' id='word_1_426' title='bbox 283 3810 657 3880; x_wconf 80' lang='lat' dir='ltr'><strong><em>inscribuntur</em></strong></span> <span class='ocrx_word' id='word_1_427' title='bbox 692 3813 754 3866; x_wconf 83' lang='lat' dir='ltr'><strong><em>de</em></strong></span> <span class='ocrx_word' id='word_1_428' title='bbox 779 3812 1000 3881; x_wconf 84' lang='lat' dir='ltr'><strong><em>psalmo,</em></strong></span> <span class='ocrx_word' id='word_1_429' title='bbox 1033 3811 1118 3866; x_wconf 91' lang='lat' dir='ltr'><strong><em>cui</em></strong></span> <span class='ocrx_word' id='word_1_430' title='bbox 1154 3811 1494 3884; x_wconf 85' lang='lat' dir='ltr'><strong><em>inscriptioni</em></strong></span> <span class='ocrx_word' id='word_1_431' title='bbox 1541 3813 1752 3883; x_wconf 83' lang='lat' dir='ltr'><strong><em>aninii</em></strong></span> 
     </span>
    </p>
   </div>
   <div class='ocr_carea' id='block_1_53' title="bbox 151 3904 1751 3976">
    <p class='ocr_par' dir='ltr' id='par_1_53' title="bbox 151 3904 1751 3976">
     <span class='ocr_line' id='line_1_53' title="bbox 151 3904 1751 3976; baseline 0 -17"><span class='ocrx_word' id='word_1_432' title='bbox 151 3915 531 3976; x_wconf 79' lang='lat' dir='ltr'><strong><em>argumentum</em></strong></span> <span class='ocrx_word' id='word_1_433' title='bbox 561 3904 840 3970; x_wconf 88' lang='lat' dir='ltr'><strong><em>innititur;</em></strong></span> <span class='ocrx_word' id='word_1_434' title='bbox 865 3904 1077 3960; x_wconf 88' lang='lat' dir='ltr'><strong><em>etiamsi</em></strong></span> <span class='ocrx_word' id='word_1_435' title='bbox 1106 3904 1378 3969; x_wconf 85' lang='lat' dir='ltr'><strong><em>daremus,</em></strong></span> <span class='ocrx_word' id='word_1_436' title='bbox 1406 3906 1464 3962; x_wconf 90' lang='lat' dir='ltr'><strong><em>S.</em></strong></span> <span class='ocrx_word' id='word_1_437' title='bbox 1492 3904 1751 3962; x_wconf 85' lang='lat' dir='ltr'><strong><em>llilarium</em></strong></span> 
     </span>
    </p>
   </div>
   <div class='ocr_carea' id='block_1_54' title="bbox 154 3996 1753 4068">
    <p class='ocr_par' dir='ltr' id='par_1_54' title="bbox 154 3996 1753 4068">
     <span class='ocr_line' id='line_1_54' title="bbox 154 3996 1753 4068; baseline 0.002 -18"><span class='ocrx_word' id='word_1_438' title='bbox 154 3999 206 4050; x_wconf 92' lang='lat' dir='ltr'><strong><em>in</em></strong></span> <span class='ocrx_word' id='word_1_439' title='bbox 234 4011 428 4053; x_wconf 86' lang='lat' dir='ltr'><strong><em>omnes</em></strong></span> <span class='ocrx_word' id='word_1_440' title='bbox 455 3999 692 4067; x_wconf 85' lang='lat' dir='ltr'><strong><em>psalmus</em></strong></span> <span class='ocrx_word' id='word_1_441' title='bbox 732 3996 1135 4052; x_wconf 88' lang='lat' dir='ltr'><strong><em>Commentaria</em></strong></span> <span class='ocrx_word' id='word_1_442' title='bbox 1165 3997 1472 4068; x_wconf 83' lang='lat' dir='ltr'><strong><em>scripsisse,</em></strong></span> <span class='ocrx_word' id='word_1_443' title='bbox 1513 4015 1633 4068; x_wconf 66' lang='lat' dir='ltr'><strong><em>quae</em></strong></span> <span class='ocrx_word' id='word_1_444' title='bbox 1663 3999 1753 4055; x_wconf 84' lang='lat' dir='ltr'><strong><em>in-</em></strong></span> 
     </span>
    </p>
   </div>
   <div class='ocr_carea' id='block_1_55' title="bbox 147 4088 1755 4160">
    <p class='ocr_par' dir='ltr' id='par_1_55' title="bbox 147 4088 1755 4160">
     <span class='ocr_line' id='line_1_55' title="bbox 147 4088 1755 4160; baseline 0.001 -17"><span class='ocrx_word' id='word_1_445' title='bbox 147 4089 290 4159; x_wconf 84' lang='lat' dir='ltr'><strong><em>juria</em></strong></span> <span class='ocrx_word' id='word_1_446' title='bbox 334 4100 636 4160; x_wconf 85' lang='lat' dir='ltr'><strong><em>temporum</em></strong></span> <span class='ocrx_word' id='word_1_447' title='bbox 682 4088 1089 4154; x_wconf 89' lang='lat' dir='ltr'><strong><em>interciderint,</em></strong></span> <span class='ocrx_word' id='word_1_448' title='bbox 1120 4097 1176 4143; x_wconf 89' lang='grc' dir='ltr'><strong><em>ιιι</em></strong></span> <span class='ocrx_word' id='word_1_449' title='bbox 1216 4090 1350 4145; x_wconf 88' lang='lat' dir='ltr'><strong><em>satis</em></strong></span> <span class='ocrx_word' id='word_1_450' title='bbox 1385 4089 1755 4159; x_wconf 86' lang='lat' dir='ltr'><strong><em>probabilibus</em></strong></span> 
     </span>
    </p>
   </div>
   <div class='ocr_carea' id='block_1_56' title="bbox 152 4178 1754 4252">
    <p class='ocr_par' dir='ltr' id='par_1_56' title="bbox 152 4178 1754 4252">
     <span class='ocr_line' id='line_1_56' title="bbox 152 4178 1754 4252; baseline 0 -16"><span class='ocrx_word' id='word_1_451' title='bbox 152 4181 486 4252; x_wconf 75' lang='lat' dir='ltr'><strong><em>coniecturis</em></strong></span> <span class='ocrx_word' id='word_1_452' title='bbox 519 4181 843 4237; x_wconf 81' lang='lat' dir='ltr'><strong><em>Coutantius</em></strong></span> <span class='ocrx_word' id='word_1_453' title='bbox 881 4183 1104 4235; x_wconf 84' lang='lat' dir='ltr'><strong><em>statuit:</em></strong></span> <span class='ocrx_word' id='word_1_454' title='bbox 1135 4178 1320 4236; x_wconf 87' lang='lat' dir='ltr'><strong><em>adhuc</em></strong></span> <span class='ocrx_word' id='word_1_455' title='bbox 1353 4190 1531 4235; x_wconf 76' lang='lat' dir='ltr'><strong><em>tamen</em></strong></span> <span class='ocrx_word' id='word_1_456' title='bbox 1562 4195 1754 4236; x_wconf 81' lang='lat' dir='ltr'><strong><em>omnes</em></strong></span> 
     </span>
    </p>
   </div>
   <div class='ocr_carea' id='block_1_57' title="bbox 154 4273 1757 4342">
    <p class='ocr_par' dir='ltr' id='par_1_57' title="bbox 154 4273 1757 4342">
     <span class='ocr_line' id='line_1_57' title="bbox 154 4273 1757 4342; baseline -0.001 -12"><span class='ocrx_word' id='word_1_457' title='bbox 154 4285 417 4331; x_wconf 88' lang='lat' dir='ltr'><strong><em>tractatus</em></strong></span> <span class='ocrx_word' id='word_1_458' title='bbox 439 4275 720 4330; x_wconf 85' lang='lat' dir='ltr'><strong><em>memorati</em></strong></span> <span class='ocrx_word' id='word_1_459' title='bbox 743 4275 902 4329; x_wconf 87' lang='lat' dir='ltr'><strong><em>aliam</em></strong></span> <span class='ocrx_word' id='word_1_460' title='bbox 926 4273 1254 4330; x_wconf 88' lang='lat' dir='ltr'><strong><em>elocutionis</em></strong></span> <span class='ocrx_word' id='word_1_461' title='bbox 1279 4276 1552 4342; x_wconf 27' lang='lat' dir='ltr'><strong><em>rationem,</em></strong></span> <span class='ocrx_word' id='word_1_462' title='bbox 1575 4275 1757 4328; x_wconf 86' lang='lat' dir='ltr'><strong><em>aliam-</em></strong></span> 
     </span>
    </p>
   </div>
   <div class='ocr_carea' id='block_1_58' title="bbox 152 4367 1754 4441">
    <p class='ocr_par' dir='ltr' id='par_1_58' title="bbox 152 4367 1754 4441">
     <span class='ocr_line' id='line_1_58' title="bbox 152 4367 1754 4441; baseline 0 -19"><span class='ocrx_word' id='word_1_463' title='bbox 152 4383 259 4441; x_wconf 85' lang='lat' dir='ltr'><strong><em>que</em></strong></span> <span class='ocrx_word' id='word_1_464' title='bbox 295 4369 562 4440; x_wconf 75' lang='lat' dir='ltr'><strong><em>syntaxim</em></strong></span> <span class='ocrx_word' id='word_1_465' title='bbox 595 4368 735 4423; x_wconf 88' lang='lat' dir='ltr'><strong><em>adeo</em></strong></span> <span class='ocrx_word' id='word_1_466' title='bbox 769 4367 1050 4438; x_wconf 77' lang='lat' dir='ltr'><strong><em>explorate</em></strong></span> <span class='ocrx_word' id='word_1_467' title='bbox 1091 4367 1369 4432; x_wconf 77' lang='lat' dir='ltr'><strong><em>exhibent,</em></strong></span> <span class='ocrx_word' id='word_1_468' title='bbox 1405 4380 1462 4423; x_wconf 89' lang='lat' dir='ltr'><strong><em>ut</em></strong></span> <span class='ocrx_word' id='word_1_469' title='bbox 1491 4376 1754 4437; x_wconf 87' lang='lat' dir='ltr'><strong><em>quantum</em></strong></span> 
     </span>
    </p>
   </div>
   <div class='ocr_carea' id='block_1_59' title="bbox 151 4463 1756 4535">
    <p class='ocr_par' dir='ltr' id='par_1_59' title="bbox 151 4463 1756 4535">
     <span class='ocr_line' id='line_1_59' title="bbox 151 4463 1756 4535; baseline 0.001 -19"><span class='ocrx_word' id='word_1_470' title='bbox 151 4465 220 4519; x_wconf 79' lang='lat' dir='ltr'><strong><em>ab</em></strong></span> <span class='ocrx_word' id='word_1_471' title='bbox 253 4464 526 4520; x_wconf 86' lang='lat' dir='ltr'><strong><em>llilariana</em></strong></span> <span class='ocrx_word' id='word_1_472' title='bbox 549 4465 752 4529; x_wconf 84' lang='lat' dir='ltr'><strong><em>absint,</em></strong></span> <span class='ocrx_word' id='word_1_473' title='bbox 778 4465 821 4519; x_wconf 92' lang='lat' dir='ltr'><strong><em>si</em></strong></span> <span class='ocrx_word' id='word_1_474' title='bbox 855 4465 978 4535; x_wconf 89' lang='lat' dir='ltr'><strong><em>quis</em></strong></span> <span class='ocrx_word' id='word_1_475' title='bbox 1006 4481 1111 4518; x_wconf 92' lang='lat' dir='ltr'><strong><em>non</em></strong></span> <span class='ocrx_word' id='word_1_476' title='bbox 1141 4474 1398 4535; x_wconf 76' lang='lat' dir='ltr'><strong><em>agnoscat</em></strong></span> <span class='ocrx_word' id='word_1_477' title='bbox 1427 4504 1441 4530; x_wconf 95' lang='lat'><strong><em>,</em></strong></span> <span class='ocrx_word' id='word_1_478' title='bbox 1473 4463 1756 4535; x_wconf 87' lang='lat' dir='ltr'><strong><em>utriusque</em></strong></span> 
     </span>
    </p>
   </div>
   <div class='ocr_carea' id='block_1_60' title="bbox 153 4556 1140 4628">
    <p class='ocr_par' dir='ltr' id='par_1_60' title="bbox 153 4556 1140 4628">
     <span class='ocr_line' id='line_1_60' title="bbox 153 4556 1140 4628; baseline -0.001 -17"><span class='ocrx_word' id='word_1_479' title='bbox 153 4556 393 4612; x_wconf 84' lang='lat' dir='ltr'><strong><em>auctoris</em></strong></span> <span class='ocrx_word' id='word_1_480' title='bbox 418 4571 582 4626; x_wconf 84' lang='lat' dir='ltr'><strong><em>Opera</em></strong></span> <span class='ocrx_word' id='word_1_481' title='bbox 613 4557 770 4626; x_wconf 88' lang='lat' dir='ltr'><strong><em>plane</em></strong></span> <span class='ocrx_word' id='word_1_482' title='bbox 801 4572 904 4613; x_wconf 91' lang='lat' dir='ltr'><strong><em>non</em></strong></span> <span class='ocrx_word' id='word_1_483' title='bbox 928 4557 1140 4628; x_wconf 84' lang='lat' dir='ltr'><strong><em>legerit.</em></strong></span> 
     </span>
    </p>
   </div>
   <div class='ocr_carea' id='block_1_61' title="bbox 220 4649 1748 4721">
    <p class='ocr_par' dir='ltr' id='par_1_61' title="bbox 220 4649 1748 4721">
     <span class='ocr_line' id='line_1_61' title="bbox 220 4649 1748 4721; baseline -0.003 -12"><span class='ocrx_word' id='word_1_484' title='bbox 220 4652 334 4709; x_wconf 88' lang='lat' dir='ltr'><strong><em>Sed</em></strong></span> <span class='ocrx_word' id='word_1_485' title='bbox 379 4653 465 4708; x_wconf 87' lang='lat' dir='ltr'><strong><em>hic</em></strong></span> <span class='ocrx_word' id='word_1_486' title='bbox 506 4652 737 4707; x_wconf 89' lang='lat' dir='ltr'><strong><em>fortasse</em></strong></span> <span class='ocrx_word' id='word_1_487' title='bbox 783 4651 1046 4721; x_wconf 86' lang='lat' dir='ltr'><strong><em>quispiam</em></strong></span> <span class='ocrx_word' id='word_1_488' title='bbox 1086 4667 1190 4705; x_wconf 92' lang='lat' dir='ltr'><strong><em>non</em></strong></span> <span class='ocrx_word' id='word_1_489' title='bbox 1233 4649 1303 4706; x_wconf 90' lang='lat' dir='ltr'><strong><em>de</em></strong></span> <span class='ocrx_word' id='word_1_490' title='bbox 1352 4651 1748 4706; x_wconf 83' lang='lat' dir='ltr'><strong><em>sententiarum</em></strong></span> 
     </span>
    </p>
   </div>
   <div class='ocr_carea' id='block_1_62' title="bbox 155 4738 1755 4816">
    <p class='ocr_par' dir='ltr' id='par_1_62' title="bbox 155 4738 1755 4816">
     <span class='ocr_line' id='line_1_62' title="bbox 155 4738 1755 4816; baseline -0.002 -15"><span class='ocrx_word' id='word_1_491' title='bbox 155 4738 459 4804; x_wconf 82' lang='lat' dir='ltr'><strong><em>imitatione</em></strong></span> <span class='ocrx_word' id='word_1_492' title='bbox 479 4745 621 4816; x_wconf 89' lang='lat' dir='ltr'><strong><em>apud</em></strong></span> <span class='ocrx_word' id='word_1_493' title='bbox 647 4747 783 4801; x_wconf 85' lang='lat' dir='ltr'><strong><em>alios</em></strong></span> <span class='ocrx_word' id='word_1_494' title='bbox 813 4755 1065 4800; x_wconf 82' lang='lat' dir='ltr'><strong><em>auctores</em></strong></span> <span class='ocrx_word' id='word_1_495' title='bbox 1085 4746 1375 4815; x_wconf 85' lang='lat' dir='ltr'><strong><em>frequenti,</em></strong></span> <span class='ocrx_word' id='word_1_496' title='bbox 1398 4744 1492 4798; x_wconf 77' lang='lat' dir='ltr'><strong><em>scd</em></strong></span> <span class='ocrx_word' id='word_1_497' title='bbox 1518 4744 1585 4799; x_wconf 89' lang='lat' dir='ltr'><strong><em>de</em></strong></span> <span class='ocrx_word' id='word_1_498' title='bbox 1606 4756 1755 4799; x_wconf 88' lang='lat' dir='ltr'><strong><em>tran-</em></strong></span> 
     </span>
    </p>
   </div>
   <div class='ocr_carea' id='block_1_63' title="bbox 155 4839 1750 4912">
    <p class='ocr_par' dir='ltr' id='par_1_63' title="bbox 155 4839 1750 4912">
     <span class='ocr_line' id='line_1_63' title="bbox 155 4839 1750 4912; baseline -0.003 -15"><span class='ocrx_word' id='word_1_499' title='bbox 155 4843 452 4912; x_wconf 89' lang='lat' dir='ltr'><strong><em>scriptione</em></strong></span> <span class='ocrx_word' id='word_1_500' title='bbox 485 4840 799 4897; x_wconf 87' lang='lat' dir='ltr'><strong><em>eorumdem</em></strong></span> <span class='ocrx_word' id='word_1_501' title='bbox 831 4839 1146 4905; x_wconf 85' lang='lat' dir='ltr'><strong><em>verborum,</em></strong></span> <span class='ocrx_word' id='word_1_502' title='bbox 1175 4854 1298 4909; x_wconf 68' lang='lat' dir='ltr'><strong><em>qua:</em></strong></span> <span class='ocrx_word' id='word_1_503' title='bbox 1326 4855 1393 4893; x_wconf 85' lang='lat' dir='ltr'><strong><em>ex</em></strong></span> <span class='ocrx_word' id='word_1_504' title='bbox 1419 4839 1626 4893; x_wconf 88' lang='lat' dir='ltr'><strong><em>llilario</em></strong></span> <span class='ocrx_word' id='word_1_505' title='bbox 1653 4855 1750 4894; x_wconf 80' lang='lat' dir='ltr'><strong><em>cx-</em></strong></span> 
     </span>
    </p>
   </div>
   <div class='ocr_carea' id='block_1_64' title="bbox 156 4929 1753 5003">
    <p class='ocr_par' dir='ltr' id='par_1_64' title="bbox 156 4929 1753 5003">
     <span class='ocr_line' id='line_1_64' title="bbox 156 4929 1753 5003; baseline -0.003 -14"><span class='ocrx_word' id='word_1_506' title='bbox 156 4943 344 5003; x_wconf 84' lang='lat' dir='ltr'><strong><em>cerpta</em></strong></span> <span class='ocrx_word' id='word_1_507' title='bbox 373 4933 570 4989; x_wconf 80' lang='lat' dir='ltr'><strong><em>alicubi</em></strong></span> <span class='ocrx_word' id='word_1_508' title='bbox 617 4939 918 4987; x_wconf 88' lang='lat' dir='ltr'><strong><em>noscuntur</em></strong></span> <span class='ocrx_word' id='word_1_509' title='bbox 939 4972 955 4994; x_wconf 92' lang='lat'><strong><em>,</em></strong></span> <span class='ocrx_word' id='word_1_510' title='bbox 1005 4929 1381 4985; x_wconf 85' lang='lat' dir='ltr'><strong><em>difficultatem</em></strong></span> <span class='ocrx_word' id='word_1_511' title='bbox 1410 4931 1672 4993; x_wconf 79' lang='lat' dir='ltr'><strong><em>movebit,</em></strong></span> <span class='ocrx_word' id='word_1_512' title='bbox 1706 4930 1753 4985; x_wconf 89' lang='lat' dir='ltr'><strong><em>si</em></strong></span> 
     </span>
    </p>
   </div>
   <div class='ocr_carea' id='block_1_65' title="bbox 158 5023 1748 5095">
    <p class='ocr_par' dir='ltr' id='par_1_65' title="bbox 158 5023 1748 5095">
     <span class='ocr_line' id='line_1_65' title="bbox 158 5023 1748 5095; baseline -0.003 -12"><span class='ocrx_word' id='word_1_513' title='bbox 158 5044 266 5084; x_wconf 85' lang='lat' dir='ltr'><strong><em>non</em></strong></span> <span class='ocrx_word' id='word_1_514' title='bbox 291 5037 352 5083; x_wconf 90' lang='lat' dir='ltr'><strong><em>ut</em></strong></span> <span class='ocrx_word' id='word_1_515' title='bbox 373 5041 538 5083; x_wconf 82' lang='lat' dir='ltr'><strong><em>unum</em></strong></span> <span class='ocrx_word' id='word_1_516' title='bbox 557 5028 801 5082; x_wconf 90' lang='lat' dir='ltr'><strong><em>omnium</em></strong></span> <span class='ocrx_word' id='word_1_517' title='bbox 822 5023 1089 5095; x_wconf 75' lang='lat' dir='ltr'><strong><em>ejusmodi</em></strong></span> <span class='ocrx_word' id='word_1_518' title='bbox 1115 5032 1445 5078; x_wconf 81' lang='lat' dir='ltr'><strong><em>tractatuum</em></strong></span> <span class='ocrx_word' id='word_1_519' title='bbox 1473 5033 1748 5078; x_wconf 81' lang='lat' dir='ltr'><strong><em>auctorem</em></strong></span> 
     </span>
    </p>
   </div>
   <div class='ocr_carea' id='block_1_66' title="bbox 157 5116 1752 5190">
    <p class='ocr_par' dir='ltr' id='par_1_66' title="bbox 157 5116 1752 5190">
     <span class='ocr_line' id='line_1_66' title="bbox 157 5116 1752 5190; baseline -0.006 -12"><span class='ocrx_word' id='word_1_520' title='bbox 157 5132 362 5178; x_wconf 80' lang='lat' dir='ltr'><strong><em>statuat</em></strong></span> <span class='ocrx_word' id='word_1_521' title='bbox 389 5121 646 5178; x_wconf 77' lang='lat' dir='ltr'><strong><em>Hilarium</em></strong></span> <span class='ocrx_word' id='word_1_522' title='bbox 681 5119 796 5188; x_wconf 86' lang='lat' dir='ltr'><strong><em>(ubi</em></strong></span> <span class='ocrx_word' id='word_1_523' title='bbox 822 5119 970 5174; x_wconf 86' lang='lat' dir='ltr'><strong><em>enim</em></strong></span> <span class='ocrx_word' id='word_1_524' title='bbox 1008 5119 1179 5190; x_wconf 86' lang='lat' dir='ltr'><strong><em>stylns</em></strong></span> <span class='ocrx_word' id='word_1_525' title='bbox 1211 5117 1372 5172; x_wconf 86' lang='lat' dir='ltr'><strong><em>nimis</em></strong></span> <span class='ocrx_word' id='word_1_526' title='bbox 1403 5124 1590 5184; x_wconf 85' lang='lat' dir='ltr'><strong><em>aperte</em></strong></span> <span class='ocrx_word' id='word_1_527' title='bbox 1633 5116 1752 5169; x_wconf 82' lang='lat' dir='ltr'><strong><em>dis-</em></strong></span> 
     </span>
    </p>
   </div>
   <div class='ocr_carea' id='block_1_67' title="bbox 156 5208 1750 5287">
    <p class='ocr_par' dir='ltr' id='par_1_67' title="bbox 156 5208 1750 5287">
     <span class='ocr_line' id='line_1_67' title="bbox 156 5208 1750 5287; baseline -0.007 -15"><span class='ocrx_word' id='word_1_528' title='bbox 156 5225 374 5287; x_wconf 80' lang='lat' dir='ltr'><strong><em>crepat,</em></strong></span> <span class='ocrx_word' id='word_1_529' title='bbox 401 5217 602 5287; x_wconf 69' lang='lat' dir='ltr'><strong><em>quaevis</em></strong></span> <span class='ocrx_word' id='word_1_530' title='bbox 639 5212 873 5270; x_wconf 81' lang='lat' dir='ltr'><strong><em>imitatio</em></strong></span> <span class='ocrx_word' id='word_1_531' title='bbox 901 5212 1300 5281; x_wconf 75' lang='lat' dir='ltr'><strong><em>verborumque</em></strong></span> <span class='ocrx_word' id='word_1_532' title='bbox 1341 5208 1644 5278; x_wconf 79' lang='lat' dir='ltr'><strong><em>descriptio</em></strong></span> <span class='ocrx_word' id='word_1_533' title='bbox 1682 5208 1750 5263; x_wconf 87' lang='lat' dir='ltr'><strong><em>ad</em></strong></span> 
     </span>
    </p>
   </div>
   <div class='ocr_carea' id='block_1_68' title="bbox 159 5303 1754 5382">
    <p class='ocr_par' dir='ltr' id='par_1_68' title="bbox 159 5303 1754 5382">
     <span class='ocr_line' id='line_1_68' title="bbox 159 5303 1754 5382; baseline -0.004 -18"><span class='ocrx_word' id='word_1_534' title='bbox 159 5326 329 5364; x_wconf 84' lang='lat' dir='ltr'><strong><em>unum</em></strong></span> <span class='ocrx_word' id='word_1_535' title='bbox 361 5319 627 5367; x_wconf 77' lang='lat' dir='ltr'><strong><em>auctorem</em></strong></span> <span class='ocrx_word' id='word_1_536' title='bbox 663 5305 1014 5364; x_wconf 85' lang='lat' dir='ltr'><strong><em>asserendum</em></strong></span> <span class='ocrx_word' id='word_1_537' title='bbox 1044 5307 1241 5361; x_wconf 81' lang='lat' dir='ltr'><strong><em>frustra</em></strong></span> <span class='ocrx_word' id='word_1_538' title='bbox 1278 5303 1604 5372; x_wconf 79' lang='lat' dir='ltr'><strong><em>confertur),</em></strong></span> <span class='ocrx_word' id='word_1_539' title='bbox 1639 5303 1754 5382; x_wconf 80' lang='lat' dir='ltr'><strong><em>sal-</em></strong></span> 
     </span>
    </p>
   </div>
   <div class='ocr_carea' id='block_1_69' title="bbox 162 5395 1748 5477">
    <p class='ocr_par' dir='ltr' id='par_1_69' title="bbox 162 5395 1748 5477">
     <span class='ocr_line' id='line_1_69' title="bbox 162 5395 1748 5477; baseline -0.008 -16"><span class='ocrx_word' id='word_1_540' title='bbox 162 5416 270 5462; x_wconf 88' lang='lat' dir='ltr'><strong><em>tem</em></strong></span> <span class='ocrx_word' id='word_1_541' title='bbox 299 5405 440 5477; x_wconf 87' lang='lat' dir='ltr'><strong><em>quod</em></strong></span> <span class='ocrx_word' id='word_1_542' title='bbox 461 5416 650 5462; x_wconf 87' lang='lat' dir='ltr'><strong><em>nostro</em></strong></span> <span class='ocrx_word' id='word_1_543' title='bbox 682 5404 735 5460; x_wconf 91' lang='lat' dir='ltr'><strong><em>id</em></strong></span> <span class='ocrx_word' id='word_1_544' title='bbox 769 5405 1008 5458; x_wconf 79' lang='lat' dir='ltr'><strong><em>Auctore</em></strong></span> <span class='ocrx_word' id='word_1_545' title='bbox 1033 5402 1209 5456; x_wconf 87' lang='lat' dir='ltr'><strong><em>minus</em></strong></span> <span class='ocrx_word' id='word_1_546' title='bbox 1236 5400 1454 5470; x_wconf 74' lang='lat' dir='ltr'><strong><em>dignum</em></strong></span> <span class='ocrx_word' id='word_1_547' title='bbox 1486 5412 1550 5452; x_wconf 88' lang='lat' dir='ltr'><strong><em>ac</em></strong></span> <span class='ocrx_word' id='word_1_548' title='bbox 1581 5395 1748 5451; x_wconf 86' lang='lat' dir='ltr'><strong><em>deco-</em></strong></span> 
     </span>
    </p>
   </div>
   <div class='ocr_carea' id='block_1_70' title="bbox 161 5491 1756 5568">
    <p class='ocr_par' dir='ltr' id='par_1_70' title="bbox 161 5491 1756 5568">
     <span class='ocr_line' id='line_1_70' title="bbox 161 5491 1756 5568; baseline -0.008 -13"><span class='ocrx_word' id='word_1_549' title='bbox 161 5516 282 5555; x_wconf 81' lang='lat' dir='ltr'><strong><em>rum</em></strong></span> <span class='ocrx_word' id='word_1_550' title='bbox 313 5500 605 5556; x_wconf 82' lang='lat' dir='ltr'><strong><em>existimet.</em></strong></span> <span class='ocrx_word' id='word_1_551' title='bbox 639 5500 710 5554; x_wconf 83' lang='lat' dir='ltr'><strong><em>At</em></strong></span> <span class='ocrx_word' id='word_1_552' title='bbox 749 5498 841 5568; x_wconf 87' lang='lat' dir='ltr'><strong><em>qtti</em></strong></span> <span class='ocrx_word' id='word_1_553' title='bbox 881 5493 938 5551; x_wconf 86' lang='lat' dir='ltr'><strong><em>in</em></strong></span> <span class='ocrx_word' id='word_1_554' title='bbox 974 5496 1323 5566; x_wconf 85' lang='lat' dir='ltr'><strong><em>antiquorum</em></strong></span> <span class='ocrx_word' id='word_1_555' title='bbox 1357 5491 1594 5548; x_wconf 75' lang='lat' dir='ltr'><strong><em>lectione</em></strong></span> <span class='ocrx_word' id='word_1_556' title='bbox 1626 5504 1756 5544; x_wconf 84' lang='lat' dir='ltr'><strong><em>ver-</em></strong></span> 
     </span>
    </p>
   </div>
   <div class='ocr_carea' id='block_1_71' title="bbox 161 5585 1756 5661">
    <p class='ocr_par' dir='ltr' id='par_1_71' title="bbox 161 5585 1756 5661">
     <span class='ocr_line' id='line_1_71' title="bbox 161 5585 1756 5661; baseline -0.01 -9"><span class='ocrx_word' id='word_1_557' title='bbox 161 5599 264 5652; x_wconf 82' lang='lat' dir='ltr'><strong><em>sati</em></strong></span> <span class='ocrx_word' id='word_1_558' title='bbox 295 5604 439 5661; x_wconf 84' lang='lat' dir='ltr'><strong><em>sunt,</em></strong></span> <span class='ocrx_word' id='word_1_559' title='bbox 469 5596 522 5650; x_wconf 87' lang='lat' dir='ltr'><strong><em>id</em></strong></span> <span class='ocrx_word' id='word_1_560' title='bbox 546 5595 773 5649; x_wconf 72' lang='lat' dir='ltr'><strong><em>minime</em></strong></span> <span class='ocrx_word' id='word_1_561' title='bbox 801 5605 1028 5656; x_wconf 81' lang='lat' dir='ltr'><strong><em>novum,</em></strong></span> <span class='ocrx_word' id='word_1_562' title='bbox 1070 5603 1169 5646; x_wconf 86' lang='lat' dir='ltr'><strong><em>nec</em></strong></span> <span class='ocrx_word' id='word_1_563' title='bbox 1196 5603 1226 5643; x_wconf 89' lang='lat' dir='ltr'><strong><em>a</em></strong></span> <span class='ocrx_word' id='word_1_564' title='bbox 1252 5585 1504 5659; x_wconf 82' lang='lat' dir='ltr'><strong><em>gravium</em></strong></span> <span class='ocrx_word' id='word_1_565' title='bbox 1535 5596 1756 5654; x_wconf 81' lang='lat' dir='ltr'><strong><em>quoque</em></strong></span> 
     </span>
    </p>
   </div>
   <div class='ocr_carea' id='block_1_72' title="bbox 160 5677 1758 5761">
    <p class='ocr_par' dir='ltr' id='par_1_72' title="bbox 160 5677 1758 5761">
     <span class='ocr_line' id='line_1_72' title="bbox 160 5677 1758 5761; baseline -0.009 -18"><span class='ocrx_word' id='word_1_566' title='bbox 160 5690 486 5761; x_wconf 78' lang='lat' dir='ltr'><strong><em>scriptorum</em></strong></span> <span class='ocrx_word' id='word_1_567' title='bbox 503 5686 903 5745; x_wconf 78' lang='lat' dir='ltr'><strong><em>consuetudine</em></strong></span> <span class='ocrx_word' id='word_1_568' title='bbox 919 5683 1160 5741; x_wconf 82' lang='lat' dir='ltr'><strong><em>alienum</em></strong></span> <span class='ocrx_word' id='word_1_569' title='bbox 1179 5687 1530 5752; x_wconf 77' lang='lat' dir='ltr'><strong><em>cognoscent.</em></strong></span> <span class='ocrx_word' id='word_1_570' title='bbox 1563 5677 1758 5731; x_wconf 75' lang='lat' dir='ltr'><strong><em>binos-</em></strong></span> 
     </span>
    </p>
   </div>
   <div class='ocr_carea' id='block_1_73' title="bbox 163 5769 1758 5839">
    <p class='ocr_par' dir='ltr' id='par_1_73' title="bbox 163 5769 1758 5839">
     <span class='ocr_line' id='line_1_73' title="bbox 163 5769 1758 5839; baseline -0.008 -4"><span class='ocrx_word' id='word_1_571' title='bbox 163 5784 328 5838; x_wconf 77' lang='lat' dir='ltr'><strong><em>rlnrm</em></strong></span> <span class='ocrx_word' id='word_1_572' title='bbox 362 5781 496 5839; x_wconf 81' lang='lat' dir='ltr'><strong><em>inter</em></strong></span> <span class='ocrx_word' id='word_1_573' title='bbox 519 5783 742 5839; x_wconf 66' lang='lat' dir='ltr'><strong><em>(ira-eos</em></strong></span> <span class='ocrx_word' id='word_1_574' title='bbox 770 5794 835 5835; x_wconf 78' lang='lat' dir='ltr'><strong><em>ea</em></strong></span> <span class='ocrx_word' id='word_1_575' title='bbox 861 5777 1110 5834; x_wconf 80' lang='lat' dir='ltr'><strong><em>oratione</em></strong></span> <span class='ocrx_word' id='word_1_576' title='bbox 1138 5769 1525 5830; x_wconf 77' lang='lat' dir='ltr'><strong><em>Demosthenis</em></strong></span> <span class='ocrx_word' id='word_1_577' title='bbox 1561 5777 1758 5824; x_wconf 73' lang='lat' dir='ltr'><strong><em>contra</em></strong></span> 
     </span>
    </p>
   </div>
   <div class='ocr_carea' id='block_1_74' title="bbox 161 5860 1760 5946">
    <p class='ocr_par' dir='ltr' id='par_1_74' title="bbox 161 5860 1760 5946">
     <span class='ocr_line' id='line_1_74' title="bbox 161 5860 1760 5946; baseline -0.011 -12"><span class='ocrx_word' id='word_1_578' title='bbox 161 5875 438 5934; x_wconf 79' lang='lat' dir='ltr'><strong><em>Cononem</em></strong></span> <span class='ocrx_word' id='word_1_579' title='bbox 465 5878 521 5932; x_wconf 86' lang='lat' dir='ltr'><strong><em>in</em></strong></span> <span class='ocrx_word' id='word_1_580' title='bbox 561 5875 796 5946; x_wconf 82' lang='lat' dir='ltr'><strong><em>priorem</em></strong></span> <span class='ocrx_word' id='word_1_581' title='bbox 834 5884 984 5927; x_wconf 81' lang='lat' dir='ltr'><strong><em>suam</em></strong></span> <span class='ocrx_word' id='word_1_582' title='bbox 1014 5869 1274 5925; x_wconf 68' lang='lat' dir='ltr'><strong><em>adversus</em></strong></span> <span class='ocrx_word' id='word_1_583' title='bbox 1307 5860 1760 5924; x_wconf 73' lang='lat' dir='ltr'><strong><em>Cleomedontotu</em></strong></span> 
     </span>
    </p>
   </div>
   <div class='ocr_carea' id='block_1_75' title="bbox 1778 4615 1829 4679">
    <p class='ocr_par' dir='ltr' id='par_1_75' title="bbox 1778 4615 1829 4679">
     <span class='ocr_line' id='line_1_75' title="bbox 1778 4615 1829 4679; baseline 0 0"><span class='ocrx_word' id='word_1_584' title='bbox 1778 4615 1829 4679; x_wconf 88' lang='lat' dir='ltr'><strong>D</strong></span> 
     </span>
    </p>
   </div>
   <div class='ocr_carea' id='block_1_76' title="bbox 1849 1922 3464 1996">
    <p class='ocr_par' dir='ltr' id='par_1_76' title="bbox 1849 1922 3464 1996">
     <span class='ocr_line' id='line_1_76' title="bbox 1849 1922 3464 1996; baseline 0.002 -18"><span class='ocrx_word' id='word_1_585' title='bbox 1849 1922 2032 1978; x_wconf 86' lang='lat' dir='ltr'><strong><em>editur</em></strong></span> <span class='ocrx_word' id='word_1_586' title='bbox 2046 1925 2098 1977; x_wconf 80' lang='lat' dir='ltr'><strong><em>in</em></strong></span> <span class='ocrx_word' id='word_1_587' title='bbox 2125 1925 2508 1978; x_wconf 79' lang='lat' dir='ltr'><strong><em>Admonitione</em></strong></span> <span class='ocrx_word' id='word_1_588' title='bbox 2529 1925 2595 1980; x_wconf 87' lang='lat' dir='ltr'><strong><em>ad</em></strong></span> <span class='ocrx_word' id='word_1_589' title='bbox 2610 1940 2895 1982; x_wconf 85' lang='lat' dir='ltr'><strong><em>sermones</em></strong></span> <span class='ocrx_word' id='word_1_590' title='bbox 2912 1927 3038 1984; x_wconf 81' lang='lat' dir='ltr'><strong><em>huic</em></strong></span> <span class='ocrx_word' id='word_1_591' title='bbox 3057 1926 3206 1981; x_wconf 81' lang='lat' dir='ltr'><strong><em>Patri</em></strong></span> <span class='ocrx_word' id='word_1_592' title='bbox 3220 1927 3464 1996; x_wconf 84' lang='lat' dir='ltr'><strong><em>adscrip-</em></strong></span> 
     </span>
    </p>
   </div>
   <div class='ocr_carea' id='block_1_77' title="bbox 1851 2015 3463 2091">
    <p class='ocr_par' dir='ltr' id='par_1_77' title="bbox 1851 2015 3463 2091">
     <span class='ocr_line' id='line_1_77' title="bbox 1851 2015 3463 2091; baseline 0.004 -24"><span class='ocrx_word' id='word_1_593' title='bbox 1851 2023 1939 2070; x_wconf 83' lang='lat' dir='ltr'><strong><em>tas</em></strong></span> <span class='ocrx_word' id='word_1_594' title='bbox 1963 2015 2367 2076; x_wconf 83' lang='lat' dir='ltr'><strong><em>animadvertit.</em></strong></span> <span class='ocrx_word' id='word_1_595' title='bbox 2390 2015 2532 2085; x_wconf 82' lang='lat' dir='ltr'><strong><em>Quid</em></strong></span> <span class='ocrx_word' id='word_1_596' title='bbox 2564 2018 2752 2085; x_wconf 87' lang='lat' dir='ltr'><strong><em>plura?</em></strong></span> <span class='ocrx_word' id='word_1_597' title='bbox 2784 2019 2842 2074; x_wconf 91' lang='lat' dir='ltr'><strong><em>S.</em></strong></span> <span class='ocrx_word' id='word_1_598' title='bbox 2885 2017 3194 2091; x_wconf 83' lang='lat' dir='ltr'><strong><em>Cyprianus</em></strong></span> <span class='ocrx_word' id='word_1_599' title='bbox 3226 2019 3353 2074; x_wconf 81' lang='lat' dir='ltr'><strong><em>licet</em></strong></span> <span class='ocrx_word' id='word_1_600' title='bbox 3377 2019 3463 2073; x_wconf 81' lang='lat' dir='ltr'><strong><em>di-</em></strong></span> 
     </span>
    </p>
   </div>
   <div class='ocr_carea' id='block_1_78' title="bbox 1852 2110 3462 2182">
    <p class='ocr_par' dir='ltr' id='par_1_78' title="bbox 1852 2110 3462 2182">
     <span class='ocr_line' id='line_1_78' title="bbox 1852 2110 3462 2182; baseline 0.004 -19"><span class='ocrx_word' id='word_1_601' title='bbox 1852 2119 2031 2166; x_wconf 88' lang='lat' dir='ltr'><strong><em>sertus</em></strong></span> <span class='ocrx_word' id='word_1_602' title='bbox 2056 2123 2109 2165; x_wconf 90' lang='lat' dir='ltr'><strong><em>et</em></strong></span> <span class='ocrx_word' id='word_1_603' title='bbox 2132 2110 2347 2178; x_wconf 89' lang='lat' dir='ltr'><strong><em>doctus,</em></strong></span> <span class='ocrx_word' id='word_1_604' title='bbox 2374 2128 2551 2167; x_wconf 91' lang='lat' dir='ltr'><strong><em>nonne</em></strong></span> <span class='ocrx_word' id='word_1_605' title='bbox 2575 2111 2627 2166; x_wconf 90' lang='lat' dir='ltr'><strong><em>in</em></strong></span> <span class='ocrx_word' id='word_1_606' title='bbox 2653 2113 2952 2182; x_wconf 73' lang='lat' dir='ltr'><strong><em>opusculis,</em></strong></span> <span class='ocrx_word' id='word_1_607' title='bbox 2976 2129 3094 2182; x_wconf 68' lang='lat' dir='ltr'><strong><em>quae</em></strong></span> <span class='ocrx_word' id='word_1_608' title='bbox 3109 2123 3296 2169; x_wconf 81' lang='lat' dir='ltr'><strong><em>contra</em></strong></span> <span class='ocrx_word' id='word_1_609' title='bbox 3317 2114 3462 2170; x_wconf 81' lang='lat' dir='ltr'><strong><em>Gen-</em></strong></span> 
     </span>
    </p>
   </div>
   <div class='ocr_carea' id='block_1_79' title="bbox 1853 2203 3464 2278">
    <p class='ocr_par' dir='ltr' id='par_1_79' title="bbox 1853 2203 3464 2278">
     <span class='ocr_line' id='line_1_79' title="bbox 1853 2203 3464 2278; baseline 0.004 -22"><span class='ocrx_word' id='word_1_610' title='bbox 1853 2212 1937 2258; x_wconf 86' lang='lat' dir='ltr'><strong><em>tes</em></strong></span> <span class='ocrx_word' id='word_1_611' title='bbox 1963 2203 2293 2267; x_wconf 85' lang='lat' dir='ltr'><strong><em>lucubravit,</em></strong></span> <span class='ocrx_word' id='word_1_612' title='bbox 2327 2220 2392 2259; x_wconf 81' lang='lat' dir='ltr'><strong><em>ea</em></strong></span> <span class='ocrx_word' id='word_1_613' title='bbox 2419 2203 2638 2260; x_wconf 79' lang='lat' dir='ltr'><strong><em>Minucii</em></strong></span> <span class='ocrx_word' id='word_1_614' title='bbox 2669 2206 2866 2262; x_wconf 77' lang='lat' dir='ltr'><strong><em>Felicis</em></strong></span> <span class='ocrx_word' id='word_1_615' title='bbox 2905 2207 3088 2264; x_wconf 86' lang='lat' dir='ltr'><strong><em>libello</em></strong></span> <span class='ocrx_word' id='word_1_616' title='bbox 3117 2207 3368 2278; x_wconf 65' lang='lat' dir='ltr'><strong><em>quaedam</em></strong></span> <span class='ocrx_word' id='word_1_617' title='bbox 3395 2206 3464 2262; x_wconf 87' lang='lat' dir='ltr'><strong><em>ad</em></strong></span> 
     </span>
    </p>
   </div>
   <div class='ocr_carea' id='block_1_80' title="bbox 1854 2297 3461 2370">
    <p class='ocr_par' dir='ltr' id='par_1_80' title="bbox 1854 2297 3461 2370">
     <span class='ocr_line' id='line_1_80' title="bbox 1854 2297 3461 2370; baseline 0.002 -20"><span class='ocrx_word' id='word_1_618' title='bbox 1854 2297 2077 2351; x_wconf 80' lang='lat' dir='ltr'><strong><em>verbum</em></strong></span> <span class='ocrx_word' id='word_1_619' title='bbox 2129 2298 2443 2368; x_wconf 79' lang='lat' dir='ltr'><strong><em>exscripsit,</em></strong></span> <span class='ocrx_word' id='word_1_620' title='bbox 2493 2300 2570 2352; x_wconf 88' lang='lat' dir='ltr'><strong><em>uti</em></strong></span> <span class='ocrx_word' id='word_1_621' title='bbox 2615 2297 2915 2368; x_wconf 81' lang='lat' dir='ltr'><strong><em>propositis</em></strong></span> <span class='ocrx_word' id='word_1_622' title='bbox 2945 2309 3306 2370; x_wconf 85' lang='lat' dir='ltr'><strong><em>utrorumque</em></strong></span> <span class='ocrx_word' id='word_1_623' title='bbox 3327 2315 3461 2354; x_wconf 78' lang='lat' dir='ltr'><strong><em>sen-</em></strong></span> 
     </span>
    </p>
   </div>
   <div class='ocr_carea' id='block_1_81' title="bbox 1854 2390 3462 2464">
    <p class='ocr_par' dir='ltr' id='par_1_81' title="bbox 1854 2390 3462 2464">
     <span class='ocr_line' id='line_1_81' title="bbox 1854 2390 3462 2464; baseline 0.002 -19"><span class='ocrx_word' id='word_1_624' title='bbox 1854 2391 2040 2445; x_wconf 77' lang='lat' dir='ltr'><strong><em>tentiis</em></strong></span> <span class='ocrx_word' id='word_1_625' title='bbox 2067 2390 2142 2446; x_wconf 90' lang='lat' dir='ltr'><strong><em>ob</em></strong></span> <span class='ocrx_word' id='word_1_626' title='bbox 2169 2391 2357 2447; x_wconf 88' lang='lat' dir='ltr'><strong><em>oculos</em></strong></span> <span class='ocrx_word' id='word_1_627' title='bbox 2393 2393 2614 2461; x_wconf 83' lang='lat' dir='ltr'><strong><em>ponitur</em></strong></span> <span class='ocrx_word' id='word_1_628' title='bbox 2655 2401 2788 2448; x_wconf 76' lang='lat' dir='ltr'><strong><em>tum.</em></strong></span> <span class='ocrx_word' id='word_1_629' title='bbox 2842 2408 2880 2448; x_wconf 83' lang='lat' dir='ltr'><strong><em>ll</em></strong></span> <span class='ocrx_word' id='word_1_630' title='bbox 2917 2394 3226 2464; x_wconf 79' lang='lat' dir='ltr'><strong><em>Apparatus</em></strong></span> <span class='ocrx_word' id='word_1_631' title='bbox 3273 2393 3339 2448; x_wconf 86' lang='lat' dir='ltr'><strong><em>ad</em></strong></span> <span class='ocrx_word' id='word_1_632' title='bbox 3373 2393 3462 2448; x_wconf 85' lang='lat' dir='ltr'><strong><em>Bi-</em></strong></span> 
     </span>
    </p>
   </div>
   <div class='ocr_carea' id='block_1_82' title="bbox 1854 2483 3462 2566">
    <p class='ocr_par' dir='ltr' id='par_1_82' title="bbox 1854 2483 3462 2566">
     <span class='ocr_line' id='line_1_82' title="bbox 1854 2483 3462 2566; baseline 0.001 -28"><span class='ocrx_word' id='word_1_633' title='bbox 1854 2483 2201 2566; x_wconf 33' lang='lat' dir='ltr'><strong><em>bliothecim‘</em></strong></span> <span class='ocrx_word' id='word_1_634' title='bbox 2238 2485 2527 2540; x_wconf 80' lang='lat' dir='ltr'><strong><em>niaximum</em></strong></span> <span class='ocrx_word' id='word_1_635' title='bbox 2560 2485 2780 2542; x_wconf 79' lang='lat' dir='ltr'><strong><em>Patrum</em></strong></span> <span class='ocrx_word' id='word_1_636' title='bbox 2807 2501 2836 2540; x_wconf 93' lang='lat' dir='ltr'><strong><em>a</em></strong></span> <span class='ocrx_word' id='word_1_637' title='bbox 2865 2501 2988 2557; x_wconf 80' lang='lat' dir='ltr'><strong><em>pag.</em></strong></span> <span class='ocrx_word' id='word_1_638' title='bbox 3015 2484 3086 2541; x_wconf 71' lang='grc'><strong><em>56</em></strong></span> <span class='ocrx_word' id='word_1_639' title='bbox 3114 2485 3180 2543; x_wconf 88' lang='lat' dir='ltr'><strong><em>ad</em></strong></span> <span class='ocrx_word' id='word_1_640' title='bbox 3203 2502 3322 2558; x_wconf 81' lang='lat' dir='ltr'><strong><em>pag.</em></strong></span> <span class='ocrx_word' id='word_1_641' title='bbox 3369 2487 3462 2541; x_wconf 69' lang='lat'><strong><em>57.</em></strong></span> 
     </span>
    </p>
   </div>
   <div class='ocr_carea' id='block_1_83' title="bbox 1853 2578 3464 2654">
    <p class='ocr_par' dir='ltr' id='par_1_83' title="bbox 1853 2578 3464 2654">
     <span class='ocr_line' id='line_1_83' title="bbox 1853 2578 3464 2654; baseline 0.003 -22"><span class='ocrx_word' id='word_1_642' title='bbox 1853 2578 1988 2647; x_wconf 86' lang='lat' dir='ltr'><strong><em>Quis</em></strong></span> <span class='ocrx_word' id='word_1_643' title='bbox 2031 2581 2218 2650; x_wconf 89' lang='lat' dir='ltr'><strong><em>itaque</em></strong></span> <span class='ocrx_word' id='word_1_644' title='bbox 2252 2580 2480 2635; x_wconf 83' lang='lat' dir='ltr'><strong><em>miretur</em></strong></span> <span class='ocrx_word' id='word_1_645' title='bbox 2507 2581 2742 2651; x_wconf 81' lang='lat' dir='ltr'><strong><em>amplius</em></strong></span> <span class='ocrx_word' id='word_1_646' title='bbox 2767 2622 2783 2648; x_wconf 92' lang='lat'><strong><em>,</em></strong></span> <span class='ocrx_word' id='word_1_647' title='bbox 2811 2581 2858 2636; x_wconf 84' lang='lat' dir='ltr'><strong><em>si</em></strong></span> <span class='ocrx_word' id='word_1_648' title='bbox 2889 2592 3078 2638; x_wconf 81' lang='lat' dir='ltr'><strong><em>noster</em></strong></span> <span class='ocrx_word' id='word_1_649' title='bbox 3120 2581 3464 2654; x_wconf 84' lang='lat' dir='ltr'><strong><em>elegantissi-</em></strong></span> 
     </span>
    </p>
   </div>
   <div class='ocr_carea' id='block_1_84' title="bbox 1853 2663 3587 2746">
    <p class='ocr_par' dir='ltr' id='par_1_84' title="bbox 1853 2663 3587 2746">
     <span class='ocr_line' id='line_1_84' title="bbox 1853 2663 3587 2746; baseline 0.005 -22"><span class='ocrx_word' id='word_1_650' title='bbox 1853 2687 1977 2726; x_wconf 85' lang='lat' dir='ltr'><strong><em>mus</em></strong></span> <span class='ocrx_word' id='word_1_651' title='bbox 2032 2682 2223 2727; x_wconf 86' lang='lat' dir='ltr'><strong><em>auctor</em></strong></span> <span class='ocrx_word' id='word_1_652' title='bbox 2277 2687 2449 2742; x_wconf 82' lang='lat' dir='ltr'><strong><em>pauca</em></strong></span> <span class='ocrx_word' id='word_1_653' title='bbox 2495 2673 2743 2744; x_wconf 63' lang='lat' dir='ltr'><strong><em>quaedam</em></strong></span> <span class='ocrx_word' id='word_1_654' title='bbox 2791 2674 3087 2745; x_wconf 83' lang='lat' dir='ltr'><strong><em>aliquando</em></strong></span> <span class='ocrx_word' id='word_1_655' title='bbox 3137 2675 3374 2746; x_wconf 77' lang='lat' dir='ltr'><strong><em>sumpsit</em></strong></span> <span class='ocrx_word' id='word_1_656' title='bbox 3393 2691 3462 2732; x_wconf 76' lang='lat' dir='ltr'><strong><em>ex</em></strong></span> <span class='ocrx_word' id='word_1_657' title='bbox 3579 2663 3587 2673; x_wconf 72' lang='grc'><em>’</em></span> 
     </span>
    </p>
   </div>
   <div class='ocr_carea' id='block_1_85' title="bbox 1857 2765 3463 2843">
    <p class='ocr_par' dir='ltr' id='par_1_85' title="bbox 1857 2765 3463 2843">
     <span class='ocr_line' id='line_1_85' title="bbox 1857 2765 3463 2843; baseline 0.002 -21"><span class='ocrx_word' id='word_1_658' title='bbox 1857 2766 2085 2833; x_wconf 77' lang='lat' dir='ltr'><strong><em>Hilario,</em></strong></span> <span class='ocrx_word' id='word_1_659' title='bbox 2115 2782 2182 2822; x_wconf 80' lang='lat' dir='ltr'><strong><em>ex</em></strong></span> <span class='ocrx_word' id='word_1_660' title='bbox 2215 2767 2330 2834; x_wconf 88' lang='lat' dir='ltr'><strong><em>illo,</em></strong></span> <span class='ocrx_word' id='word_1_661' title='bbox 2353 2765 2600 2837; x_wconf 84' lang='lat' dir='ltr'><strong><em>inquam,</em></strong></span> <span class='ocrx_word' id='word_1_662' title='bbox 2629 2781 2830 2839; x_wconf 83' lang='lat' dir='ltr'><strong><em>magno</em></strong></span> <span class='ocrx_word' id='word_1_663' title='bbox 2851 2783 2918 2824; x_wconf 84' lang='lat' dir='ltr'><strong><em>ac</em></strong></span> <span class='ocrx_word' id='word_1_664' title='bbox 2945 2769 3155 2828; x_wconf 85' lang='lat' dir='ltr'><strong><em>celebri</em></strong></span> <span class='ocrx_word' id='word_1_665' title='bbox 3181 2770 3463 2843; x_wconf 84' lang='lat' dir='ltr'><strong><em>episeopo,</em></strong></span> 
     </span>
    </p>
   </div>
   <div class='ocr_carea' id='block_1_86' title="bbox 1855 2859 3464 2936">
    <p class='ocr_par' dir='ltr' id='par_1_86' title="bbox 1855 2859 3464 2936">
     <span class='ocr_line' id='line_1_86' title="bbox 1855 2859 3464 2936; baseline 0.006 -24"><span class='ocrx_word' id='word_1_666' title='bbox 1855 2860 1948 2928; x_wconf 85' lang='lat' dir='ltr'><strong><em>qui</em></strong></span> <span class='ocrx_word' id='word_1_667' title='bbox 1975 2902 1988 2920; x_wconf 85' lang='lat'><strong><em>,</em></strong></span> <span class='ocrx_word' id='word_1_668' title='bbox 2040 2869 2099 2915; x_wconf 87' lang='lat' dir='ltr'><strong><em>ut</em></strong></span> <span class='ocrx_word' id='word_1_669' title='bbox 2145 2859 2465 2931; x_wconf 75' lang='lat' dir='ltr'><strong><em>Hieronymi</em></strong></span> <span class='ocrx_word' id='word_1_670' title='bbox 2521 2861 2709 2917; x_wconf 80' lang='lat' dir='ltr'><strong><em>verbis</em></strong></span> <span class='ocrx_word' id='word_1_671' title='bbox 2759 2871 2974 2918; x_wconf 83' lang='lat' dir='ltr'><strong><em>utamur</em></strong></span> <span class='ocrx_word' id='word_1_672' title='bbox 3001 2879 3067 2920; x_wconf 80' lang='lat' dir='ltr'><strong><em>ex</em></strong></span> <span class='ocrx_word' id='word_1_673' title='bbox 3096 2864 3262 2936; x_wconf 80' lang='lat' dir='ltr'><strong><em>epist.</em></strong></span> <span class='ocrx_word' id='word_1_674' title='bbox 3296 2865 3367 2922; x_wconf 67' lang='lat'><strong>34</strong></span> <span class='ocrx_word' id='word_1_675' title='bbox 3397 2867 3464 2922; x_wconf 80' lang='lat' dir='ltr'><strong><em>ad</em></strong></span> 
     </span>
    </p>
   </div>
   <div class='ocr_carea' id='block_1_87' title="bbox 1859 2951 3467 3031">
    <p class='ocr_par' dir='ltr' id='par_1_87' title="bbox 1859 2951 3467 3031">
     <span class='ocr_line' id='line_1_87' title="bbox 1859 2951 3467 3031; baseline 0.006 -23"><span class='ocrx_word' id='word_1_676' title='bbox 1859 2951 2188 3019; x_wconf 70' lang='lat' dir='ltr'><strong><em>Marcellam,</em></strong></span> <span class='ocrx_word' id='word_1_677' title='bbox 2216 2956 2530 3026; x_wconf 74' lang='lat' dir='ltr'><strong><em>temporibus</em></strong></span> <span class='ocrx_word' id='word_1_678' title='bbox 2553 2956 2660 3011; x_wconf 85' lang='lat' dir='ltr'><strong><em>suis</em></strong></span> <span class='ocrx_word' id='word_1_679' title='bbox 2685 2957 3082 3024; x_wconf 77' lang='lat' dir='ltr'><strong><em>disertissimus,</em></strong></span> <span class='ocrx_word' id='word_1_680' title='bbox 3109 2969 3158 3015; x_wconf 84' lang='lat' dir='ltr'><strong><em>et</em></strong></span> <span class='ocrx_word' id='word_1_681' title='bbox 3186 2960 3467 3031; x_wconf 75' lang='lat' dir='ltr'><strong><em>confessio-</em></strong></span> 
     </span>
    </p>
   </div>
   <div class='ocr_carea' id='block_1_88' title="bbox 1857 3048 3466 3124">
    <p class='ocr_par' dir='ltr' id='par_1_88' title="bbox 1857 3048 3466 3124">
     <span class='ocr_line' id='line_1_88' title="bbox 1857 3048 3466 3124; baseline 0.006 -24"><span class='ocrx_word' id='word_1_682' title='bbox 1857 3048 1938 3101; x_wconf 77' lang='lat' dir='ltr'><strong><em>nis</em></strong></span> <span class='ocrx_word' id='word_1_683' title='bbox 1960 3049 2142 3103; x_wconf 81' lang='lat' dir='ltr'><strong><em>merito</em></strong></span> <span class='ocrx_word' id='word_1_684' title='bbox 2167 3059 2216 3103; x_wconf 83' lang='lat' dir='ltr'><strong><em>et</em></strong></span> <span class='ocrx_word' id='word_1_685' title='bbox 2237 3050 2356 3104; x_wconf 58' lang='lat' dir='ltr'><strong><em>ultre</em></strong></span> <span class='ocrx_word' id='word_1_686' title='bbox 2376 3049 2640 3110; x_wconf 81' lang='lat' dir='ltr'><strong><em>industria</em></strong></span> <span class='ocrx_word' id='word_1_687' title='bbox 2667 3059 2716 3105; x_wconf 80' lang='lat' dir='ltr'><strong><em>et</em></strong></span> <span class='ocrx_word' id='word_1_688' title='bbox 2739 3051 3047 3122; x_wconf 72' lang='lat' dir='ltr'><strong><em>eloquentia:</em></strong></span> <span class='ocrx_word' id='word_1_689' title='bbox 3067 3055 3322 3124; x_wconf 81' lang='lat' dir='ltr'><strong><em>claritate,</em></strong></span> <span class='ocrx_word' id='word_1_690' title='bbox 3352 3055 3466 3110; x_wconf 70' lang='grc' dir='ltr'>ιιόὶ-</span> 
     </span>
    </p>
   </div>
   <div class='ocr_carea' id='block_1_89' title="bbox 1860 3142 3208 3216">
    <p class='ocr_par' dir='ltr' id='par_1_89' title="bbox 1860 3142 3208 3216">
     <span class='ocr_line' id='line_1_89' title="bbox 1860 3142 3208 3216; baseline 0.006 -21"><span class='ocrx_word' id='word_1_691' title='bbox 1860 3157 2078 3212; x_wconf 77' lang='lat' dir='ltr'><strong><em>cumque</em></strong></span> <span class='ocrx_word' id='word_1_692' title='bbox 2104 3142 2404 3197; x_wconf 80' lang='lat' dir='ltr'><strong><em>Romanum</em></strong></span> <span class='ocrx_word' id='word_1_693' title='bbox 2430 3160 2612 3199; x_wconf 79' lang='lat' dir='ltr'><strong><em>nomen</em></strong></span> <span class='ocrx_word' id='word_1_694' title='bbox 2640 3155 2716 3200; x_wconf 85' lang='lat' dir='ltr'><strong><em>est</em></strong></span> <span class='ocrx_word' id='word_1_695' title='bbox 2740 3185 2756 3214; x_wconf 91' lang='lat'><strong><em>,</em></strong></span> <span class='ocrx_word' id='word_1_696' title='bbox 2787 3148 3208 3216; x_wconf 71' lang='lat' dir='ltr'><strong><em>pradicabatur?</em></strong></span> 
     </span>
    </p>
   </div>
   <div class='ocr_carea' id='block_1_90' title="bbox 2018 3279 3235 3359">
    <p class='ocr_par' dir='ltr' id='par_1_90' title="bbox 2018 3279 3235 3359">
     <span class='ocr_line' id='line_1_90' title="bbox 2018 3279 3235 3359; baseline 0.004 -21"><span class='ocrx_word' id='word_1_697' title='bbox 2018 3279 2223 3358; x_wconf 74' lang='lat' dir='ltr'><strong><em>[xur]§</em></strong></span> <span class='ocrx_word' id='word_1_698' title='bbox 2262 3281 2350 3338; x_wconf 88' lang='lat' dir='ltr'><strong><em>lll.</em></strong></span> <span class='ocrx_word' id='word_1_699' title='bbox 2387 3313 2459 3325; x_wconf 89' lang='lat'><strong><em>-—</em></strong></span> <span class='ocrx_word' id='word_1_700' title='bbox 2490 3283 2622 3338; x_wconf 74' lang='lat' dir='ltr'><strong><em>Alia:</em></strong></span> <span class='ocrx_word' id='word_1_701' title='bbox 2652 3284 2959 3359; x_wconf 86' lang='lat' dir='ltr'><strong><em>objectioncs</em></strong></span> <span class='ocrx_word' id='word_1_702' title='bbox 2987 3289 3235 3358; x_wconf 66' lang='lat' dir='ltr'><strong><em>explosit.</em></strong></span> 
     </span>
    </p>
   </div>
   <div class='ocr_carea' id='block_1_91' title="bbox 1942 3421 3469 3494">
    <p class='ocr_par' dir='ltr' id='par_1_91' title="bbox 1942 3421 3469 3494">
     <span class='ocr_line' id='line_1_91' title="bbox 1942 3421 3469 3494; baseline 0.002 -16"><span class='ocrx_word' id='word_1_703' title='bbox 1942 3423 2060 3478; x_wconf 86' lang='lat' dir='ltr'><strong><em>Alia</em></strong></span> <span class='ocrx_word' id='word_1_704' title='bbox 2101 3423 2187 3478; x_wconf 88' lang='lat' dir='ltr'><strong><em>hic</em></strong></span> <span class='ocrx_word' id='word_1_705' title='bbox 2212 3422 2453 3492; x_wconf 81' lang='lat' dir='ltr'><strong><em>objectio</em></strong></span> <span class='ocrx_word' id='word_1_706' title='bbox 2492 3421 2746 3480; x_wconf 85' lang='lat' dir='ltr'><strong><em>diluenda</em></strong></span> <span class='ocrx_word' id='word_1_707' title='bbox 2795 3433 2900 3491; x_wconf 84' lang='lat' dir='ltr'><strong><em>est,</em></strong></span> <span class='ocrx_word' id='word_1_708' title='bbox 2928 3440 3054 3494; x_wconf 75' lang='lat' dir='ltr'><strong><em>qua:</em></strong></span> <span class='ocrx_word' id='word_1_709' title='bbox 3081 3441 3202 3480; x_wconf 88' lang='lat' dir='ltr'><strong><em>cum</em></strong></span> <span class='ocrx_word' id='word_1_710' title='bbox 3232 3427 3469 3484; x_wconf 74' lang='lat' dir='ltr'><strong><em>varieta-</em></strong></span> 
     </span>
    </p>
   </div>
   <div class='ocr_carea' id='block_1_92' title="bbox 1856 3517 3466 3586">
    <p class='ocr_par' dir='ltr' id='par_1_92' title="bbox 1856 3517 3466 3586">
     <span class='ocr_line' id='line_1_92' title="bbox 1856 3517 3466 3586; baseline 0.004 -14"><span class='ocrx_word' id='word_1_711' title='bbox 1856 3525 1967 3572; x_wconf 77' lang='lat' dir='ltr'><strong><em>tem</em></strong></span> <span class='ocrx_word' id='word_1_712' title='bbox 1999 3518 2289 3586; x_wconf 83' lang='lat' dir='ltr'><strong><em>quamdam</em></strong></span> <span class='ocrx_word' id='word_1_713' title='bbox 2330 3517 2612 3572; x_wconf 75' lang='lat' dir='ltr'><strong><em>mirificam</em></strong></span> <span class='ocrx_word' id='word_1_714' title='bbox 2668 3519 2720 3572; x_wconf 90' lang='lat' dir='ltr'><strong><em>in</em></strong></span> <span class='ocrx_word' id='word_1_715' title='bbox 2763 3520 2928 3578; x_wconf 69' lang='lat' dir='ltr'><strong><em>bis-ce.</em></strong></span> <span class='ocrx_word' id='word_1_716' title='bbox 2968 3534 3097 3576; x_wconf 72' lang='lat' dir='ltr'><strong><em>XCIII</em></strong></span> <span class='ocrx_word' id='word_1_717' title='bbox 3139 3523 3466 3584; x_wconf 83' lang='lat' dir='ltr'><strong><em>tractatibus</em></strong></span> 
     </span>
    </p>
   </div>
   <div class='ocr_carea' id='block_1_93' title="bbox 1856 3608 3466 3681">
    <p class='ocr_par' dir='ltr' id='par_1_93' title="bbox 1856 3608 3466 3681">
     <span class='ocr_line' id='line_1_93' title="bbox 1856 3608 3466 3681; baseline 0.001 -15"><span class='ocrx_word' id='word_1_718' title='bbox 1856 3618 2171 3680; x_wconf 71' lang='lat' dir='ltr'><strong><em>eaaggeret,</em></strong></span> <span class='ocrx_word' id='word_1_719' title='bbox 2204 3608 2385 3665; x_wconf 84' lang='lat' dir='ltr'><strong><em>varios</em></strong></span> <span class='ocrx_word' id='word_1_720' title='bbox 2421 3621 2678 3668; x_wconf 85' lang='lat' dir='ltr'><strong><em>auctores</em></strong></span> <span class='ocrx_word' id='word_1_721' title='bbox 2705 3626 2936 3681; x_wconf 77' lang='lat' dir='ltr'><strong><em>arguere</em></strong></span> <span class='ocrx_word' id='word_1_722' title='bbox 2964 3612 3199 3668; x_wconf 84' lang='lat' dir='ltr'><strong><em>videtr.</em></strong></span> <span class='ocrx_word' id='word_1_723' title='bbox 3225 3613 3466 3680; x_wconf 82' lang='lat' dir='ltr'><strong><em>Quibus-</em></strong></span> 
     </span>
    </p>
   </div>
   <div class='ocr_carea' id='block_1_94' title="bbox 1857 3703 3468 3774">
    <p class='ocr_par' dir='ltr' id='par_1_94' title="bbox 1857 3703 3468 3774">
     <span class='ocr_line' id='line_1_94' title="bbox 1857 3703 3468 3774; baseline 0.002 -14"><span class='ocrx_word' id='word_1_724' title='bbox 1857 3703 1983 3760; x_wconf 86' lang='lat' dir='ltr'><strong><em>dam</em></strong></span> <span class='ocrx_word' id='word_1_725' title='bbox 2041 3705 2296 3759; x_wconf 80' lang='lat' dir='ltr'><strong><em>nimirum</em></strong></span> <span class='ocrx_word' id='word_1_726' title='bbox 2336 3705 2544 3760; x_wconf 80' lang='lat' dir='ltr'><strong><em>criticis</em></strong></span> <span class='ocrx_word' id='word_1_727' title='bbox 2598 3706 2771 3760; x_wconf 80' lang='lat' dir='ltr'><strong><em>visum</em></strong></span> <span class='ocrx_word' id='word_1_728' title='bbox 2815 3715 2934 3774; x_wconf 82' lang='lat' dir='ltr'><strong><em>est,</em></strong></span> <span class='ocrx_word' id='word_1_729' title='bbox 2967 3705 3120 3763; x_wconf 69' lang='lat' dir='ltr'><strong><em>hisce</em></strong></span> <span class='ocrx_word' id='word_1_730' title='bbox 3149 3707 3468 3764; x_wconf 71' lang='lat' dir='ltr'><strong><em>tractatibus</em></strong></span> 
     </span>
    </p>
   </div>
   <div class='ocr_carea' id='block_1_95' title="bbox 1821 3797 3467 3874">
    <p class='ocr_par' dir='ltr' id='par_1_95' title="bbox 1821 3797 3467 3874">
     <span class='ocr_line' id='line_1_95' title="bbox 1821 3797 3467 3874; baseline 0.005 -22"><span class='ocrx_word' id='word_1_731' title='bbox 1821 3797 1830 3805; x_wconf 85' lang='grc'><em>”</em></span> <span class='ocrx_word' id='word_1_732' title='bbox 1858 3799 1991 3853; x_wconf 75' lang='lat' dir='ltr'><strong><em>nihil</em></strong></span> <span class='ocrx_word' id='word_1_733' title='bbox 2017 3814 2145 3854; x_wconf 78' lang='lat' dir='ltr'><strong><em>esse</em></strong></span> <span class='ocrx_word' id='word_1_734' title='bbox 2180 3799 2522 3870; x_wconf 68' lang='lat' dir='ltr'><strong><em>inaequalius.</em></strong></span> <span class='ocrx_word' id='word_1_735' title='bbox 2547 3799 2652 3856; x_wconf 82' lang='lat' dir='ltr'><strong><em>Alii</em></strong></span> <span class='ocrx_word' id='word_1_736' title='bbox 2683 3800 2856 3870; x_wconf 85' lang='lat' dir='ltr'><strong><em>longi,</em></strong></span> <span class='ocrx_word' id='word_1_737' title='bbox 2897 3801 2988 3856; x_wconf 79' lang='lat' dir='ltr'><strong><em>alii</em></strong></span> <span class='ocrx_word' id='word_1_738' title='bbox 3031 3802 3239 3867; x_wconf 83' lang='lat' dir='ltr'><strong><em>breves,</em></strong></span> <span class='ocrx_word' id='word_1_739' title='bbox 3277 3804 3467 3874; x_wconf 76' lang='lat' dir='ltr'><strong><em>plures</em></strong></span> 
     </span>
    </p>
   </div>
   <div class='ocr_carea' id='block_1_96' title="bbox 1859 3895 3466 3970">
    <p class='ocr_par' dir='ltr' id='par_1_96' title="bbox 1859 3895 3466 3970">
     <span class='ocr_line' id='line_1_96' title="bbox 1859 3895 3466 3970; baseline 0.001 -18"><span class='ocrx_word' id='word_1_740' title='bbox 1859 3899 2095 3970; x_wconf 82' lang='lat' dir='ltr'><strong><em>repetiti,</em></strong></span> <span class='ocrx_word' id='word_1_741' title='bbox 2122 3897 2211 3952; x_wconf 87' lang='lat' dir='ltr'><strong><em>alii</em></strong></span> <span class='ocrx_word' id='word_1_742' title='bbox 2243 3896 2400 3961; x_wconf 85' lang='lat' dir='ltr'><strong><em>clari,</em></strong></span> <span class='ocrx_word' id='word_1_743' title='bbox 2431 3895 2653 3952; x_wconf 81' lang='lat' dir='ltr'><strong><em>obscuri</em></strong></span> <span class='ocrx_word' id='word_1_744' title='bbox 2680 3897 2804 3965; x_wconf 85' lang='lat' dir='ltr'><strong><em>alii;</em></strong></span> <span class='ocrx_word' id='word_1_745' title='bbox 2826 3907 2881 3952; x_wconf 87' lang='lat' dir='ltr'><strong><em>et</em></strong></span> <span class='ocrx_word' id='word_1_746' title='bbox 2904 3897 3166 3966; x_wconf 81' lang='lat' dir='ltr'><strong><em>aninius</em></strong></span> <span class='ocrx_word' id='word_1_747' title='bbox 3187 3899 3466 3970; x_wconf 84' lang='lat' dir='ltr'><strong><em>longiores</em></strong></span> 
     </span>
    </p>
   </div>
   <div class='ocr_carea' id='block_1_97' title="bbox 1857 3991 3466 4057">
    <p class='ocr_par' dir='ltr' id='par_1_97' title="bbox 1857 3991 3466 4057">
     <span class='ocr_line' id='line_1_97' title="bbox 1857 3991 3466 4057; baseline 0.003 -14"><span class='ocrx_word' id='word_1_748' title='bbox 1857 4003 1888 4043; x_wconf 78' lang='grc' dir='ltr'><strong>ο</strong></span> <span class='ocrx_word' id='word_1_749' title='bbox 1915 3991 2122 4048; x_wconf 67' lang='lat' dir='ltr'><strong><em>Graecis</em></strong></span> <span class='ocrx_word' id='word_1_750' title='bbox 2153 3991 2456 4057; x_wconf 84' lang='lat' dir='ltr'><strong><em>traductos,</em></strong></span> <span class='ocrx_word' id='word_1_751' title='bbox 2489 3993 2682 4048; x_wconf 78' lang='lat' dir='ltr'><strong><em>breves</em></strong></span> <span class='ocrx_word' id='word_1_752' title='bbox 2707 4002 2890 4048; x_wconf 81' lang='lat' dir='ltr'><strong><em>autem</em></strong></span> <span class='ocrx_word' id='word_1_753' title='bbox 2905 4007 2976 4048; x_wconf 78' lang='lat' dir='ltr'><strong><em>ex</em></strong></span> <span class='ocrx_word' id='word_1_754' title='bbox 3007 3991 3212 4047; x_wconf 82' lang='lat' dir='ltr'><strong><em>Latinis</em></strong></span> <span class='ocrx_word' id='word_1_755' title='bbox 3234 3992 3466 4048; x_wconf 82' lang='lat' dir='ltr'><strong><em>auctori-</em></strong></span> 
     </span>
    </p>
   </div>
   <div class='ocr_carea' id='block_1_98' title="bbox 1859 4081 3459 4156">
    <p class='ocr_par' dir='ltr' id='par_1_98' title="bbox 1859 4081 3459 4156">
     <span class='ocr_line' id='line_1_98' title="bbox 1859 4081 3459 4156; baseline 0.004 -22"><span class='ocrx_word' id='word_1_756' title='bbox 1859 4081 1961 4135; x_wconf 91' lang='lat' dir='ltr'><strong><em>bus</em></strong></span> <span class='ocrx_word' id='word_1_757' title='bbox 1993 4093 2050 4136; x_wconf 89' lang='lat' dir='ltr'><strong><em>et</em></strong></span> <span class='ocrx_word' id='word_1_758' title='bbox 2087 4082 2436 4141; x_wconf 83' lang='lat' dir='ltr'><strong><em>homiliarnm</em></strong></span> <span class='ocrx_word' id='word_1_759' title='bbox 2472 4085 2792 4156; x_wconf 85' lang='lat' dir='ltr'><strong><em>fragmentis</em></strong></span> <span class='ocrx_word' id='word_1_760' title='bbox 2829 4093 3146 4154; x_wconf 80' lang='lat' dir='ltr'><strong><em>cotupactos</em></strong></span> <span class='ocrx_word' id='word_1_761' title='bbox 3173 4083 3459 4154; x_wconf 78' lang='lat' dir='ltr'><strong><em>judicavit.</em></strong></span> 
     </span>
    </p>
   </div>
   <div class='ocr_carea' id='block_1_99' title="bbox 1858 4176 3461 4252">
    <p class='ocr_par' dir='ltr' id='par_1_99' title="bbox 1858 4176 3461 4252">
     <span class='ocr_line' id='line_1_99' title="bbox 1858 4176 3461 4252; baseline 0.005 -23"><span class='ocrx_word' id='word_1_762' title='bbox 1858 4178 1930 4229; x_wconf 76' lang='lat' dir='ltr'><strong><em>At</em></strong></span> <span class='ocrx_word' id='word_1_763' title='bbox 1951 4176 2019 4232; x_wconf 90' lang='lat' dir='ltr'><strong><em>de</em></strong></span> <span class='ocrx_word' id='word_1_764' title='bbox 2050 4177 2317 4234; x_wconf 85' lang='lat' dir='ltr'><strong><em>brevitate</em></strong></span> <span class='ocrx_word' id='word_1_765' title='bbox 2340 4180 2595 4247; x_wconf 86' lang='lat' dir='ltr'><strong><em>aliorum,</em></strong></span> <span class='ocrx_word' id='word_1_766' title='bbox 2636 4181 2725 4237; x_wconf 91' lang='lat' dir='ltr'><strong><em>vel</em></strong></span> <span class='ocrx_word' id='word_1_767' title='bbox 2769 4179 3104 4252; x_wconf 86' lang='lat' dir='ltr'><strong><em>longitudine</em></strong></span> <span class='ocrx_word' id='word_1_768' title='bbox 3143 4181 3186 4234; x_wconf 88' lang='lat' dir='ltr'><strong><em>si</em></strong></span> <span class='ocrx_word' id='word_1_769' title='bbox 3211 4181 3337 4250; x_wconf 87' lang='lat' dir='ltr'><strong><em>quis</em></strong></span> <span class='ocrx_word' id='word_1_770' title='bbox 3363 4196 3461 4238; x_wconf 82' lang='lat' dir='ltr'><strong><em>ur-</em></strong></span> 
     </span>
    </p>
   </div>
   <div class='ocr_carea' id='block_1_100' title="bbox 1856 4271 3458 4343">
    <p class='ocr_par' dir='ltr' id='par_1_100' title="bbox 1856 4271 3458 4343">
     <span class='ocr_line' id='line_1_100' title="bbox 1856 4271 3458 4343; baseline 0.007 -20"><span class='ocrx_word' id='word_1_771' title='bbox 1856 4281 2002 4340; x_wconf 85' lang='lat' dir='ltr'><strong><em>geat,</em></strong></span> <span class='ocrx_word' id='word_1_772' title='bbox 2021 4273 2282 4343; x_wconf 83' lang='lat' dir='ltr'><strong><em>numquid</em></strong></span> <span class='ocrx_word' id='word_1_773' title='bbox 2310 4274 2361 4329; x_wconf 83' lang='lat' dir='ltr'><strong><em>id</em></strong></span> <span class='ocrx_word' id='word_1_774' title='bbox 2385 4274 2634 4331; x_wconf 85' lang='lat' dir='ltr'><strong><em>diversos</em></strong></span> <span class='ocrx_word' id='word_1_775' title='bbox 2664 4288 2918 4331; x_wconf 85' lang='lat' dir='ltr'><strong><em>auctores</em></strong></span> <span class='ocrx_word' id='word_1_776' title='bbox 2937 4277 3122 4332; x_wconf 82' lang='lat' dir='ltr'><strong><em>statuit</em></strong></span> <span class='ocrx_word' id='word_1_777' title='bbox 3142 4277 3166 4331; x_wconf 86' lang='lat'><strong>?</strong></span> <span class='ocrx_word' id='word_1_778' title='bbox 3184 4271 3377 4334; x_wconf 79' lang='lat' dir='ltr'><strong><em>Nonne</em></strong></span> <span class='ocrx_word' id='word_1_779' title='bbox 3395 4280 3458 4335; x_wconf 84' lang='lat' dir='ltr'><strong><em>S.</em></strong></span> 
     </span>
    </p>
   </div>
   <div class='ocr_carea' id='block_1_101' title="bbox 1858 4362 3460 4442">
    <p class='ocr_par' dir='ltr' id='par_1_101' title="bbox 1858 4362 3460 4442">
     <span class='ocr_line' id='line_1_101' title="bbox 1858 4362 3460 4442; baseline 0.007 -24"><span class='ocrx_word' id='word_1_780' title='bbox 1858 4362 2006 4430; x_wconf 88' lang='lat' dir='ltr'><strong><em>Leo,</em></strong></span> <span class='ocrx_word' id='word_1_781' title='bbox 2046 4366 2138 4434; x_wconf 86' lang='lat' dir='ltr'><strong><em>qui</em></strong></span> <span class='ocrx_word' id='word_1_782' title='bbox 2169 4379 2457 4423; x_wconf 87' lang='lat' dir='ltr'><strong><em>sermones</em></strong></span> <span class='ocrx_word' id='word_1_783' title='bbox 2501 4370 2633 4425; x_wconf 86' lang='lat' dir='ltr'><strong><em>satis</em></strong></span> <span class='ocrx_word' id='word_1_784' title='bbox 2681 4367 2930 4440; x_wconf 81' lang='lat' dir='ltr'><strong><em>prolixos</em></strong></span> <span class='ocrx_word' id='word_1_785' title='bbox 2979 4371 3165 4441; x_wconf 85' lang='lat' dir='ltr'><strong><em>plures</em></strong></span> <span class='ocrx_word' id='word_1_786' title='bbox 3216 4373 3460 4442; x_wconf 79' lang='lat' dir='ltr'><strong><em>scripsit,</em></strong></span> 
     </span>
    </p>
   </div>
   <div class='ocr_carea' id='block_1_102' title="bbox 1858 4458 3463 4534">
    <p class='ocr_par' dir='ltr' id='par_1_102' title="bbox 1858 4458 3463 4534">
     <span class='ocr_line' id='line_1_102' title="bbox 1858 4458 3463 4534; baseline 0.009 -21"><span class='ocrx_word' id='word_1_787' title='bbox 1858 4458 2052 4515; x_wconf 84' lang='lat' dir='ltr'><strong><em>breves</em></strong></span> <span class='ocrx_word' id='word_1_788' title='bbox 2071 4461 2261 4527; x_wconf 87' lang='lat' dir='ltr'><strong><em>etiam,</em></strong></span> <span class='ocrx_word' id='word_1_789' title='bbox 2280 4471 2340 4518; x_wconf 89' lang='lat' dir='ltr'><strong><em>et</em></strong></span> <span class='ocrx_word' id='word_1_790' title='bbox 2360 4465 2565 4519; x_wconf 81' lang='lat' dir='ltr'><strong><em>auctori</em></strong></span> <span class='ocrx_word' id='word_1_791' title='bbox 2591 4476 2779 4521; x_wconf 83' lang='lat' dir='ltr'><strong><em>nostro</em></strong></span> <span class='ocrx_word' id='word_1_792' title='bbox 2799 4467 2912 4521; x_wconf 85' lang='lat' dir='ltr'><strong><em>lere</em></strong></span> <span class='ocrx_word' id='word_1_793' title='bbox 2935 4481 3091 4534; x_wconf 84' lang='lat' dir='ltr'><strong><em>pares</em></strong></span> <span class='ocrx_word' id='word_1_794' title='bbox 3115 4468 3277 4523; x_wconf 85' lang='lat' dir='ltr'><strong><em>habet</em></strong></span> <span class='ocrx_word' id='word_1_795' title='bbox 3291 4469 3317 4523; x_wconf 77' lang='lat' dir='ltr'><strong><em>l</em></strong></span> <span class='ocrx_word' id='word_1_796' title='bbox 3337 4469 3463 4527; x_wconf 82' lang='lat' dir='ltr'><strong><em>vide</em></strong></span> 
     </span>
    </p>
   </div>
   <div class='ocr_carea' id='block_1_103' title="bbox 1858 4555 3459 4631">
    <p class='ocr_par' dir='ltr' id='par_1_103' title="bbox 1858 4555 3459 4631">
     <span class='ocr_line' id='line_1_103' title="bbox 1858 4555 3459 4631; baseline 0.009 -25"><span class='ocrx_word' id='word_1_797' title='bbox 1858 4567 2022 4609; x_wconf 89' lang='lat' dir='ltr'><strong><em>serm.</em></strong></span> <span class='ocrx_word' id='word_1_798' title='bbox 2054 4555 2108 4618; x_wconf 83' lang='lat'><strong><em>6,</em></strong></span> <span class='ocrx_word' id='word_1_799' title='bbox 2137 4555 2193 4618; x_wconf 88' lang='lat'><strong><em>6,</em></strong></span> <span class='ocrx_word' id='word_1_800' title='bbox 2229 4555 2260 4610; x_wconf 86' lang='lat'><strong><em>7</em></strong></span> <span class='ocrx_word' id='word_1_801' title='bbox 2287 4565 2344 4612; x_wconf 89' lang='lat' dir='ltr'><strong><em>et</em></strong></span> <span class='ocrx_word' id='word_1_802' title='bbox 2376 4556 2463 4611; x_wconf 69' lang='grc'><strong><em>13.</em></strong></span> <span class='ocrx_word' id='word_1_803' title='bbox 2495 4556 2687 4615; x_wconf 73' lang='lat' dir='ltr'><strong><em>Nomio</em></strong></span> <span class='ocrx_word' id='word_1_804' title='bbox 2717 4559 2908 4614; x_wconf 87' lang='lat' dir='ltr'><strong><em>breves</em></strong></span> <span class='ocrx_word' id='word_1_805' title='bbox 2947 4558 3079 4614; x_wconf 89' lang='lat' dir='ltr'><strong><em>item</em></strong></span> <span class='ocrx_word' id='word_1_806' title='bbox 3127 4561 3380 4631; x_wconf 88' lang='lat' dir='ltr'><strong><em>leguntur</em></strong></span> <span class='ocrx_word' id='word_1_807' title='bbox 3405 4565 3459 4620; x_wconf 82' lang='lat' dir='ltr'><strong><em>in</em></strong></span> 
     </span>
    </p>
   </div>
   <div class='ocr_carea' id='block_1_104' title="bbox 1857 4648 3463 4725">
    <p class='ocr_par' dir='ltr' id='par_1_104' title="bbox 1857 4648 3463 4725">
     <span class='ocr_line' id='line_1_104' title="bbox 1857 4648 3463 4725; baseline 0.007 -23"><span class='ocrx_word' id='word_1_808' title='bbox 1857 4648 2182 4717; x_wconf 81' lang='lat' dir='ltr'><strong><em>Augustino,</em></strong></span> <span class='ocrx_word' id='word_1_809' title='bbox 2231 4651 2323 4720; x_wconf 90' lang='lat' dir='ltr'><strong><em>qui</em></strong></span> <span class='ocrx_word' id='word_1_810' title='bbox 2347 4652 2638 4721; x_wconf 67' lang='lat' dir='ltr'><strong><em>ceteroqui</em></strong></span> <span class='ocrx_word' id='word_1_811' title='bbox 2671 4651 2864 4721; x_wconf 82' lang='lat' dir='ltr'><strong><em>longos</em></strong></span> <span class='ocrx_word' id='word_1_812' title='bbox 2893 4652 3183 4725; x_wconf 86' lang='lat' dir='ltr'><strong><em>plerosque</em></strong></span> <span class='ocrx_word' id='word_1_813' title='bbox 3205 4656 3463 4714; x_wconf 73' lang='lat' dir='ltr'><strong><em>lucubrao</em></strong></span> 
     </span>
    </p>
   </div>
   <div class='ocr_carea' id='block_1_105' title="bbox 1858 4743 3460 4822">
    <p class='ocr_par' dir='ltr' id='par_1_105' title="bbox 1858 4743 3460 4822">
     <span class='ocr_line' id='line_1_105' title="bbox 1858 4743 3460 4822; baseline 0.007 -25"><span class='ocrx_word' id='word_1_814' title='bbox 1858 4745 1974 4798; x_wconf 82' lang='lat' dir='ltr'><strong><em>vit?</em></strong></span> <span class='ocrx_word' id='word_1_815' title='bbox 2003 4744 2155 4800; x_wconf 75' lang='lat' dir='ltr'><strong><em>Dicet</em></strong></span> <span class='ocrx_word' id='word_1_816' title='bbox 2199 4743 2434 4801; x_wconf 73' lang='lat' dir='ltr'><strong><em>fortasse</em></strong></span> <span class='ocrx_word' id='word_1_817' title='bbox 2457 4746 2752 4818; x_wconf 86' lang='lat' dir='ltr'><strong><em>quispiam,</em></strong></span> <span class='ocrx_word' id='word_1_818' title='bbox 2783 4746 2924 4803; x_wconf 83' lang='lat' dir='ltr'><strong><em>adeo</em></strong></span> <span class='ocrx_word' id='word_1_819' title='bbox 2972 4746 3166 4806; x_wconf 71' lang='lat' dir='ltr'><strong><em>breves</em></strong></span> <span class='ocrx_word' id='word_1_820' title='bbox 3187 4791 3202 4817; x_wconf 93' lang='lat'><strong><em>,</em></strong></span> <span class='ocrx_word' id='word_1_821' title='bbox 3233 4744 3460 4822; x_wconf 24' lang='lat' dir='ltr'><strong><em>uti‘quin</em></strong></span> 
     </span>
    </p>
   </div>
   <div class='ocr_carea' id='block_1_106' title="bbox 1855 4837 3461 4914">
    <p class='ocr_par' dir='ltr' id='par_1_106' title="bbox 1855 4837 3461 4914">
     <span class='ocr_line' id='line_1_106' title="bbox 1855 4837 3461 4914; baseline 0.006 -23"><span class='ocrx_word' id='word_1_822' title='bbox 1855 4837 1979 4892; x_wconf 80' lang='lat' dir='ltr'><strong><em>dam</em></strong></span> <span class='ocrx_word' id='word_1_823' title='bbox 2007 4853 2071 4892; x_wconf 75' lang='lat' dir='ltr'><strong><em>ru</em></strong></span> <span class='ocrx_word' id='word_1_824' title='bbox 2107 4838 2311 4894; x_wconf 84' lang='lat' dir='ltr'><strong><em>nostris</em></strong></span> <span class='ocrx_word' id='word_1_825' title='bbox 2335 4851 2464 4894; x_wconf 89' lang='lat' dir='ltr'><strong><em>sunt</em></strong></span> <span class='ocrx_word' id='word_1_826' title='bbox 2485 4881 2500 4904; x_wconf 93' lang='lat'><strong><em>,</em></strong></span> <span class='ocrx_word' id='word_1_827' title='bbox 2538 4840 2687 4896; x_wconf 88' lang='lat' dir='ltr'><strong><em>nullo</em></strong></span> <span class='ocrx_word' id='word_1_828' title='bbox 2711 4840 2823 4895; x_wconf 85' lang='lat' dir='ltr'><strong><em>alio</em></strong></span> <span class='ocrx_word' id='word_1_829' title='bbox 2855 4843 3112 4914; x_wconf 71' lang='lat' dir='ltr'><strong><em>exemplo</em></strong></span> <span class='ocrx_word' id='word_1_830' title='bbox 3138 4844 3348 4914; x_wconf 84' lang='lat' dir='ltr'><strong><em>uspiam</em></strong></span> <span class='ocrx_word' id='word_1_831' title='bbox 3373 4859 3461 4900; x_wconf 79' lang='lat' dir='ltr'><strong><em>re-</em></strong></span> 
     </span>
    </p>
   </div>
   <div class='ocr_carea' id='block_1_107' title="bbox 1857 4931 3461 5006">
    <p class='ocr_par' dir='ltr' id='par_1_107' title="bbox 1857 4931 3461 5006">
     <span class='ocr_line' id='line_1_107' title="bbox 1857 4931 3461 5006; baseline 0.006 -22"><span class='ocrx_word' id='word_1_832' title='bbox 1857 4933 2042 5001; x_wconf 83' lang='lat' dir='ltr'><strong><em>periri.</em></strong></span> <span class='ocrx_word' id='word_1_833' title='bbox 2075 4931 2216 5000; x_wconf 84' lang='lat' dir='ltr'><strong><em>Quid</em></strong></span> <span class='ocrx_word' id='word_1_834' title='bbox 2265 4934 2439 5002; x_wconf 71' lang='lat' dir='ltr'><strong><em>ergo?</em></strong></span> <span class='ocrx_word' id='word_1_835' title='bbox 2487 4933 2600 4988; x_wconf 87' lang='lat' dir='ltr'><strong><em>Hoc</em></strong></span> <span class='ocrx_word' id='word_1_836' title='bbox 2629 4934 2677 4988; x_wconf 89' lang='lat' dir='ltr'><strong><em>si</em></strong></span> <span class='ocrx_word' id='word_1_837' title='bbox 2703 4933 2834 5003; x_wconf 78' lang='lat' dir='ltr'><strong><em>quid</em></strong></span> <span class='ocrx_word' id='word_1_838' title='bbox 2863 4932 3078 5004; x_wconf 85' lang='lat' dir='ltr'><strong><em>probat,</em></strong></span> <span class='ocrx_word' id='word_1_839' title='bbox 3109 4951 3223 4991; x_wconf 74' lang='lat' dir='ltr'><strong><em>non</em></strong></span> <span class='ocrx_word' id='word_1_840' title='bbox 3265 4937 3461 5006; x_wconf 78' lang='lat' dir='ltr'><strong><em>probat</em></strong></span> 
     </span>
    </p>
   </div>
   <div class='ocr_carea' id='block_1_108' title="bbox 1856 5024 3459 5092">
    <p class='ocr_par' dir='ltr' id='par_1_108' title="bbox 1856 5024 3459 5092">
     <span class='ocr_line' id='line_1_108' title="bbox 1856 5024 3459 5092; baseline 0.006 -14"><span class='ocrx_word' id='word_1_841' title='bbox 1856 5024 2032 5078; x_wconf 86' lang='lat' dir='ltr'><strong><em>solum</em></strong></span> <span class='ocrx_word' id='word_1_842' title='bbox 2066 5024 2192 5078; x_wconf 87' lang='lat' dir='ltr'><strong><em>illos</em></strong></span> <span class='ocrx_word' id='word_1_843' title='bbox 2221 5026 2391 5080; x_wconf 85' lang='lat' dir='ltr'><strong><em>nostri</em></strong></span> <span class='ocrx_word' id='word_1_844' title='bbox 2423 5026 2661 5081; x_wconf 83' lang='lat' dir='ltr'><strong><em>auctoris</em></strong></span> <span class='ocrx_word' id='word_1_845' title='bbox 2691 5040 2798 5080; x_wconf 86' lang='lat' dir='ltr'><strong><em>non</em></strong></span> <span class='ocrx_word' id='word_1_846' title='bbox 2824 5039 2970 5092; x_wconf 73' lang='lat' dir='ltr'><strong><em>esse,</em></strong></span> <span class='ocrx_word' id='word_1_847' title='bbox 2997 5025 3093 5082; x_wconf 85' lang='lat' dir='ltr'><strong><em>sed</em></strong></span> <span class='ocrx_word' id='word_1_848' title='bbox 3121 5028 3250 5082; x_wconf 76' lang='lat' dir='ltr'><strong><em>Iulli</em></strong></span> <span class='ocrx_word' id='word_1_849' title='bbox 3291 5033 3459 5087; x_wconf 77' lang='lat' dir='ltr'><strong><em>etiam</em></strong></span> 
     </span>
    </p>
   </div>
   <div class='ocr_carea' id='block_1_109' title="bbox 1859 5115 3461 5192">
    <p class='ocr_par' dir='ltr' id='par_1_109' title="bbox 1859 5115 3461 5192">
     <span class='ocr_line' id='line_1_109' title="bbox 1859 5115 3461 5192; baseline 0.006 -23"><span class='ocrx_word' id='word_1_850' title='bbox 1859 5116 2083 5184; x_wconf 75' lang='lat' dir='ltr'><strong><em>antiquo</em></strong></span> <span class='ocrx_word' id='word_1_851' title='bbox 2112 5115 2366 5186; x_wconf 84' lang='lat' dir='ltr'><strong><em>scriptori</em></strong></span> <span class='ocrx_word' id='word_1_852' title='bbox 2399 5117 2754 5175; x_wconf 80' lang='lat' dir='ltr'><strong><em>vindicandos</em></strong></span> <span class='ocrx_word' id='word_1_853' title='bbox 2771 5120 3006 5191; x_wconf 82' lang='lat' dir='ltr'><strong><em>probat;</em></strong></span> <span class='ocrx_word' id='word_1_854' title='bbox 3047 5135 3158 5192; x_wconf 85' lang='lat' dir='ltr'><strong><em>quo</em></strong></span> <span class='ocrx_word' id='word_1_855' title='bbox 3187 5121 3320 5178; x_wconf 82' lang='lat' dir='ltr'><strong><em>nihil</em></strong></span> <span class='ocrx_word' id='word_1_856' title='bbox 3349 5123 3461 5179; x_wconf 85' lang='lat' dir='ltr'><strong><em>dici</em></strong></span> 
     </span>
    </p>
   </div>
   <div class='ocr_carea' id='block_1_110' title="bbox 1859 5208 3462 5285">
    <p class='ocr_par' dir='ltr' id='par_1_110' title="bbox 1859 5208 3462 5285">
     <span class='ocr_line' id='line_1_110' title="bbox 1859 5208 3462 5285; baseline 0.006 -23"><span class='ocrx_word' id='word_1_857' title='bbox 1859 5215 2040 5277; x_wconf 84' lang='lat' dir='ltr'><strong><em>potest</em></strong></span> <span class='ocrx_word' id='word_1_858' title='bbox 2062 5208 2370 5265; x_wconf 83' lang='lat' dir='ltr'><strong><em>absurdius.</em></strong></span> <span class='ocrx_word' id='word_1_859' title='bbox 2403 5208 2538 5276; x_wconf 86' lang='lat' dir='ltr'><strong><em>Quis</em></strong></span> <span class='ocrx_word' id='word_1_860' title='bbox 2558 5209 2829 5274; x_wconf 82' lang='lat' dir='ltr'><strong><em>crederet,</em></strong></span> <span class='ocrx_word' id='word_1_861' title='bbox 2858 5210 2917 5266; x_wconf 77' lang='grc' dir='ltr'><strong>Β.</strong></span> <span class='ocrx_word' id='word_1_862' title='bbox 2939 5211 3206 5270; x_wconf 77' lang='lat' dir='ltr'><strong><em>Joannem</em></strong></span> <span class='ocrx_word' id='word_1_863' title='bbox 3238 5226 3462 5285; x_wconf 58' lang='lat' dir='ltr'><strong><em>apostov</em></strong></span> 
     </span>
    </p>
   </div>
   <div class='ocr_carea' id='block_1_111' title="bbox 1858 5301 3464 5373">
    <p class='ocr_par' dir='ltr' id='par_1_111' title="bbox 1858 5301 3464 5373">
     <span class='ocr_line' id='line_1_111' title="bbox 1858 5301 3464 5373; baseline 0.006 -17"><span class='ocrx_word' id='word_1_864' title='bbox 1858 5301 1968 5356; x_wconf 87' lang='lat' dir='ltr'><strong><em>lum</em></strong></span> <span class='ocrx_word' id='word_1_865' title='bbox 2006 5302 2116 5372; x_wconf 85' lang='lat' dir='ltr'><strong><em>jam</em></strong></span> <span class='ocrx_word' id='word_1_866' title='bbox 2169 5317 2384 5367; x_wconf 84' lang='lat' dir='ltr'><strong><em>senem,</em></strong></span> <span class='ocrx_word' id='word_1_867' title='bbox 2419 5305 2534 5372; x_wconf 87' lang='lat' dir='ltr'><strong><em>ipso</em></strong></span> <span class='ocrx_word' id='word_1_868' title='bbox 2580 5305 2738 5358; x_wconf 81' lang='lat' dir='ltr'><strong><em>senio</em></strong></span> <span class='ocrx_word' id='word_1_869' title='bbox 2780 5304 3135 5373; x_wconf 80' lang='lat' dir='ltr'><strong><em>impeditum,</em></strong></span> <span class='ocrx_word' id='word_1_870' title='bbox 3166 5309 3464 5366; x_wconf 79' lang='lat' dir='ltr'><strong><em>conciones</em></strong></span> 
     </span>
    </p>
   </div>
   <div class='ocr_carea' id='block_1_112' title="bbox 1859 5395 3465 5474">
    <p class='ocr_par' dir='ltr' id='par_1_112' title="bbox 1859 5395 3465 5474">
     <span class='ocr_line' id='line_1_112' title="bbox 1859 5395 3465 5474; baseline 0.006 -26"><span class='ocrx_word' id='word_1_871' title='bbox 1859 5395 2114 5451; x_wconf 81' lang='lat' dir='ltr'><strong><em>habuisse</em></strong></span> <span class='ocrx_word' id='word_1_872' title='bbox 2133 5407 2242 5450; x_wconf 89' lang='lat' dir='ltr'><strong><em>tam</em></strong></span> <span class='ocrx_word' id='word_1_873' title='bbox 2267 5397 2484 5461; x_wconf 81' lang='lat' dir='ltr'><strong><em>breves,</em></strong></span> <span class='ocrx_word' id='word_1_874' title='bbox 2512 5405 2572 5451; x_wconf 89' lang='lat' dir='ltr'><strong><em>ut</em></strong></span> <span class='ocrx_word' id='word_1_875' title='bbox 2589 5397 2798 5453; x_wconf 77' lang='lat' dir='ltr'><strong><em>diceret</em></strong></span> <span class='ocrx_word' id='word_1_876' title='bbox 2821 5398 3021 5465; x_wconf 85' lang='lat' dir='ltr'><strong><em>solum,</em></strong></span> <span class='ocrx_word' id='word_1_877' title='bbox 3039 5397 3241 5464; x_wconf 78' lang='lat' dir='ltr'><strong><em>Filiolt&#39;,</em></strong></span> <span class='ocrx_word' id='word_1_878' title='bbox 3259 5401 3465 5474; x_wconf 70' lang='lat' dir='ltr'><strong><em>diligite</em></strong></span> 
     </span>
    </p>
   </div>
   <div class='ocr_carea' id='block_1_113' title="bbox 1859 5487 3458 5561">
    <p class='ocr_par' dir='ltr' id='par_1_113' title="bbox 1859 5487 3458 5561">
     <span class='ocr_line' id='line_1_113' title="bbox 1859 5487 3458 5561; baseline 0.004 -20"><span class='ocrx_word' id='word_1_879' title='bbox 1859 5487 2192 5548; x_wconf 77' lang='lat' dir='ltr'><strong><em>alterutrum,</em></strong></span> <span class='ocrx_word' id='word_1_880' title='bbox 2243 5487 2494 5558; x_wconf 79' lang='lat' dir='ltr'><strong><em>idemque</em></strong></span> <span class='ocrx_word' id='word_1_881' title='bbox 2543 5490 2748 5559; x_wconf 67' lang='lat' dir='ltr'><strong><em>saepius</em></strong></span> <span class='ocrx_word' id='word_1_882' title='bbox 2807 5490 3132 5561; x_wconf 78' lang='lat' dir='ltr'><strong><em>repetivisse</em></strong></span> <span class='ocrx_word' id='word_1_883' title='bbox 3153 5530 3170 5554; x_wconf 96' lang='lat'><strong><em>,</em></strong></span> <span class='ocrx_word' id='word_1_884' title='bbox 3227 5490 3334 5545; x_wconf 86' lang='lat' dir='ltr'><strong><em>nisi</em></strong></span> <span class='ocrx_word' id='word_1_885' title='bbox 3399 5492 3458 5548; x_wconf 75' lang='lat' dir='ltr'><strong><em>id</em></strong></span> 
     </span>
    </p>
   </div>
   <div class='ocr_carea' id='block_1_114' title="bbox 1863 5580 3462 5652">
    <p class='ocr_par' dir='ltr' id='par_1_114' title="bbox 1863 5580 3462 5652">
     <span class='ocr_line' id='line_1_114' title="bbox 1863 5580 3462 5652; baseline 0.001 -15"><span class='ocrx_word' id='word_1_886' title='bbox 1863 5581 1920 5637; x_wconf 87' lang='lat' dir='ltr'><strong><em>S.</em></strong></span> <span class='ocrx_word' id='word_1_887' title='bbox 1937 5580 2300 5652; x_wconf 77' lang='lat' dir='ltr'><strong><em>Hieronymus</em></strong></span> <span class='ocrx_word' id='word_1_888' title='bbox 2313 5597 2378 5634; x_wconf 79' lang='lat' dir='ltr'><strong><em>ex-</em></strong></span> <span class='ocrx_word' id='word_1_889' title='bbox 2397 5581 2747 5651; x_wconf 84' lang='lat' dir='ltr'><strong><em>antiquorum</em></strong></span> <span class='ocrx_word' id='word_1_890' title='bbox 2765 5581 3054 5637; x_wconf 83' lang='lat' dir='ltr'><strong><em>traditione</em></strong></span> <span class='ocrx_word' id='word_1_891' title='bbox 3081 5580 3281 5636; x_wconf 81' lang='lat' dir='ltr'><strong><em>litteris</em></strong></span> <span class='ocrx_word' id='word_1_892' title='bbox 3303 5598 3462 5638; x_wconf 84' lang='lat' dir='ltr'><strong><em>man-</em></strong></span> 
     </span>
    </p>
   </div>
   <div class='ocr_carea' id='block_1_115' title="bbox 1857 5671 3456 5745">
    <p class='ocr_par' dir='ltr' id='par_1_115' title="bbox 1857 5671 3456 5745">
     <span class='ocr_line' id='line_1_115' title="bbox 1857 5671 3456 5745; baseline -0.004 -17"><span class='ocrx_word' id='word_1_893' title='bbox 1857 5673 2072 5728; x_wconf 87' lang='lat' dir='ltr'><strong><em>dasset?</em></strong></span> <span class='ocrx_word' id='word_1_894' title='bbox 2101 5672 2299 5741; x_wconf 83' lang='lat' dir='ltr'><strong><em>Quidni</em></strong></span> <span class='ocrx_word' id='word_1_895' title='bbox 2345 5672 2438 5728; x_wconf 82' lang='lat' dir='ltr'><strong><em>alii</em></strong></span> <span class='ocrx_word' id='word_1_896' title='bbox 2479 5673 2658 5744; x_wconf 82' lang='lat' dir='ltr'><strong><em>aliqua</em></strong></span> <span class='ocrx_word' id='word_1_897' title='bbox 2711 5674 2782 5730; x_wconf 78' lang='lat' dir='ltr'><strong><em>de</em></strong></span> <span class='ocrx_word' id='word_1_898' title='bbox 2821 5689 2988 5734; x_wconf 74' lang='lat' dir='ltr'><strong><em>causa</em></strong></span> <span class='ocrx_word' id='word_1_899' title='bbox 3017 5671 3281 5740; x_wconf 76' lang='lat' dir='ltr'><strong><em>impediti,</em></strong></span> <span class='ocrx_word' id='word_1_900' title='bbox 3313 5691 3456 5745; x_wconf 82' lang='lat' dir='ltr'><strong><em>quo.</em></strong></span> 
     </span>
    </p>
   </div>
   <div class='ocr_carea' id='block_1_116' title="bbox 1858 5764 3457 5836">
    <p class='ocr_par' dir='ltr' id='par_1_116' title="bbox 1858 5764 3457 5836">
     <span class='ocr_line' id='line_1_116' title="bbox 1858 5764 3457 5836; baseline 0 -15"><span class='ocrx_word' id='word_1_901' title='bbox 1858 5765 2039 5822; x_wconf 78' lang='lat' dir='ltr'><strong><em>minus</em></strong></span> <span class='ocrx_word' id='word_1_902' title='bbox 2080 5765 2292 5836; x_wconf 81' lang='lat' dir='ltr'><strong><em>longius</em></strong></span> <span class='ocrx_word' id='word_1_903' title='bbox 2315 5764 2796 5829; x_wconf 79' lang='lat' dir='ltr'><strong><em>concinnarentur,</em></strong></span> <span class='ocrx_word' id='word_1_904' title='bbox 2824 5764 3026 5820; x_wconf 80' lang='lat' dir='ltr'><strong><em>breves</em></strong></span> <span class='ocrx_word' id='word_1_905' title='bbox 3057 5778 3345 5824; x_wconf 78' lang='lat' dir='ltr'><strong><em>sermones</em></strong></span> <span class='ocrx_word' id='word_1_906' title='bbox 3389 5771 3457 5826; x_wconf 87' lang='lat' dir='ltr'><strong><em>ad</em></strong></span> 
     </span>
    </p>
   </div>
   <div class='ocr_carea' id='block_1_117' title="bbox 1861 5854 3458 5931">
    <p class='ocr_par' dir='ltr' id='par_1_117' title="bbox 1861 5854 3458 5931">
     <span class='ocr_line' id='line_1_117' title="bbox 1861 5854 3458 5931; baseline -0.003 -14"><span class='ocrx_word' id='word_1_907' title='bbox 1861 5857 2118 5931; x_wconf 78' lang='lat' dir='ltr'><strong><em>populum</em></strong></span> <span class='ocrx_word' id='word_1_908' title='bbox 2147 5857 2351 5916; x_wconf 76' lang='lat' dir='ltr'><strong><em>habere</em></strong></span> <span class='ocrx_word' id='word_1_909' title='bbox 2371 5855 2702 5928; x_wconf 70' lang='lat' dir='ltr'><strong><em>potuerunt?</em></strong></span> <span class='ocrx_word' id='word_1_910' title='bbox 2734 5855 2825 5926; x_wconf 80' lang='lat' dir='ltr'><strong><em>qui</em></strong></span> <span class='ocrx_word' id='word_1_911' title='bbox 2857 5854 2906 5910; x_wconf 89' lang='lat' dir='ltr'><strong><em>si</em></strong></span> <span class='ocrx_word' id='word_1_912' title='bbox 2930 5854 3112 5912; x_wconf 75' lang='lat' dir='ltr'><strong><em>minus</em></strong></span> <span class='ocrx_word' id='word_1_913' title='bbox 3131 5855 3350 5914; x_wconf 83' lang='lat' dir='ltr'><strong><em>collecti</em></strong></span> <span class='ocrx_word' id='word_1_914' title='bbox 3375 5861 3458 5918; x_wconf 85' lang='lat' dir='ltr'><strong><em>in-</em></strong></span> 
     </span>
    </p>
   </div>
  </div>
