3998 6332
496 275 566 332 59
1881 273 2416 338 PROLEGOMENA.
3716 292 3790 347 40

492 392 781 448 veninntur
807 432 820 456 ,
867 390 942 446 uti
990 397 1250 447 tractatus
1291 391 1462 447 nostri
1493 391 1801 463 scriptoris,
1861 391 1910 446 id
1944 391 2081 448 forte
2108 392 2164 454 Α
2186 397 2349 468 gitur.
2379 395 2435 452 ιιι
2461 405 2642 454 autem
2673 405 2842 456 totum
2865 412 2928 456 ex
2959 401 3282 470 argumenti,
3313 415 3418 458 non
3444 418 3510 460 ex
3536 403 3792 461 Auctoris

489 501 608 541 eam
643 484 828 539 habuit
867 499 1106 549 causam,
1145 483 1288 554 quod
1319 483 1397 539 illi
1435 483 1569 540 nihil
1600 485 1707 541 talc
1739 486 2080 555 scripserint,

489 594 675 638 noster
699 595 830 635 vero
855 587 1048 635 auctor
1080 579 1364 650 scripserit
1387 595 1604 650 quoque
1632 579 1755 646 hos,
1787 595 1924 652 quos
1954 595 2085 636 sane

487 673 652 730 rebus
685 673 1020 744 gravissimis
1047 672 1277 730 refertos
1300 683 1356 730 et
1386 675 1660 745 praecipuo
1684 675 1866 731 studio
1897 674 2085 731 elabo-

487 777 634 824 ratos
667 768 938 836 videmus,
962 768 1189 840 ejusque
1218 768 1270 823 in
1285 769 1511 826 .scltedis
1538 769 1740 840 reperti
1763 767 1832 824 ab
1861 756 2084 840 antiquo

486 862 781 920 collectore
810 861 954 932 digni
986 872 1113 918 sunt
1139 862 1326 929 habiti,
1369 876 1505 934 quos
1536 877 1641 918 una
1685 877 1809 918 cum
1839 862 1961 918 aliis
1998 878 2084 918 re-

483 957 650 1012 ferret
673 956 726 1012 in
762 954 1033 1022 codicem,
1074 956 1488 1027 posteritatique
1519 957 1590 1012 ob
1639 957 1922 1028 scriptoris
1953 975 2084 1029 pra:-

486 1049 698 1114 sertim,
749 1064 870 1121 quae
927 1049 1241 1116 obtinebat,
1275 1049 1733 1106 existimationem
1777 1051 2080 1109 mandaret.

482 1141 592 1198 Cur
627 1151 806 1200 autem
843 1143 1044 1198 Auctor
1093 1141 1415 1199 brevitatem
1459 1155 1564 1200 tam
1620 1160 1799 1200 raram
1834 1146 1983 1202 hisce
2028 1148 2080 1202 in

483 1235 804 1293 tractatibus
825 1245 1045 1293 secutus
1067 1237 1161 1302 sit,
1186 1241 1240 1292 in
1270 1236 1658 1296 Admonitione
1685 1239 1752 1294 ad
1795 1249 2082 1297 tractatum

481 1346 586 1386 xxx
612 1330 705 1386 lib.
756 1347 814 1396 ll,
840 1331 1009 1387 fu~ius
1038 1331 1305 1395 dicemus,
1347 1331 1440 1386 ubi
1477 1332 1530 1386 in
1570 1330 1710 1388 hanc
1745 1348 1861 1388 rem
1892 1334 2080 1405 conje-

479 1423 652 1478 citnus
684 1422 859 1493 plura,
891 1423 1088 1493 quibus
1115 1424 1213 1478 hos
1247 1425 1546 1494 prmsertim
1580 1434 1844 1482 tractatus
1887 1437 2082 1496 praeter

478 1527 706 1573 caeteros
741 1515 975 1572 Zenonis
1013 1533 1135 1574 esse
1174 1535 1240 1574 ex
1271 1535 1375 1574 ms.
1408 1518 1692 1575 Remensis
1722 1520 2081 1577 adnotationi-

478 1611 579 1668 bus
607 1612 1095 1670 demonstrabitur.
1126 1614 1279 1671 Nunc
1301 1615 1356 1672 id
1387 1632 1554 1671 unum
1588 1617 1641 1672 in
1672 1625 1916 1672 nostrum
1952 1632 2078 1687 pro-

477 1707 710 1776 positum
737 1705 1056 1776 adjiciemus
1077 1749 1092 1774 ,
1116 1708 1259 1779 quod
1297 1724 1418 1763 eum
1447 1725 1538 1764 res
1566 1709 1719 1778 ipsae,
1749 1725 1868 1780 qua:
1894 1709 1983 1765 isti
2013 1708 2081 1764 li-

2187 489 2500 547 discrimine
2549 492 2926 560 proﬁciscitur.
2968 492 3129 550 Aliud
3177 503 3260 551 est
3300 495 3370 552 de
3412 497 3704 556 virtutibus
3731 510 3792 556 et

2187 582 2334 639 vitiis
2355 624 2369 651 ,
2395 583 2624 654 aliisque
2649 599 2884 651 morum,
2915 587 2999 643 vel
3027 602 3198 644 sacrm
3224 587 3469 645 historiae
3493 605 3790 662 argumen-

2189 675 2256 729 tis
2281 689 2463 746 agere,
2495 675 2582 732 ubi
2610 674 2781 732 fusior
2804 676 3022 735 dicendi
3047 693 3271 752 campus
3299 689 3468 752 patet,
3495 690 3550 737 et
3570 681 3794 740 uberior

2187 765 2396 821 calamo
2426 766 2644 824 licentia
2674 768 3022 826 conceditur:
3053 770 3199 827 aliud
3239 780 3418 829 autem
3460 781 3691 830 tractare
3718 773 3793 830 de

2187 859 2482 931 mysteriis,
2515 878 2634 932 qua:
2665 877 2774 918 non
2806 863 3039 934 simplici
3071 863 3370 934 locutione,
3404 865 3499 922 sed
3528 881 3622 936 per
3649 867 3791 924 alle-

2184 953 2364 1025 gorias
2381 963 2435 1009 et
2466 954 2862 1026 Scripturarum
2889 957 3092 1026 figuras
3116 972 3388 1028 exponere
3405 958 3646 1018 breviter
3673 960 3793 1030 pla-

2185 1045 2315 1102 cuit.
2344 1045 2401 1102 In
2433 1048 2588 1116 primi
2619 1050 2834 1118 generis
2863 1050 3179 1106 tractatibus
3209 1052 3448 1124 apertior
3472 1062 3559 1110 est
3588 1056 3792 1118 Aucto-

2185 1141 2261 1196 ris
2289 1157 2501 1208 sermo;
2536 1142 2590 1198 in
2621 1143 2860 1201 secundo
2883 1156 3064 1202 autem
3105 1161 3336 1217 genere,
3381 1149 3525 1219 quod
3551 1149 3794 1206 Pascha-

2183 1233 2312 1290 littm
2372 1233 2634 1291 festorum
2697 1237 2958 1295 lectiones
3021 1239 3464 1313 functionesque,
3523 1259 3623 1301 nec
3677 1261 3788 1302 non

2183 1326 2439 1382 Auctoris
2478 1328 2752 1398 ingenium
2787 1330 3086 1399 postulasse
3115 1331 3385 1400 videntur,
3418 1349 3486 1390 ne
3508 1334 3791 1394 auditores

2183 1420 2372 1476 eadem
2414 1423 2669 1494 mysteria
2719 1424 2968 1480 omnibtts
2995 1424 3109 1495 jam
3157 1437 3314 1493 nota,
3359 1427 3406 1483 si
3434 1429 3595 1498 plano
3623 1430 3792 1486 modo

2184 1514 2546 1581 traderentur,
2580 1515 2918 1584 fastidit-ent,
2953 1519 3017 1574 ad
3047 1535 3232 1578 eorum
3259 1523 3470 1578 animos
3495 1525 3792 1581 continen-

2181 1605 2282 1662 dos
2309 1618 2363 1663 et
2393 1609 2745 1665 oblectandos
2764 1653 2779 1677 ,
2827 1626 2890 1666 ea
2928 1614 3186 1683 mysteria
3216 1615 3399 1686 ﬁguris
3427 1626 3476 1671 et
3507 1616 3791 1688 allegoriis

2181 1703 2533 1772 exprimenda
2566 1710 2768 1761 Auctor
2795 1705 3087 1778 judicavit;
3125 1725 3190 1764 ex
3221 1709 3419 1780 quibus
3443 1711 3618 1780 aliqua
3647 1713 3788 1768 sub-

475 1805 564 1852 cet
586 1797 780 1854 breves
811 1807 1072 1857 tractatus
1102 1802 1404 1866 continent,
1436 1803 1717 1873 antiquum
1744 1802 2073 1874 Scriptorem
2103 1787 2154 1848 B
2178 1793 2304 1850 inde
2333 1795 2638 1852 obscuritas
2664 1798 2990 1856 obtrudilur-
3023 1801 3157 1859 llinc
3184 1818 3315 1860 sane
3346 1804 3398 1860 in
3424 1806 3587 1862 rebus
3613 1806 3748 1874 ipsis
3766 1848 3784 1873 .

475 1889 790 1960 praeferant,
819 1891 950 1947 nihil
979 1892 1140 1963 plane
1166 1903 1273 1958 est,
1300 1908 1400 1949 cur
1421 1908 1518 1949 eos
1543 1910 1572 1950 a
1603 1904 1923 1950 cazterorum
1951 1910 2077 1952 auc-

475 1990 593 2038 tore
619 1983 938 2056 eripiamus,
965 2001 1086 2040 cum
1114 1985 1312 2058 stylum
1343 1985 1594 2042 eumdem
1617 1987 1960 2058 apertissime
1980 2003 2075 2044 ex-

474 2076 718 2133 ltibeant.

543 2169 773 2238 Quidam
823 2170 1121 2244 fragmenta
1173 2188 1488 2230 sermonum
1536 2182 1684 2242 sunt,
1722 2189 1832 2230 non
1879 2182 2065 2230 autem

473 2277 756 2320 sermones
782 2282 795 2318 :
820 2263 1052 2321 fatemur
1080 2265 1243 2333 ultro,
1265 2276 1320 2323 et
1342 2265 1395 2321 in
1427 2267 1868 2323 adnotationibus
1885 2267 2074 2323 obser—

471 2365 654 2411 vatum
703 2366 806 2413 est.
847 2357 988 2425 Quid
1034 2360 1236 2430 porro?
1281 2361 1535 2417 Aliumne
1579 2361 1740 2433 igitur
1793 2370 2071 2418 auctorem

472 2450 711 2509 habent?
746 2451 887 2520 Quid
923 2469 1109 2526 quasso
1144 2456 1447 2526 argumenti
1499 2455 1643 2511 istud
1693 2455 1812 2512 est?
1840 2456 1984 2510 Inter
2012 2455 2068 2511 S.

471 2543 617 2600 Petri
648 2545 969 2620 Chrysologi
1019 2563 1188 2618 opera
1219 2548 1428 2620 aliquot
1467 2563 1748 2606 sermones
1779 2549 1954 2604 mutili
1986 2549 2071 2603 in-

470 2638 782 2706 veniuntur,
815 2655 951 2712 quos
992 2649 1174 2698 tamen
1220 2641 1376 2697 alteri
1414 2641 1624 2697 auctori
1671 2641 1874 2697 idcirco
1919 2639 2073 2695 addi-

469 2734 672 2792 cendos
699 2737 1006 2808 suspicatus
1031 2745 1116 2792 est
1135 2753 1314 2794 nemo.
1337 2737 1415 2793 De
1435 2737 1848 2809 repetitionibus
1864 2745 2066 2802 autem,

469 2845 591 2900 qua:
622 2831 672 2884 in
703 2830 946 2900 pluribus
987 2829 1037 2886 id
1085 2830 1302 2901 generis
1337 2829 1657 2886 tractatibus
1684 2830 2067 2895 observantur,

469 2921 602 2992 quid
642 2922 943 2978 addamus?
987 2923 1144 2977 Plura
1179 2923 1434 2979 similium
1467 2923 1851 2992 repetitionum
1879 2937 2067 2978 exem-

471 3016 560 3087 pla
592 3017 646 3071 in
698 3017 818 3073 aliis
869 3031 1084 3088 quoque
1118 3016 1366 3073 Patribus
1393 3026 1715 3088 suppetunt,
1738 3031 1859 3088 quae
1887 3026 2066 3070 tamen

469 3127 630 3168 nemo
658 3111 725 3168 ad
749 3113 930 3168 varios
951 3109 1533 3168 auctoresstatuendos
1561 3111 1820 3166 traduxit.
1849 3110 1908 3167 S.
1935 3110 2065 3164 Am-

2179 1903 2288 1943 non
2322 1889 2372 1943 in
2413 1890 2592 1945 verbis
2623 1907 2721 1946 nec
2764 1891 2816 1946 in
2841 1895 3002 1965 stylo,
3033 1895 3122 1966 qui
3166 1896 3368 1968 ubique
3403 1906 3488 1952 est
3522 1899 3745 1969 aequalis
3769 1941 3786 1966 ,

2179 1982 2486 2040 obscuritas
2529 1984 2698 2051 inest;
2739 2002 2805 2042 ex
2835 1988 2958 2060 Styli
2999 1999 3211 2056 autem,
3255 2000 3310 2045 ιιι
3335 2007 3480 2060 saepe
3509 1991 3784 2062 diximus,

2177 2091 2284 2130 non
2311 2091 2380 2132 ex
2401 2092 2585 2133 rerum
2617 2079 2930 2135 discrimine
2958 2082 3189 2138 varietas
3212 2083 3506 2156 colligitur.
3535 2085 3783 2144 Tandem

2175 2185 2243 2224 ex
2279 2168 2362 2224 his
2391 2169 2820 2238 obscurioribus,
2849 2188 2963 2240 seu,
2999 2183 3057 2229 ut
3089 2175 3338 2247 proprius
3365 2178 3672 2249 loquamur,
3701 2181 3798 2234 αι--

2175 2263 2426 2336 legoricis
2454 2267 2772 2322 tractatibus
2802 2267 3042 2338 plerique
3072 2284 3138 2324 ex
3167 2269 3269 2325 illis
3296 2279 3441 2337 sunt,
3471 2286 3603 2341 quos
3624 2289 3786 2345 aeque

2173 2374 2237 2416 ac
2255 2361 2343 2414 alii
2375 2377 2438 2418 ex
2470 2361 2812 2418 nitidioribus
2832 2374 2994 2434 atque
3021 2367 3471 2435 accuratioribus,
3501 2377 3782 2440 tamquam

2173 2454 2418 2523 ejusdem
2464 2459 2734 2524 auctoris,
2782 2458 2835 2512 in
2881 2458 2982 2514 hac
3009 2459 3301 2516 Veronensi
3349 2461 3592 2519 Ecclesia
3634 2463 3784 2520 inter

2173 2562 2327 2604 sacra
2355 2548 2527 2605 ofﬁcia
2559 2559 2686 2606 ante
2728 2565 2928 2607 nonum
2971 2553 3229 2610 sazculum
3271 2554 3444 2611 lectos
3485 2556 3538 2610 in
3583 2555 3784 2628 pra~fa-

2172 2643 2321 2698 tione
2345 2642 2845 2699 animadvertimus.

2248 2737 2412 2794 Unica
2437 2737 2547 2808 jam
2585 2738 2819 2807 obiectio
2861 2749 3028 2796 restat
3055 2757 3120 2798 ex
3158 2741 3358 2806 rebus,
3391 2758 3510 2812 qure
3538 2742 3590 2798 in
3622 2742 3782 2800 hisce

2172 2830 2489 2886 tractatibus
2509 2833 2880 2900 continentur,
2914 2834 3101 2903 petita,
3129 2850 3194 2890 ex
3217 2835 3413 2905 quibus
3432 2836 3627 2907 aliquae
3649 2851 3780 2892 cum

2172 2938 2273 2978 nec
2305 2925 2394 2978 uni
2434 2924 2666 2990 sa‘culo,
2701 2926 2770 2980 ita
2801 2942 2899 2981 nec
2937 2926 3026 2981 uni
3054 2926 3305 2997 scriptori
3338 2929 3589 2983 videntur.
3616 2944 3780 2999 posse

2170 3031 2491 3086 congruere.
2520 3016 2623 3072 Sed
2645 3016 2784 3072 hanc
2811 3018 3174 3088 obieetionem
3207 3021 3470 3076 latissime
3497 3030 3776 3092 patentem

2171 3108 2426 3165 dirimere
2448 3112 2724 3181 sequentis
2742 3113 2848 3167 erit
2868 3113 3082 3180 capitis,
3109 3112 3161 3168 in
3181 3129 3286 3184 quo
3313 3113 3504 3170 borum
3529 3117 3776 3170 omnium

467 3205 715 3262 brosium
743 3205 1072 3277 aliquotiens
1109 3204 1299 3260 eadem
1334 3205 1601 3276 ingerere,
1628 3203 1836 3272 jamdiu
1878 3201 2066 3260 obser-
2092 3176 2138 3241 Ο
2174 3211 2492 3258 tractatuum
2545 3213 2821 3259 auctorem
2845 3246 2859 3269 ,
2912 3219 3072 3274 quem
3128 3205 3387 3262 hactenus
3437 3207 3779 3262 asseruimns

465 3308 661 3356 varunt
687 3299 930 3356 editores
954 3290 1290 3355 Benedictini
1324 3314 1445 3370 pag.
1492 3295 1631 3353 1045
1687 3306 1817 3352 ιοιη.
1844 3312 1905 3360 ιι,
1931 3295 2068 3367 quod

461 3393 530 3460 ei,
577 3393 868 3464 inquiunt,
914 3393 1130 3449 subinde
1157 3393 1424 3448 usuvenire
1474 3391 1966 3452 animadvertimus;
2014 3401 2069 3445 et

466 3503 585 3560 pag.
624 3488 783 3556 1048,
818 3488 1030 3544 totidem
1051 3504 1178 3560 pene
1204 3487 1366 3543 verbis
1396 3486 1586 3543 eadem
1613 3485 1812 3541 alicubi
1836 3483 2066 3555 repetita

463 3592 913 3639 commemorant.
935 3584 995 3640 S.
1011 3583 1121 3640 Leo
1141 3597 1366 3656 magnus
1388 3598 1568 3638 nonne
1591 3582 1798 3653 integra
1816 3579 2065 3652 quaedam

463 3675 643 3747 capita
671 3677 862 3734 iisdem
891 3678 1073 3734 verbis
1093 3694 1161 3734 ex
1189 3693 1296 3733 uno
1341 3678 1395 3732 in
1418 3676 1560 3732 aliud
1592 3677 1916 3746 opusculum
1957 3691 2062 3729 non

463 3786 761 3842 numquam
803 3770 1191 3841 transcripsit?
1222 3770 1463 3841 Epistula
1493 3769 1726 3825 celebris
1753 3770 1820 3824 ad
1850 3759 2070 3824 Flavia:

464 3879 614 3930 num,
640 3879 762 3936 cap.
780 3865 815 3922 '5
836 3872 892 3922 et
917 3865 969 3931 ι,
1003 3864 1188 3935 plures
1215 3863 1512 3921 sententias
1534 3863 1798 3928 continet,
1833 3877 1968 3933 quas
1995 3879 2063 3918 ex

461 3957 628 4014 variis
656 3959 997 4014 sermonibus
1021 3957 1089 4014 de
1105 3956 1400 4014 Nativitate
1428 3956 1630 4012 Christi
1657 3957 1971 4026 desumptas
1996 3955 2063 4011 ad

461 4051 686 4107 verbum
737 4061 1042 4122 postremus
1080 4051 1260 4107 editor
1299 4051 1366 4106 ad
1398 4050 1699 4121 marginem
1723 4051 1954 4105 notavit.
2005 4049 2061 4104 In

461 4143 623 4214 epist.
654 4141 744 4210 97,
800 4144 867 4199 ad
902 4144 1201 4200 monachos
1227 4142 1553 4211 Palaestinae,
1588 4154 1796 4213 septem
1824 4143 2059 4213 capitula

461 4233 750 4303 habentur,
781 4251 903 4308 qum
944 4236 1168 4292 totidem
1194 4236 1396 4301 verbis,
1445 4236 1632 4307 paucis
1670 4238 1944 4306 exceptis,
1985 4237 2061 4292 le-

459 4337 663 4401 guntur
692 4331 743 4385 in
776 4330 1004 4401 epistola
1036 4329 1162 4397 154,
1193 4329 1260 4387 ad
1291 4331 1528 4386 Leonem
1554 4331 1878 4399 Augustum,
1909 4339 1964 4385 et
2005 4331 2057 4386 in

461 4425 700 4496 utrisque
729 4421 813 4479 his
841 4422 1089 4494 epistolis
1115 4424 1305 4494 longus
1336 4423 1607 4478 invenitur
1629 4422 1782 4478 locus
1803 4439 1870 4478 ex
1890 4437 2054 4478 serm.

460 4518 549 4584 61,
573 4517 643 4574 de
667 4518 924 4575 Passione
957 4518 1193 4584 Domini,
1216 4518 1309 4590 qui
1339 4518 1446 4574 duo
1471 4517 1676 4589 integra
1704 4517 1880 4586 capita
1907 4531 2059 4573 com-

455 4612 725 4684 plectitur.
751 4613 1010 4679 Tandem,
1030 4613 1172 4684 quod
1203 4615 1395 4668 mirum
1417 4612 1652 4669 maxime
1676 4611 1910 4678 accidet,
1933 4611 2055 4667 dum

457 4705 703 4777 epistola:
731 4705 799 4761 ad
827 4705 1194 4771 Pulcheriam,
1219 4705 1379 4776 epist.
1404 4705 1472 4760 27
1497 4716 1548 4761 et
1574 4705 1661 4768 '50,
1687 4706 1946 4776 pleraque
1969 4719 2053 4760 re-

457 4802 622 4872 petita
647 4802 949 4870 continent,
983 4801 1441 4874 quemadmodum
1473 4811 1527 4857 et
1553 4801 1673 4856 duce
1703 4800 1770 4856 ad
1798 4800 2051 4857 Theodo»

454 4893 594 4948 sium
617 4896 778 4966 Aug.,
796 4909 886 4965 ep.
917 4894 987 4951 '59
1011 4905 1064 4949 et
1085 4891 1178 4961 40,
1211 4892 1337 4950 licet
1372 4893 1579 4950 eisdem
1606 4892 1855 4965 personis
1871 4904 1926 4949 et
1945 4892 2053 4948 exi-

453 5003 560 5061 guo
582 4975 796 5059 quidem
820 4989 1110 5046 intervallo
1140 4988 1349 5045 tradita:
1379 4987 1601 5044 fuerint.
1645 4987 1796 5054 Quod
1821 4989 1864 5044 si
1890 4989 2050 5043 hasce

453 5085 525 5140 ob
552 5084 904 5154 repetitiones
933 5084 1098 5139 alium
1122 5084 1192 5140 ab
1211 5084 1523 5148 Ambrosio,
1545 5083 1975 5148 Leone,velaliis
1996 5082 2051 5137 id

455 5176 690 5244 generis,
713 5191 846 5246 quos
881 5175 1057 5250 [xutt]
1075 5176 1353 5233 brevitatis
1375 5177 1545 5248 gratia
1566 5177 2048 5245 praetermittimus,

455 5271 806 5340 repetitarum
837 5270 1272 5326 lucubrationum
1296 5272 1589 5328 Auctorem
1612 5286 1773 5326 neruo
1799 5272 2051 5334 opinatus

450 5372 569 5428 est;
607 5378 769 5418 nemo
819 5363 946 5418 item
989 5373 1177 5435 urgeat
1217 5364 1594 5434 repetitionem
1627 5372 1680 5420 et
1730 5361 2045 5418 similitudi-

448 5471 575 5512 nem
602 5455 908 5526 aliquorum
934 5473 1000 5512 ex
1028 5458 1285 5515 brevibus
1313 5458 1482 5513 nostri
1512 5455 1770 5512 Auctoris
1802 5457 2044 5511 tractati-

446 5549 571 5616 bus,
618 5549 687 5606 de
730 5567 834 5622 qua
876 5551 1100 5617 videsis,
1133 5568 1253 5622 qua:
1287 5551 1340 5606 in
1371 5551 1755 5606 Admonitione
1783 5549 1849 5605 ad
1882 5558 2038 5606 tract.

444 5641 518 5699 30
551 5642 644 5699 lib.
674 5659 734 5711 ιι,
759 5659 881 5716 pag.
900 5643 1030 5711 258,
1063 5654 1325 5714 praetcrea
1351 5645 1725 5700 observamus.

514 5735 776 5794 Venimus
802 5737 912 5808 jam
937 5737 1003 5794 ad
1038 5736 1335 5794 discrimen
1366 5736 1517 5807 illud,
1546 5737 1688 5809 quod
1715 5753 1783 5794 ex
1811 5737 2042 5794 aliorum

445 5830 824 5905 perspicuitate
857 5842 1175 5890 tractatuum
1202 5875 1217 5902 ,
1247 5831 1478 5892 aliorum
1507 5833 1839 5892 obscuritate
1882 5833 2043 5892 colli-

2172 3296 2423 3361 nnicum,
2455 3297 2626 3366 quarti
2657 3296 2842 3353 smculi
2887 3297 3056 3354 fuisse
3097 3299 3476 3366 ostendemus;
3507 3299 3579 3354 ibi
3625 3301 3775 3355 enim

2169 3402 2523 3458 quzecnmqne
2549 3387 2695 3444 aliud
2728 3397 2939 3459 tempus
2977 3391 3290 3462 prospicere
3327 3406 3430 3446 non
3463 3391 3624 3448 nullis
3658 3392 3773 3449 visa

2169 3493 2325 3546 sunt,
2358 3491 2628 3553 quatenus
2658 3483 2711 3538 in
2746 3483 2884 3540 idem
2929 3485 3186 3540 satculum
3227 3485 3513 3541 commode
3537 3484 3771 3555 eadant,

2169 3579 2516 3636 Statuendum
2543 3581 2668 3636 erit.
3193 3621 3196 3624 .

2801 3694 3032 3753 CAPUT
3071 3695 3163 3751 ll.-

2169 3829 2596 3870 DEMONSTBATUR
2625 3829 2907 3871 AUCTOREM
2959 3829 3248 3871 SCRIPSISSE
3276 3831 3492 3880 QUARTO
3523 3831 3768 3885 SECULO,

2239 3924 2508 3972 EIDEMQUE
2536 3925 2702 3966 οιιΝιΑ
2731 3925 3046 3966 CONGBUEBE
3064 3953 3077 3978 ,
3111 3916 3229 3976 QUI-3
3260 3928 3314 3966 IN
3341 3927 3570 3968 OMNIBUS
3593 3929 3771 3970 TRAC'

2237 4017 2466 4058 TATIBUS
2493 4018 2887 4060 CONTINENTUR.

2167 4115 2194 4189 §
2226 4115 2264 4170 1.
2292 4147 2362 4158 -
2393 4116 2720 4187 Expenditur
2760 4119 2978 4191 insignis
3028 4121 3169 4174 locus
3191 4162 3205 4188 ,
3257 4121 3339 4175 ubi
3386 4121 3774 4194 quadringenti

2234 4210 2404 4268 ferme
2433 4213 2558 4268 anni
2587 4215 2649 4267 ab
2676 4212 2897 4268 Auctore
2921 4226 3264 4271 recensentur.
3295 4215 3580 4270 Arbitraria
3601 4219 3773 4273 edito-

2233 4323 2349 4360 rum
2385 4306 2755 4363 Veronensium
2775 4307 3061 4364 emendotio
3087 4320 3311 4364 notatur.
3343 4309 3638 4366 Cardinnlis
3661 4311 3772 4367 Ba-

2231 4401 2364 4455 ronii
2413 4401 2628 4475 objectio
2669 4402 2786 4457 aliis
2831 4403 3076 4472 exemplis
3116 4402 3336 4459 diluitur
3367 4421 3386 4459 .·
3430 4423 3491 4459 ac
3532 4405 3594 4460 S.
3631 4404 3768 4459 Phi-

2235 4495 2403 4549 lastrii
2459 4495 2806 4551 testimonium
2858 4495 3126 4552 arbitraria
3170 4498 3294 4553 item
3343 4499 3663 4554 emendatum
3712 4501 3768 4553 in

2231 4589 2453 4644 editione
2502 4587 2776 4657 Fabricii,
2833 4606 2897 4645 ex
2945 4591 3046 4660 ﬁde
3101 4591 3335 4646 codicum
3390 4591 3767 4646 restituendum

2229 4681 2534 4737 ostenditur.
2568 4682 2687 4737 Alia
2731 4683 2965 4753 quaedam
3004 4686 3233 4757 ejusdem
3277 4685 3377 4740 loci
3415 4683 3564 4740 verba
3592 4689 3768 4740 consi-

2198 4784 2201 4786 '
2230 4774 2495 4830 derantur.

2229 4888 2362 4944 Cum
2385 4889 2452 4945 de
2475 4891 2710 4946 auctoris
2731 4900 2891 4947 tntate
2917 4907 3024 4948 non
3051 4893 3272 4950 aliunde
3291 4895 3567 4966 cognosci,
3597 4911 3764 4966 quam

2157 4997 2220 5038 ex
2248 4983 2453 5055 aliquot
2476 4986 2712 5055 ipsorum
2737 4994 3061 5042 tractatuum
3087 4988 3410 5043 testimoniis
3439 4990 3628 5060 possit,
3658 5007 3765 5047 nec

2155 5093 2218 5133 ea
2244 5078 2347 5134 nisi
2374 5077 2688 5150 singillatim
2716 5078 2918 5142 aﬁ‘erri.
2950 5089 3005 5135 et
3031 5080 3366 5137 considerari
3395 5093 3629 5153 queant;
3666 5099 3764 5140 ve-

2151 5189 2358 5239 remur,
2377 5187 2462 5240 ne,
2480 5172 2606 5229 dum
2629 5189 2694 5228 ex
2721 5173 2901 5243 aliquo
2929 5182 3161 5230 tractatu
3191 5161 3512 5246 argumenta
3533 5177 3764 5233 elicien-

2153 5277 2259 5334 tur,
2289 5285 2407 5338 quae
2437 5276 2689 5339 quartum
2717 5268 2973 5324 smculum
3003 5279 3192 5340 aperte
3223 5271 3474 5340 prodant,
3501 5273 3548 5327 si
3573 5288 3640 5328 ex
3673 5273 3762 5329 his

2152 5361 2384 5416 subinde
2412 5362 2653 5416 omnium
2688 5372 3008 5418 tractatuum
3038 5373 3312 5420 auctorem
3348 5364 3525 5421 eidem
3557 5367 3763 5422 smculo

2152 5454 2479 5526 alligandum
2511 5469 2816 5526 arguamus,
2849 5455 3150 5512 illationem
3181 5457 3416 5512 lectores
3444 5472 3549 5513 non
3580 5457 3767 5529 legiti-

2150 5564 2293 5604 mam
2326 5558 2596 5619 regerant.
2629 5549 2738 5604 Hos
2769 5549 2949 5619 itaque
2977 5555 3158 5606 statim
3192 5551 3294 5608 hoc
3334 5553 3488 5609 initio
3520 5570 3765 5624 praemo-

2153 5642 2294 5697 nitos
2321 5641 2593 5708 volumus,
2619 5642 2965 5698 meminerint
2997 5644 3194 5714 primo,
3227 5644 3454 5715 nosjam
3484 5647 3767 5717 superiori

2150 5736 2329 5808 capite
2355 5736 2760 5793 demonstrasse
2799 5752 2962 5792 unum
2993 5751 3114 5794 esse
3153 5739 3394 5794 omnium
3427 5747 3763 5797 tractatuum

2150 5842 2451 5899 auctorem,
2486 5830 2556 5886 ita
2589 5839 2646 5888 ttt
2676 5829 2934 5902 quidquid
2958 5830 3029 5887 de
3059 5831 3215 5889 unius
3241 5838 3500 5891 tractatus
3527 5841 3766 5891 auctore
