3998 6332
203 316 263 373 Η
912 310 1366 372 DISSERTA'I‘IO
1404 311 1446 381 l,
1482 308 1580 367 DE
1617 307 1675 367 S.
1719 303 2031 366 ZENONIS.
2077 306 2326 364 TRAC'I‘.
2372 307 2458 365 ET
2499 307 2776 365 IETATE.
3436 317 3508 370 η

202 438 477 512 probetur,
499 435 633 492 satis
654 434 914 507 probetur
933 434 1000 491 de
1022 441 1245 490 auctore
1268 430 1441 506 [κων]
1455 429 1720 493 omnium;
1740 441 1804 481 ac
1830 427 1882 487 Α
1909 426 2182 500 imaginem
2203 443 2306 482 non
2331 436 2454 482 ante
2478 429 2670 483 siccata
2694 428 2861 499 fuisse”
2876 428 3188 485 contendunt
3206 471 3223 497 ,
3245 431 3336 486 sed
3363 448 3421 486 eo
3443 448 3507 488 ea:

200 529 389 588 deinde
416 529 630 584 consilii
660 527 834 584 nostri
860 542 1005 593 esse,
1034 543 1141 582 non
1169 541 1236 581 ex
1270 527 1426 579 unius
1453 533 1681 586 tantum,
1704 520 1799 576 sed

198 640 258 682 es
304 623 544 695 plurium
577 620 809 678 invicem
840 619 1242 676 concinentium
1277 626 1599 673 tractatuum
1647 614 1799 671 testi-

197 717 409 784 moniis,
444 730 566 787 qua:
589 713 824 771 subinde
846 712 1137 769 alferemus
1157 712 1210 767 in
1241 710 1507 779 medium,
1539 710 1800 780 integram

196 808 380 882 capitis
428 807 956 865 demonstrationem
1008 805 1282 874 coniicere
1329 819 1343 857 :
1401 818 1564 875 quam
1621 812 1800 858 tamen

199 905 362 978 ipsam
417 917 529 959 non
587 902 748 973 plane
797 898 1104 957 conlectum
1158 897 1224 953 iri
1276 895 1646 960 intendimus,
1697 894 1801 950 nisi

198 1006 548 1070 posteaquam
592 994 906 1052 testimonia
936 993 1165 1065 aliquot,
1196 1006 1317 1062 qua:
1342 989 1398 1046 in
1419 989 1562 1045 aliud
1592 999 1804 1059 tempus

197 1092 568 1151 transferenda
598 1101 872 1163 putantur,
896 1091 1074 1150 eidem
1099 1091 1304 1167 scrculo
1342 1089 1474 1146 nihil
1501 1102 1805 1161 repugnare

200 1188 291 1243 sub
319 1187 489 1243 [intem
519 1185 716 1253 capitis
743 1185 1108 1241 docuerimus.

264 1279 451 1347 Itaque
506 1277 997 1350 quadringentorum
1046 1281 1206 1349 ferme
1262 1291 1518 1330 annorum
1568 1273 1801 1339 notatio,

200 1375 333 1446 quia
380 1373 583 1429 tradita
624 1372 923 1428 Corinthiis
967 1372 1207 1442 Epistola
1253 1371 1404 1426 Pauli
1445 1370 1513 1426 ad
1552 1367 1804 1425 Auctoris

200 1475 402 1523 etatem
450 1476 814 1523 recensentur
857 1471 1014 1520 tract.
1049 1464 1106 1530 5,
1151 1464 1245 1519 lib.
1276 1480 1329 1529 1,
1368 1463 1593 1519 evidens
1626 1476 1801 1532 'argu-

200 1568 429 1615 mentum
460 1566 548 1614 est
575 1573 700 1614 eum
728 1558 927 1613 saeculo
958 1566 1152 1628 quarto
1176 1556 1463 1626 scripsisse
1492 1574 1505 1611 :
1541 1555 1621 1612 sic
1660 1555 1803 1611 enim

200 1650 261 1707 ibi
290 1650 525 1706 habetur
551 1667 565 1703 :
596 1648 662 1704 At
695 1665 815 1704 cum
841 1657 958 1703 ante
987 1664 1150 1703 annos
1181 1647 1341 1718 ferme
1367 1646 1802 1719 quadringentos,

196 1743 264 1797 vel
282 1758 342 1796 eo
368 1741 601 1811 amplius
623 1740 978 1814 Apostolicum
1010 1743 1112 1795 Itoc'
1134 1748 1372 1812 aperetar
1415 1740 1635 1795 edictum
1656 1782 1670 1803 ,
1702 1757 1804 1809 quo

1908 529 2130 591 tempore
2166 535 2281 575 eum
2322 518 2583 575 Christum
2601 528 2649 574 et
2680 519 2878 575 Filium
2909 520 3003 575 Dei
3038 523 3234 591 factum
3270 539 3413 590 esse,
3443 540 3506 579 ea:

1905 627 2008 681 quo
2035 622 2263 667 nostram
2288 630 2495 669 carnem
2518 630 2583 669 ea:
2612 611 2821 689 Virgine
2843 617 3140 687 assumpsit,
3164 633 3269 672 non
3281 619 3398 673 totis
3416 615 3507 672 ab—

1907 707 2030 761 hinc
2047 706 2436 780 quadringentis
2449 708 2621 763 annis.
2630 708 2895 766 Eusebius
2906 694 3253 767 Caesariensis
3263 711 3505 783 ejusdem

1906 800 2094 856 saeculi
2122 802 2377 872 scriptor.
2408 802 2499 873 qui
2539 801 2683 858 diem
2724 802 2860 859 obiit
2898 819 2988 859 an.
3031 806 3155 870 540,
3198 807 3280 863 sic
3313 805 3509 864 et'l‘atur

1905 894 2002 950 lib.
2046 911 2083 951 ιι
2110 904 2296 951 contra
2328 895 2638 953 Marcellum
2667 899 3033 970 Aneyranum,
3062 906 3226 970 cap.i
3255 919 3268 956 :
3302 901 3367 957 In
3394 904 3476 973 pri
3489 933 3505 944 -

1908 988 2006 1042 mis
2044 988 2368 1059 paradoxum
2408 988 2542 1044 illud
2576 998 2652 1044 est
2692 993 2962 1062 incapisse
2997 992 3093 1047 Itoc
3129 994 3351 1051 Verbum
3404 1015 3505 1053 non

1907 1080 1972 1134 ab
1993 1081 2142 1135 annis
2169 1080 2288 1135 hinc
2312 1090 2447 1136 retro
2475 1082 2867 1156 quadringentis
2905 1085 3149 1158 impletis.
3181 1087 3509 1162 Pseudo-sy-

1908 1172 2084 1229 nodus
2108 1173 2448 1230 Sardicensis
2494 1178 2546 1230 in
2576 1174 2796 1231 decreto
2822 1176 2966 1247 apud
3014 1178 3274 1235 Hilarium
3316 1182 3506 1253 lragm.

1908 1268 1964 1334 5,
2006 1284 2153 1324 num.
2190 1270 2254 1334 2,
2298 1279 2428 1323 tom.
2472 1284 2540 1335 ιι,
2568 1285 2687 1341 pag.
2714 1269 2840 1339 648,
2867 1271 3122 1328 editionis
3159 1274 3506 1344 Veronensis,

1907 1359 2159 1417 eumdem
2203 1360 2512 1418 Marcellum
2569 1364 2915 1445 A‘ncyranum
2966 1366 3319 1437 reprehendit
3370 1370 3511 1425 inter

1908 1463 2128 1520 cratera,
2160 1464 2447 1525 propterea
2475 1456 2618 1526 quod
2647 1457 2851 1513 initium
2870 1500 2887 1528 ,
2916 1459 3107 1530 inquit,
3138 1463 3391 1533 regnandi
3414 1480 3508 1517 ac-

1909 1548 2102 1617 cepisse
2131 1546 2411 1604 Dominum
2431 1550 2570 1606 dicat
2596 1562 2716 1606 ante
2738 1554 3138 1627 quadringentos
3166 1573 3350 1612 annos.
3385 1557 3512 1615 Haec

1908 1653 2089 1700 autem
2122 1645 2597 1719 pseudo-synodus
2639 1647 2825 1705 habita
2868 1660 2950 1706 est
2993 1666 3083 1708 an.
3114 1651 3242 1711 547.
3276 1652 3334 1710 S.
3365 1652 3512 1710 Hila-

1908 1737 2022 1793 rius
2101 1737 2455 1795 Pictaviensis
2521 1740 2660 1797 libro
2722 1757 2761 1797 ιι
2817 1741 3078 1800 adversus
3129 1742 3510 1802 Constantium

196 1845 238 1891 et
279 1835 561 1889 vivaciores
610 1834 753 1905 [uere
783 1832 1014 1887 homines
1037 1874 1051 1899 ,
1102 1842 1149 1887 et
1191 1832 1446 1886 rarissimi
1489 1831 1807 1895 Christiani;
1835 1830 1886 1892 B
1912 1829 2116 1900 scripto
2143 1829 2245 1887 sub
2267 1846 2357 1886 an.
2387 1832 2495 1889 555
2522 1835 2608 1887 vel
2633 1833 2736 1889 556
2764 1853 2778 1890 :
2812 1834 2939 1891 Post
2966 1837 3365 1908 quadringentos
3418 1857 3514 1894 an-

197 1944 283 1984 tur
308 1943 400 1999 ego
430 1926 723 1981 christiano
753 1924 875 1979 orbe
908 1925 1021 1995 ipso
1049 1939 1179 1997 pene
1192 1924 1308 1996 jam
1341 1935 1467 1990 toto,
1510 1922 1806 1977 hominum-

197 2039 287 2094 que
313 2022 590 2077 vivacitate
613 2020 806 2075 ntundo
834 2031 1128 2075 senescente
1157 2006 1365 2087 detrita,
1399 2019 1676 2074 obtundam
1697 2036 1810 2074 uer-

198 2115 270 2169 bis
291 2111 629 2185 palpantibus
650 2113 813 2168 aciem
839 2113 1087 2177 ueritatis,
1113 2121 1222 2168 etc.
1250 2114 1380 2181 Qua!
1405 2112 1623 2183 quidem
1651 2113 1813 2168 chro-

197 2206 310 2263 nica
344 2207 559 2262 notatio
590 2216 701 2261 tum
733 2206 784 2260 in
836 2219 966 2261 mss.
995 2204 1270 2269 omnibus,
1319 2215 1430 2259 tum
1476 2205 1528 2259 in
1573 2205 1812 2261 editione

198 2302 367 2373 prima
401 2299 609 2355 Veneta
641 2299 817 2371 palam
848 2315 910 2354 ac
937 2298 1191 2355 distincte
1225 2298 1402 2372 posita
1430 2310 1549 2364 est,
1583 2313 1683 2355 nec
1709 2300 1814 2355 nisi

198 2392 250 2448 in
291 2391 587 2464 posteriori
624 2391 866 2447 editione
894 2390 1195 2448 Vcroneusi
1263 2407 1331 2447 ex
1375 2407 1481 2463 qua
1529 2392 1648 2446 alia:
1688 2406 1816 2463 pro-

200 2484 355 2544 fectu:
380 2494 535 2553 sunt,
567 2483 638 2540 ab
665 2483 965 2541 editoribus
994 2499 1343 2540 numerorum
1376 2484 1631 2540 mendum
1664 2485 1815 2540 incu-

200 2581 445 2638 santihus
470 2581 696 2652 proprio
719 2579 892 2637 Marte
913 2590 1117 2637 mutata
1140 2597 1207 2637 eo
1228 2596 1338 2637 uno
1363 2581 1681 2652 prtejudicio
1702 2597 1817 2638 mo-

202 2683 358 2732 vente
380 2717 397 2741 ,
429 2675 578 2746 quod
609 2674 903 2732 Auctorem
949 2675 1112 2731 tertio
1152 2676 1355 2731 saeculo
1382 2674 1586 2733 vixisse
1624 2675 1816 2747 opina-

203 2781 411 2829 rentur.
444 2768 601 2839 Quod
630 2770 892 2840 objicitur,
922 2769 1189 2839 inquiunt,
1233 2785 1518 2825 sermonem
1548 2769 1614 2825 de
1639 2769 1812 2825 Conti-

1912 1941 2039 1991 nos,
2067 1926 2172 1994 ait,
2206 1941 2354 1981 num.
2384 1927 2439 1994 5,
2471 1942 2590 1999 pag.
2623 1927 2749 1993 557,
2774 1938 3048 2001 postquam
3074 1930 3176 1987 Dei
3209 1932 3513 2005 Unigenitus

1913 2019 2084 2090 generi
2112 2020 2342 2088 pereunti
2378 2019 2646 2076 subvenire
2670 2022 2911 2095 dignatus
2941 2034 3132 2080 est.....
3160 2028 3359 2081 novella
3379 2044 3515 2082 nunc

1912 2121 1962 2166 et
1991 2113 2251 2167 teterrima
2278 2112 2504 2169 lues.....
2535 2113 2733 2169 Ariona
2762 2114 2930 2184 eﬂ'usa
2967 2125 3061 2171 est.
3099 2117 3159 2174 S.
3192 2118 3516 2176 Pliilastrius

1915 2205 2216 2278 Episcopus
2258 2206 2579 2275 Brixianus,
2628 2211 2720 2278 qni
2764 2210 2821 2266 S.
2872 2210 3159 2268 Ambrosio
3206 2221 3517 2270 comtanens

1915 2299 2130 2371 scripsit
2154 2309 2282 2357 ante
2306 2316 2395 2356 an.
2429 2303 2556 2371 591,
2590 2303 2641 2357 in
2673 2303 2924 2359 omnibus
2966 2305 3127 2361 editis
3168 2316 3293 2364 ante
3318 2308 3516 2363 editio-

1916 2408 2039 2449 nem
2077 2392 2537 2467 Hamburgensem
2565 2410 2594 2450 a
2625 2395 2710 2452 Jo.
2741 2396 2968 2453 Alberto
2994 2398 3244 2455 Fabricio
3276 2400 3523 2457 elabora-

1917 2494 2049 2553 tam,
2082 2486 2198 2543 luec
2220 2487 2382 2542 tradit
2405 2501 2525 2558 cap.
2550 2489 2586 2544 5
2615 2505 2629 2542 :
2666 2488 2733 2543 Et
2754 2489 2874 2545 inde
2898 2507 2931 2544 a
2958 2488 3182 2546 Domino
3207 2508 3366 2562 usque
3384 2510 3521 2548 nunc

1917 2580 2041 2634 anni
2066 2594 2303 2636 ccccxxx
2337 2580 2473 2648 plus.
2498 2580 2606 2637 Sed
2625 2580 2965 2648 Pliilastrius,
2997 2583 3149 2640 addit
3171 2601 3299 2640 mox
3319 2586 3371 2640 in
3393 2585 3521 2643 sub-

1914 2671 2057 2743 jecta
2088 2672 2439 2729 annotatione
2464 2673 2764 2739 Fabricius,
2792 2686 2909 2731 ante
2933 2677 2999 2733 Α.
3025 2675 3085 2731 C.
3119 2679 3220 2734 591
3255 2680 3525 2750 scripsisse

1919 2782 1975 2822 se
2003 2767 2314 2839 signiﬁcavit
2347 2784 2466 2835 cap.
2495 2768 2586 2833 85,
2636 2779 2790 2840 atque
2839 2772 3071 2843 interfuit
3110 2774 3331 2828 concilio
3362 2775 3522 2846 Aqui-

206 2865 373 2920 nentia
402 2881 507 2919 non
530 2880 641 2919 esse
670 2863 736 2920 S.
764 2861 992 2918 Zenonis
1022 2864 1287 2934 martyris,
1319 2880 1437 2918 cum
1462 2864 1515 2918 in
1537 2880 1597 2920 eo
1621 2864 1821 2937 legatur
1923 2860 2101 2918 leiensi
2143 2861 2209 2915 A.
2238 2860 2297 2917 ϐ.
2593 2861 2734 2918 Hinc
2781 2881 3050 2920 numerant
3092 2867 3363 2935 manifeste
3409 2885 3522 2923 cor-

210 2963 403 3018 Auctor
432 2959 667 3032 abfuisse
703 2976 738 3012 a
784 2957 848 3013 S.
890 2956 1049 3013 Pauli
1092 2957 1327 3013 doctrina
1370 2959 1634 3031 divulgata
1671 2958 1822 3013 annis
1920 2967 2132 3029 raptum
2173 2958 2248 3012 ita
2292 2958 2666 3014 restituendum
2695 2976 2803 3015 esse
2837 2959 3094 3035 judicavit
3140 2960 3359 3020 Latinus
3384 2962 3524 3019 Lati-

208 3054 603 3129 quadringentis
630 3061 765 3107 eteo
786 3052 1130 3123 amplius.....
1168 3051 1387 3107 dicimus
1412 3060 1638 3118 textum,
1670 3051 1824 3106 sicuti
1925 3052 2074 3115 nius,
2104 3050 2187 3105 cui
2213 3050 2305 3106 alii
2351 3051 2447 3106 uiri
2489 3052 2677 3108 eruditi
2720 3054 3071 3109 assentiuntur
3095 3071 3114 3109 :
3144 3067 3198 3111 et
3244 3056 3297 3111 in
3340 3066 3491 3134 textu
3510 3098 3524 3123 ,

212 3151 384 3204 multis
406 3151 457 3203 in
482 3147 614 3204 locis
634 3156 710 3203 est
735 3144 1033 3212 mendosus,
1053 3144 1156 3211 ira,
1181 3152 1238 3198 ut
1260 3160 1396 3217 stepe
1415 3145 1474 3215 ﬁt
1498 3145 1554 3199 in
1576 3143 1820 3209 numeris,
1926 3145 2153 3213 proinde
2189 3144 2612 3216 Hamburgensis
2634 3145 2888 3202 editionis
2901 3146 3056 3222 [xu]
3074 3148 3383 3204 emendavit
3403 3151 3481 3205 sic
3512 3168 3528 3206 :

212 3243 281 3299 ibi
304 3260 420 3299 esse
447 3244 808 3314 depravatum.
837 3239 1010 3308 Quam
1037 3237 1348 3310 corrigendi
1381 3238 1643 3294 rationem
1676 3236 1824 3293 nullo
1848 3221 1897 3287 (Ξ
1930 3237 1998 3293 Et
2025 3238 2146 3293 inde
2165 3255 2197 3293 a
2220 3237 2441 3294 Domino
2456 3254 2616 3308 usque
2641 3255 2777 3294 nunc
2805 3240 2929 3294 anni
2959 3221 3200 3297 cccsxxx
3230 3242 3369 3314 plus.
3403 3241 3532 3298 Hinc

215 3335 402 3392 codice
432 3333 716 3401 innixam,
748 3333 879 3402 imo,
911 3341 1103 3388 contra
1135 3331 1293 3387 tidem
1320 3330 1568 3387 codicum
1600 3342 1827 3400 usurpa-
1930 3337 2108 3386 tamen
2139 3344 2207 3386 ex
2246 3345 2354 3384 non
2398 3331 2533 3385 satis
2559 3329 2846 3387 observata
2874 3331 2992 3400 ejus
3029 3332 3213 3387 saeculi
3241 3341 3533 3389 consuetu-

216 3439 321 3484 tam
352 3428 470 3502 (qui
516 3436 780 3499 prmterea
825 3441 933 3480 non
964 3419 1064 3497 per
1109 3423 1416 3480 numerales
1437 3423 1648 3479 litteras
1673 3437 1825 3491 cccc,
1930 3423 2060 3480 dine
2090 3424 2142 3501 in
2169 3424 2327 3479 annis
2352 3424 2678 3480 annotandis
2707 3425 2963 3496 pendent.
2996 3425 3256 3496 Equidem
3286 3442 3394 3482 non
3431 3427 3535 3484 hoc

217 3524 309 3580 sed
348 3537 486 3579 voce
511 3521 917 3595 quadringentos
962 3534 1251 3575 numerum
1295 3518 1635 3589 exprimunt)
1664 3517 1829 3574 Tille—
1932 3532 2041 3572 uno
2065 3518 2244 3589 capite
2273 3516 2460 3574 eadem
2502 3518 2781 3574 notatione
2808 3518 3131 3575 Philastrius
3155 3535 3285 3577 usus
3312 3521 3530 3592 legitur,

221 3616 457 3673 montius
495 3614 860 3671 considerans
890 3606 1085 3670 'ann0t.
1116 3613 1150 3668 6
1179 3613 1231 3668 in
1264 3614 1693 3684 persecutionem
1722 3611 1829 3667 Va-
1932 3609 2027 3666 sed
2067 3619 2124 3667 et
2157 3611 2335 3681 capite
2378 3610 2503 3676 106,
2535 3626 2660 3683 pag.
2707 3610 2847 3679 206,
2895 3612 2984 3669 ubi
3031 3613 3289 3670 scribitur
3320 3632 3332 3668 :
3383 3614 3534 3683 Quod

222 3708 412 3765 leriani
438 3751 453 3776 ,
486 3707 635 3763 illam
674 3707 807 3762 satis
838 3714 1043 3764 certam
1074 3716 1129 3762 et
1171 3715 1338 3761 tutam
1379 3720 1502 3762 esse
1528 3705 1633 3772 ait,
1671 3714 1729 3760 ut
1770 3719 1830 3760 se
1931 3706 2251 3761 contrarium
2295 3706 2575 3775 invenitur,
2621 3707 2666 3760 si
2693 3707 2767 3761 ita
2812 3707 2900 3777 qui
2938 3709 3187 3764 senserint
3216 3724 3234 3763 :
3261 3725 3380 3764 nam
3408 3727 3538 3780 qua-

222 3806 342 3880 quis
377 3822 409 3861 a
449 3804 793 3879 gravissimis
831 3803 1238 3867 difﬁcultatibus
1265 3804 1423 3861 facile
1456 3802 1718 3860 subducat
1743 3813 1827 3860 at-
1934 3800 2233 3873 dringentos
2264 3799 2380 3871 jam
2434 3798 2551 3870 plus
2594 3815 2760 3854 annos
2804 3801 3048 3857 transisse
3094 3801 3426 3872 cognovimus
3472 3818 3537 3858 ea:

224 3919 327 3975 que
356 3903 638 3976 expediat.
1932 3909 2034 3965 quo
2060 3894 2196 3948 venit
2236 3890 2490 3948 Dominus
2510 3934 2525 3957 .
2567 3902 2718 3964 atque
2758 3891 3039 3962 completos
3070 3909 3090 3947 :
3120 3894 3211 3948 ubi
3252 3894 3540 3951 arbitrarie

297 3998 448 4053 Hane
475 3995 872 4053 correctionem
908 3995 1045 4051 adeo
1070 3995 1413 4052 arbitrariam
1444 4004 1605 4066 atque
1635 4004 1829 4053 nutan-
1936 3988 2099 4043 nimis
2125 3988 2410 4059 legendum
2442 3986 2722 4043 Fabricius
2761 3976 2950 4044 censet
2986 3980 3388 4060 quadringentos
3422 3990 3539 4061 jam

228 4097 335 4146 tem
366 4101 423 4144 ut
450 4087 755 4145 sutfnlciret
779 4096 1217 4159 sustentaretque
1244 4085 1550 4144 Cardinalis
1573 4087 1834 4143 Baronius
1936 4078 2065 4152 plus
2095 4081 2264 4134 minus
2288 4095 2482 4147 annos,
2513 4093 2635 4136 cum
2654 4121 2668 4143 ,
2715 4082 2759 4133 si
2802 4077 2906 4135 hoc
2945 4080 3250 4150 signiﬁcare
3282 4080 3543 4136 Valuisset

228 4184 483 4241 secundis
506 4185 563 4238 in
596 4181 1039 4255 Martyrologium
1064 4181 1209 4237 curis
1232 4180 1364 4237 illud
1388 4180 1658 4254 opposuit,
1690 4178 1834 4251 quod
1936 4173 1997 4231 S.
2029 4175 2362 4245 Episcopus,
2396 4172 2539 4229 haud
2579 4172 2878 4229 addidisset
2902 4182 3056 4242 atque
3080 4174 3379 4246 completos.
3415 4174 3542 4231 llaec

226 4278 274 4336 si
294 4278 701 4351 quadringentos
723 4285 851 4332 eteo
872 4276 1094 4339 antplius
1113 4273 1454 4332 retinendum
1472 4275 1564 4341 sit,
1587 4273 1838 4330 Auctoris
1937 4274 2117 4325 autem
2159 4279 2265 4325 tam
2297 4282 2553 4339 expresso
2582 4267 2787 4325 additio
2815 4269 3051 4340 priorem
3078 4286 3293 4341 quoque
3319 4270 3543 4326 chroni-

230 4382 359 4429 tetas
387 4387 497 4427 non
528 4369 599 4425 ad
625 4377 875 4441 quartum
904 4368 1105 4434 solum,
1135 4366 1231 4424 sed
1259 4366 1325 4422 ad
1354 4366 1591 4422 medium
1621 4366 1838 4422 circiter
1937 4379 2057 4421 cam
2104 4364 2439 4421 notationem
2480 4363 2624 4420 haud
2663 4363 3040 4435 corrigendam
3085 4366 3401 4430 continuat,
3435 4366 3544 4422 imo

227 4469 474 4541 quintum
505 4465 763 4522 sacculum
794 4463 1132 4536 proroganda
1161 4462 1266 4519 erit
1293 4479 1306 4517 :
1341 4459 1607 4532 siquidem
1641 4459 1840 4516 Paulus
1939 4457 2074 4513 satis
2102 4457 2278 4514 innuit
2323 4472 2443 4513 eam
2484 4458 2796 4529 opinionem
2828 4456 2881 4512 id
2912 4457 3173 4528 temporis
3200 4459 3367 4529 ,vulgo
3405 4460 3545 4514 obti-

228 4564 464 4633 primam
504 4558 575 4614 ad
601 4558 922 4615 Corinthios
945 4557 1243 4629 Episwlam
1286 4555 1428 4613 circa
1457 4556 1691 4611 medium
1725 4553 1834 4626 pri-
1863 4625 1909 4633 ᾗ
1944 4550 2148 4615 nuisse,
2180 4558 2240 4605 ut
2271 4549 2398 4606 anni
2443 4548 2822 4620 quadringenti
2853 4564 2883 4603 a
2927 4546 3147 4604 Christo
3186 4562 3316 4606 nato
3358 4550 3540 4617 ducti,

231 4625 377 4713 mum
406 4654 669 4711 saeculum
700 4653 937 4725 scripsit.
965 4625 1087 4725 Ipsa
1122 4652 1345 4709 Baronii
1374 4651 1538 4708 verba
1566 4651 1622 4707 in
1656 4665 1835 4720 prom-
1863 4625 1920 4688 Ῑ)
1943 4654 2068 4701 ante
2106 4660 2304 4699 annum
2346 4643 2418 4700 59
2459 4643 2717 4721 completi
2766 4653 3104 4715 putarentur.
3152 4644 3446 4703 Enimvero
3490 4649 3542 4701 in

236 4751 346 4805 mio
376 4748 666 4819 prmsentis
687 4743 1086 4802 dissertationis
1114 4746 1337 4802 recitata
1360 4745 1623 4801 invenies.
1651 4742 1721 4800 At
1746 4761 1806 4816 qr

1944 4737 2166 4806 antiquo
2181 4734 2499 4792 Corbeieusi
2526 4735 2715 4793 codice
2735 4778 2750 4803 ,
2781 4736 2936 4807 cujus
2957 4738 3228 4794 Variantes
3259 4739 3540 4805 lectiones,

234 4841 354 4897 lucc
378 4818 503 4897 cum
547 4838 783 4895 Baronio
818 4838 1119 4895 obtrudunt
1174 4853 1286 4894 non
1331 4841 1465 4895 satis
1503 4837 1841 4895 animadver-
1943 4837 2194 4886 accumle
2257 4828 2577 4900 (Ιθθοι-ἰιιιω,
2605 4830 2661 4885 in
2726 4832 2877 4887 calce
2928 4818 3239 4887 novissima:
3287 4831 3547 4888 editionis

231 4932 367 4989 tisse
392 4948 453 4989 se
478 4931 774 4989 ostendunt
799 4931 918 5004 ejus
949 4931 1123 5004 quarti
1154 4931 1344 4988 steculi
1371 4940 1752 4991 monumenta.
1786 4930 1842 4987 in
1944 4920 2215 4978 Brixianm
2254 4923 2576 4991 recitantur,
2621 4936 2744 4993 pag.
2801 4922 2905 4978 165
2961 4922 3136 4992 palam
3186 4923 3386 4993 legitur
3420 4942 3434 4979 :
3481 4923 3550 4982 Et

232 5028 433 5099 quibus
476 5025 669 5082 eadem
719 5025 979 5081 chronica
1021 5025 1228 5081 notatio
1276 5025 1328 5079 iu
1373 5024 1620 5080 eamdem
1674 5036 1780 5094 qua
1811 5039 1841 5077 a
1945 5016 2068 5072 inde
2095 5033 2129 5070 a
2158 5013 2380 5071 Domino
2407 5032 2568 5088 usque
2592 5033 2728 5071 nunc
2762 5017 2887 5071 anni
2912 5031 3151 5073 ccccxsx
3193 5017 3310 5088 plus
3361 5020 3551 5076 minus.

234 5133 425 5176 nostro
450 5125 688 5176 Auctore
728 5120 991 5175 talionem
1019 5128 1277 5189 usurpata
1298 5118 1517 5191 legitur,
1543 5117 1840 5184 Arnobius,
1947 5107 2079 5176 Quae
2108 5108 2332 5164 formula
2369 5109 2487 5179 plus
2530 5109 2698 5163 minus
2727 5124 2847 5165 cum
2881 5108 3113 5166 Fabricii
3152 5114 3547 5169 eorrectiouem

236 5215 352 5286 qui,
382 5212 724 5270 Diocletiano
750 5214 1076 5282 imperante,
1108 5213 1161 5268 id
1188 5221 1273 5269 est
1298 5213 1400 5267 sub
1426 5213 1636 5267 initium
1666 5210 1844 5282 quarti
1949 5203 2238 5275 expungit,
2280 5212 2391 5261 tum
2420 5217 2551 5259 vero
2572 5196 2830 5261 nostram
2862 5206 3361 5276 interpretationem
3399 5209 3551 5264 miri-

236 5309 448 5374 smcult,
474 5306 659 5362 ﬂoruit
681 5307 1011 5379 Hieronymo
1034 5316 1193 5375 teste,
1222 5321 1403 5362 nonne
1426 5306 1543 5361 huic
1566 5305 1843 5360 etlmicum
1950 5295 2052 5352 tice
2079 5298 2288 5350 statuit.
2329 5295 2584 5352 Cedimus
2606 5297 2716 5366 jam
2742 5297 2886 5354 aliud
2921 5299 3287 5357 testimonium
3320 5317 3386 5358 ex
3427 5303 3555 5360 Hie-
3648 5330 3653 5335 ~

237 5399 505 5456 adversus
530 5398 871 5455 Christianos
899 5400 1208 5471 loquentem
1239 5398 1454 5455 induxit
1489 5398 1564 5454 lib
1615 5413 1689 5461 ιι,
1721 5411 1841 5467 pag.
1949 5388 2164 5459 ronymi
2219 5388 2443 5458 episwla
2474 5388 2597 5457 129,
2640 5391 2706 5445 ad
2755 5389 3084 5462 Dardanum,
3111 5409 3262 5451 num.
3292 5396 3323 5450 7
3349 5436 3362 5459 ,
3410 5395 3552 5466 quod

236 5490 350 5549 με
379 5493 513 5547 Ante
538 5491 936 5564 quadringentos
973 5507 1137 5547 annos
1174 5491 1388 5563 religio,
1433 5491 1632 5561 inquit,
1679 5498 1848 5543 vestra
1953 5479 2166 5535 tametsi
2198 5480 2460 5551 pertineat
2495 5482 2561 5536 ad
2593 5497 2681 5537 an.
2712 5481 2844 5549 414,
2874 5500 2982 5556 quo
3007 5501 3070 5542 ea
3098 5488 3325 5558 epistola
3361 5488 3552 5543 tradita

236 5602 345 5642 non
367 5587 509 5659 fuit?
534 5586 595 5642 In
616 5584 848 5642 formula
876 5586 1025 5653 lidei,
1049 5600 1211 5657 quam
1239 5583 1711 5657 pScudo-synodus
1734 5580 1847 5637 An-
1952 5572 2087 5637 fuit,
2132 5582 2309 5629 tamen
2338 5590 2459 5630 cum
2505 5575 2575 5631 ab
2602 5592 2747 5633 anno
2777 5587 2896 5648 post
2923 5578 3199 5645 Christum
3241 5592 3421 5636 natum
3462 5583 3551 5646 70,

236 5678 488 5733 tiocbena
516 5677 742 5748 scripsit
766 5692 855 5733 an.
897 5676 1025 5744 545,
1052 5687 1108 5734 et
1136 5678 1393 5734 recitatur
1432 5679 1502 5733 ab
1546 5674 1806 5732 Athanasi

1949 5671 2350 5743 quadringentos
2394 5688 2556 5726 annos
2603 5673 2759 5743 paulo
2810 5674 2980 5729 minus
3031 5686 3305 5740 numeret,
3361 5675 3554 5733 eodem

238 5770 296 5827 in
324 5770 465 5828 libro
491 5771 564 5829 de
585 5771 843 5845 Synodis,
878 5772 992 5829 Ittec
1019 5773 1091 5829 de
1121 5772 1524 5829 Paulinianistis
1550 5772 1844 5844 leguntur:
1952 5763 2144 5821 recidit
2190 5785 2205 5819 :
2246 5764 2375 5820 Post
2413 5765 2762 5834 eversionem,
2801 5766 3003 5838 inquit,
3056 5768 3231 5838 templi
3282 5769 3558 5838 (nimirum

239 5863 501 5923 Christum
523 5875 700 5924 autem
714 5866 885 5940 ipsum
910 5877 961 5923 et
980 5864 1182 5923 Filium
1196 5865 1317 5938 Dei,
1350 5867 1768 5942 etpmediatorem,
1800 5875 1853 5923 et
1953 5857 2079 5921 Tito
2111 5859 2441 5932 imperante,
2470 5868 2591 5933 post
2632 5875 2721 5917 an.
2752 5858 2841 5931 70)
2883 5858 3038 5932 paulo
3074 5859 3244 5918 ntinus
3290 5878 3383 5933 per
3426 5878 3557 5933 qua-

782 5963 1058 6027 Pnuon.
1119 5960 1235 6026 XI.
2730 6001 2734 6005 -
3093 5955 3134 6017 2
