3998 6332
440 344 517 401 43
1822 323 2355 389 PROLEGOMENA.
3682 332 3751 388 ll

447 461 743 535 dringentos
778 470 939 512 annos
986 461 1036 509 et
1082 450 1221 507 urbis
1242 457 1289 505 et
1331 446 1506 521 templi
1543 446 1697 502 ruina
1737 453 2051 519 remaneat.
2081 444 2136 506 Α
2160 448 2384 521 pingui,
2415 453 2476 504 ut
2503 446 2647 504 aiunt
2671 486 2688 513 ,
2732 444 2971 501 Minerva
3001 456 3174 499 annos
3201 441 3362 514 vulgo
3409 451 3754 514 computatos

516 555 595 610 Ex
628 552 711 608 his
738 547 988 606 omnibus
1011 543 1249 601 testibus
1275 542 1525 614 aliisque,
1557 555 1680 612 qute
1703 539 1756 595 in
1787 538 2033 596 eamdem

446 647 713 704 rationem
755 641 940 699 alierri
988 645 1253 711 possent,
1306 635 1655 707 perspicuum
1680 632 1745 689 lit
1778 632 2047 704 quinqua-

449 744 595 816 ginta
626 739 784 795 annis
811 736 1027 792 circiter
1054 732 1197 789 hanc
1218 729 1737 804 quadringentorum
1777 739 2043 781 annorum

448 834 781 893 notationem
807 827 1095 887 excedere.
1151 824 1324 894 Quem
1368 820 1585 896 quidem
1624 833 1906 877 excessum
1935 831 2044 873 non

450 928 609 999 hujus
636 925 812 982 solum
837 923 1015 995 quarti
1042 918 1225 976 saeculi
1253 915 1530 989 preprium
1558 913 2042 985 deprehendimus,

448 1022 547 1080 sed
591 1036 715 1076 cum
765 1018 886 1073 aliis
937 1027 1302 1073 communem.
1363 1008 1733 1066 Tertullianus
1784 1004 2045 1062 adversus

445 1116 704 1174 Nationes
726 1113 821 1169 lib.
850 1128 908 1180 ι,
955 1124 1118 1182 quem
1160 1108 1381 1163 ineunte
1410 1102 1629 1159 circiter
1659 1099 1820 1158 tertio
1845 1097 2047 1155 sarculo

447 1208 685 1281 scripsit,
715 1214 967 1262 tercentos
998 1202 1167 1257 ferme
1195 1211 1369 1254 annos
1398 1209 1500 1266 pro
1521 1194 1756 1249 ducentis
1785 1189 2048 1248 Christia-

450 1321 536 1363 nze
566 1302 809 1375 religioni
839 1297 1076 1356 vindicat
1098 1310 1219 1366 cap.
1252 1294 1284 1349 7
1312 1310 1325 1348 ε
1349 1291 1522 1364 Igitur
1540 1292 1683 1346 aetati
1702 1298 1891 1344 nostra:
1916 1301 2049 1342 non-

455 1400 578 1455 dum
623 1397 747 1453 anni
772 1409 871 1452 ccc
915 1392 1038 1469 (sic
1083 1388 1428 1449 scribendum
1472 1401 1538 1441 ex
1598 1383 1910 1442 testimonio
1960 1395 2049 1437 se-

454 1496 664 1566 quenti,
688 1507 789 1563 pro
806 1504 875 1545 eo
891 1486 1034 1559 quod
1064 1485 1118 1541 in
1139 1484 1302 1541 editis
1329 1491 1415 1537 est
1437 1495 1559 1546 cca,
1589 1486 1797 1534 mutato
1821 1492 1853 1531 c
1880 1475 1933 1530 in
1957 1474 2044 1546 1.);

450 1598 508 1645 et
531 1602 652 1656 cap.
678 1584 715 1642 9
740 1602 753 1638 :
787 1582 830 1640 υ
838 1593 855 1637 ι
876 1579 1265 1650 supraditrintus
1292 1575 1433 1631 aetati
1458 1582 1650 1629 nostra
1679 1569 1909 1626 nondum
1925 1569 2048 1624 anni

416 1680 683 1737 dementi.
737 1676 794 1735 S.
828 1676 1021 1732 Petrus
1046 1670 1448 1743 Cbrysologus,
1501 1666 1599 1736 qui
1620 1666 1765 1721 circa
1806 1662 2046 1718 medium

450 1774 696 1845 quiuunu
734 1768 993 1825 eccillum
1019 1764 1223 1830 ﬂoruit,
1254 1776 1421 1818 serm.
1451 1760 1574 1827 145,
1599 1757 1667 1813 de
1684 1755 2052 1815 Generatione

2148 544 2367 601 circiter
2392 551 2703 608 annotasse,
2730 556 2867 613 quos
2890 540 3292 612 quadringentos
3316 536 3535 611 quidem
3560 549 3755 611 quarto

2147 637 2352 695 saeculo
2395 653 2461 694 ex
2494 635 2700 709 vulgari
2729 633 2960 706 quadam
2985 632 3195 705 epocha
3230 646 3261 688 a
3281 631 3587 690 celebribus
3613 646 3749 705 quoo

2148 748 2253 805 que
2279 732 2638 804 scriptoribus
2657 736 2946 787 annotatos
2979 726 3241 785 vidimus.

2223 826 2304 882 Ab
2329 826 2434 882 hoc
2470 834 2649 881 autem
2672 822 2924 881 Auctoris
2954 828 3105 880 textu
3121 830 3411 893 antequam
3438 818 3753 889 transimus,

2148 921 2255 977 alia
2276 936 2385 978 non
2416 919 2644 977 minoris
2671 917 2929 976 momenti
2960 916 3268 975 observatio
3295 914 3633 988 subjicienda
3646 921 3757 984 est,

2148 1029 2253 1088 qua
2283 1014 2473 1071 eadem
2506 1013 2673 1086 ipsius
2716 1019 2849 1069 astas
2883 1010 3137 1082 idemque
3170 1009 3753 1068 saeculmucoulirma-

2152 1120 2258 1168 tur.
2311 1107 2805 1166 Animadvertenda
2860 1106 3120 1163 nimirum
3173 1115 3300 1162 sunt
3350 1100 3515 1161 verba
3555 1101 3761 1176 quibus

2151 1207 2338 1263 urbem
2386 1221 2515 1277 pene
2545 1205 2664 1276 jam
2709 1214 2875 1260 totum
2912 1204 3255 1259 christianum
3281 1215 3382 1258 suo
3420 1214 3542 1258 avo
3585 1198 3760 1258 fuisse

2152 1301 2468 1375 pronuntiat
2492 1317 2508 1368 ;
2536 1299 2677 1370 quod
2701 1300 2768 1357 de
2790 1299 3038 1357 Romano
3063 1298 3282 1372 quidem
3308 1296 3541 1370 imperio
3560 1306 3759 1367 accep-

2152 1406 2285 1463 tum,
2319 1405 2378 1452 ut
2405 1396 2457 1452 in
2475 1396 2829 1451 annotatione
2856 1377 3136 1451 ostensum
3166 1393 3327 1451 nobis
3352 1400 3458 1461 est,
3492 1404 3600 1449 non
3653 1388 3771 1446 nisi

2154 1490 2210 1545 in
2240 1496 2490 1561 quartum
2519 1488 2776 1545 saeculum
2809 1486 2989 1555 cadit,
3034 1501 3156 1542 cum
3186 1485 3309 1542 data
3344 1484 3603 1542 Ecclesia:
3631 1496 3765 1554 pace

2154 1597 2255 1655 per
2282 1582 2698 1638 Constantinum
2719 1624 2733 1647 ,
2763 1580 3059 1638 christiana
3089 1579 3224 1637 fides
3246 1590 3341 1652 per
3362 1584 3532 1636 totum
3559 1574 3763 1634 Roma-

2156 1690 2284 1731 num
2315 1675 2605 1744 imperium
2633 1675 2808 1745 palam
2837 1681 3128 1746 propagata
3146 1673 3542 1729 incrementum
3562 1670 3771 1739 ubique

2158 1767 2451 1824 maximum
2494 1766 2698 1821 habuit.
2756 1764 2921 1837 Cujus
2953 1764 3033 1821 rei
3060 1763 3544 1821 luculentissimam
3571 1762 3768 1834 proha-

453 1866 653 1923 Cbristi
673 1866 726 1919 in
748 1864 875 1926 line,
903 1876 1069 1916 ams
1095 1859 1399 1931 quingentos
1422 1854 1626 1910 circiter
1646 1852 1907 1908 aChristo
1929 1857 2057 1905 nato

2169 1860 2366 1917 tionem
2396 1860 2441 1914 si
2472 1856 2591 1931 quis
2623 1857 2861 1931 ﬂagitet,
2908 1856 3069 1914 adeat
3093 1867 3377 1914 auctorem
3414 1855 3544 1912 licet
3581 1854 3766 1911 ethni-

452 1963 737 2016 enumerat
762 1975 770 2007 :
810 1953 1066 2009 Humanis
1094 1952 1260 2023 teges,
1304 1949 1518 2020 inquit,
1547 1948 1689 2001 intra
1716 1946 1930 2018 triginta
1951 1959 2049 1997 ano

453 2051 815 2126 noslitt'giosas
843 2048 1141 2103 interimunt
1162 2044 1511 2113 questions;
1558 2049 1607 2095 et
1632 2037 1874 2094 Christus
1916 2038 2057 2091 circa

453 2147 756 2219 quingentos
780 2157 945 2197 annos
970 2137 1251 2193 natiuitatis
1293 2150 1404 2190 sure
1439 2148 1625 2188 causas
1653 2138 1884 2203 prastat,
1914 2137 2057 2184 ortus

452 2240 533 2295 sui
555 2239 670 2293 lites
684 2236 897 2305 patitur,
928 2242 1093 2288 status
1120 2229 1201 2285 sui
1228 2230 1446 2284 sustinet
1472 2226 1800 2299 quwstiones.
1830 2222 1887 2278 In
1918 2222 2057 2278 anti-

454 2349 560 2405 qua
588 2344 858 2388 canonum
884 2324 1218 2382 Collectione
1241 2363 1255 2390 ,
1306 2336 1467 2393 quam
1500 2320 1558 2376 S.
1592 2318 1791 2375 Leonis
1819 2314 2000 2373 editor
2024 2329 2057 2372 e

454 2423 667 2482 duobus
696 2435 824 2477 mss.
862 2417 1149 2488 publicavit
1168 2456 1183 2479 ,
1210 2414 1378 2484 capiti
1410 2411 1481 2482 55
1499 2452 1516 2481 ,
1544 2425 1817 2467 canonum
1842 2407 2061 2463 concilii

455 2515 911 2576 Chalcedonensis
934 2512 1103 2568 habiti
1132 2526 1220 2566 an.
1255 2509 1362 2565 451
1383 2550 1399 2574 ,
1428 2507 1545 2562 ιιωο
1569 2505 1825 2562 chronica
1854 2503 2061 2559 notatio

460 2602 792 2683 pneligitur:
833 2607 983 2661 Anno
1019 2602 1427 2676 quingentesimo
1451 2599 1514 2654 ab
1544 2597 1916 2654 Incarnationa
1945 2594 2054 2651 Do-

464 2709 614 2775 mini,
641 2704 924 2761 indictione
951 2717 1008 2768 v,
1038 2698 1188 2755 Felix
1207 2697 1299 2765 ιιι,
1331 2698 1385 2752 in
1420 2704 1653 2752 tractatu
1687 2710 1785 2750 seu
1827 2691 2062 2764 epistola

460 2802 722 2858 adversus
742 2797 1023 2861 Acacium,
1036 2808 1180 2849 nunc
1194 2792 1429 2862 primum
1446 2804 1473 2842 a
1506 2787 1823 2843 marcbione
1846 2784 2060 2841 Maﬂeio

462 2903 653 2951 nostro
684 2891 850 2957 edita,
879 2900 1013 2943 tom.
1048 2902 1101 2941 v.
1129 2883 1492 2940 Conciliorum
1511 2880 1737 2936 Venetae
1775 2875 2061 2933 editionis:

460 2987 586 3045 Post
607 2982 914 3059 quingentos
940 2996 1105 3036 annos
1146 2978 1427 3034 constituta
1450 2973 1643 3031 Christi
1667 2989 1754 3027 eos
1782 2970 1914 3026 velle
1935 2969 2060 3024 sub-

457 3092 669 3151 vertere,
690 3097 805 3135 cum
827 3072 1039 3149 triginta
1057 3090 1314 3130 annorum
1341 3074 1427 3128 lea:
1454 3070 1725 3126 hominum
1765 3085 1870 3124 non
1898 3068 2061 3141 possit

2155 1976 2278 2017 cum
2308 1960 2652 2015 Ammianum
2678 1956 3075 2024 Marcellinum,
3102 1957 3192 2026 qui
3230 1954 3266 2010 l.
3297 1971 3409 2022 ut,
3442 1962 3493 2011 c.
3518 1950 3555 2008 Ξ
3576 1995 3591 2020 ,
3620 1951 3772 2024 ipsos

2156 2068 2372 2126 quoque
2391 2052 2624 2108 Romani
2646 2051 2857 2122 imperii
2878 2050 3076 2107 milites
3096 2048 3427 2105 christianos
3449 2046 3617 2103 fuisse
3641 2059 3770 2116 pro-

2156 2148 2270 2212 dit;
2319 2146 2463 2204 unde
2491 2145 2737 2203 Julianus
2769 2148 3042 2218 Augustus
3076 2144 3131 2200 iu
3155 2143 3347 2200 Galliis
3391 2140 3723 2198 acclamatus
3749 2156 3764 2195 :

2162 2238 2232 2297 Ut
2253 2252 2458 2305 omnes,
2489 2239 2635 2294 nullo
2661 2238 2972 2311 impediente
2992 2282 3005 2305 ,
3038 2238 3108 2292 ad
3139 2237 3221 2292 sui
3251 2237 3485 2308 [acorem
3509 2232 3767 2304 illiceret,

2158 2334 2426 2390 adhterere
2455 2333 2622 2390 cultui
2653 2331 2952 2389 Christiano
2982 2330 3241 2405 ﬁngebat;
3284 2347 3407 2387 nam
3454 2330 3721 2386 verebatur
3751 2370 3768 2396 ,

2159 2430 2233 2485 ait
2258 2429 2497 2486 Zonaras
2524 2428 2619 2484 lib.
2655 2443 2752 2484 xm
2778 2470 2793 2494 ,
2827 2444 2979 2483 num.
3018 2427 3078 2482 ll
3109 2470 3124 2494 ,
3171 2425 3361 2482 milites
3386 2467 3402 2494 ,
3441 2442 3569 2498 quos
3610 2436 3777 2497 prape

2159 2524 2423 2579 universos
2475 2522 2789 2577 christianos
2816 2538 2927 2577 esse
2956 2532 3127 2578 norat.
3166 2516 3355 2592 Neque
3384 2529 3599 2576 moveat
3626 2511 3777 2590 quod

2160 2615 2530 2674 Tertullianus
2576 2618 2631 2671 in
2678 2614 3051 2686 Apologetico,
3095 2628 3216 2686 cap.
3246 2608 3357 2682 ‘57,
3404 2627 3504 2669 suo
3523 2621 3779 2681 tempore

2160 2724 2352 2768 omnes
2376 2712 2647 2767 Romanas
2673 2712 2840 2768 urbes
2862 2708 3191 2768 Christianis
3228 2710 3298 2766 im
3309 2710 3478 2782 pictas
3509 2716 3776 2767 tcstctur:

2162 2818 2287 2860 nam
2326 2804 2397 2859 ibi
2431 2813 2619 2874 aperte
2667 2820 2739 2860 ex
2784 2812 3046 2862 contextu
3088 2803 3287 2876 liquet,
3339 2803 3577 2859 oratorie
3619 2800 3780 2859 illum

2164 2898 2335 2969 loqui,
2365 2912 2471 2954 non
2495 2909 2553 2954 ut
2581 2899 2882 2955 ROmanum
2909 2900 3083 2956 orbem
3106 2916 3233 2971 pene
3240 2902 3357 2973 jam
3378 2906 3538 2952 totum
3560 2895 3782 2969 (quem-

2165 2990 2451 3047 admodum
2502 2994 2579 3047 ait
2632 2995 2832 3048 Auctor
2880 2991 3106 3064 noster)
3136 2990 3371 3047 afﬁrmet
3398 2986 3779 3057 Christianum,

2165 3083 2261 3140 sed
2292 3093 2351 3140 ut
2381 3085 2431 3139 in
2459 3092 2572 3141 toto
2600 3085 2733 3142 orbe
2762 3082 3009 3141 Romano
3038 3092 3119 3139 tot
3139 3082 3496 3148 Christianos,
3518 3081 3642 3137 licet
3661 3078 3782 3138 dis-

460 3177 716 3248 abrumpi.
745 3172 1022 3230 Addemus
1050 3168 1273 3225 alterius
1302 3166 1430 3222 licet
1453 3164 1669 3237 generis
1691 3162 2057 3219 testimonium

2169 3190 2359 3247 pcrsos
2380 3220 2393 3242 ,
2425 3177 2586 3233 fuisse
2615 3178 2827 3247 innuat,
2852 3192 2925 3234 ex
2946 3175 3142 3250 quibus
3180 3176 3442 3232 adversus
3471 3172 3737 3231 Ethnicos
3759 3214 3781 3242 ,

460 3288 526 3329 ex
555 3238 862 3341 Procopio,
909 3267 999 3339 qui
1028 3264 1206 3320 medio
1231 3262 1449 3318 circiter
1478 3269 1636 3315 sexto
1664 3259 1864 3313 sarculo
1894 3255 2057 3311 histo-

2170 3270 2214 3325 si
2246 3270 2295 3324 vi
2333 3278 2387 3325 et
2413 3270 2578 3324 armis
2600 3269 2678 3325 nti
2708 3270 3040 3338 voluissent,
3084 3270 3362 3326 exercitus
3384 3266 3634 3340 componi
3676 3272 3787 3337 po-

459 3366 596 3421 riam
623 3364 693 3420 de
721 3361 871 3418 Bello
898 3358 1135 3417 Gothico
1157 3356 1405 3412 scribens
1432 3395 1447 3420 ,
1507 3353 1578 3408 ab
1621 3351 1798 3424 Appio
1838 3349 2067 3405 consule

460 3459 526 3516 ad
549 3456 788 3513 Belisarii
820 3463 1034 3510 aetatem
1065 3459 1346 3523 nongentos
1366 3462 1530 3502 annos
1549 3454 1771 3501 exactus
1792 3452 2062 3511 recenset,

458 3567 582 3610 cum
609 3565 718 3606 non
751 3549 855 3603 nisi
880 3547 1007 3602 anni
1038 3544 1167 3610 865,
1196 3542 1584 3599 cucurrissent.
1626 3538 1729 3595 Ille
1754 3536 2061 3603 Belisarius,

458 3644 654 3714 inquit,
684 3642 779 3697 lib.
811 3657 858 3706 ι,
883 3654 1003 3709 cap.
1035 3638 1125 3702 Η,
1153 3638 1234 3691 uia
1259 3635 1451 3692 Latina
1470 3633 1751 3690 exercitum
1779 3633 1948 3700 duxit,
1984 3646 2067 3686 re-

456 3738 579 3792 licta
599 3737 668 3790 ad
694 3735 876 3790 lavant
901 3732 1093 3804 Appia,
1123 3746 1279 3800 quam
1305 3729 1530 3799 Appius,
1560 3729 1743 3783 consul
1774 3728 2061 3794 Romanus,

462 3839 582 3885 ante
600 3844 764 3883 annos
794 3835 1080 3899 nongentos
1098 3824 1280 3888 munit,
1315 3838 1379 3875 ac
1404 3837 1500 3876 suo
1531 3820 1739 3876 donavit
1765 3821 1987 3874 nomine.

533 3924 663 3981 Post
694 3932 774 3978 tot
799 3921 1120 3991 scriptorum
1150 3926 1205 3972 et
1232 3914 1437 3972 diversi
1457 3915 1677 3985 quidem
1702 3914 1885 3970 saeculi
1916 3914 2071 3969 testi-

467 4019 672 4083 monia,
702 4032 822 4087 qua:
852 4015 911 4069 in
932 4029 997 4069 ea
1012 4026 1280 4066 annorum
1306 4010 1715 4079 computatione
1758 4009 1830 4066 50
1849 4006 2069 4064 circiter

464 4127 731 4169 annorum
759 4123 986 4165 excessu
1016 4106 1368 4172 conveniunt,
1403 4118 1561 4174 quem
1592 4103 1809 4159 Baronii
1834 4101 2070 4173 obiectio

464 4206 696 4276 amplius
724 4210 962 4268 moveat,
982 4202 1115 4254 utin
1143 4197 1313 4254 nostri
1363 4197 1655 4267 Scriptoris
1696 4206 1854 4252 tract.
1898 4194 1956 4261 5,
1998 4193 2069 4251 de

462 4297 832 4361 Coutineotia,
855 4310 949 4363 per
966 4308 1234 4347 summum
1265 4290 1521 4346 mendqu
1546 4291 1949 4361 quadringentos
1972 4303 2071 4342 att-

464 4408 565 4449 nos
592 4389 828 4460 scriptos
850 4385 1020 4442 velit?
1053 4384 1127 4439 Ea
1154 4392 1328 4445 aetate.
1356 4382 1615 4455 quaanni
1648 4397 1744 4452 per
1776 4382 2054 4448 consules,

465 4499 572 4541 non
616 4498 710 4553 per
731 4491 945 4538 certam:
967 4495 999 4532 a
1021 4477 1220 4533 Christi
1243 4474 1526 4532 uativitate
1550 4475 1811 4545 epocham
1842 4489 2070 4544 compu-

464 4578 723 4633 tahantur
742 4615 757 4638 ,
800 4574 853 4629 in
894 4573 996 4627 hac
1021 4570 1226 4642 cpucba
1258 4568 1491 4626 notanda
1521 4584 1639 4624 non-
1669 4568 1753 4623 ita
1782 4577 2070 4625 accuratus

2169 3365 2383 3420 luisset.
2418 3364 2677 3421 Eamdem
2706 3366 2758 3419 in
2783 3364 3106 3422 sententiam
3135 3365 3191 3419 in
3224 3363 3318 3419 lib.
3343 3371 3533 3419 centra
3558 3361 3784 3418 Judteos

2167 3471 2288 3528 cap.
2312 3458 2365 3525 7,
2403 3458 2568 3513 variis
2614 3458 2666 3513 in
2706 3458 2999 3529 provinciis
3035 3472 3173 3528 quas
3221 3466 3472 3514 recenset
3506 3499 3520 3522 ,
3573 3452 3779 3510 Christi

2167 3566 2353 3606 nomen
2373 3566 2591 3623 regnare
2610 3552 2919 3617 affirmans,
2951 3564 3055 3606 non
3085 3549 3207 3605 illas
3256 3554 3389 3604 totas
3432 3546 3770 3604 christianas

2168 3644 2337 3702 fuisse
2366 3646 2462 3712 ait,
2487 3645 2582 3702 sed
2607 3646 2661 3700 in
2705 3643 2812 3699 illis
2834 3643 3170 3700 Christianos
3207 3642 3448 3710 indicat,
3483 3642 3536 3697 in
3578 3638 3782 3711 quibus

2168 3735 2370 3794 Christi
2391 3750 2587 3793 nomen
2615 3745 2885 3808 regnaret.
2911 3734 3112 3791 Eadem
3136 3732 3584 3805 interpretatione
3617 3731 3784 3808 intel-

2169 3829 2418 3900 ligendus
2435 3829 2748 3900 Serapionis
2763 3829 2846 3885 An
2856 3827 3091 3885 tiocheni
3119 3829 3270 3884 locus
3288 3826 3429 3899 apud
3454 3825 3781 3892 Eusebium,

2170 3922 2267 3977 iih.
2295 3940 2323 3975 ν
2345 3963 2360 3987 ,
2407 3937 2529 3993 cap.
2562 3925 2662 3989 l9,
2703 3923 2794 3978 ubi
2830 3923 3125 3979 christiana
3161 3921 3296 3979 lldes
3347 3908 3445 3993 per
3471 3921 3782 3976 universum

2171 4018 2345 4074 orbem
2375 4015 2565 4073 dinosa
2592 4016 2840 4086 traditur,
2864 4016 3314 4088 quemadmodum
3335 4022 3387 4072 et
3411 4013 3790 4071 testimonium

2173 4111 2500 4168 Bardesanis
2539 4112 2679 4183 apud
2704 4112 2954 4168 eumdem
2979 4111 3071 4167 lib.
3090 4124 3143 4166 vt
3170 4110 3236 4167 de
3254 4111 3491 4181 Praepar.
3514 4108 3784 4178 Evangel.

2174 4221 2297 4278 cap.
2329 4207 2385 4271 8,
2415 4220 2523 4277 quo
2562 4204 2858 4261 Christiani
2885 4207 2941 4260 in
2984 4204 3126 4259 omni
3162 4216 3301 4275 pene'
3330 4202 3533 4258 civitate
3572 4199 3792 4257 inventi

2176 4301 2439 4358 feruntur.
2477 4300 2610 4355 Hinc
2638 4314 2799 4370 porro
2829 4298 2989 4354 nihili
3015 4296 3262 4354 facienda
3288 4304 3512 4368 apparet
3541 4294 3793 4351 violenta

2177 4395 2444 4452 editorum
2474 4394 2873 4452 Veronensium
2905 4392 3281 4464 interpretatio
3302 4434 3317 4461 ,
3349 4390 3439 4462 qui
3481 4402 3792 4460 argumen-

2175 4496 2289 4544 tum
2322 4504 2390 4545 ex
2432 4487 2606 4544 nostri
2630 4486 2884 4544 Auctoris
2916 4496 3065 4543 textu
3095 4487 3315 4543 ductum
3361 4492 3423 4540 ut
3467 4483 3742 4541 eliderent
3769 4525 3791 4555 ,

2178 4600 2273 4639 seu
2302 4584 2480 4655 potius
2505 4582 2790 4639 eluderent
2817 4599 2830 4638 :
2879 4582 3003 4638 Jam
3026 4596 3145 4637 vero
3170 4624 3185 4649 ,
3211 4580 3458 4651 inquiunt
3493 4579 3546 4633 in
3588 4577 3805 4648 praefa-

466 4670 707 4728 calculus
736 4638 1114 4732 adhibebatur,
1144 4667 1238 4723 sed
1261 4664 1524 4721 rotundus
1548 4664 1747 4735 aliquis
1779 4677 2057 4731 numerus,

2177 4678 2325 4733 tione
2354 4720 2369 4745 ,
2401 4693 2517 4732 cum
2558 4677 2950 4731 disseminatum
2981 4688 3072 4745 per
3116 4686 3292 4730 omnes
3339 4672 3626 4745 provincias
3649 4679 3797 4726 esset

462 4769 553 4839 qui
579 4783 644 4821 ex
680 4763 882 4834 vulgari
915 4762 1198 4832 opinione,
1241 4760 1325 4816 vel
1362 4759 1650 4815 traditione
1675 4758 2065 4830 quinquaginta

466 4857 749 4917 fereannis
769 4854 1072 4911 excessisse
1084 4851 1449 4924 cognoscitur.
1465 4851 1800 4923 Quamquam
1816 4853 1867 4907 in
1882 4852 2066 4922 Scrip-

466 4967 585 5009 tore
620 4962 808 5009 nostro
843 4960 1038 5020 praeter
1073 4945 1362 5002 rotundum
1392 4959 1674 5003 numerum
1710 4946 2065 5015 quadringen-

468 5063 545 5103 tos
570 5089 585 5114 ,
623 5046 711 5117 qui
740 5043 1039 5113 saepissime
1063 5056 1167 5095 non
1196 5040 1271 5094 uti
1293 5041 1516 5094 omnino
1545 5046 1835 5095 accuratus
1874 5038 2069 5095 scribi-

469 5153 576 5207 tur,
606 5136 959 5195 observandte
984 5145 1109 5189 sunt
1134 5134 1296 5189 etiam
1320 5147 1483 5189 voces
1508 5135 1670 5203 ferme
1695 5141 1748 5188 et
1775 5132 1854 5187 vel
1877 5148 1936 5188 eo
1956 5148 2070 5187 am~

468 5235 639 5307 ptius,
671 5246 792 5302 qufe
809 5228 1245 5285 contradicentes
1269 5228 1445 5295 primo
1469 5234 1691 5298 aspectu
1727 5225 1897 5281 videri
1940 5240 2068 5296 pus-

466 5337 624 5384 suut:
662 5340 786 5381 nam
821 5324 865 5378 si
896 5323 1021 5377 anni
1051 5328 1180 5376 sunt
1214 5323 1374 5392 ferme
1394 5320 1759 5391 quadringenti
1784 5359 1800 5387 ,
1832 5320 1966 5377 nihil
2004 5336 2065 5377 eo
2118 5318 2125 5329 ’

465 5421 711 5500 amplius,
729 5417 823 5473 sed
849 5415 1027 5486 potius
1040 5430 1097 5468 eo
1120 5416 1290 5467 minus
1310 5413 1513 5484 aliquid
1535 5414 1701 5471 fuisse
1720 5414 2061 5485 intelligitur.

467 5516 537 5570 At
566 5528 633 5570 ne
661 5513 715 5568 in
746 5510 906 5566 unius
927 5510 1084 5564 lines
1113 5507 1317 5562 finibus
1330 5507 1812 5565 contradictionem
1838 5509 2061 5565 Auctori

466 5607 774 5678 obrepsissc
798 5601 1085 5659 credamus
1110 5643 1124 5666 ,
1156 5601 1234 5655 vel
1264 5601 1542 5670 ‘particula
1571 5603 1704 5659 satis
1730 5611 1913 5659 monet
1938 5645 1953 5672 ,
1997 5618 2064 5660 ex

465 5715 567 5771 qua
600 5699 772 5769 palam
804 5705 887 5753 est
914 5695 1076 5766 [erute
1112 5701 1169 5749 et
1216 5693 1293 5748 vel
1339 5709 1401 5748 eo
1447 5695 1675 5766 amplius
1708 5697 1969 5767 scriptum
1997 5697 2067 5754 ab

466 5793 699 5849 Auctore
718 5792 883 5849 fuisse
900 5805 998 5861 pro
1013 5790 1240 5858 circiter,
1262 5797 1319 5845 ut
1337 5788 1507 5864 [itaer
1527 5791 1857 5863 significaret
1872 5806 1932 5849 sc
1954 5807 2066 5849 non

463 5885 742 5958 praecisam
768 5899 1037 5941 mutorum
1063 5881 1397 5940 notationem
1427 5881 1653 5957 signare
1675 5883 1934 5952 voluisse,
1966 5885 2077 5943 sed‘

2174 4769 2519 4842 Evangelium
2542 4788 2572 4825 a
2593 4770 2766 4824 multis
2783 4778 3067 4841 receptum,
3086 4785 3145 4823 eo
3174 4767 3232 4823 in
3252 4769 3366 4823 loco
3393 4766 3589 4821 Auctor
3610 4766 3789 4836 ponit,

2174 4874 2229 4919 ut
2256 4864 2334 4935 ﬁt,
2370 4872 2533 4919 totum
2557 4878 2651 4930 pro
2675 4871 2853 4934 parte;
2893 4876 3054 4934 quam
3085 4861 3500 4932 explicationem
3528 4858 3793 4915 Auctoris

2177 4958 2340 5014 verba
2392 4970 2733 5029 nequaquam
2769 4954 2984 5023 ferunt,
3026 4969 3150 5011 cum
3182 4953 3484 5027 praiscrtim
3525 4952 3569 5007 is
3611 4960 3793 5006 totum

2178 5067 2306 5122 pene
2330 5052 2502 5105 orbem
2537 5053 2724 5106 stricte
2755 5048 2957 5103 dixiSse
2987 5058 3343 5117 cognoscitur
3366 5086 3379 5109 ,
3407 5058 3512 5101 non
3539 5042 3795 5113 tropolo-n

2174 5147 2315 5218 gice,
2331 5145 2395 5198 ad
2422 5142 2852 5199 Christianorum
2868 5140 3084 5212 quidem
3110 5139 3507 5195 multitudinem
3527 5146 3639 5191 toto
3661 5137 3789 5205 jam

2175 5239 2306 5295 orbe
2337 5237 2712 5294 ﬂorescentem
2742 5232 3149 5306 significandam
3177 5274 3190 5298 ,
3235 5244 3291 5287 ut
3326 5232 3468 5288 illam
3500 5229 3792 5286 rarissimis

2174 5332 2306 5390 olim
2338 5330 2666 5398 Christianis,
2710 5327 3064 5401 quos'ibidem
3087 5327 3352 5400 appellat,
3381 5332 3698 5397 Opponeret.

2172 5466 2291 5540 §ll.
2312 5498 2383 5508 -—
2426 5466 2620 5522 Auctor
2667 5474 2848 5520 contra
2892 5462 3114 5518 Arianae
3147 5462 3402 5518 disserens
3424 5502 3447 5529 ,
3487 5460 3797 5530 secutaque

2246 5571 2430 5634 quarto
2476 5557 2691 5630 proinde
2733 5557 3117 5632 adjudicandus
3172 5555 3412 5626 pluribus
3467 5552 3793 5611 testimoniis

2247 5654 2585 5709 convincitur.
2645 5650 2923 5713 Editorum
2960 5648 3617 5722 Veronensium:responsio
3645 5663 3790 5702 con-

2246 5759 2392 5805 ινιεα.

2244 5886 2492 5945 Alterum
2523 5890 2899 5957 argmuonttnn
2922 5922 2936 5951 ,
2997 5881 3139 5955 quod
3190 5897 3289 5957 pro
3335 5890 3525 5955 quarto
3571 5874 3785 5939 sarculo
