3952 6320
137 367 203 423 ιιι
859 359 1310 420 DISSERTATIO
1347 361 1390 428 Ι,
1431 357 1519 418 DE
1558 357 1616 416 S.
1661 353 1725 414 ΖΙ

1834 353 1952 413 lNlS
1990 356 2238 415 TRACT.
2276 358 2362 416 ET
2403 359 2680 418 ΛΕΊᾺΤΕ.
3352 359 3424 416 46

133 477 553 543 validissimum,
587 477 929 550 pluribusque
961 477 1276 534 tractatibus
1300 487 1584 531 commune
1611 480 1714 537 est,
1747 471 1793 531 Α
1823 468 2266 540 wqualitatemque
2304 472 2583 528 amborum
2617 486 2776 528 unum
2813 480 2968 544 urget
2997 479 3157 530 tract.
3187 475 3240 537 6,
3271 491 3324 532 ιι.
3361 477 3418 541 4,

130 582 340 643 spectat
369 586 530 628 voces
559 573 976 642 sententiasque,
1005 589 1133 642 quas
1165 571 1182 643 (
1205 579 1260 627 ut
1287 569 1497 626 Baronii
1536 566 1717 624 verbis

131 673 344 720 utamur
365 665 416 719 in
437 663 619 734 primis
638 664 700 719 ad
718 665 1155 737 Martyrologium
1186 665 1346 729 notis,
1379 663 1466 719 die
1492 661 1558 718 l2
1576 661 1718 731 apri-

127 757 214 826 li.)
246 772 522 826 numquam
559 766 676 811 ante
702 757 941 821 auditas,
972 775 1126 828 quant
1161 767 1277 831 post
1306 755 1417 811 Arii
1457 769 1716 826 emergen-

128 857 326 920 gentem
352 846 623 916 haeresim,
672 865 818 904 nemo
865 859 938 905 est
965 851 1052 920 qui
1103 850 1330 917 nesciat,
1377 849 1464 920 qui
1506 848 1717 902 illorum

130 951 407 1014 temporum
428 957 506 994 res
523 951 688 1012 gestas
709 942 916 998 calleat.
949 943 1072 998 llaec
1087 951 1264 998 autem
1285 949 1407 997 sunt
1429 940 1714 1013 ejusmodi,

131 1043 207 1099 ιιι,
235 1034 361 1090 licet
387 1033 527 1091 idem
567 1039 756 1091 auc-tor
783 1037 1037 1092 secundis
1072 1038 1124 1093 in
1155 1037 1591 1109 Martyrologium
1621 1051 1715 1091 cu-

129 1131 202 1186 ris
225 1131 544 1185 sententiam
576 1131 798 1185 mutarit
828 1174 842 1198 ,
877 1130 1051 1186 adhuc
1092 1143 1267 1188 tamen
1309 1131 1408 1187 hac
1449 1130 1517 1186 de
1556 1143 1717 1186 causa

128 1224 406 1294 negandum
429 1239 529 1276 non
556 1239 682 1288 esse,
715 1223 939 1294 iuquiat,
973 1224 1252 1278 nonnullos
1282 1239 1541 1278 sermones
1584 1223 1719 1277 inter

129 1315 372 1385 opuscula
403 1314 460 1370 S.
487 1312 712 1368 Zenonis
733 1316 1032 1382 impressas,
1063 1317 1281 1386 martyri
1309 1359 1321 1376 ,
1353 1317 1439 1386 qui
1475 1315 1567 1369 sub
1597 1315 1722 1370 Gal-

131 1407 260 1462 lieno
290 1414 558 1461 coronatus
587 1417 693 1473 est,
723 1410 994 1463 convenire
1016 1423 1115 1463 non
1145 1425 1313 1479 posse,
1348 1409 1398 1462 in
1424 1408 1607 1479 quibus
1636 1425 1720 1461 ar-

133 1499 374 1554 bitramur
389 1513 474 1555 eos
495 1509 628 1567 esse,
653 1501 737 1569 qui
754 1500 864 1554 Arii
883 1501 1116 1555 bmesim
1133 1502 1403 1571 confutant
1418 1502 1720 1572 manifeste;

133 1593 279 1662 quod,
296 1593 347 1646 ni
366 1593 621 1664 fallimur,
651 1593 824 1648 inuitis
849 1594 1134 1649 rationibus
1163 1604 1209 1648 et
1233 1595 1439 1664 optimis
1467 1597 1723 1667 conjectu-

134 1688 202 1741 ris
226 1687 424 1757 probari
451 1696 644 1756 posset,
670 1687 714 1742 si
736 1687 791 1740 id
813 1688 1092 1742 notationis
1122 1689 1718 1763 angustite'paterentnr.

132 1781 324 1836 Harum
373 1779 707 1836 locutionum
756 1793 1058 1852 vocumque
1104 1782 1497 1852 praecipuarutn
1543 1781 1622 1834 vis
1666 1789 1725 1835 ut

1819 575 1871 618 et
1909 562 2154 619 formulis
2183 564 2397 634 quidem
2434 566 2571 623 adeo
2601 565 2878 636 espressis
2922 581 2986 623 ac
3024 571 3267 639 repetitis
3311 585 3419 626 ste-

1822 657 1941 728 pius
1969 658 2092 713 aliis
2118 659 2343 714 vocibus
2375 661 2584 724 statuit,
2617 670 2672 714 ut
2704 678 2808 716 non
2841 677 2968 718 casn
2997 663 3199 733 aliquo,
3230 665 3324 720 sed
3352 679 3422 720 ex

1819 751 2048 807 consilio
2069 764 2256 808 contra
2282 767 2522 808 errorem
2543 753 2652 823 jam
2677 753 3041 812 dominantem
3071 755 3187 812 haec
3209 769 3269 812 se
3293 771 3423 827 pro-

1822 844 1960 899 ﬁteri
1995 845 2321 912 subindicet;
2353 845 2498 903 unde
2527 856 2680 902 traCt.
2713 845 2737 901 l
2773 849 2869 904 lib.
2893 863 2951 909 ιι.
3009 847 3177 905 Deum
3199 851 3298 906 Dei
3328 850 3422 906 Fi-

1823 939 1946 994 liunt
1987 941 2236 1009 (squalent
2280 939 2428 995 Patri
2465 959 2497 994 a
2537 941 2816 996 Catholicis
2857 943 3130 1011 prtedicari
3167 939 3426 1000 distincte

1822 1034 2079 1099 afﬁrmat,
2109 1049 2229 1104 qua!
2259 1033 2574 1104 praedicatio
2609 1047 2716 1090 non
2744 1036 2844 1090 nisi
2875 1036 2928 1090 in
2963 1046 3212 1107 quartum
3245 1051 3422 1094 siccu-

1823 1126 1933 1181 lum
1970 1137 2160 1182 contra
2198 1128 2312 1184 Arii
2347 1125 2598 1184 barresim
2621 1129 2792 1183 cadit.
2825 1128 2974 1184 Hanc
3001 1144 3165 1201 porro
3197 1133 3422 1202 aequali-

1825 1227 1989 1276 tatem
2028 1233 2134 1276 non
2167 1223 2399 1277 asseruit
2441 1221 2616 1277 solum
2649 1222 2874 1289 Auctor,
2907 1223 3002 1279 sed
3038 1224 3277 1293 pluribus
3306 1236 3424 1280 sta-

1827 1325 1980 1372 tuere
2023 1325 2077 1371 et
2107 1315 2432 1372 contirmare
2461 1316 2623 1372 etiam
2671 1317 2896 1388 integris
2923 1316 3248 1388 quandoque
3279 1329 3424 1374 trac-

1828 1408 2028 1462 tatibus
2051 1407 2242 1473 voluit,
2275 1407 2611 1476 obiectiones
2643 1407 2896 1478 rejicieus
2940 1424 3074 1481 quas
3108 1409 3294 1464 Ariani
3327 1425 3421 1466 so-

1826 1500 1939 1556 lum
1969 1511 2402 1556 commoverant.
2435 1501 2567 1556 Vide
2590 1511 2732 1556 totos
2763 1510 2918 1557 tract.
2956 1503 2981 1558 1
3019 1511 3073 1558 et
3101 1502 3134 1557 6
3166 1503 3262 1558 lib.
3293 1519 3351 1559 tt.

1897 1593 2040 1648 Nihil
2057 1607 2222 1665 porro
2241 1595 2787 1663 Arianissolemnius,
2811 1612 2972 1666 quam
2990 1596 3430 1671 ipooiietov'grtc-

1826 1703 1972 1755 cum,
2008 1689 2232 1744 latinum
2267 1699 2450 1745 autem
2479 1697 2674 1745 nomen
2712 1703 2867 1745 unum
2893 1689 3230 1746 substantiam
3284 1693 3431 1747 refu-

1827 1789 1976 1851 gere,
2009 1783 2213 1852 quippe
2243 1780 2383 1853 quod
2407 1797 2515 1837 uno
2547 1784 2656 1838 ictu
2689 1783 2928 1854 ipsorum
2961 1795 3204 1840 errorem
3238 1787 3432 1856 praeci-

133 1873 455 1930 manifestior
484 1873 611 1938 ﬂat,
642 1871 772 1944 quid
799 1873 987 1930 Ariani
1015 1887 1079 1932 ex
1109 1889 1214 1930 una
1245 1884 1394 1944 parte
1420 1876 1723 1946 senserint,
1759 1879 1807 1939 B
1835 1873 1999 1929 debat
2041 1893 2054 1928 :
2097 1875 2244 1930 unde
2281 1890 2345 1931 ea
2388 1877 2628 1946 ipsorum
2667 1887 2784 1932 erat
2821 1877 3056 1932 celebris
3095 1878 3180 1933 lex
3211 1905 3226 1942 ,
3268 1893 3429 1950 quam

132 1970 250 2043 quid
277 1987 341 2028 ex
369 1971 470 2027 alia
500 1971 705 2028 Auctor
734 1984 926 2029 contra
953 1983 1185 2042 regerat,
1209 1974 1371 2028 certis
1401 1970 1721 2042 quibusdam

132 2066 386 2136 capitibus
412 2081 686 2136 exponere
717 2066 945 2135 perutile
973 2064 1174 2130 fuerit,
1221 2065 1362 2120 unde
1387 2064 1472 2119 vel
1501 2065 1599 2130 illi,
1633 2064 1722 2133 qui

135 2175 233 2214 non
264 2159 418 2228 plane
446 2159 639 2214 eruditi
691 2161 742 2214 iu
778 2160 923 2215 hisce
951 2160 1190 2214 materiis
1216 2167 1340 2213 sunt
1367 2201 1382 2224 ,
1431 2159 1722 2213 Auctorem

135 2261 310 2307 centra
325 2253 551 2307 Ariauus
565 2267 630 2307 es
653 2253 925 2323 proposito
936 2251 1294 2308 disserentem
1326 2259 1639 2322 agnoscant.
1662 2249 1726 2304 Hi

138 2348 363 2403 lucretici
380 2345 567 2421 [mn]
585 2361 651 2401 ex
669 2347 772 2401 Atb
791 2348 960 2401 uiasio
979 2348 1030 2401 in
1043 2345 1137 2402 lib.
1157 2345 1225 2400 de
1244 2343 1727 2402 DecretisNiczeuis

139 2459 277 2496 ιιιιιιι.
310 2442 376 2497 l8
403 2483 416 2507 ,
447 2457 569 2512 pag.
601 2441 709 2495 223
732 2481 748 2508 ,
781 2440 847 2494 de
877 2439 1011 2495 Filio
1041 2440 1136 2495 Dei
1168 2439 1450 2511 loquentes
1476 2481 1488 2504 ,
1537 2437 1726 2509 hujus-

142 2538 271 2592 modi
322 2536 569 2593 formulis
600 2537 927 2591 utebantur:
975 2533 1057 2590 Ea:
1091 2551 1192 2588 non
1220 2535 1582 2600 existentibus,
1626 2549 1728 2587 non

143 2639 239 2682 erat
266 2639 533 2700 antequam
553 2629 755 2699 genitus
775 2636 872 2693 est,
897 2626 995 2697 [ait
1009 2626 1289 2697 aliquando
1313 2643 1426 2680 cum
1447 2643 1548 2680 non
1568 2633 1728 2680 esset:

145 2721 323 2789 quibus
345 2717 651 2791 significare
681 2719 964 2783 volebant,
991 2718 1232 2773 divinum
1264 2715 1498 2772 Verbum
1540 2733 1602 2770 ex
1629 2731 1731 2770 non

145 2813 476 2879 existentibus,
535 2813 585 2868 id
626 2821 710 2868 est
735 2828 798 2868 ex
834 2812 1002 2867 nihilo
1029 2854 1042 2877 ,
1096 2822 1150 2864 nt
1183 2822 1394 2866 Cznlcfte
1425 2819 1687 2864 creaturae
1715 2852 1728 2874 ,

147 2909 405 2964 conditum
431 2950 444 2974 ,
476 2923 577 2964 non
609 2908 770 2977 fuisse
805 2919 1081 2978 antequam
1107 2907 1309 2977 genitus
1346 2915 1417 2959 est
1443 2946 1457 2969 ,
1514 2904 1655 2960 unde
1680 2912 1735 2959 et

150 2999 240 3067 [ait
262 2999 557 3070 aliquando,
589 3017 704 3054 cum
740 3017 842 3055 non
872 3010 1021 3054 esset.
1079 2999 1172 3053 llis
1203 3007 1260 3053 ut
1286 2996 1579 3053 contrairet
1609 3012 1735 3051 nos-

151 3101 222 3148 ter
263 3094 462 3150 Auctor
511 3111 634 3149 cum
677 3093 959 3149 catholicis
999 3094 1238 3164 primum
1285 3092 1470 3146 docuit
1513 3099 1668 3144 tract.
1701 3091 1736 3146 ὅ

149 3186 234 3242 lib.
263 3204 296 3242 ιι
322 3229 335 3253 ,
363 3187 526 3243 Deum
557 3187 772 3243 Patrem
813 3190 973 3241 alium
1009 3203 1082 3252 se,
1109 3186 1163 3240 id
1187 3194 1270 3240 est
1301 3183 1494 3239 Filium
1526 3185 1692 3238 Deum
1721 3223 1734 3246 ,

1830 1968 2159 2025 Phtebadius
2188 1980 2582 2026 commemorat
2610 1985 2735 2043 pag.
2765 1968 2868 2027 30l
2903 1983 3034 2027 tom.
3088 1989 3139 2027 tv
3169 1972 3427 2028 Bibliotb.

1828 2059 1933 2116 PP.
1973 2061 2104 2116 edit.
2144 2061 2519 2133 Lugdunensis
2551 2079 2565 2118 :
2594 2062 2764 2120 Nemo
2791 2079 2947 2118 suam
2979 2065 3315 2120 substantiam
3343 2067 3429 2120 di-

1835 2163 1936 2206 cat.
1969 2153 2235 2210 Catholici
2257 2171 2287 2211 e
2309 2165 2500 2210 contra
2522 2156 2661 2210 sicut
2689 2155 2830 2225 apud
2851 2157 3070 2213 Graecos
3100 2171 3231 2214 voce
3255 2157 3434 2231 ὀμοού-

1835 2265 1947 2303 σιον
1977 2247 2049 2301 ita
2075 2248 2216 2318 apud
2240 2245 2463 2303 Latinos
2489 2249 2647 2303 unius
2673 2249 2974 2304 substantiis
2997 2249 3343 2306 confessione
3361 2252 3433 2307 ab

1834 2341 2050 2395 Arianis
2072 2342 2520 2407 secernebantur,
2546 2341 2845 2412 iisdemque
2868 2353 2922 2397 ut
2945 2358 3006 2398 se
3027 2359 3087 2398 se
3106 2343 3431 2412 obiicerem,

1835 2434 2040 2488 nullam
2084 2434 2352 2504 potiorem
2395 2435 2685 2491 formulam
2720 2436 3061 2508 ingerebant.
3098 2436 3246 2492 Hanc
3282 2436 3431 2493 [.ati-

1836 2542 1960 2582 nam
1985 2527 2382 2598 professionem
2413 2544 2477 2584 ac
2497 2529 2783 2584 formulam
2811 2529 2953 2599 apud
2979 2530 3266 2584 Auctorem
3288 2545 3438 2600 saepe

1835 2623 1982 2691 leges
2008 2663 2023 2688 ,
2066 2633 2121 2678 et
2160 2637 2319 2677 unam
2351 2623 2712 2679 substantiam
2745 2623 2922 2679 Patris
2947 2640 3008 2678 ac
3037 2624 3161 2679 Filii
3191 2625 3438 2696 pracisis

1837 2722 2088 2777 terminis
2139 2721 2465 2794 explicatam
2518 2721 2682 2776 etiam
2742 2722 3023 2786 invenies;
3077 2722 3152 2776 uti
3201 2728 3358 2776 tract.
3404 2721 3440 2776 6

1839 2815 1932 2870 lib.
1966 2830 2026 2880 ιι,
2062 2831 2207 2870 ιιιιιιι.
2236 2816 2292 2882 4,
2325 2814 2505 2870 verbis
2538 2815 2697 2885 paulo
2727 2822 2854 2869 ante
2901 2814 3160 2880 recitatis,
3196 2829 3296 2870 nec
3327 2829 3440 2870 non

1840 2913 1996 2964 tract.
2031 2909 2083 2974 Ἰ,
2121 2923 2268 2963 num.
2297 2908 2354 2974 2,
2389 2907 2477 2962 ubi
2498 2908 2612 2963 haec
2641 2907 2842 2964 habet:
2869 2907 2929 2964 Si
2957 2908 3094 2961 enim
3132 2907 3352 2964 Verbum
3382 2909 3442 2963 in

1841 2999 1949 3057 Deo
1974 3012 2068 3068 est,
2089 3010 2134 3056 et
2149 3001 2287 3056 Deus
2309 3013 2379 3057 est
2413 2999 2649 3067 Verbum,
2678 3002 2839 3056 ethoc
2863 3010 2959 3068 est,
2989 3002 3041 3055 in
3062 3017 3163 3072 quo
3185 3012 3278 3066 est,
3301 3002 3441 3071 quod

1840 3095 1928 3149 ille
1951 3103 2046 3162 est,
2076 3097 2161 3165 qui
2192 3096 2347 3159 inest,
2377 3095 2571 3164 duplex
2600 3109 2838 3164 persona,
2870 3094 3062 3165 duplex
3091 3093 3390 3149 uocabulum
3423 3110 3443 3149 :

1841 3191 1932 3245 sed
1962 3189 2231 3262 originalis
2255 3189 2608 3259 perpetuitatis
2642 3203 2705 3242 ac
2738 3187 2946 3243 deitatis
2973 3197 3046 3244 est
3074 3203 3180 3243 una
3203 3190 3444 3243 substan-

149 3282 368 3349 genuisse
389 3297 453 3335 ea:
475 3297 528 3336 se
550 3295 613 3336 ea:
633 3281 924 3336 innascibili
943 3296 1038 3334 sua
1067 3280 1164 3334 illa
1193 3279 1479 3333 substantia
1503 3319 1517 3343 ,
1558 3277 1608 3330 in
1633 3291 1733 3345 qua
1759 3272 1804 3334 C
1841 3283 1932 3337 tia.
1959 3283 2158 3338 lterum
2189 3289 2347 3338 tract.
2376 3283 2464 3351 ιιι,
2499 3297 2649 3337 num.
2687 3283 2738 3346 l,
2773 3297 2928 3336 uuam
2949 3281 3307 3350 substantiam,
3339 3283 3446 3337 uir-

151 3370 309 3427 bestiis
328 3379 536 3429 manens
572 3374 628 3426 in
657 3375 1045 3443 sempiternum,
1072 3370 1308 3426 omnibus
1333 3385 1448 3441 qua:
1476 3371 1622 3424 habet
1639 3369 1734 3422 ha-

149 3465 326 3522 bentem
375 3466 424 3521 F
427 3470 574 3523 ilium
615 3470 764 3540 paria
795 3469 1119 3538 procreavit;
1163 3477 1216 3521 et
1244 3474 1400 3520 tract.
1444 3464 1480 3517 2
1521 3463 1616 3519 lib.
1650 3477 1686 3518 ll
1716 3505 1729 3528 ,

151 3559 320 3617 Totum
340 3581 414 3630 se,
440 3564 633 3634 inquit,
658 3563 817 3618 Pater
837 3562 1168 3632 reciprocaoit
1189 3561 1244 3614 in
1273 3560 1322 3614 F
1324 3561 1471 3614 ilium
1491 3575 1510 3614 :
1538 3558 1732 3630 quibus

149 3654 370 3712 divinum
402 3655 637 3713 Verbum
669 3673 774 3712 non
806 3669 870 3712 ea:
899 3656 1100 3721 nihilo,
1136 3669 1230 3708 seu
1262 3670 1324 3708 ex
1354 3671 1455 3708 non
1482 3652 1735 3707 exstanti-

150 3751 268 3814 bus,
314 3751 406 3809 sed
453 3767 518 3807 ex
573 3752 689 3821 ipsa
716 3751 889 3806 Patris
936 3751 1233 3805 substantia
1265 3748 1502 3819 genitum
1543 3757 1733 3816 aperte

149 3841 382 3913 prodidit.
411 3847 539 3902 Dein
565 3855 626 3901 ut
657 3844 990 3915 exploderet,
1010 3845 1232 3898 alteram
1266 3841 1573 3906 lormulam,
1612 3839 1730 3894 Non

147 3945 242 3992 erat
259 3946 529 4003 antequam
551 3947 866 4003 nasceretur,
898 3951 995 3992 seu
1021 3937 1245 3991 alteram
1280 3951 1345 3990 co
1375 3934 1726 3997 recidentem,

149 4024 260 4084 Fuit
283 4031 563 4102 aliquando
589 4073 604 4100 ,
638 4047 756 4086 cum
795 4043 896 4084 non
928 4037 1094 4096 esset,
1137 4028 1332 4098 quibus
1381 4025 1564 4081 divino
1595 4025 1731 4079 Filio

149 4128 484 4182 :ctemitatem
535 4127 722 4182 Ariani
773 4125 1081 4196 negabant,
1127 4122 1489 4177 coteternitatis
1541 4135 1728 4175 vocem

148 4215 326 4283 sapius
349 4215 603 4279 inculcat,
637 4227 800 4273 tract.
829 4217 863 4270 2
891 4217 983 4271 hb.
1015 4231 1074 4281 ιι,
1106 4229 1211 4269 una
1241 4214 1487 4285 originali
1516 4222 1730 4267 eoteter-

148 4307 333 4373 nitate;
373 4319 524 4365 tract.
557 4311 592 4363 6
624 4309 717 4364 lib.
751 4326 812 4375 ιι,
846 4323 902 4364 ιι.
935 4309 990 4375 4,
1020 4325 1136 4363 cum
1190 4325 1290 4379 quo
1319 4307 1584 4381 originalis
1617 4321 1731 4373 per-

151 4403 368 4472 petuique
386 4406 526 4474 regni
565 4419 669 4457 una
709 4397 981 4473 possessio,
1013 4401 1380 4458 cowterttitatis
1403 4401 1729 4469 omnipoten-

149 4493 312 4560 titeque
329 4508 430 4548 una
455 4497 738 4550 substantia
761 4536 776 4561 ,
801 4511 904 4549 una
925 4496 1192 4566 aequalitas
1211 4536 1223 4560 ,
1253 4509 1356 4547 una
1385 4492 1544 4546 uirtus
1563 4494 1733 4565 maje-

148 4589 281 4642 statis
305 4597 555 4660 augustas.
590 4589 706 4646 Huc
734 4591 898 4645 etiam
926 4589 1014 4644 illa
1045 4588 1496 4660 pertinenttract.
1523 4581 1614 4649 55,
1639 4582 1730 4637 ubi

1841 3385 1997 3430 tutetn
2015 3418 2028 3441 ,
2063 3377 2332 3441 deitatem,
2362 3379 2680 3447 maiestatem
2701 3415 2715 3439 ,
2749 3374 3160 3444 voluntatemque
3189 3373 3368 3432 Patris
3397 3388 3445 3431 et

1843 3467 1996 3524 Filii.
2025 3467 2293 3534 Tandem,
2334 3475 2391 3522 ut
2420 3469 2528 3522 alia
2553 3468 2831 3532 sileamus,
2865 3467 3202 3537 explicandae
3226 3469 3440 3540 aliqua-

1845 3570 2002 3617 tenus
2043 3561 2126 3617 rei
2151 3575 2314 3617 causa
2345 3571 2499 3616 tract.
2531 3561 2566 3614 2
2591 3560 2825 3615 duorum
2852 3563 3084 3617 marium
3113 3578 3209 3633 per
3232 3562 3434 3620 fretum

1841 3656 2080 3710 medium
2115 3655 2255 3710 inter
2286 3667 2410 3711 sese
2465 3655 2982 3710 communicantium
3021 3655 3436 3714 similitudinem

1841 3749 2056 3818 ingerit,
2089 3761 2203 3818 qua:
2224 3747 2338 3802 licet
2363 3747 2443 3801 sui
2467 3747 2774 3818 proprietate
2801 3747 2927 3802 locis
2951 3747 3309 3820 vocabulisque
3328 3751 3444 3805 dis.

1840 3850 1978 3894 creta
2004 3841 2129 3904 sint,
2157 3850 2326 3894 tamen
2350 3840 2471 3894 trini
2493 3839 2742 3909 profundi
2773 3840 2979 3910 saporis
3002 3857 3105 3894 una
3129 3842 3308 3908 uirtus,
3335 3859 3442 3896 una

1839 3933 2142 3998 substantia,
2171 3947 2274 3985 una
2297 3942 2370 3985 est
2397 3931 2597 4001 ﬂuendi
2627 3942 2829 3984 natura.
2853 3931 3007 3998 Quod
3031 3932 3074 3985 si
3099 3932 3443 3988 consubstan-

1841 4029 1983 4083 tialis
2013 4041 2203 4082 vocem
2235 4026 2376 4095 apud
2407 4027 2698 4081 Auctorem
2745 4039 2851 4078 non
2885 4025 3148 4095 reperias,
3183 4026 3318 4080 nihil
3351 4042 3441 4084 re-

1839 4121 1945 4176 fert
1975 4139 1987 4175 :
2024 4117 2140 4175 haec
2171 4120 2316 4174 enim
2347 4135 2445 4173 vox
2481 4133 2549 4174 eo
2585 4118 2788 4171 saeculo
2818 4119 2902 4172 cui
2950 4118 3244 4173 Auctorem
3266 4117 3442 4191 afﬁgi-

1839 4231 1959 4271 mus
1981 4256 1994 4281 ,
2029 4215 2168 4269 inter
2191 4214 2410 4268 Latinos
2433 4214 2520 4267 vix
2543 4253 2560 4279 ,
2591 4219 2686 4266 aut
2711 4227 2779 4268 ne
2803 4214 2886 4266 vix
2913 4212 3134 4284 quidem
3171 4216 3438 4284 reperies,

1840 4309 2106 4378 nisiapttd
2148 4307 2372 4361 Marium
2409 4307 2768 4371 Victorinum,
2814 4317 2944 4361 tom.
2981 4322 3035 4361 tv
3070 4307 3303 4362 laudatae
3345 4308 3436 4364 Bi-

1839 4402 2126 4457 bliothecae
2155 4397 2284 4466 PP.,
2309 4414 2469 4468 quem
2512 4413 2678 4453 unum
2715 4405 2771 4452 et
2813 4399 3048 4469 primum
3086 4398 3330 4454 omnium
3377 4415 3442 4457 ea

1839 4507 1972 4550 voce
2000 4507 2156 4549 usum
2181 4491 2664 4563 deprehendimus.
2689 4490 2885 4546 Caneri
2916 4500 3096 4548 autem
3125 4502 3445 4551 constanter

1839 4604 1938 4661 per
1978 4604 2098 4643 eam
2175 4597 2552 4657 tempestatem
2624 4585 2816 4643 Latine
2879 4603 3036 4640 unam
3097 4587 3442 4643 substantiam

148 4673 326 4734 Filium
377 4695 605 4754 paterna:
655 4682 973 4752 antiquitatis
999 4682 1164 4736 solum
1195 4681 1456 4734 conscium
1483 4718 1497 4741 ,
1541 4678 1594 4731 id
1639 4683 1724 4730 est
1752 4681 1807 4741 Ι)
1833 4681 2044 4745 dixere,
2069 4681 2213 4750 quod
2235 4695 2332 4750 pro
2348 4679 2565 4734 Nicama
2581 4689 2634 4735 et
2654 4680 2842 4736 Grteca
2863 4694 2995 4735 voce
3009 4679 3282 4751 ὁμοούσιον
3308 4681 3438 4737 red-

148 4784 455 4830 cozcternum
487 4776 634 4831 Patri
662 4775 862 4831 fatetur
887 4817 902 4840 ,
953 4785 1008 4829 et
1036 4816 1050 4840 ,
1103 4783 1163 4829 ut
1209 4775 1311 4828 alia
1344 4772 1680 4828 dimittamus
1712 4811 1726 4833 ,

150 4871 290 4919 tract.
319 4865 369 4935 7,
387 4869 825 4940 exploratissime
845 4882 964 4922 eam
991 4867 1239 4924 hatresim
1270 4875 1442 4930 natat,
1468 4880 1589 4936 qua:
1621 4880 1729 4917 mo-

149 4954 345 5026 destius,
373 4962 459 5016 sed
483 4960 779 5016 mordacius
801 4975 1006 5025 nocens,
1035 4960 1158 5013 dicit
1183 4959 1388 5028 quidem
1407 4954 1503 5010 Dei
1531 4956 1728 5010 Filium

148 5045 319 5120 Deum,
337 5057 422 5108 sed
448 5071 551 5110 non
580 5071 645 5110 ea:
672 5052 829 5108 Patre
861 5053 1144 5108 nobilitatis
1176 5056 1512 5120 perpetuitate
1541 5066 1725 5122 proge-

148 5143 323 5213 nitum;
353 5150 605 5220 fuisseque
628 5159 828 5217 tempus
857 5191 870 5215 ,
899 5147 1108 5219 quando
1136 5159 1237 5200 non
1263 5146 1379 5217 fuit.
1435 5145 1559 5198 Haec
1585 5159 1723 5215 prac—

151 5236 289 5307 cipuc
309 5243 468 5296 verba
491 5241 788 5298 Baronium
820 5251 1141 5308 moverunt,
1167 5255 1291 5296 cum
1323 5238 1580 5294 Arianam
1613 5240 1724 5292 hae-

150 5328 296 5386 resin:
317 5333 523 5391 tib-eote
547 5335 772 5391 feriant:
805 5349 967 5390 nemo
987 5335 1132 5390 enim
1151 5345 1276 5389 ante
1304 5333 1493 5390 Arium
1525 5331 1722 5386 similia

150 5413 316 5480 decuit
339 5469 352 5488 ,
383 5443 541 5484 nemo
569 5439 694 5482 ante
724 5427 824 5484 hoc
853 5437 1066 5499 tempus
1103 5427 1240 5482 adeo
1264 5439 1523 5496 expresse
1549 5423 1722 5479 baue-

151 5515 239 5571 sitn
265 5519 562 5592 huiusmodi
595 5523 799 5578 notavit
825 5535 878 5580 et
906 5521 1107 5579 refellit
1132 5566 1146 5590 ,
1195 5537 1296 5579 nec
1327 5532 1515 5577 uetare
1548 5531 1602 5576 el
1629 5534 1719 5576 re-

150 5604 321 5669 fellere
339 5615 550 5687 quidem
575 5616 765 5685 potuit.

215 5703 384 5762 Ariani
413 5708 772 5779 atqualitatcm
811 5710 938 5767 Filii
965 5723 1086 5766 cum
1117 5711 1275 5765 Patre
1301 5708 1680 5765 inliciabantur
1705 5748 1719 5772 ,

155 5790 553 5873 interioremque
596 5802 758 5860 Patre
807 5804 1008 5860 Filium
1066 5804 1456 5874 praedicabant.
1517 5802 1720 5858 Auctor

156 5891 546 5955 a'qualentPatt-i
561 5895 605 5950 ς
611 5896 756 5952 ilium
778 5900 830 5952 in
851 5896 1099 5964 omnibus,
1129 5905 1287 5954 tract.
1312 5897 1347 5952 ὅ
1373 5906 1427 5954 et
1462 5897 1493 5953 4
1513 5897 1606 5953 lib.
1637 5912 1674 5954 ιι
1700 5941 1710 5966 ,

1836 4777 2009 4831 ditum
2041 4785 2096 4830 et
2125 4783 2408 4845 acceptum
2443 4774 2559 4839 fuit,
2581 4782 2639 4828 ut
2663 4775 2851 4829 videre
2879 4783 2966 4829 est
2996 4777 3048 4828 in
3076 4773 3206 4843 ipsis
3229 4773 3434 4830 Latinis

1834 4868 2374 4937 interpretationibus
2405 4867 2716 4922 Graecarum
2752 4866 3103 4920 formularum
3129 4867 3278 4932 fidei,
3299 4881 3436 4938 quas

1834 4963 1887 5016 in
1919 4961 2239 5032 fragmentis
2290 4961 2347 5016 S.
2382 4959 2618 5014 Hilarius
2637 4959 2826 5014 edidit.
2863 4960 2996 5014 illuc
3033 4957 3167 5012 illud
3202 4950 3435 5015 Luciferi

1831 5055 2128 5109 Calaritani
2163 5055 2213 5109 in
2248 5054 2386 5108 libro
2414 5050 2493 5106 De
2517 5070 2617 5106 non
2649 5052 2907 5124 parcendo
2939 5054 2988 5105 in
3023 5051 3188 5107 Deuns
3216 5070 3434 5123 peccan-
3466 5076 3473 5084 ·

1832 5150 1984 5213 tibus,
2011 5163 2060 5219 p.
2079 5147 2182 5203 257
2201 5158 2238 5203 t.
2264 5163 2314 5201 tv
2341 5146 2688 5202 Bibliotheca:
2712 5142 2920 5218 [xtvttt]
2937 5145 3037 5200 PP.
3054 5147 3296 5216 ejusdem
3312 5148 3431 5203 edi-

1830 5241 2023 5298 tionis:
2043 5239 2364 5294 Homousion
2389 5239 2528 5309 quod
2557 5238 2722 5293 (ἐνεεσὶ
2735 5240 2931 5306 dicunt,
2952 5255 3044 5294 nos
3069 5255 3184 5293 vero
3213 5239 3434 5297 Romani

1831 5337 2052 5391 dicimus
2075 5337 2226 5390 unius
2247 5336 2551 5389 substantia:
2577 5350 2692 5387 tum
2715 5332 2876 5388 Patre
2909 5352 2920 5388 :
2946 5335 3088 5404 quod
3115 5335 3308 5390 iterum
3338 5351 3425 5393 re-

1832 5435 1969 5504 petit
1999 5447 2119 5503 pag.
2142 5432 2251 5487 245
2273 5432 2326 5485 in
2354 5431 2492 5485 libro
2524 5427 2853 5484 Moriendum
2880 5445 2990 5484 esse
3016 5446 3111 5500 pro
3137 5427 3281 5484 Filio
3310 5429 3425 5485 Dei.

1834 5525 2070 5580 Hilarius
2109 5539 2324 5595 quoque
2370 5523 2463 5578 lib.
2500 5537 2554 5577 Iv
2599 5522 2666 5576 de
2700 5522 2920 5587 Trinit.,
2960 5540 3108 5576 num.
3139 5521 3174 5576 4
3210 5541 3224 5577 :
3261 5521 3429 5578 Unius

1833 5620 2154 5683 substantia,
2197 5617 2334 5690 quod
2372 5616 2548 5671 (ὲν-ατε
2587 5614 2910 5670 Homousion
2947 5614 3142 5668 dicitur
3181 5632 3200 5668 :
3235 5613 3323 5668 cui
3351 5615 3429 5670 si-

1825 5714 1975 5770 milia
2009 5711 2190 5782 prodit
2218 5713 2422 5767 Auctor
2452 5716 2715 5764 tractatus
2739 5708 2807 5761 de
2831 5705 2967 5760 Fide
2987 5705 3275 5760 orthodosa
3295 5721 3428 5763 con-

1828 5817 1906 5862 tra
1935 5806 2164 5861 Arianae
2193 5813 2327 5858 tom.
2364 5816 2404 5858 ιι
2436 5800 2765 5874 Appendicis
2787 5798 3064 5854 Ambrosii
3097 5814 3220 5872 pag.
3243 5800 3352 5859 545
3369 5814 3428 5861 et

1825 5899 1954 5964 alii,
1991 5909 2126 5969 quos
2162 5897 2247 5952 vel
2291 5896 2526 5966 allegare
2565 5891 2728 5950 nimis
2767 5899 2914 5948 esset
2955 5889 3198 5965 longum.
3239 5894 3429 5968 itaque
