3952 6320
466 290 537 346 47
1820 282 2040 342 PROLE

2146 282 2354 341 MENA.
2808 345 2817 353 ,
3688 291 3761 349 48

467 423 590 462 cum
619 411 823 462 Auctor
850 405 1000 460 unam
1021 403 1357 458 substantiam
1385 403 1586 461 acriter
1606 403 1863 472 inculcet,
1888 419 2048 475 quam
2077 403 2132 465 Α
2156 417 2383 460 necesse
2410 405 2590 460 esset?
2620 405 2945 464 Incredibile
2975 407 3027 462 id
3059 422 3191 466 sane
3221 417 3336 475 est,
3369 412 3413 465 si
3448 414 3761 484 pra'sertim

464 504 648 559 ca-teri
676 500 916 573 ejusdem
942 500 1044 555 aevi
1075 498 1261 555 Patres
1287 498 1550 554 adversus
1576 500 1805 554 Arianos
1835 515 1903 554 ex
1927 514 2051 569 pro-

461 596 642 666 posito
668 595 986 651 dimicantes
1015 593 1379 660 iuculcarunt,
1407 592 1891 650 consubstantialis
1921 593 2049 648 licet

457 704 645 744 vocem
697 699 1033 757 nequaquam
1078 684 1356 754 adhibeat,
1407 686 1539 740 satis
1587 699 1647 741 se
1696 686 2048 741 nihilominus

436 776 717 840 adversus
734 797 854 839 eam
885 782 1137 839 bzeresim
1163 780 1531 838 decertantem
1556 780 1754 852 prodit.
1786 780 1892 837 Sed
1924 795 2047 850 per-

450 891 641 948 gamus
666 877 732 933 ad
758 877 885 933 alia.

521 972 674 1028 Hauc
698 987 861 1028 uuam
890 973 1249 1030 substantiam
1280 981 1337 1030 ut
1364 973 1549 1029 Ariani
1580 973 1649 1029 de
1677 972 1856 1030 medio
1883 972 2045 1030 tolle—

447 1074 609 1134 rent,
656 1066 988 1138 objiciebant
1038 1067 1137 1124 hac
1184 1067 1395 1124 ratione
1423 1068 1493 1123 de
1539 1067 1715 1124 Patris
1745 1068 2043 1124 substantia

444 1162 655 1233 aliquid
686 1163 855 1219 fuisse
883 1163 1183 1234 detnptum,
1218 1171 1277 1218 ut
1300 1163 1469 1219 Filius
1490 1164 1826 1234 gigneretur,
1856 1166 2045 1234 sicque

448 1258 794 1314 imminutum
822 1268 872 1313 et
907 1257 1281 1328 imperfectum
1314 1257 1530 1313 Patrem
1553 1273 1586 1315 a
1608 1256 1908 1313 Catltolicis
1943 1257 2043 1313 ad-

447 1351 772 1408 mittendum
817 1351 1158 1407 dictitabant.
1210 1350 1418 1419 Quibus
1466 1360 1526 1406 ut
1570 1366 1631 1406 se
1677 1367 1738 1407 se
1782 1350 2045 1421 olijiceret

446 1446 673 1513 Auctor,
728 1454 796 1501 tr.
836 1446 893 1515 2,
931 1448 1033 1502 hac
1074 1445 1350 1501 locutione
1388 1459 1520 1501 usus
1550 1455 1633 1501 est
1687 1463 1702 1499 :
1748 1444 1912 1500 Pater
1950 1462 2043 1500 sua

444 1551 680 1596 manente
706 1541 903 1613 integra
929 1549 1087 1603 statu,
1107 1548 1270 1596 totum
1295 1555 1351 1594 se
1376 1539 1711 1609 reciprocavit
1738 1539 1791 1593 in
1819 1537 2039 1605 Filium,

444 1652 509 1691 ne
535 1635 661 1708 quid
682 1634 880 1691 sibimet
915 1634 1204 1705 deragaret.
1235 1633 1305 1689 Et
1333 1642 1491 1689 tract.
1523 1632 1558 1687 5
1586 1650 1599 1686 :
1635 1631 1711 1686 De
1739 1631 1847 1687 Dea
1868 1631 2039 1686 nasci.

444 1737 533 1783 tur
571 1727 734 1794 Deus,
766 1736 929 1782 totum
959 1725 1129 1781 Patris
1158 1724 1371 1793 habens,
1407 1723 1819 1797 nihilderogans
1846 1722 1995 1778 Patri
2023 1738 2042 1777 :

2163 500 2480 557 consideres
2512 543 2526 567 ,
2586 500 2836 575 Origeuis
2889 506 3049 573 επιειιοί
3101 505 3415 575 antiquique
3469 509 3765 578 scriptoris

2152 612 2316 667 opera
2347 597 2790 655 Occidentalibus
2829 598 3016 670 ignota
3045 600 3212 655 fuisse
3232 644 3248 668 ,
3280 612 3571 671 antequam
3603 605 3759 659 eele.

2151 688 2265 745 bris
2292 690 2666 745 controversia
2702 690 2771 747 de
2796 690 3047 763 Origenis
3078 692 3233 748 libris
3267 693 3371 750 sub
3400 693 3565 750 linem
3604 712 3765 766 pror-

2150 795 2243 838 sus
2265 784 2441 853 quarti
2463 785 2649 841 steculi
2673 785 3026 842 excitaretur.
3053 786 3186 843 Illud
3208 799 3389 849 autem
3408 801 3623 845 certum
3672 802 3766 848 est

2149 875 2257 933 boe
2288 878 2522 948 primum
2554 889 2799 950 tempore
2833 897 2941 936 non
2980 880 3049 935 ab
3086 881 3391 954 Epiphanio
3419 885 3622 953 solum,
3660 886 3768 943 sed

2148 989 2180 1030 a
2207 974 2528 1047 Theophle
2557 965 2930 1032 Alexandrino
2957 976 3190 1048 aliisque
3232 979 3601 1050 compluribus
3633 980 3766 1037 Ori-
3816 984 3822 989 ’

2149 1083 2343 1139 geuem
2373 1079 2646 1139 tamquam
2676 1070 2789 1125 Arii
2832 1080 3040 1140 patrem
3081 1072 3285 1129 traduci
3325 1073 3590 1144 cmpisse;
3629 1084 3767 1132 ante

2148 1162 2295 1232 quod
2329 1173 2541 1234 tempus
2565 1178 2688 1219 cum
2719 1178 2881 1219 nemo
2912 1181 3051 1220 unus
3081 1166 3338 1222 inventus
3390 1168 3464 1222 sit
3505 1172 3596 1239 qui
3627 1168 3761 1225 Ori-

2151 1254 2278 1327 geni
2299 1271 2424 1311 eum
2454 1272 2698 1313 errorem
2728 1256 2990 1325 affixi-rit,
3021 1259 3154 1316 satis
3186 1260 3488 1331 probabilis
3518 1264 3767 1320 nonnul-

2148 1346 2218 1402 lis
2252 1348 2363 1401 visa
2393 1356 2477 1403 est
2529 1364 2717 1405 eorum
2754 1350 2847 1421 qui
2876 1349 3095 1422 Origeai
3140 1353 3503 1421 patrocinium
3540 1370 3769 1412 accom—

2148 1439 2435 1496 modarent
2477 1443 2782 1507 excusatio,
2796 1441 3048 1514 Origenis
3069 1443 3240 1500 libros
3260 1445 3330 1500 ab
3349 1446 3569 1503 Arianis
3589 1447 3765 1507 fuisse

2146 1542 2455 1604 corruptas,
2488 1534 2648 1591 sicuti
2674 1535 3009 1593 adulterasse
3031 1553 3126 1593 eos
3148 1538 3204 1596 S.
3231 1538 3490 1596 Methodii
3521 1540 3767 1614 Sympo-

2146 1628 2304 1695 sion,
2352 1627 2510 1699 eique
2556 1630 2787 1686 Arianas
2837 1631 3124 1702 opiniones
3176 1632 3473 1691 inseruisse
3523 1645 3766 1693 testatur

2147 1719 2370 1776 Photius
2395 1721 2516 1777 cod.
2550 1720 2689 1790 2'35,
2720 1721 2882 1793 idque
2914 1723 3091 1793 ipsum
3121 1725 3386 1783 accidisse
3412 1728 3765 1799 suspicamur

442 1825 575 1878 alter
618 1823 801 1878 renitet
836 1822 894 1877 in
934 1821 1097 1876 altera
1118 1860 1134 1881 .
1180 1820 1409 1893 cujusvis
1439 1818 1606 1892 gloria
1638 1819 1924 1873 communis
1968 1824 2041 1871 est
2069 1810 2118 1871 Β
2147 1813 2494 1885 Theognosto
2516 1858 2533 1884 ,
2585 1832 2748 1886 quem
2790 1817 3011 1874 Arianis
3046 1819 3416 1879 locationibus
3452 1833 3762 1882 scatentem

442 1917 624 1984 Itanar,
665 1917 789 1987 quia
812 1915 952 1987 quod
979 1923 1053 1970 est
1082 1912 1235 1980 Filii,
1277 1911 1457 1968 Patris
1506 1922 1579 1967 est
1622 1928 1639 1966 :
1683 1911 1823 1982 quod
1865 1909 2042 1965 Patris

442 2010 708 2066 ambarum
743 2027 756 2063 :
787 2009 935 2078 quod
964 2009 1141 2078 ipsum
1171 2014 1428 2075 repetens
1456 2013 1527 2060 tr.
1551 2006 1586 2059 '5
1616 2001 1753 2060 alias
1784 2004 2043 2059 formulas

441 2104 661 2163 Arianis
702 2118 734 2160 e
776 2103 1041 2158 diametro
1068 2105 1348 2170 appositas
1375 2100 1571 2170 ingerit
1599 2116 1611 2152 :
1642 2097 1723 2153 De
1752 2106 1859 2153 toto
1884 2107 2040 2165 totus,

441 2198 508 2254 de
533 2213 651 2253 vero
681 2211 852 2264 verus,
876 2194 941 2249 de
969 2193 1197 2265 perfecta
1225 2195 1504 2266 perfectus.
1535 2191 1723 2247 Totum
1743 2190 1924 2246 Patris
1949 2191 2045 2245 lia-

442 2292 585 2359 bens,
613 2291 747 2347 nihil
772 2289 1029 2361 derogans
1055 2287 1229 2344 Patri.
1264 2288 1393 2344 Item
1424 2294 1579 2343 tract.
1615 2287 1683 2343 I5
1713 2286 1807 2342 lib.
1838 2301 1896 2351 ιι,
1937 2301 2041 2341 nu-

440 2401 580 2442 mer.
609 2386 644 2441 5
673 2403 688 2442 :
726 2383 1072 2440 Indeminuta:
1106 2384 1312 2438 deitatis
1356 2393 1569 2451 paterna
1598 2381 1909 2449 substantia,
1948 2396 2044 2452 pa-

442 2487 687 2549 terneque
712 2478 968 2533 voluntas.
1002 2476 1070 2532 Et
1097 2476 1153 2532 in
1181 2474 1288 2531 line
1318 2483 1477 2532 tract.
1516 2476 1552 2530 2
1587 2476 1724 2531 lib.1
1761 2473 1891 2549 :fl‘u
1926 2492 2042 2530 cum

440 2571 496 2627 in
517 2570 678 2627 tribus
699 2586 805 2626 una
830 2571 923 2638 sis,
954 2570 1097 2626 nulla
1132 2578 1288 2643 pacto
1312 2569 1556 2624 dividatis
1582 2586 1601 2623 :
1626 2569 1772 2623 nulla
1802 2568 2043 2622 humana:

439 2664 759 2719 curiositatis
799 2662 1057 2718 calumnia
1098 2662 1448 2718 commoveris.
1490 2661 1535 2716 Α
1571 2670 1782 2733 paterna
1818 2661 1958 2730 [ante
1987 2659 2040 2713 in

443 2756 584 2813 Filia
610 2767 718 2813 tota
746 2759 1037 2829 refundcris
1063 2799 1078 2824 ,
1109 2768 1158 2812 et
1188 2766 1357 2812 tamen
1387 2765 1493 2811 tota
1516 2756 1600 2810 ubi
1626 2754 1917 2825 refunderis
1947 2770 2039 2809 nec

439 2850 657 2906 recedis.
719 2850 1205 2921 Prmoccupaturus
1256 2863 1392 2904 vero
1437 2848 1663 2903 alteram
1714 2848 2038 2902 Arianorum

441 2944 828 3015 objectionem,
860 2959 965 3013 qua
1003 2942 1484 3000 Sabellianismum
1525 2939 1811 2997 eatholicis
1844 2939 2041 3009 impin-

437 3039 659 3111 gebant,
690 3054 754 3095 ac
780 3038 827 3093 si
856 3052 1022 3094 uuam
1048 3035 1406 3093 substantiam
1439 3034 1835 3091 indeminutam
1867 3031 2039 3088 conli-

438 3140 621 3189 tentes
646 3131 821 3187 Patris
845 3141 899 3187 et
928 3130 1071 3199 Filii,
1100 3145 1263 3186 unam
1297 3130 1425 3186 item
1456 3141 1813 3195 utrorumque
1845 3141 2036 3198 perso-

2145 1906 2288 1961 idem
2311 1907 2536 1962 Photius
2561 1924 2658 1963 sua
2681 1918 2842 1966 actate
2874 1913 3098 1981 reperit,
3122 1928 3245 1969 cum
3275 1931 3401 1971 eum
3432 1916 3573 1972 inter
3596 1918 3758 1974 locu—

2146 1999 2404 2069 pletiores
2432 2001 2686 2072 antiquos
2714 2004 2973 2060 catholici
2999 2005 3270 2078 dogmatis
3304 2020 3471 2065 teStes
3490 2010 3763 2069 adversus

2143 2092 2395 2154 Arisnos.
2419 2094 2672 2151 adductis
2691 2096 2811 2167 ejus
2834 2097 3016 2154 verbis
3046 2100 3382 2157 Athanasius
3406 2103 3760 2175 allegaverit.

2143 2184 2407 2255 Equidem
2440 2187 2486 2241 si
2518 2187 2781 2260 Origenes
2825 2191 3205 2260 pra-cinuissct
3231 2192 3453 2251 Arionis
3473 2238 3489 2263 ,
3521 2198 3613 2267 qui
3655 2212 3762 2267 po-

2144 2279 2373 2336 tuissent
2409 2281 2580 2355 [sats]
2612 2294 2866 2340 auctores
2923 2286 3187 2344 adversus
3239 2289 3393 2346 illttm
3422 2300 3548 2346 ante
3586 2308 3756 2348 exor-

2145 2383 2253 2428 tam
2293 2375 2724 2447 Origenistarunt
2761 2380 3191 2436 controversiam
3224 2383 3395 2438 multa
3418 2385 3751 2453 scribentes,

2144 2477 2202 2521 ct
2222 2478 2542 2527 accusantes
2573 2470 2628 2524 in
2656 2470 2776 2541 ejus
2801 2473 3062 2542 operibus
3087 2476 3279 2541 multa,
3308 2478 3384 2532 uti
3415 2477 3761 2547 bletbodius,

2153 2562 2471 2619 Eustathius
2492 2566 2885 2632 Antiocltenus,
2903 2568 3238 2639 Apollinaris
3260 2569 3341 2644 (lii
3362 2571 3469 2627 duo
3492 2575 3762 2645 postremi

2141 2657 2574 2729 acerrimifnere
2600 2660 2927 2716 Arianorum
2961 2663 3399 2736 impugnatores)
3422 2666 3517 2737 qui
3546 2669 3762 2737 potuis-

2142 2758 2293 2818 sent,
2333 2750 2588 2821 inquam,
2616 2752 2753 2807 nihil
2782 2753 3048 2823 ejusmodi
3081 2766 3294 2823 notare,
3324 2759 3472 2828 quod
3513 2762 3564 2815 in
3597 2760 3763 2818 Aria-

2142 2845 2305 2900 nismi
2336 2861 2556 2902 errores
2584 2845 2920 2905 deﬂecteret.
2953 2848 3120 2905 Illum
3157 2852 3367 2909 minimc
3399 2856 3757 2926 reprehende-

2143 2948 2285 3004 runt,
2315 2938 2777 3008 inquitSocrates,
2808 2944 2901 2998 lib.
2931 2960 3007 3013 v1,
3040 2959 3160 3016 cap.
3194 2946 3281 3010 15,
3317 2957 3579 3022 tamquam
3598 2952 3664 3005 de
3690 2952 3759 3008 S.

2148 3031 2402 3087 Trinitatc
2427 3032 2565 3089 male
2593 3034 2931 3103 sentientem;
2977 3047 3263 3108 propterea
3295 3040 3476 3113 quod,
3517 3052 3578 3098 ut
3607 3043 3761 3101 idem

2143 3126 2219 3183 ait
2245 3128 2340 3183 lib.
2372 3145 2466 3195 vn,
2499 3144 2621 3200 cap.
2662 3130 2719 3195 6,
2750 3129 3013 3202 Origenes
3048 3136 3241 3203 passim
3278 3136 3334 3190 in
3358 3138 3467 3192 suis
3485 3137 3633 3194 libris
3660 3137 3762 3194 Fi-

439 3238 567 3280 nam
606 3224 762 3280 fateri
791 3223 1055 3281 deberent
1084 3266 1099 3289 ,
1144 3223 1405 3294 praeclare
1434 3222 1694 3280 adversus
1738 3221 2036 3278 Sabellium
2069 3204 2114 3267 (ἶ
2147 3222 2275 3276 (iuni
2321 3220 2465 3277 Patri
2508 3231 2820 3278 coteternum
2857 3227 3153 3295 conﬁtetur.
3203 3227 3344 3296 Quid
3390 3230 3438 3286 si
3490 3231 3762 3303 Origenes

439 3334 563 3377 sese
589 3320 877 3391 explicavit
907 3328 1066 3375 tract.
1102 3318 1134 3373 7
1177 3318 1270 3372 lib.
1305 3333 1364 3384 ιι,
1396 3333 1545 3372 num.
1572 3316 1628 3383 9,
1672 3316 1762 3371 ubi
1796 3323 1919 3384 post
1966 3313 2043 3369 al-

438 3414 606 3471 latum
641 3416 819 3471 locum
852 3412 1080 3469 Joannis
1113 3428 1170 3479 x,
1210 3411 1317 3468 '50:
1353 3410 1468 3482 Ego
1494 3421 1541 3466 et
1568 3409 1725 3465 Pater
1757 3425 1915 3464 unum
1944 3424 2039 3462 su-

436 3526 571 3574 mus,
604 3508 722 3565 hate
749 3508 897 3564 addit
931 3526 946 3564 :
981 3508 1131 3575 Quod
1158 3523 1261 3562 non
1291 3507 1465 3577 utique
1485 3506 1561 3562 sic
1587 3506 1691 3569 ait,
1719 3514 1775 3559 ut
1802 3505 1856 3558 in
1882 3520 2043 3559 unum

437 3601 568 3655 duas
604 3599 882 3673 redigenda
917 3601 1254 3668 confunderet
1277 3642 1293 3667 ,
1322 3598 1411 3654 sed
1439 3609 1493 3653 ut
1521 3597 1746 3652 duarum
1776 3614 1935 3652 unam
1962 3597 2043 3651 di—

437 3692 668 3748 vinitatis
690 3693 1055 3764 patestatisque
1096 3707 1204 3745 esse
1231 3691 1657 3759 amnipotentiam
1681 3706 1774 3743 nos
1813 3690 2039 3744 doceret.

440 3785 537 3843 Ha:
571 3792 629 3842 et
654 3785 773 3841 alia:
821 3784 1006 3855 plures
1042 3780 1288 3855 ejusdem
1317 3782 1537 3854 generis
1565 3781 1812 3839 formula:
1842 3822 1858 3845 ,
1904 3793 2042 3851 quas

438 3879 721 3937 brevitatis
739 3879 909 3950 gratia
934 3876 1422 3948 praetermittimus,
1450 3875 1800 3945 pluribusque
1821 3874 1875 3929 in
1898 3883 2042 3930 trac-

439 3972 644 4028 tatibus
673 3970 933 4027 adversus
974 3971 1206 4025 Arianos
1236 3983 1302 4024 ex
1337 3968 1616 4039 proposito
1657 3967 1904 4022 recitatis
1927 4007 1943 4032 ,
1975 3981 2040 4022 ae

438 4066 495 4123 in
525 4065 724 4121 librum
755 4064 1051 4121 secundum
1108 4062 1279 4119 ferme
1303 4060 1464 4116 simul
1499 4060 1661 4117 editis
1690 4058 2037 4130 reperiuntur

440 4158 929 4230 frequentissima,
968 4171 1153 4213 nonne
1188 4154 1473 4211 manifeste
1528 4154 1856 4211 convincunt
1911 4168 2041 4208 nos-

440 4260 584 4310 trum
631 4255 923 4311 Auctorem
972 4262 1096 4324 post
1122 4259 1303 4307 natam
1351 4250 1465 4306 Arii
1502 4250 1757 4306 haeresim
1799 4249 2041 4306 vixisse?

440 4349 653 4420 Aliquae
677 4360 808 4403 sane
834 4344 1101 4415 ejusmodi
1127 4344 1428 4401 locutiones
1458 4345 1515 4399 in
1532 4342 1903 4400 Antenicaznis
1932 4342 2036 4399 Pa—

438 4441 615 4497 tribus
637 4438 867 4511 reperiri
891 4445 1119 4511 queunt,
1147 4446 1207 4493 ut
1225 4437 1366 4493 inter
1394 4436 1618 4493 Latinos
1646 4451 1787 4493 unus
1813 4436 2037 4493 Tertul-

437 4534 615 4591 lianus
635 4532 805 4590 semel
825 4548 981 4587 unam
1005 4530 1345 4587 substantiam
1368 4540 1423 4585 et
1441 4530 1840 4585 cateternitatem
1866 4531 2039 4601 serip-

2145 3314 2510 3371 Arianismum
2533 3315 2745 3371 docuit?
2771 3316 2962 3374 Aetius
2990 3319 3244 3376 Eunomii
3271 3331 3573 3395 praeceptor
3598 3325 3760 3382 Aria-

2146 3421 2339 3461 norum
2364 3407 2734 3469 ferocissimus
2764 3409 2911 3465 illum
2942 3417 3291 3484 contempsit,
3316 3414 3510 3471 eodem
3531 3418 3759 3475 Socrate

2147 3510 2305 3563 tesxe.
2325 3500 2417 3556 lib.
2452 3515 2511 3566 ιι,
2544 3515 2664 3570 cap.
2686 3500 2777 3557 55.
2805 3502 2960 3571 Quod
2992 3505 3036 3560 si
3068 3521 3133 3561 ex
3163 3507 3381 3562 Arianis
3408 3508 3501 3563 alii
3532 3510 3655 3579 ejus
3683 3513 3751 3565 li-

2145 3595 2273 3651 bros
2302 3596 2369 3650 ad
2402 3610 2515 3652 sum
2545 3597 2770 3654 haeresis
2798 3638 2815 3665 ,
2846 3600 2921 3654 uti
2956 3601 3246 3671 putabant,
3277 3604 3752 3661 confirmationem

2144 3688 2383 3757 allegare
2409 3691 2588 3745 conati
2616 3700 2744 3746 sunt
2774 3732 2788 3757 ,
2824 3692 2945 3748 illos
2984 3695 3167 3749 statim
3200 3694 3432 3752 Basilius
3462 3706 3518 3753 et
3543 3697 3757 3771 Grego-

2144 3783 2258 3837 rius
2282 3782 2651 3863 Nazianzenus
2680 3786 3077 3858 redurguerunt,
3112 3788 3285 3859 inquit
3314 3790 3458 3846 idem
3488 3790 3748 3849 Socrates

2143 3874 2244 3930 lib.
2265 3890 2343 3942 tv,
2383 3890 2504 3945 eap.
2535 3876 2629 3943 26,
2651 3886 2700 3932 et
2728 3877 2973 3951 Origenis
3002 3878 3295 3935 doctrinam
3321 3883 3385 3936 ab
3408 3876 3534 3953 ipsis
3559 3901 3756 3954 nequa-

2141 3985 2298 4041 quam
2369 3969 2588 4040 intelligi
2632 3969 3068 4028 demonstrarunt.
3139 3972 3255 4031 lnto
3319 3974 3653 4033 Athanasius
3700 3977 3755 4034 in

2143 4064 2303 4135 epist.
2336 4063 2407 4120 de
2440 4064 2683 4120 Decretis
2710 4065 2949 4122 Niczeuis
2977 4083 3124 4123 ntun.
3155 4067 3252 4134 27,
3285 4083 3407 4140 pag.
3455 4068 3585 4138 252,
3618 4069 3753 4127 Ori-

2142 4172 2335 4227 genem
2365 4171 2463 4228 pro
2494 4172 2554 4235 se
2575 4158 2853 4228 appellare
2873 4174 2982 4214 non
3012 4159 3279 4215 dubitavit
3310 4159 3576 4217 adversus
3593 4163 3755 4218 Aria-

2143 4263 2245 4306 nas
2274 4250 2629 4317 sentientem,
2677 4250 2966 4324 locumque
3016 4250 3134 4322 éjns
3170 4251 3370 4309 ibidem
3413 4252 3611 4326 allegat
3638 4268 3749 4326 quo

2143 4343 2434 4399 Arianismi
2482 4328 2896 4402 fundamentum
2929 4354 2987 4402 et
3014 4345 3192 4413 basis,
3228 4362 3260 4402 a
3308 4356 3498 4403 nostro
3534 4364 3756 4421 quoque

2141 4435 2421 4508 Scriptore
2452 4437 2682 4493 indicata
2706 4440 2908 4496 tract.7
2943 4439 3038 4497 lib.
3070 4455 3128 4503 ιι,
3157 4454 3309 4495 num.
3337 4434 3390 4509 i,
3421 4442 3580 4513 plane
3604 4442 3755 4500 evel-

2144 4528 2291 4584 litur.
2326 4528 2593 4602 Intelligut
2630 4532 2767 4586 enim
2798 4532 3089 4605 (Origenis
3120 4532 3285 4589 verba
3314 4543 3444 4590 sunt
3473 4534 3544 4592 ab
3579 4535 3753 4591 Atha-

440 4629 513 4684 sit
541 4670 556 4695 ,
599 4642 707 4684 non
755 4627 810 4682 in
846 4641 967 4682 eam
1001 4634 1182 4680 tamen
1216 4625 1320 4680 vim
1366 4639 1472 4696 qua
1519 4640 1767 4682 errorem
1795 4625 2037 4697 aliquem
2066 4602 2119 4663 Ῑ)
2147 4624 2299 4680 nasia
2334 4621 2593 4696 recitata)
2618 4614 2706 4695 qui
2737 4602 2906 4681 dicere
2937 4602 3125 4696 audet,
3162 4626 3260 4699 fuit
3284 4627 3568 4698 aliquando
3590 4669 3607 4697 ,
3634 4645 3757 4684 cum

438 4719 605 4776 ferire
634 4719 874 4775 voluisse
919 4717 1209 4789 signiticet.
1252 4719 1320 4772 At
1349 4725 1426 4772 tot
1466 4716 1628 4771 simul
1660 4716 1950 4787 formulas,
1983 4728 2041 4774 et

441 4814 658 4870 Arianis
681 4812 960 4868 erroribus
988 4827 1020 4867 e
1047 4810 1315 4869 diametro
1359 4826 1423 4867 ae
1468 4811 1679 4868 directe
1717 4817 1996 4884 oppositas
2021 4856 2038 4883 ,

441 4909 750 4981 tatiensque
780 4906 1041 4978 repetitas
1066 4906 1122 4961 in
1148 4905 1368 4962 nemine
1387 4907 1744 4964 Antenictcno
1765 4910 2039 4981 quispiam

443 5002 766 5072 Ostettderit.

518 5098 767 5152 Editores
812 5092 1157 5148 Veronenses
1182 5091 1318 5149 huic
1352 5092 1682 5164 oppositioui
1717 5109 1777 5150 se
1815 5092 2036 5152 satisfe-

442 5191 587 5248 cisse
622 5187 1014 5254 crediderunt,
1045 5202 1168 5242 cum
1212 5186 1327 5243 haec
1370 5186 1570 5259 scripta
1614 5192 2033 5258 pronuntiarunt

441 5285 957 5340 adversuserrores
994 5279 1283 5351 Origenis,
1327 5280 1416 5352 qui
1463 5280 1579 5337 Arii
1623 5294 1775 5354 pater
1804 5284 1870 5341 ab
1908 5285 2035 5357 Epi-

445 5375 646 5447 phanio
684 5372 934 5429 traditur.
961 5369 1179 5428 Unusne
1223 5374 1426 5428 Auctor
1461 5382 1649 5430 noster
1692 5385 1932 5433 notasset
1979 5378 2032 5433 in

442 5469 675 5539 Origene
711 5467 997 5530 haeresim,
1039 5481 1198 5537 quant
1241 5481 1400 5522 nemo
1435 5484 1690 5539 umquam
1722 5482 1849 5527 ante
1878 5473 2036 5527 Aria-

444 5575 544 5616 nos
576 5561 628 5614 in
658 5573 725 5614 eo
752 5568 968 5615 notasse
996 5560 1282 5629 reperitur;
1315 5571 1367 5617 et
1399 5569 1509 5616 tam
1533 5562 1783 5633 repetitis
1810 5564 1863 5618 in
1897 5563 2035 5619 locis

441 5668 505 5709 ac
535 5667 636 5725 pro
655 5652 915 5709 caucioue
943 5658 1204 5720 notasset,
1238 5668 1303 5709 ac
1328 5656 1371 5709 si
1402 5653 1685 5726 Origenes.
1718 5655 1803 5711 vel
1843 5656 2035 5728 Orige-

446 5747 601 5803 nistze
629 5745 804 5818 palam
825 5744 915 5802 hic
935 5745 990 5802 in
1018 5745 1314 5804 Occidente
1362 5757 1607 5819 apertam
1639 5748 1891 5811 haeresim
1916 5757 2033 5805 tue-

446 5851 661 5913 rentur,
684 5842 915 5915 inquam
941 5841 1200 5899 invehere
1227 5844 1427 5899 acriter
1461 5842 1744 5902 catholicis
1766 5843 2038 5917 episc0pis

2148 4733 2250 4771 non
2276 4728 2405 4773 esset
2432 4716 2630 4773 Filius.

2216 4812 2299 4868 Ex
2334 4812 2437 4869 hoc
2461 4814 2636 4870 solum
2658 4814 2905 4886 Origenis
2931 4814 3241 4871 testimonio
3269 4817 3450 4886 potius
3491 4816 3753 4889 intelligi-

2146 4921 2286 4969 mus,
2319 4904 2484 4962 fuisse
2529 4905 2581 4963 id
2635 4922 2850 4979 quoque
2879 4907 3142 4977 temporis
3167 4909 3330 4964 alium
3368 4909 3625 4980 aliquem,
3651 4908 3753 4979 qui

2142 4997 2198 5054 id
2225 4997 2451 5067 diceret,
2484 4999 2624 5069 quod
2657 5000 2842 5055 Ariani
2872 4999 3099 5055 subinde
3125 4999 3384 5057 docuere.
3418 5000 3480 5057 In
3513 4999 3754 5072 Egypto

2144 5091 2358 5162 quidem
2403 5092 2611 5148 exstitit
2633 5094 2704 5147 ‘S.
2750 5092 3042 5163 Dionysius
3077 5093 3478 5151 Alexandrinus
3506 5095 3757 5166 Origenis

2144 5184 2474 5255 discipulus;
2497 5186 2587 5255 qui
2613 5201 2719 5240 non
2747 5192 2807 5240 ut
2833 5185 3050 5242 Arianis
3078 5189 3421 5256 praecineret,
3445 5187 3538 5244 sed
3570 5195 3627 5242 ut
3646 5186 3757 5242 Sa-

2144 5278 2390 5334 belliana:
2428 5280 2619 5336 haeresi
2652 5280 2703 5334 in
2734 5278 2900 5350 Lybia
2929 5279 3278 5352 finitimisque
3305 5280 3441 5338 locis
3483 5281 3753 5354 grassanti

2144 5387 2595 5445 seseopponeret.
2619 5390 2737 5430 eam
2769 5374 3096 5431 locutionem
3127 5376 3340 5432 incaute
3371 5375 3659 5449 usurpavit,
3686 5384 3758 5432 ut

2141 5467 2311 5538 liquet
2338 5485 2403 5525 ex
2427 5468 2727 5541 fragmento
2749 5468 2991 5540 epistola:
3021 5470 3266 5540 ejusdem
3312 5470 3380 5525 ad
3428 5469 3753 5539 Euphrano-

2144 5581 2268 5621 nem
2295 5572 2351 5619 et
2375 5564 2741 5628 Animantium,
2785 5563 2926 5634 quod
2973 5562 3032 5620 S.
3084 5547 3414 5620 Athanasius
3457 5562 3645 5619 recitat
3689 5560 3751 5617 in

2146 5658 2305 5728 epist.
2321 5656 2389 5713 de
2418 5655 2663 5713 Sentent.
2691 5656 2952 5729 Dionysii,
2975 5673 3124 5712 unm.
3146 5657 3485 5729 b,pag.246.
3512 5654 3746 5722 Etenim,

2145 5750 2239 5814 ait,
2264 5765 2381 5803 cum
2409 5751 2476 5804 sit
2496 5766 2577 5804 res
2599 5751 2760 5819 facta,
2785 5766 2889 5804 non
2913 5759 3024 5805 erat
3052 5759 3326 5821 antequam
3350 5751 3514 5819 fieret.
3540 5748 3644 5804 liae
3671 5747 3753 5805 de

2146 5859 2307 5904 causa
2365 5843 2654 5915 Dionysius
2698 5843 3095 5902 Alexandrinus
3137 5843 3362 5902 Romam
3408 5843 3611 5902 delatus
3647 5849 3749 5901 est
