3952 6320
227 353 311 409 49
1000 342 1452 402 DISSERTATIO
1490 343 1530 407 l,
1574 338 1662 397 DE
1700 342 1759 398 S.
1800 336 2095 395 ZENONIS
2132 338 2383 396 TBACT.
2426 339 2515 396 ET
2554 338 2829 395 lETATE.
3482 336 3555 394 50

231 478 308 527 att
344 473 408 527 S.
466 470 777 543 Dionysium
828 481 1094 522 summum
1132 462 1465 527 Pontificem,
1507 459 1596 531 qui
1646 457 1853 514 litteras
1880 459 1934 520 Α
1959 470 2047 513 res
2075 469 2278 526 eosque
2306 455 2659 525 Christianos,
2706 466 2765 512 ut
2806 470 2871 512 ex
2913 463 3169 511 contextu
3211 455 3550 528 colligemus,

231 567 432 620 Statim
472 564 766 633 rescripsit,
809 562 860 616 in
898 559 1091 632 quibus
1139 572 1257 614 eam
1312 554 1637 610 locutionem
1696 548 1853 618 valde

232 657 627 729 reprehendit.
659 653 776 710 Non
807 655 930 709 levis
954 653 1136 726 igitur,
1161 650 1252 707 sed
1272 664 1469 705 suntme
1489 653 1563 701 est
1590 643 1849 715 impietas,

234 749 539 805 Dominum
589 747 962 813 aliquomodo
1012 744 1366 815 manufactum
1392 742 1595 805 dicere;
1640 754 1758 792 nam
1809 737 1854 790 si

234 848 418 916 factus
447 844 550 915 fuit
574 840 760 907 Filius,
792 839 891 912 fuit
920 838 1198 907 aliquando
1239 852 1354 890 cum
1391 850 1491 887 non
1521 842 1648 886 esset
1671 848 1689 896 ;
1711 829 1855 901 atqui

232 942 343 1010 fuit
390 955 594 1011 semper
643 954 661 993 :
701 938 778 991 sic
824 934 1114 1007 Dionysius
1161 931 1439 986 Romanus
1470 928 1520 982 iu
1554 925 1855 997 fragmento

231 1031 391 1102 apud
461 1029 710 1086 eumdem
757 1026 1109 1082 Athanasium
1174 1024 1243 1079 de
1307 1021 1548 1079 Decrctis
1599 1018 1849 1081 Niccenis,

232 1140 396 1180 tium.
443 1123 540 1191 26,
586 1138 707 1192 pag.
739 1120 869 1177 232.
903 1116 1303 1176 Alexandrinus
1358 1131 1486 1170 vero
1534 1111 1852 1182 Apologiam

232 1232 370 1273 mox
401 1215 659 1273 reddidit.
692 1212 746 1270 in
774 1228 877 1284 qua
910 1211 1197 1267 consilium
1241 1223 1397 1263 suum
1424 1213 1612 1262 contra
1658 1203 1857 1260 Sabel-

234 1310 421 1366 lianos
453 1307 800 1380 patefaciens,
850 1317 908 1361 ut
933 1320 991 1361 se
1017 1296 1086 1359 ab
1127 1319 1196 1361 eo
1240 1316 1427 1375 errore
1473 1314 1632 1371 quem
1668 1298 1855 1352 Ariani

234 1402 478 1459 Subinde
508 1408 811 1473 arripuere,
843 1401 1096 1471 probaret
1118 1397 1377 1464 alienum,
1417 1395 1586 1450 multa
1614 1391 1856 1460 scripsit,

234 1510 366 1567 quae
400 1494 663 1550 adversus
689 1492 921 1548 Arianos
950 1489 1236 1546 catholicis
1276 1502 1472 1560 magno
1518 1486 1640 1541 usui
1682 1483 1853 1539 fuere.

240 1591 361 1646 liae
411 1604 546 1656 ergo
591 1602 657 1644 ex
701 1586 928 1643 historia
958 1586 1299 1656 exploratum
1328 1582 1406 1647 lit,
1439 1581 1598 1638 tertio
1637 1578 1855 1652 quidem

239 1681 452 1738 saeculo
500 1696 620 1736 eam
667 1679 953 1735 formulam
987 1694 1015 1733 a
1075 1676 1349 1733 nonnullis
1402 1677 1454 1730 in
1500 1674 1611 1729 sola
1642 1688 1857 1745 quoque

238 1774 491 1848 Egypto
521 1774 816 1829 adhibitam
847 1771 1029 1841 (unde
1061 1770 1245 1842 paucis
1300 1777 1507 1824 tantum
1557 1767 1610 1821 in
1665 1780 1858 1821 monu-

1955 549 2097 622 apud
2119 551 2350 625 judices,
2384 550 2435 605 id
2466 560 2550 606 est
2575 551 2941 623 magistratus,
2982 551 3123 622 apud
3153 551 3331 608 divites
3368 561 3424 609 et
3448 554 3557 608 ali-

1954 644 2189 714 quotiens
2242 641 2415 697 solum
2456 642 2597 713 apud
2648 642 2831 698 Gentes
2872 660 2891 698 :
2940 660 3061 713 qua:
3108 654 3373 717 quatenus
3422 645 3558 703 solis

1957 736 2173 790 Arianis
2200 735 2546 797 conveniant.
2580 750 2646 790 ex
2675 737 3112 793 annotationibus
3133 739 3297 793 simul
3325 739 3560 809 sumptis

1956 843 2274 900 cognosces.
2303 827 2441 897 Quid
2475 828 2719 899 pluribus
2744 844 2881 901 opus
2905 839 2987 887 est
3005 873 3020 897 ,
3056 840 3114 886 ut
3140 830 3433 891 Auctorem
3461 834 3560 890 ad—

1956 937 2148 979 versus
2162 921 2393 978 Arianos
2420 931 2529 978 tam
2556 923 2777 993 praecise
2799 923 3105 994 loquentem
3134 937 3328 998 quarto
3354 928 3560 984 saeculo

1956 1014 2204 1073 ﬂoruisse
2232 1015 2540 1088 intelligas?

1960 1155 1989 1227 ᾗ
2032 1154 2121 1211 ll].
2154 1185 2224 1198 -—-
2250 1155 2381 1211 Alite
2408 1155 2580 1227 quarti
2608 1154 2783 1211 stcculi
2810 1154 3028 1212 hareses
3054 1156 3118 1212 ab
3147 1158 3367 1217 Auctore
3391 1160 3561 1234 impu-

2310 1259 2480 1321 gnata!
2504 1258 2707 1304 attatem
2728 1253 2840 1324 ejus
2864 1250 3193 1321 conﬁrmant.

2031 1390 2307 1446 Addemus
2324 1390 2436 1462 jam
2464 1389 2531 1445 ad
2564 1390 3032 1447 confirmationem
3055 1391 3180 1457 alia,
3208 1391 3405 1462 quibus
3420 1393 3562 1449 alias

1960 1482 2196 1540 haereses
2232 1494 2427 1556 quarto
2455 1483 2630 1540 solum
2673 1484 2876 1541 steculo
2914 1486 3124 1556 genitas
3180 1485 3326 1542 idem
3371 1495 3563 1543 auctor

1960 1578 2255 1649 impugnat.
2286 1577 2528 1633 Primum
2560 1588 2627 1634 tr.
2657 1580 2708 1646 Ι,
2741 1595 2890 1634 num.
2924 1579 2978 1647 5,
3011 1579 3105 1636 lib.
3135 1596 3175 1646 ι,
3222 1590 3420 1652 praeter
3440 1596 3559 1646 eos,

1958 1673 2049 1743 qui
2073 1672 2128 1727 in
2158 1672 2252 1727 Dei
2282 1672 2480 1728 Filium
2510 1688 2726 1729 errores
2749 1683 3098 1740 sparserunt,
3140 1674 3264 1731 illos
3287 1676 3447 1730 etiam
3474 1690 3562 1731 re-

1962 1766 2248 1839 prehendit
2267 1769 2358 1838 qui
2389 1768 2441 1821 in
2463 1766 2698 1837 Spiritus
2727 1766 2900 1824 sancti
2926 1767 3263 1823 divinitatem
3309 1768 3562 1824 subtilius

238 1870 447 1924 mentis
477 1866 899 1923 Alexandrinam
923 1865 1220 1920 Ecclesiam
1250 1860 1616 1931 spectantibus
1638 1858 1855 1931 legitur)
1888 1852 1933 1913 B
1960 1863 2345 1920 ratiocinantes
2376 1860 2692 1932 peccabant.
2740 1861 2871 1945 Sub.
2894 1877 3020 1917 sono
3065 1861 3213 1933 legis,
3258 1862 3432 1933 inquit
3454 1904 3469 1928 ,
3500 1879 3565 1918 ac

233 1972 295 2017 et
326 1976 393 2017 ea
435 1960 731 2015 adhibitam
766 1968 968 2023 mente,
999 1967 1057 2011 ut
1080 1954 1443 2011 Sabellianam
1484 1952 1733 2007 bteresim
1762 1965 1853 2005 ca-

237 2054 454 2108 tholico
504 2066 667 2108 sensu
707 2048 1039 2114 refellerent,
1072 2055 1264 2102 nonut
1308 2059 1498 2100 novam
1543 2043 1858 2099 inducercnt

234 2156 409 2215 atque
440 2142 831 2201 defenderent;
864 2157 932 2198 ex
976 2156 1084 2212 quo
1126 2138 1419 2211 Dionysius
1461 2136 1858 2192 Alexandrinus

235 2239 623 2294 commonitus
653 2252 771 2293 eam
801 2234 1085 2291 formulam
1115 2233 1404 2305 displicere
1423 2273 1438 2297 ,
1488 2231 1542 2285 in
1594 2229 1856 2301 Apologia

230 2333 578 2391 catholicum
608 2331 806 2402 dogma
837 2330 909 2383 ita
940 2328 1144 2384 diserte
1172 2326 1527 2389 confirmavit,
1563 2333 1624 2379 ut
1661 2324 1749 2395 qui
1790 2337 1857 2378 ex

230 2427 488 2496 antiquis
514 2426 629 2480 Arii
657 2439 901 2479 errorem
931 2422 1185 2495 Dionysio
1214 2419 1591 2476 vehementius
1618 2419 1858 2475 luculen-

232 2522 467 2590 Ilusque
495 2516 766 2589 reiecerit,
797 2516 1046 2572 iuventus
1068 2514 1137 2569 sit
1162 2527 1341 2570 nemo.
1367 2513 1499 2583 Quis
1526 2512 1707 2581 itaque
1727 2525 1861 2566 con-

236 2620 328 2667 tra
369 2613 537 2678 hunc,
568 2611 650 2664 vel
682 2609 846 2663 alium
894 2608 1129 2678 aliquem
1158 2606 1403 2677 ejusdem
1430 2606 1646 2675 generis
1674 2612 1729 2658 et
1756 2602 1859 2657 loci

236 2703 526 2759 hominem
557 2712 825 2773 tamquam
864 2701 978 2756 Arii
1008 2713 1222 2755 errores
1249 2706 1676 2769 propugnantem
1698 2736 1713 2760 ,
1743 2693 1862 2750 istis

236 2797 297 2852 in
333 2794 654 2851 Occidentis
691 2793 1002 2865 regionibus
1030 2806 1193 2846 unum
1240 2800 1484 2845 nostrum
1526 2786 1859 2856 Scriptorem

237 2905 351 2961 pro
381 2892 644 2945 concione
671 2878 873 2959 pltiries
895 2896 948 2942 et
969 2886 1168 2941 acriter
1196 2884 1522 2939 disseruisse
1552 2881 1857 2946 exiStimet;

240 2997 304 3042 et
359 3000 467 3041 non
510 2984 692 3056 potius
742 2982 1026 3054 intelligat,
1079 2981 1148 3035 ab
1190 2980 1291 3034 hoc
1334 2978 1511 3048 palam
1559 2975 1862 3046 impugnari

243 3080 488 3136 Arianos
516 3078 717 3135 saeculo
742 3088 940 3150 quarto
973 3076 1189 3146 ubique,
1223 3089 1287 3130 ac
1311 3073 1610 3145 prmscrtim
1632 3070 1683 3126 in
1712 3070 1862 3125 hisce

242 3174 425 3229 Italia:
456 3172 651 3228 ﬁnibus
671 3171 810 3228 duce
829 3168 1101 3227 Auxentio
1123 3168 1550 3231 debacchantes;
1574 3179 1697 3218 cum
1726 3178 1864 3234 prae-

1961 1957 2102 2027 ﬁdei,
2134 1956 2399 2010 surcularis
2453 1971 2630 2010 amore
2661 1955 2938 2026 jartantia:
2991 1971 3255 2021 accensus,
3306 1957 3563 2013 nascentis

1962 2046 2061 2103 Dei
2082 2048 2146 2102 de
2156 2046 2289 2115 Deo,
2321 2047 2359 2103 S
2367 2049 2649 2119 piritusque
2666 2050 2829 2103 sancti
2849 2048 3252 2104 inazstimabilem
3276 2050 3566 2123 incompre-

1961 2140 2361 2212 hensibilemque
2381 2141 2667 2196 divinitatis
2698 2143 3107 2212 perpetuitatem,
3131 2144 3255 2213 jure
3280 2144 3394 2216 ipso
3416 2186 3433 2211 ,
3460 2162 3564 2216 quo
3624 2144 3639 2161 '

1962 2253 2025 2290 ea:
2070 2252 2178 2291 sese
2215 2245 2306 2300 est,
2333 2237 2652 2308 argumentis
2673 2246 2722 2291 te
2742 2253 2941 2308 cogere,
2973 2238 3287 2306 examinare,
3313 2239 3483 2294 metiri
3505 2255 3571 2294 ac

1963 2331 2253 2386 discernere
2299 2347 2449 2401 posse
2496 2333 2788 2401 praesumis.
2837 2331 2909 2387 Et
2953 2339 3140 2387 contra
3191 2332 3292 2387 bus
3333 2332 3569 2403 Spiritus

1963 2424 2138 2479 sancti
2166 2423 2460 2493 tequalitati
2497 2423 2935 2494 prtejudicantes,
2987 2434 3141 2482 tract.
3181 2427 3269 2493 15,
3310 2442 3459 2482 num.
3511 2428 3565 2493 1,

1964 2516 2060 2571 lib.
2095 2532 2152 2581 ll,
2183 2516 2499 2587 praeclaram
2529 2516 2676 2572 illam
2704 2517 3096 2586 professionem
3120 2516 3290 2574 edidit
3324 2536 3339 2574 :
3389 2518 3570 2590 Spiri—

1966 2622 2047 2665 tus
2090 2621 2413 2670 sanctus.....
2469 2609 2660 2667 habens
2690 2629 2846 2667 unam
2884 2612 3246 2680 substantiam,
3300 2615 3563 2680 virtutem,

1966 2701 2224 2770 deitatem,
2256 2706 2599 2776 majestatem,
2647 2707 3058 2777 voluntatemque
3097 2704 3273 2761 Patris
3320 2717 3369 2763 et
3414 2706 3565 2763 Filii.

1965 2793 2065 2863 Qui
2099 2804 2282 2851 autem
2310 2811 2375 2851 ex
2408 2796 2803 2868 antiquioribus
2833 2797 3105 2855 haereticis
3129 2799 3351 2870 Spiritui
3375 2809 3571 2857 sancto

1964 2884 2313 2943 detraherent
2365 2896 2525 2959 atque
2578 2888 2937 2962 decerperent
2987 2906 3093 2946 una
3139 2906 3261 2948 cum
3308 2890 3469 2959 Filio,
3512 2902 3571 2949 ut

1964 2980 2223 3063 A‘uctoris
2252 2989 2434 3038 textus
2464 2979 2590 3048 fert,
2622 2996 2784 3038 nemo
2814 2998 2953 3038 unus
2978 2992 3063 3040 est
3092 2984 3357 3040 omnium.
3381 2985 3569 3042 Ariani

1966 3072 2183 3130 fuerunt
2207 3075 2386 3145 primi,
2413 3076 2653 3146 quicum
2676 3074 2730 3130 iu
2753 3075 2949 3132 Filium
2972 3089 3241 3147 errarent,
3270 3078 3460 3135 eodem
3482 3092 3571 3132 ar-

1965 3177 2221 3239 gumento
2253 3172 2303 3225 in
2334 3168 2595 3239 Spiritum
2651 3181 2896 3227 sanctum
2943 3185 3129 3228 errare
3170 3180 3572 3241 consequenter

242 3269 449 3327 sertim
479 3284 584 3323 non
610 3282 730 3323 eam
772 3267 965 3331 solum,
995 3280 1116 3335 qua:
1158 3263 1211 3318 itt
1252 3259 1308 3319 S.
1343 3260 1602 3332 Dionysio
1627 3258 1860 3314 Alexan-
1888 3244 1934 3307 (ί
1968 3262 2255 3319 debebant.
2290 3262 2461 3332 Quom
2486 3275 2666 3320 tamen
2695 3265 3133 3321 consecutionem
3164 3265 3322 3336 primi
3348 3266 3571 3322 Ariano-

244 3364 418 3418 drino
450 3360 776 3433 reprehensa
808 3357 930 3426 fuit,
976 3357 1070 3412 sed
1100 3356 1204 3410 alia
1239 3356 1422 3425 plures
1463 3350 1766 3408 locutiones
1797 3366 1865 3406 ex

246 3455 542 3529 proposito
584 3466 639 3510 et
692 3455 891 3524 smpius
920 3452 1217 3523 impugnet,
1257 3457 1386 3505 ante
1425 3449 1610 3503 Arium
1662 3447 1863 3504 nemini

247 3564 517 3619 umquam
548 3546 802 3601 auditas?
837 3545 1090 3601 Socrates
1112 3546 1255 3599 enim
1280 3542 1374 3597 lib.
1401 3556 1440 3609 ι,
1472 3555 1593 3610 cap.
1624 3541 1679 3605 6,
1710 3555 1865 3593 novas

245 3655 299 3699 et
329 3641 598 3696 inauditas
640 3640 755 3694 Arii
784 3640 1090 3693 assertiones
1132 3636 1361 3702 vocavit,
1404 3645 1459 3689 et
1506 3634 1862 3700 Sozomenus,

246 3737 356 3792 lib.
394 3752 430 3802 t,
448 3750 570 3805 cap.
605 3734 707 3789 15:
739 3733 892 3800 Quod
921 3732 1171 3787 anemiue
1196 3745 1436 3799 umquam
1461 3727 1653 3782 dictum
1674 3726 1863 3797 fuerat,

248 3831 378 3902 ipse
421 3830 475 3881 iu
522 3826 756 3882 Ecclesia
812 3840 973 3879 ausus
1012 3824 1168 3897 fuerit
1207 3822 1523 3894 prwdicare;
1570 3829 1696 3874 ante
1730 3834 1867 3890 quos

248 3931 523 3992 utrosque
548 3919 798 3984 Rufinus,
825 3917 918 3974 lib.
944 3934 971 3972 χ
1002 3917 1165 3981 Hist.,
1188 3931 1309 3986 cap.
1336 3916 1361 3969 1
1389 3934 1400 3967 :
1434 3913 1604 3969 I‘rava
1632 3913 1869 3983 quadam

248 4018 321 4069 de
355 4015 461 4084 ﬁde
500 4012 692 4067 Christi
724 4014 985 4083 proferre,
1014 4020 1062 4065 ct
1091 4025 1206 4073 qua’
1243 4017 1393 4063 antea
1446 4009 1500 4061 in
1538 4005 1865 4076 qutcstionem

250 4123 541 4176 numquam
571 4114 835 4170 uenerant,
860 4104 1009 4173 coepit
1032 4120 1050 4170 ;
1078 4102 1218 4157 unde
1255 4109 1311 4155 et
1353 4098 1584 4154 llilatius
1610 4097 1865 4152 Arianam

250 4218 443 4256 noram
465 4200 702 4255 Ita'resim
725 4212 897 4266 vocat,
930 4200 1022 4255 lilt.
1050 4213 1119 4251 \ll
1144 4196 1208 4250 dc
1235 4194 1416 4257 'l‘rin.,
1451 4208 1597 4246 num.
1631 4190 1684 4256 5,
1703 4189 1868 4244 lucre-

250 4296 357 4351 sim
386 4282 663 4362 novel/am,
691 4308 837 4345 num.
862 4292 915 4356 5,
948 4300 995 4343 et
1026 4287 1277 4343 novellam
1307 4291 1440 4341 luem
1477 4296 1588 4355 post
1614 4283 1864 4355 quadrin-

253 4400 438 4460 gentos
461 4392 567 4458 fere
584 4403 747 4441 annos
764 4402 925 4457 nuper
946 4386 1221 4447 inventam,
1240 4382 1331 4436 lib.
1350 4396 1387 4444 t,
1408 4379 1472 4433 ad
1494 4376 1867 4434 Constantium

258 4500 417 4538 num.
451 4484 509 4551 5,
538 4497 699 4553 quam
733 4481 937 4535 scilicet
968 4491 1094 4534 ante
1139 4476 1326 4531 Arium
1357 4475 1541 4529 docuit
1578 4484 1633 4528 et
1663 4488 1866 4544 propu-

254 4580 446 4651 gnavit
490 4592 684 4642 nemo;
714 4573 969 4645 quidquid
1006 4575 1095 4638 sit,
1128 4571 1172 4625 si
1204 4569 1437 4637 cuipiam
1469 4566 1663 4622 similis
1688 4565 1865 4637 aliqua

257 4643 517 4735 iormula,
540 4669 647 4724 alio
680 4643 937 4722 tamenet
962 4665 1232 4721 catholico
1259 4678 1421 4719 sensu
1438 4660 1708 4717 intellecta
1728 4701 1743 4727 ,
1775 4659 1869 4715 ad-
1894 4643 1949 4704 Ῑ)

261 4779 457 4821 versus
477 4764 817 4820 Sabellinnos
847 4760 1127 4817 exciderit.

335 4857 414 4931 [L]
444 4842 550 4913 Sed
581 4865 642 4910 ut
670 4855 932 4921 Arianos,
975 4868 1081 4907 non
1112 4859 1295 4906 autem
1321 4848 1598 4920 antiquum
1633 4847 1870 4916 aliquem

266 4965 512 5007 errorem
542 4948 837 5004 Auctorem
871 4955 1115 5002 nostrum
1147 4946 1492 5017 intpugnasse
1521 4958 1742 5014 prorsus
1760 4942 1874 4998 evi-

263 5044 459 5098 denter
486 5042 913 5107 demonstretur,
972 5040 1107 5096 satis
1145 5040 1249 5095 erit
1302 5047 1589 5092 tractatum
1637 5038 1872 5107 primum

265 5140 426 5209 primi
458 5139 579 5195 libri
607 5141 835 5210 ejusque
876 5138 1255 5195 annotationes
1287 5136 1505 5205 legere:
1546 5137 1599 5190 in
1631 5151 1696 5191 eo
1724 5134 1871 5191 enim

264 5234 595 5290 Arianorum
624 5231 693 5287 de
720 5231 981 5287 altissimo
1008 5230 1202 5287 divina;
1230 5228 1595 5300 generationis
1616 5229 1873 5301 mysterio

264 5328 666 5399 pbil050pbieis
694 5329 989 5385 rationibus
1016 5328 1458 5400 {disceptantium
1502 5324 1872 5381 curiositatem

266 5422 404 5477 nulli
433 5423 524 5476 alii
556 5432 722 5475 secta:
745 5421 1009 5489 propriam
1041 5420 1139 5492 (de
1160 5436 1265 5491 quo
1287 5418 1488 5474 videsis
1509 5416 1783 5473 dissertat.
1806 5433 1867 5487 tt,

265 5531 391 5585 cap.
425 5516 488 5583 2)
518 5514 807 5584 explorate
826 5513 1200 5582 reprehendit;
1231 5513 1403 5567 varias
1425 5522 1575 5567 notat
1599 5512 1752 5583 ﬁdes,
1775 5526 1873 5569 seu

266 5605 397 5661 ﬁdei
429 5603 720 5664 formulas.
756 5614 994 5657 tractatus
1037 5608 1236 5669 varios,
1288 5604 1378 5674 qui
1419 5605 1574 5660 fidem
1616 5606 1669 5658 in
1697 5613 1875 5661 sectas

268 5699 475 5752 multas
502 5693 902 5761 discinderent,
932 5696 1071 5765 quod
1103 5696 1169 5750 ad
1208 5711 1344 5750 uuas
1389 5697 1708 5752 Arianorum
1760 5698 1873 5753 for-

270 5790 453 5846 mulas
482 5797 654 5855 atque
684 5795 934 5842 tractatus
959 5789 1142 5844 referri
1168 5796 1373 5859 petcst;
1398 5787 1573 5845 officia
1595 5789 1874 5847 haeretica.

277 5897 401 5939 rum
424 5881 691 5948 designat
720 5880 993 5947 perspicue
1017 5883 1157 5951 apud
1182 5897 1325 5952 reges
1350 5921 1367 5949 ,
1398 5881 1450 5937 id
1477 5890 1561 5936 est
1587 5881 1878 5951 imperato-

1971 3370 2089 3410 rum
2111 3353 2180 3409 de
2203 3370 2310 3409 uno
2340 3353 2478 3411 Filio
2498 3355 2775 3426 disputare
2804 3358 3041 3412 contenti
3067 3370 3173 3411 non
3198 3356 3565 3425 inculcarunt;

1972 3446 2113 3502 unde
2150 3446 2203 3501 in
2234 3462 2301 3502 eo
2326 3462 2539 3504 errasse
2566 3450 2734 3505 notati
2767 3465 2872 3504 non
2919 3458 3065 3515 sunt,
3114 3463 3214 3506 nec
3252 3449 3305 3505 in
3355 3449 3569 3507 Nicena

1969 3539 2180 3610 synodo
2207 3538 2295 3594 hic
2314 3555 2469 3595 error
2483 3539 2790 3597 damnatus.
2815 3541 3149 3599 Posteriores
3168 3542 3345 3599 solum
3360 3542 3570 3611 Ariani,

1972 3646 2073 3688 seu
2115 3632 2296 3703 potius
2345 3632 2665 3689 Semiariaui
2728 3634 2780 3690 id
2819 3636 3023 3692 erroris
3081 3637 3358 3705 invexere,
3410 3654 3571 3710 quem

1972 3726 2201 3798 proinde
2227 3726 2563 3783 confutatam
2586 3728 2773 3786 videre
2797 3738 2884 3787 est
2912 3731 3055 3803 apud
3101 3730 3363 3789 Hilarium
3407 3732 3497 3789 lib.
3533 3749 3572 3790 tt
3650 3743 3655 3749 '

1971 3823 2038 3879 de
2059 3823 2341 3891 Trinitate,
2369 3834 2423 3879 et
2452 3822 2592 3895 apud
2634 3824 2978 3881 Ambrosium
3027 3826 3120 3881 lib.
3151 3842 3242 3896 nt,
3268 3826 3339 3883 de
3365 3826 3572 3899 Spiritu

1970 3928 2182 3982 sancto,
2212 3917 2631 3987 damnatumque
2651 3918 2706 3973 in
2732 3917 3334 3990 Coustantinopolitana
3359 3921 3573 3993 synodo

1971 4024 2063 4064 an.
2086 4010 2211 4065 39L
2245 4009 2394 4065 Hanc
2432 4024 2565 4066 sane
2594 4011 2842 4067 bmresim
2894 4026 3001 4066 uno
3031 4013 3327 4083 eodemque
3371 4014 3572 4070 stcculo

1972 4114 2185 4173 quarto,
2212 4119 2319 4172 quo
2344 4104 2568 4168 Ariana,
2592 4113 2645 4159 et
2674 4118 2741 4160 ex
2773 4106 2970 4163 Ariana
3002 4118 3179 4163 natam
3198 4108 3399 4165 diserte
3425 4109 3574 4166 aifir-

1974 4196 2141 4250 mavit
2167 4195 2501 4252 Sozomenus
2535 4196 2629 4254 lib.
2668 4213 2738 4262 vt,
2770 4213 2890 4269 cap.
2932 4198 3044 4256 25:
3076 4199 3277 4257 Eodem
3323 4211 3569 4275 tempore,

1976 4288 2202 4345 Valente
2253 4290 2457 4346 scilicet
2510 4290 2830 4362 imperante,
2863 4292 3055 4365 inquit.
3100 4311 3282 4351 rursus
3331 4310 3451 4351 nata
3501 4306 3577 4353 est

1971 4383 2209 4451 quaestio,
2242 4392 2416 4437 utrum
2440 4382 2670 4454 Spiritus
2699 4395 2909 4440 sanctus
2935 4386 3163 4459 ejusdem
3194 4405 3307 4441 cum
3339 4387 3495 4443 Patre
3527 4399 3575 4446 et

1976 4472 2119 4529 Filio
2140 4477 2440 4531 substantiae
2464 4477 2747 4531 censendus
2777 4487 2945 4543 esset;
2981 4495 3095 4549 qua
3116 4480 3319 4549 quidem
3361 4482 3577 4551 quastio

1975 4585 2093 4623 cum
2118 4570 2456 4648 jampridem,
2517 4571 2570 4625 id
2614 4580 2695 4627 est
2730 4572 2842 4641 jam
2878 4572 3002 4628 inde
3038 4588 3069 4629 a
3113 4571 3574 4633 Semiarianorum

1974 4671 2118 4730 ortu,
2151 4674 2317 4730 capta
2355 4664 2557 4735 fuisset,
2587 4672 2708 4718 tunc
2730 4664 3011 4720 maximum
3039 4666 3404 4724 incrementum
3424 4687 3575 4726 accc-

1973 4767 2139 4829 perat.
2187 4754 2488 4822 Auomiani,
2539 4756 2591 4811 id
2632 4767 2716 4813 est
2755 4758 2872 4827 puri
2906 4760 3090 4816 Ariani
3119 4769 3177 4817 et
3230 4761 3571 4831 Semiariaui,

1975 4863 2361 4909 consenserunt.
2404 4853 2619 4925 Utrique
2669 4856 2804 4910 enim
2849 4856 3107 4924 Spiritum
3148 4867 3385 4914 sanctum
3421 4861 3577 4916 mini-

1969 4957 2137 5002 strum
2162 4963 2290 5012 esse,
2318 4957 2367 5001 et
2397 4948 2577 5003 ordine
2602 4958 2753 5018 atque
2779 4949 2976 5005 honore
3012 4951 3237 5015 tertium,
3264 4962 3313 5007 et
3338 4952 3577 5009 substan-

1976 5039 2049 5093 tia
2096 5039 2401 5096 dissimilem
2446 5042 2824 5097 asseverabant.
2866 5042 3051 5114 Itaque
3085 5058 3208 5100 cum
3259 5043 3360 5100 bos
3402 5047 3576 5116 palam

1977 5143 2163 5192 noster
2214 5146 2403 5192 auctor
2429 5136 2670 5193 recitatis
2716 5153 2783 5193 ex
2829 5140 2984 5194 tract.
3036 5138 3063 5193 1
3120 5140 3301 5198 verbis
3339 5152 3574 5213 pungat;

1980 5216 2165 5299 procul
2186 5228 2354 5285 dubio
2375 5238 2503 5286 ante
2522 5230 2759 5286 medium
2781 5230 3038 5289 mulum
3065 5243 3317 5303 quartum
3337 5236 3579 5293 scribere

1976 5339 2313 5396 nequaquam
2347 5323 2539 5396 potuit.

2051 5415 2149 5474 Est
2206 5426 2262 5474 et
2292 5418 2514 5475 heresis
2563 5419 2691 5486 alia,
2737 5434 2897 5491 quam
2943 5420 3199 5480 distincte
3235 5431 3386 5479 notat
3433 5431 3499 5477 tr.
3544 5422 3578 5478 7

1977 5508 2076 5566 lib.
2120 5527 2159 5566 tt
2208 5512 2291 5567 bis
2327 5512 2510 5569 verbis
2541 5530 2556 5567 :
2604 5512 2722 5568 Una
2748 5515 2966 5583 denique
3011 5515 3193 5568 asserit
3225 5513 3404 5569 Iesum
3429 5513 3580 5570 Chri-

1979 5615 2119 5662 stum
2146 5606 2374 5662 abutero
2415 5606 2642 5678 Virginis
2696 5605 2879 5662 Mariae
2918 5605 3198 5676 sumpsisse
3244 5606 3576 5675 principium,

1980 5699 2246 5772 Deumque
2266 5699 2451 5754 exinde
2486 5699 2546 5753 ob
2566 5700 2825 5773 justitiam
2868 5702 3055 5767 factum
3094 5712 3221 5761 esse,
3255 5715 3356 5754 non
3377 5708 3578 5756 natum.

1986 5794 2098 5849 lmo
2144 5790 2375 5849 subinde
2430 5799 2551 5860 post
2613 5791 2949 5860 impugnatos
2995 5785 3229 5845 Arianos
3293 5805 3414 5846 eam
3478 5795 3582 5849 sub

1987 5885 2233 5956 ejusdem
2266 5892 2525 5939 tractatus
2567 5882 2728 5937 finem
2779 5880 2848 5933 ita
2902 5876 3165 5946 confluat,
3215 5892 3270 5938 tit
3324 5876 3584 5954 utrasque
