3952 6320
493 307 511 337 α

490 305 550 362 fit
1878 293 2413 371 PROLEGQMENA.
3726 299 3781 360 re

495 424 733 491 haereses
762 419 952 477 eodem
1002 431 1117 472 :cvo
1145 415 1384 484 vigentes
1416 412 1547 470 Satis
1581 410 1852 468 ostendat.
1882 410 2090 468 Idcirco
2116 414 2169 475 Α
2197 411 2421 484 privatis
2453 413 2502 466 in
2537 412 2669 468 locis
2699 426 2883 468 sacros
2920 422 3092 483 coetus
3139 411 3419 481 haberent,
3453 428 3592 483 quos
3621 416 3780 470 eccle-

490 514 751 570 adversus
792 513 928 579 hanc
956 510 1173 577 iterum,
1204 514 1492 579 antequam
1521 505 1750 571 Arianos
1789 508 2089 577 impugnat,

490 605 570 662 sic
598 604 791 661 effatur
819 610 976 657 tract.
1010 598 1045 655 6
1069 598 1311 669 ejusdem
1342 596 1434 653 lib.
1465 613 1502 652 tt
1534 615 1547 650 :
1606 595 1667 652 Si
1708 596 1964 650 hominem
2007 612 2093 649 so-

492 699 619 765 lum,
669 697 818 763 sicuti
855 694 1068 766 quidam
1109 700 1313 769 putant,
1387 692 1451 746 ab
1502 698 1649 744 utero
1706 688 1931 761 Virginis
1978 705 2092 743 eum

488 792 764 860 sumpsisse
791 787 1121 860 principium,
1146 802 1262 863 quia
1286 800 1427 857 spes,
1454 794 1586 849 etc..
1634 782 1724 839 tibi
1754 782 2094 839 animadver-

486 883 647 957 tenda
677 883 1016 953 potissimum
1066 878 1251 943 verba,
1296 879 1427 934 sicut
1466 876 1677 949 quidam
1725 885 1927 949 putant,
1970 890 2092 951 qua:

488 975 630 1031 hunc
649 962 894 1030 errorem
921 987 1074 1044 acque
1098 986 1160 1026 ac
1188 971 1444 1025 Arianutn
1480 979 1800 1041 praesentem
1831 967 2086 1023 indicant.

487 1069 678 1135 Porro,
706 1068 807 1124 etsi
842 1066 1220 1121 haereticorum
1252 1072 1497 1120 veterum
1546 1063 1725 1134 plures
1766 1062 1909 1118 hunc
1936 1076 2091 1118 erro-

482 1178 599 1227 rem
630 1160 968 1224 tradiderunt
1011 1159 1103 1231 (de
1130 1159 1324 1231 quibus
1351 1157 1473 1215 vide
1522 1165 1713 1225 annot.
1746 1157 1780 1212 5
1824 1157 1875 1212 in
1914 1165 1983 1212 tr.
2010 1153 2088 1226 6),

486 1257 619 1313 nulli
654 1266 829 1313 tamen
860 1255 1079 1320 eodem,
1120 1268 1229 1324 quo
1261 1252 1447 1310 Ariani
1488 1252 1712 1317 saeculo,
1744 1267 1869 1306 eum
1900 1250 2091 1306 defen-

486 1356 694 1416 sarunt,
718 1345 817 1422 [ιι]
850 1347 949 1402 nisi
980 1345 1306 1409 Photiniani.
1334 1345 1421 1416 qui
1468 1354 1524 1413 ut
1564 1343 1633 1399 ab
1677 1343 1894 1399 Arianis
1936 1344 2094 1414 longe

485 1440 720 1507 abirent,
767 1441 821 1495 in
848 1454 967 1495 eam
1003 1438 1253 1493 hreresim
1286 1437 1525 1493 incidere
1554 1454 1567 1490 :
1601 1436 1741 1492 unde
1781 1451 1886 1491 non
1915 1436 2095 1491 minus

488 1532 670 1590 Ariani
710 1532 1061 1588 Photinianos
1087 1547 1248 1603 quam
1285 1529 1594 1587 Photiniani
1620 1529 1848 1585 Arianos
1876 1544 2097 1584 aversa-

483 1627 700 1683 bantur.
732 1624 997 1682 Catholici
1028 1636 1205 1679 autem
1235 1624 1379 1679 inter
1401 1634 1659 1695 utrosque
1689 1623 1852 1689 medii
1882 1632 2091 1678 utrum-

484 1736 591 1791 que
642 1735 886 1776 errorem
947 1719 1335 1788 coarguebant,
1388 1725 1443 1772 et
1489 1716 1616 1772 hinc
1670 1728 1857 1777 noster
1887 1715 2093 1771 Auctor

2193 504 2303 561 sias
2382 506 2684 573 vocabant,
2730 520 2888 560 novas
2934 516 3110 560 tamen
3162 506 3507 579 publicasque
3561 507 3615 561 in
3665 523 3777 562 eum

2196 612 2350 654 nsum
2384 598 2531 653 aedes
2578 597 2849 668 aediﬁcare
2904 597 3010 652 illis
3063 614 3169 653 non
3227 598 3394 654 licuit.
3461 597 3653 655 Solum
3704 615 3786 673 per

2192 687 2607 747 Constantinum
2649 692 3055 761 imperatorem,
3100 690 3189 760 qui
3219 685 3437 745 Christo
3466 705 3667 763 nomen
3705 690 3785 755 de.

2194 782 2295 851 dit,
2319 782 2656 856 publicarum
2683 781 3036 839 ecclesiarum
3062 780 3551 837 construendarum
3577 781 3785 851 facultas

2195 884 2390 946 quarto
2421 876 2652 946 primum
2676 874 2878 931 saeculo
2905 873 3043 929 facta
3068 872 3169 931 fuit
3200 893 3215 932 :
3247 891 3310 931 ac
3340 876 3564 946 proinde
3607 877 3788 933 Aucto-

2196 986 2310 1026 rem
2334 971 2402 1026 de
2433 986 2572 1027 nova
2598 970 2803 1047 publica
2829 971 3057 1026 ecclesia
3088 979 3194 1027 tam
3221 970 3500 1042 explorate
3527 968 3789 1027 disseren-

2198 1072 2304 1119 tem
2334 1073 2460 1120 ante
2504 1064 2555 1119 id
2605 1064 2862 1119 stet-tilum
2893 1064 3104 1135 vixisse
3135 1079 3419 1139 perperam
3448 1064 3674 1121 dixeris.
3707 1064 3790 1120 Ili-

2198 1174 2383 1214 ramur
2410 1170 2590 1215 autem
2622 1158 2859 1216 editores
2893 1158 3233 1215 Veronenses
3261 1158 3378 1215 huc
3406 1159 3461 1217 in
3492 1160 3790 1239 prmlatlone

2197 1251 2499 1307 scribentes
2543 1270 2555 1306 :
2615 1249 2693 1306 De
2747 1250 3008 1323 spirituali
3069 1251 3413 1321 aediﬁcatione
3465 1251 3653 1307 domus
3707 1250 3792 1307 Dei

2201 1342 2393 1398 Auctor
2432 1343 2748 1399 demonstrat
2796 1354 3051 1404 tuncnon
3093 1346 3255 1427 fuisse
3286 1348 3405 1419 jam
3436 1345 3627 1421 templa
3656 1344 3792 1400 Chri-

2198 1438 2378 1491 stianis
2421 1446 2733 1492 constructa.
2793 1438 2849 1491 Si
2897 1453 3060 1507 unum
3105 1438 3285 1508 templi
3330 1452 3526 1511 nomen
3581 1437 3792 1507 Auctori

2199 1543 2307 1586 non
2349 1541 2663 1600 usurpatum
2712 1528 2998 1595 dixissent,
3050 1528 3186 1603 nihil
3241 1545 3665 1605 repugnaremus
3704 1531 3791 1587 :id

2198 1623 2343 1676 enim
2395 1638 2591 1679 nomen
2642 1622 2913 1681 idolorum
2946 1623 3153 1679 aedibus
3182 1608 3344 1683 tribui
3372 1626 3613 1695 solitum,
3646 1622 3793 1679 Chri-

2199 1715 2364 1771 Stiani
2390 1716 2457 1772 ad
2493 1717 2753 1785 ecclesias
2781 1718 3067 1775 traducere
3095 1718 3251 1773 veriti
3282 1729 3408 1779 sunt
3436 1728 3561 1775 ante
3589 1721 3648 1774 S.
3680 1721 3792 1789 Ant-

486 1821 740 1881 utrosque
764 1811 1036 1868 contraria
1077 1811 1336 1867 docentes
1381 1823 1482 1864 una
1528 1807 1955 1880 reprehendens,
1989 1809 2092 1863 sub
2124 1822 2170 1882 Β
2200 1811 2440 1867 brosium
2471 1822 2635 1882 atque
2660 1810 3031 1868 Theodosium
3069 1811 3374 1879 .luniorem,
3425 1813 3516 1887 qui
3562 1827 3629 1868 ea
3674 1828 3793 1869 voce

484 1904 763 1976 utriusque
820 1904 1043 1959 haeresis
1107 1914 1227 1973 post
1287 1902 1526 1958 medium
1601 1912 1854 1974 quartum
1919 1917 2092 1958 saccu-

484 1997 592 2051 lum
642 1994 803 2073 simul
851 1995 1271 2068 compugnantis
1328 2003 1543 2051 artatem
1598 2009 1659 2051 se
1704 1994 1910 2050 vixisse
1965 2009 2091 2066 pro-

483 2088 585 2145 dit.

554 2182 725 2251 Quem
748 2190 1022 2238 auctorem
1053 2180 1302 2236 habuerit
1320 2193 1497 2247 error,
1522 2194 1629 2251 quo
1650 2180 1745 2236 Dei
1773 2180 1952 2253 imago
1981 2195 2086 2237 non

484 2277 539 2331 in
570 2275 771 2337 anima.
804 2275 900 2331 sed
930 2276 982 2330 in
1012 2288 1243 2345 corpore
1272 2273 1662 2338 collocabatur,
1689 2272 1784 2327 illo
1814 2272 2089 2330 Geneseos

482 2368 799 2426 testimonio
830 2369 882 2423 in
922 2367 1062 2423 hanc
1088 2382 1201 2423 rem
1249 2380 1534 2437 perperam
1569 2366 1815 2421 traducto
1847 2383 1861 2420 :
1895 2365 2090 2421 Facia-

483 2477 597 2516 mus
614 2461 867 2515 hominem
883 2460 1394 2530 adimaginem,etc.,
1413 2459 1589 2529 prodit
1604 2457 1933 2529 Epiphanius
1950 2457 2085 2514 Incr.

486 2554 578 2621 70,
610 2553 867 2621 Andium,
914 2554 1000 2609 vel
1040 2551 1302 2631 Audaeum
1349 2553 1634 2627 nominans
1662 2552 2090 2624 quarto'saeculo

486 2649 780 2717 viventem,
808 2663 965 2717 quem
998 2648 1215 2719 quidem
1247 2661 1491 2704 errorem
1534 2646 1727 2703 eodem
1771 2646 1975 2703 811301110
2004 2662 2088 2703 re-

480 2742 602 2815 jicit
669 2743 728 2801 S.
781 2732 1017 2798 Hilarius
1066 2743 1118 2798 in
1166 2741 1359 2813 psalm.
1409 2756 1615 2811 cxxtx,
1664 2750 1719 2797 et
1767 2741 2087 2797 Philastrius

481 2850 535 2890 c.
567 2835 656 2892 97.
688 2834 840 2891 Hunc
870 2850 1000 2907 ergo
1026 2850 1266 2890 errorem
1297 2844 1482 2889 noster
1510 2848 1724 2904 quoque
1755 2842 1947 2888 auctor
1979 2849 2085 2907 non

480 2929 708 2993 cursim,
755 2929 850 2983 sed
907 2943 975 2983 ex
1021 2928 1299 2999 proposito
1343 2939 1397 2982 et
1451 2927 1570 2995 fuse
1633 2927 1889 2983 refellens
1947 2926 2085 2981 dno-

486 3022 589 3077 bus
634 3023 686 3077 in
739 3014 1054 3078 tractatibus
1109 3022 1177 3077 19
1222 3032 1277 3091 et
1316 3022 1408 3091 20,
1445 3022 1537 3077 lib.
1578 3038 1636 3091 ιι,
1667 3022 1857 3086 eodem
1898 3024 2085 3095 procul

486 3114 648 3171 dubio
679 3119 880 3171 smculo
921 3116 1117 3172 vixisse
1146 3116 1503 3197 convincitur.

2199 1920 2297 1981 pro
2326 1901 2760 1958 Christianorum
2789 1903 3037 1959 ecclesiis
3066 1901 3438 1975 significandis
3467 1907 3697 1975 primum
3720 1906 3790 1960 nsi

2194 1995 2565 2065 inveniuntur,
2600 2005 2657 2051 ιιι
2686 1996 2930 2067 pluribus
2976 1995 3459 2069 animadvertimus
3489 2005 3672 2052 annot.
3724 1996 3789 2051 26

2196 2091 2247 2146 in
2287 2100 2440 2146 tract.
2471 2089 2505 2155 5
2528 2089 2623 2163 lib.
2653 2106 2690 2145 I.
2722 2087 2789 2163 At
2817 2104 2939 2145 cum
2959 2089 3026 2144 de
3045 2088 3307 2145 materiali
3330 2088 3687 2163 aediﬁcatione
3724 2089 3789 2144 illi

2195 2185 2442 2243 editores
2474 2168 2801 2257 intelligant,
2820 2182 2888 2240 de
2915 2198 3019 2257 qua
3062 2182 3237 2241 tribus
3269 2183 3320 2239 in
3352 2184 3676 2239 testimoniis
3702 2199 3790 2238 uu-

2195 2293 2292 2356 per
2318 2278 2559 2347 recitatis
2593 2288 2698 2334 tam
2729 2286 2914 2349 aperta
2946 2277 3005 2333 lit
3048 2280 3281 2346 mentio,
3315 2278 3599 2335 admiratio
3628 2279 3789 2349 inces-

2192 2374 2265 2431 sit
2293 2372 2543 2445 plurima,
2567 2370 2709 2443 quod
2732 2371 2864 2428 illud
2895 2370 3020 2427 inde
3046 2377 3422 2442 argumentum
3451 2370 3786 2443 intenderim,

2194 2467 2339 2523 unde
2368 2481 2428 2523 se
2460 2466 2617 2541 plane
2647 2465 2891 2521 devictos
2920 2463 3078 2520 fateri
3112 2463 3453 2541 debuissent.
3476 2463 3610 2545 Quid
3639 2480 3787 2537 porro

2152 2590 2160 2597 ι
2193 2560 2238 2616 si
2268 2557 2769 2625 animadvertantur
2799 2556 2914 2631 lucc
2942 2555 3047 2610 alia
3076 2554 3321 2627 ejusdem
3357 2564 3615 2629 tractatus
3635 2558 3785 2612 verba

2192 2667 2349 2708 num.
2387 2652 2412 2706 1
2444 2668 2456 2703 :
2484 2652 2583 2704 Aut
2605 2649 2825 2717 nullum,
2861 2658 2951 2721 aut
2979 2666 3246 2720 perrarum
3266 2646 3340 2703 est
3362 2667 3454 2722 per
3479 2667 3673 2706 omnem
3702 2647 3786 2704 Ec-

2193 2747 2403 2800 clesiam
2437 2742 2529 2800 Dei
2559 2744 2805 2798 orationis
2827 2742 2928 2797 loci
2950 2743 3255 2815 membrum,
3280 2744 3419 2813 quod
3439 2745 3595 2815 possit
3620 2744 3785 2816 quavis

2190 2838 2343 2892 ruina
2372 2837 2425 2891 in
2451 2853 2505 2891 se
2533 2836 2877 2909 mergentibus
2906 2835 3220 2911 idololatria;
3251 2835 3449 2911 rudibus
3478 2854 3611 2907 nunc
3639 2851 3786 2907 usque

2190 2929 2516 2999 aliquatenus
2544 2926 2855 2996 comparari.
2892 2927 3094 2995 Auctor
3127 2942 3233 2980 non
3259 2936 3420 2998 negat
3450 2928 3645 2999 nullum
3675 2942 3782 2982 Otu-

2193 3023 2345 3087 nino,
2371 3030 2463 3076 aut
2491 3037 2760 3092 perrarum
2783 3020 3046 3076 orationis
3085 3020 3286 3107 locum,
3317 3020 3367 3076 id
3400 3033 3484 3077 est
3512 3020 3780 3076 ecclesiam

2192 3113 2311 3189 [LII]
2338 3111 2766 3170 Christianorum
2797 3114 2984 3181 fuisse,
3023 3113 3117 3169 sed
3147 3114 3314 3193 multa
3339 3115 3516 3185 potius
3539 3114 3783 3187 orationis

559 3208 802 3285 Tandem
842 3208 1062 3263 Mariam
1113 3219 1239 3264 ante
1283 3219 1519 3280 partum,
1567 3208 1621 3263 in
1671 3218 1847 3280 partu,
1879 3218 1934 3275 et
1965 3219 2088 3281 post
2111 3219 2157 3283 ρ
2191 3208 2329 3281 loca,
2359 3221 2455 3263 seu
2479 3206 2738 3263 ecclesias
2768 3204 3090 3273 ChriStianis
3118 3203 3286 3283 fuisse
3334 3207 3625 3287 supponit,
3657 3207 3785 3261 inter

487 3313 700 3373 partum
726 3302 986 3377 virginem
1035 3310 1104 3356 tr.
1129 3302 1163 3356 8
1188 3300 1282 3357 lib.
1335 3316 1394 3383 n,
1444 3301 1637 3356 asserit
1667 3300 1907 3379 prmcisis
1947 3302 2084 3379 adeo

484 3398 745 3459 lormulis.
779 3388 834 3452 ul
871 3412 964 3453 eas
1011 3397 1249 3467 reperire
1280 3411 1386 3451 non
1418 3396 1579 3451 liceat
1606 3396 1656 3450 in
1680 3397 1957 3466 quopiam,
1986 3413 2086 3450 an-

483 3499 699 3559 tequnnt
729 3489 788 3545 Β.
819 3489 997 3545 Maris:
1035 3478 1315 3560 virginitas
1358 3499 1554 3561 quarti)
1582 3476 2089 3563 saeculooppngna-

485 3591 655 3638 retur.
692 3582 826 3637 Vide
854 3583 907 3637 in
939 3583 1079 3661 hanc
1121 3597 1238 3638 rem
1283 3572 1435 3654 plura
1463 3588 1651 3651 annot.
1682 3581 1717 3637 5
1763 3582 1814 3637 in
1844 3591 1911 3636 tr.
1942 3581 1977 3637 5
2025 3582 2089 3636 li-

484 3674 586 3730 bro
606 3691 645 3739 ι,
677 3674 765 3729 ubi
794 3675 895 3753 alia
926 3690 1135 3744 quoque
1157 3674 1407 3729 Auctoris
1435 3674 1489 3729 in
1516 3674 1761 3729 eamdem
1790 3689 1905 3729 rem
1937 3672 2089 3729 testi-

486 3770 670 3824 monia
701 3766 828 3823 alibi
862 3770 1090 3839 repetita
1120 3766 1450 3843 indicantur,
1503 3784 1622 3838 qua:
1652 3768 1721 3823 ad
1760 3769 2086 3845 catholicum

485 3862 683 3933 dogma
723 3873 911 3918 contra
968 3869 1281 3939 nascentem
1312 3861 1561 3917 haeresim
1593 3860 1971 3917 vindicandum
2003 3861 2089 3917 vel

485 3957 913 4027 promovendum
934 3956 1075 4012 dicta
1106 3954 1273 4012 fuisse
1295 3954 1564 4012 videntur.

487 4092 517 4168 ς
553 4094 642 4153 IV.
674 4125 747 4135 —
775 4093 988 4161 Novum
1026 4102 1387 4168 argumentum
1433 4108 1498 4157 ea:
1534 4090 1743 4162 publica
1776 4090 1974 4159 urbana
2007 4108 2090 4147 ec-

558 4190 715 4257 clesia
743 4192 976 4259 petitum.
1033 4188 1307 4259 Editorum
1355 4185 1720 4252 Veronensium
1766 4202 1827 4251 ac
1872 4185 2090 4249 Barottii

560 4284 869 4352 obiectiones
915 4281 1114 4357 diluta.
1166 4282 1283 4353 Alia
1330 4281 1679 4355 conjiciuntur
1746 4295 1807 4337 ea:
1870 4279 2088 4350 publicis

559 4374 811 4451 Episcopi
833 4375 1180 4444 peticionibus,
1205 4375 1386 4447 quibus
1416 4372 1602 4439 Gentes
1625 4389 1823 4445 quoque
1846 4372 2083 4441 aderant,

562 4483 609 4531 et
632 4488 698 4545 ea;
730 4487 919 4557 magnq
946 4470 1426 4555 catechumenorum
1478 4468 1785 4540 frequentia,
1825 4468 1913 4540 qui
1956 4482 2086 4537 quo-

563 4565 733 4641 tannis
761 4561 1154 4636 baptizabantur
1174 4563 1228 4619 in
1248 4562 1510 4634 paschale.

564 4700 776 4772 Insigne
806 4700 859 4755 in
890 4715 1006 4755 rem
1038 4708 1360 4777 praesentem
1387 4696 1753 4773 testimonium
1778 4695 2084 4777 suppeditat

491 4796 654 4852 etiam
710 4801 967 4849 tractatus
990 4792 1058 4848 14
1087 4792 1179 4847 lib.
1205 4806 1257 4857 ι,
1285 4789 1376 4862 qui
1405 4790 1469 4843 de
1498 4788 1876 4869 £diﬁcatione
1904 4790 2087 4846 domus

487 4884 588 4943 Dei
611 4887 924 4958 inscriptus,
955 4884 1139 4956 procul
1165 4883 1329 4939 dubio
1367 4882 1584 4938 habitus
1603 4881 1672 4937 ab
1691 4880 1927 4940 Auctore
1961 4883 2086 4950 fuit,

488 4994 612 5035 cum
644 4994 782 5034 nova
817 4978 1083 5034 aedificata
1111 4977 1164 5032 in
1197 4976 1330 5031 urbe
1357 4974 1585 5032 ecclesia
1637 4975 1866 5055 primum
1896 4976 2085 5051 patuit.

492 5071 627 5127 llinc
661 5072 909 5127 festivum
947 5069 1078 5126 illud
1125 5068 1442 5139 principium
1475 5085 1486 5121 :
1531 5066 1745 5132 Vellem,
1786 5071 1975 5141 fratres
2000 5070 2084 5123 di-

490 5164 773 5231 lectissimi,
804 5153 1104 5233 triumphali
1131 5162 1355 5233 quodam
1379 5160 1530 5215 modo
1554 5162 1630 5214 uti
1654 5177 1906 5226 sermone,
1938 5162 2085 5215 novi-

487 5273 587 5329 que
612 5257 779 5327 aperis
825 5271 994 5309 arcem
1038 5270 1240 5309 sacram
1278 5253 1517 5309 laudibus
1551 5238 1830 5327 geminare.
1876 5251 2084 5308 Rursus

492 5366 547 5403 ιι.
578 5347 632 5415 2,
656 5347 816 5402 eadem
846 5348 996 5400 istam
1025 5346 1275 5401 novellam
1324 5332 1611 5413 memorat,
1651 5360 1881 5415 eamque
1909 5345 2081 5413 aediﬁ-

488 5442 737 5496 cationem
757 5454 975 5495 uestram
1007 5449 1181 5507 vocat,
1213 5439 1355 5511 quod
1386 5439 1621 5504 divitum,
1648 5448 1706 5492 ut
1738 5438 1811 5492 ait
1845 5450 1996 5491 num.
2026 5436 2080 5503 5,

487 5530 948 5603 prwrogationtbus
994 5529 1185 5587 crebris
1225 5530 1510 5584 deberetur.
1554 5521 1795 5582 Tandem
1836 5540 1985 5581 num.
2027 5526 2082 5593 6,

488 5643 650 5691 sach
676 5626 924 5681 orationis
952 5626 1048 5683 iste
1081 5627 1225 5681 locus
1253 5640 1414 5679 novus
1441 5622 1765 5693 appellatur,
1797 5635 1956 5691 quem
1987 5629 2088 5674 ter-

490 5731 648 5775 restre
667 5720 984 5774 domicilium
1028 5720 1130 5775 sub
1174 5718 1336 5775 ﬁnem
1366 5718 1626 5773 nominat.
1664 5716 1834 5770 Porro
1859 5715 1960 5771 etsi
1993 5715 2088 5770 tri-

491 5809 591 5870 bus
639 5814 826 5885 primis
868 5813 1125 5870 Ecclesiae
1163 5809 1379 5867 saeculis
1422 5804 1718 5879 Christiani
1761 5809 2083 5880 quibusdam

2190 3317 2325 3381 quas
2357 3311 2535 3358 tamen
2582 3302 2750 3371 nulla,
2772 3312 2861 3356 aut
2884 3317 3098 3389 perraro
3120 3311 3286 3377 csspt,
3320 3316 3442 3387 quae
3462 3302 3531 3357 ob
3555 3301 3783 3376 magnifi-

2190 3398 2421 3475 centiam
2444 3412 2564 3451 cum
2588 3395 2905 3452 idololatriae
2932 3394 3138 3449 :cdibus
3157 3394 3458 3473 comparari
3487 3404 3682 3465 posset.

2265 3491 2528 3545 Baronius
2571 3490 2623 3543 in
2670 3487 3113 3545 annotationibus
3144 3485 3211 3542 ad
3244 3486 3678 3564 Martyrologium
3722 3500 3778 3539 ex

2194 3584 2296 3640 hoc
2336 3583 2649 3659 testimonio
2697 3581 2905 3657 colligit
2955 3581 3248 3636 Auctorem
3288 3590 3417 3651 ante
3456 3576 3779 3655 ConStantini

2196 3689 2440 3749 tempora
2483 3676 2768 3753 claruisse,
2813 3675 3011 3751 quippe
3055 3671 3198 3742 quod
3248 3671 3410 3743 hujus
3455 3671 3780 3742 imperatoris

2192 3784 2378 3841 cpera,
2453 3767 2639 3822 nonne
2710 3766 3033 3838 praesertim,
3094 3763 3491 3841 angustissima:
3562 3765 3779 3820 basilica:

2194 3874 2396 3919 erecta:
2436 3859 2672 3917 fuerunt.
2715 3861 2928 3933 Optime
2961 3858 3202 3935 quidem,
3259 3859 3301 3914 si
3344 3859 3545 3931 nullum
3592 3868 3777 3914 tantum

2194 3961 2440 4039 orationis
2465 3960 2631 4015 locum
2648 3974 2769 4014 cum
2795 3958 3060 4013 idolorum
3079 3956 3284 4014 azdtbus
3306 3957 3612 4031 comparari
3638 3967 3780 4027 posse

2192 4057 2398 4112 Auctor
2424 4052 2770 4121 afﬁrmasset,
2821 4067 2926 4107 non
2965 4066 3100 4109 vero
3126 4067 3247 4106 cum
3291 4050 3367 4105 vel
3409 4066 3675 4125 perrarum
3699 4046 3781 4102 atl-

2192 4147 2331 4205 didit
2358 4166 2371 4202 :
2403 4148 2528 4203 hinc
2573 4148 2719 4203 enim
2746 4145 2980 4217 aliquam
3011 4144 3207 4201 alicubi
3236 4144 3523 4200 ecclesiam
3556 4140 3782 4214 magnilb

2191 4240 2524 4297 centissimis
2556 4238 2822 4294 idolorum
2848 4234 3062 4311 templis
3084 4250 3421 4308 nequaquam
3444 4235 3641 4294 cedere
3663 4232 3779 4289 satis

2193 4335 2461 4415 indigitat.
2519 4334 2744 4390 Interim
2776 4347 2911 4389 vero
2958 4348 3082 4388 cum
3124 4331 3322 4387 multas
3372 4330 3460 4386 hic
3512 4327 3779 4392 ecclesias,

2190 4429 2292 4485 etsi
2324 4443 2429 4483 non
2461 4424 2793 4503 magniﬁcas,
2820 4425 2987 4480 variis
3021 4424 3073 4480 in
3112 4425 3245 4481 locis
3291 4422 3585 4481 aediﬁcatus
3613 4429 3780 4479 osten-

2190 4518 2316 4587 dat,
2344 4519 2454 4593 jam
2480 4520 2648 4590 magis
2668 4518 2839 4574 multo
2864 4516 3253 4574 Veronensium
3278 4515 3543 4571 editorum
3573 4512 3781 4573 halluci—

2110 4622 2166 4701 p
2190 4615 2336 4669 natio
2361 4624 2538 4687 patet,
2564 4613 2653 4684 qui
2686 4611 2788 4667 hoc
2818 4613 2870 4667 in
2904 4620 3149 4694 tractatu.
3176 4610 3348 4679 nulla;
3368 4618 3495 4665 tunc
3539 4607 3727 4680 templa
3751 4619 3777 4660 a

2190 4704 2512 4762 ChriSIianis
2557 4712 2866 4759 constructa
2896 4703 3146 4758 viderunt
3177 4720 3189 4755 :
3219 4700 3362 4774 quod
3414 4702 3457 4756 si
3504 4701 3775 4760 vidissent.

2193 4798 2436 4885 profecto
2466 4800 2755 4878 Auctorem
2807 4806 2934 4861 ante
2977 4806 3224 4869 quartum
3250 4794 3509 4873 sarculum
3537 4791 3776 4875 collocari

2193 4906 2302 4948 non
2334 4904 2493 4963 posse
2532 4888 2787 4946 facillime
2816 4889 3216 4965 cognovissent.

2267 4983 2375 5037 llas
2395 4993 2574 5038 autem
2603 4982 2863 5038 ecclesias
2895 4981 3134 5052 publicas
3158 4979 3324 5035 fuisse
3354 4978 3439 5035 vel
3463 4978 3587 5035 inde
3624 4985 3775 5051 patet,

2194 5074 2337 5145 quod
2365 5090 2431 5130 eo
2455 5056 2683 5130 consilio
2713 5073 2993 5129 aedificata:
3035 5073 3207 5144 palam
3239 5071 3477 5131 fuerunt.
3505 5081 3563 5149 ut
3607 5078 3777 5147 essent

2191 5154 2457 5235 ecclesiae,
2480 5183 2601 5224 cum
2632 5168 2761 5245 olim
2792 5168 3012 5238 privatrc
3038 5156 3185 5223 aedes
3215 5166 3269 5221 in
3299 5166 3776 5221 ecclesiasticorum

2190 5246 2720 5317 conventuumusum
2749 5262 2885 5316 clam
2915 5260 3144 5317 fuissent
3170 5260 3452 5322 traditcue.
3486 5270 3541 5315 ut
3571 5275 3639 5315 ne
3658 5256 3775 5331 quid

2193 5353 2433 5409 exterius
2477 5353 2530 5408 in
2576 5352 2828 5431 Gentium
2858 5354 3101 5409 notitiam
3145 5362 3366 5425 pateret.
3403 5352 3639 5408 Publica:
3667 5351 3775 5424 qui-

2190 5448 2312 5505 dem
2350 5450 2455 5504 illze
2481 5449 2675 5507 saltem
2710 5449 2881 5518 fuere,
2932 5465 3160 5521 perrarw
3204 5450 3331 5505 licet
3369 5447 3637 5513 ecclesiae,
3665 5458 3773 5518 quae

2189 5557 2312 5599 cum
2335 5541 2650 5596 idololatria:
2680 5543 2891 5613 templis
2921 5541 3156 5597 conferri
3195 5540 3389 5596 alicubi
3422 5548 3698 5612 poterant,
3726 5533 3771 5609 id

2184 5620 2331 5705 quod
2354 5634 2485 5687 alias
2507 5647 2718 5707 quoque
2749 5634 3011 5705 publicas,
3057 5634 3180 5690 licet
3224 5632 3509 5711 inferiores
3557 5631 3693 5687 mole
3724 5635 3771 5684 et

2189 5716 2607 5798 magniﬁcentia,
2653 5724 2824 5782 fuisse
2875 5727 3086 5783 suadet.
3129 5725 3396 5805 Praeterea
3431 5734 3587 5781 tract.
3635 5723 3665 5777 7
3708 5719 3767 5775 ab

2188 5822 2423 5891 Auctore
2454 5818 2666 5889 habitus
2704 5818 2950 5911 profecto
2991 5820 3225 5905 videtur,
3249 5834 3371 5901 cum
3398 5834 3539 5903 nova
3569 5817 3653 5879 illa
3687 5827 3766 5881 θαι
