3952 6320
191 295 279 352 53
935 286 1384 348 DlSSEB‘l‘ATlO
1422 290 1463 357 l,
1508 281 1594 346 DE
1631 287 1690 351 S.
1730 288 2027 353 ZENONIS
2070 291 2317 357 TRACT.
2363 294 2450 354 ΕΤ
2488 292 2764 357 ΕΤΑΤΕ.
3450 305 3517 361 5i

192 406 374 473 etesia
406 408 647 483 primum
670 414 856 483 patens
878 404 1124 499 dedicata
1173 404 1269 465 fuit
1311 423 1325 461 :
1364 403 1602 499 quod‘ad
1628 414 1813 465 osten-
1838 411 1889 475 Α
1918 416 2093 465 ctatus
2123 409 2193 465 55
2217 418 2272 466 et
2298 410 2392 485 38,
2424 411 2494 473 42
2519 422 2574 470 et
2599 412 2692 485 45,
2709 414 2802 477 lib.
2825 432 2884 486 tt,
2902 418 2992 495 qui
3020 417 3221 499 singuli
3242 434 3363 489 cum
3378 420 3525 481 idem

192 498 449 556 dendam
483 515 604 557 eam
641 498 905 571 publicam
938 498 1225 570 plurimum
1258 495 1489 554 confert.
1522 496 1636 554 Huc
1683 514 1816 572 quo-
1920 500 2138 559 circiter
2164 511 2434 575 repetant,
2487 521 2609 563 eum
2660 524 2942 573 numerum
2991 495 3218 591 singulis
3258 519 3417 581 annis
3465 516 3520 574 iu

194 609 314 673 que
342 593 611 651 conducit
638 593 785 650 locus
828 608 893 649 ex
923 602 1081 649 tract.
1112 591 1181 650 lo
1219 590 1313 647 lib.
1357 605 1398 657 ι,
1447 608 1597 648 num.
1625 592 1693 663 3,
1726 593 1816 651 ubi
1921 596 2178 669 paschate
2206 595 2546 668 baptismatis
2564 600 2782 661 lavacro
2805 605 2934 679 tingi
2959 590 3178 665 solitum
3209 607 3516 676 insinuant;

195 688 559 747 mulieresad
581 688 842 744 ecclesiam
861 685 960 744 Dei
979 697 1140 744 totum
1160 687 1412 777 inauratae
1430 704 1615 759 corpus
1639 689 1813 761 palam
1918 687 2062 761 quod
2092 688 2333 759 profecto
2373 706 2478 748 non
2525 692 2631 749 nisi
2663 705 2786 767 post
2828 699 3094 761 redditam
3140 702 3398 763 Ecclesia:
3426 718 3521 777 pa-

196 781 552 853 processisse
579 778 905 849 indicantur,
932 794 1032 836 nec
1066 794 1175 835 non
1202 766 1295 836 ille
1315 777 1452 835 alius
1480 793 1547 836 ex
1595 788 1751 836 tract.
1781 780 1817 836 5
1918 797 2039 839 cem
2067 782 2330 842 accidisse
2355 786 2616 845 credibile
2640 766 2743 847 est.

196 873 461 948 ejusdem
494 873 646 943 libri,
677 889 823 928 num.
866 873 922 940 8,
967 872 1021 928 in
1052 888 1161 946 quo
1189 872 1258 928 de
1287 868 1608 933 Christianis
1635 873 1818 931 uxori-

196 966 309 1022 bus
355 965 582 1023 etltnico
622 965 802 1037 nuptis
849 966 1053 1020 Auctor
1095 966 1348 1038 loquens,
1380 982 1487 1021 non
1518 968 1695 1022 minus
1726 968 1814 1026 isti

195 1058 479 1115 idolorum
512 1058 803 1131 templum,
830 1074 991 1131 quam
1037 1056 1113 1114 illi
1160 1059 1446 1119 ecclesiam
1490 1060 1683 1119 eodem
1726 1060 1814 1119 die

195 1153 384 1226 palam
421 1154 586 1226 petita
617 1152 840 1227 perinde
866 1163 1038 1221 notat,
1068 1162 1128 1209 ut
1151 1154 1360 1225 publica
1394 1165 1621 1227 utraque
1660 1173 1815 1230 aeque

192 1245 371 1305 fuisse
393 1247 789 1323 intelligantur.
833 1246 1006 1305 Unum
1038 1250 1249 1306 tandem
1277 1263 1430 1309 extra
1458 1269 1672 1315 omnem
1707 1253 1812 1313 du-

193 1339 484 1396 bitationis
506 1341 680 1397 aleam
701 1340 1153 1398 considerandum
1183 1345 1502 1414 subiicimus
1525 1362 1588 1401 ex
1616 1355 1812 1409 tracta-

195 1440 256 1487 tu
308 1433 343 1488 5
373 1432 469 1487 lib.
492 1448 533 1501 ι,
565 1433 654 1489 ubi
699 1434 881 1489 statim
931 1434 1001 1490 ab
1047 1435 1201 1491 initio
1235 1441 1440 1495 Auctor
1464 1439 1638 1495 doctos
1666 1440 1812 1497 viros

191 1527 301 1582 sibi
329 1529 677 1584 concionanti
708 1539 1005 1599 praesentes
1032 1532 1338 1605 appellans,
1368 1534 1618 1593 ethnicos
1647 1536 1811 1595 intel-

195 1618 346 1693 legit,
386 1636 527 1694 quos
575 1619 826 1679 facundia
867 1622 986 1694 ejus
1033 1632 1220 1697 captos
1267 1626 1316 1681 ei
1357 1626 1667 1687 interfuisse
1703 1629 1811 1686 l’re-

189 1720 449 1787 quentes,
476 1713 609 1783 dum
634 1728 819 1770 sacras
843 1715 1136 1777 conciones
1168 1716 1415 1788 haberet,
1465 1719 1661 1779 ibidettt
1708 1737 1808 1781 an-

1918 916 1947 987 5
1980 916 2045 973 ν.
2071 915 2449 976 —Interdicta
2486 919 2733 980 Gentibus
2773 927 3079 1000 templorum
3116 931 3417 1003 ludiﬁcatio,
3468 944 3515 988 et

1988 1008 2227 1076 publicus
2279 1012 2611 1070 nihilominus
2653 1016 2967 1075 idololatria
3005 1024 3194 1090 cultus,
3236 1025 3301 1080 de
3335 1025 3522 1095 quibus

1988 1106 2182 1163 Auctor
2215 1110 2447 1165 meminit
2477 1121 2677 1167 etatem
2718 1117 2833 1189 ejus
2865 1125 2978 1185 post
3013 1118 3238 1173 medium
3276 1130 3519 1191 quartum

1987 1202 2234 1257 secutum
2273 1204 2577 1261 certioribus
2600 1206 2849 1263 limitibus
2877 1210 3151 1280 deﬁniunt.
3188 1211 3398 1268 Baronii
3431 1214 3523 1268 ob-

1981 1298 2145 1370 jcctio
2169 1299 2414 1369 .acplosa.
2452 1298 2594 1369 Quid
2632 1304 2770 1358 circa
2812 1306 3073 1361 ethnicum
3110 1309 3310 1364 cultum
3349 1326 3381 1364 a
3417 1310 3518 1365 Ju-

1991 1391 2118 1447 liani
2143 1393 2282 1448 obitu
2302 1394 2560 1450 decretum
2584 1398 2655 1452 ad
2678 1415 2874 1454 annum
2899 1416 3062 1472 usque
3087 1402 3214 1459 591.

1916 1582 1921 1587 ,
1987 1525 2318 1599 Argumento
2344 1545 2409 1586 ex
2438 1530 2671 1603 publicis
2699 1508 3128 1593 Christianorum
3159 1538 3404 1595 ecclesiis
3417 1538 3519 1596 du-

1915 1630 2002 1678 cto
2019 1622 2411 1692 subjiciendum
2431 1625 2575 1682 aliud
2598 1637 2872 1701 sumptum
2896 1646 2961 1689 ex
2987 1632 3252 1691 idolorum
3277 1635 3516 1705 templis,

1914 1730 2035 1785 qua:
2058 1715 2162 1771 etsi
2188 1727 2460 1787 paterent,
2494 1719 2747 1777 aediﬁcari
2780 1732 2959 1778 tamen
2989 1723 3244 1785 Auctoris
3274 1742 3390 1782 aevo
3420 1744 3519 1787 ne-
3584 1736 3595 1748 '

188 1815 309 1867 not.
365 1806 404 1862 2
455 1807 796 1879 osteqdimus
820 1851 836 1874 ,
880 1810 1151 1883 simulque
1214 1811 1516 1885 colligimus
1563 1815 1815 1875 Auctoris
1844 1827 1892 1895 Β
1919 1824 2189 1880 quaquam
2206 1819 2476 1881 poterant.
2498 1810 2547 1871 Is
2563 1814 2815 1869 nimirttm
2834 1817 3027 1873 eodem
3047 1826 3203 1875 tract.
3229 1820 3512 1889 7,num.l,

185 1912 436 1973 aetatem,
456 1918 563 1976 qua
590 1903 935 1961 ethnicorum
963 1905 1309 1978 praesentiam
1342 1905 1475 1963 nihil
1506 1920 1803 1981 metueret;

184 1994 241 2051 id
279 1996 431 2066 quod
472 1996 649 2052 solum
689 1996 888 2053 accidit
930 1998 1130 2056 saeculo
1158 2009 1376 2070 quarto,
1407 2014 1531 2056 cum
1560 2016 1811 2073 persecu-

186 2087 437 2145 Iionihus
460 2087 717 2151 Gentium
741 2105 837 2162 per
856 2088 1198 2149 Christianus
1221 2092 1575 2164 imperatores
1589 2093 1806 2164 deletis,

185 2177 521 2251 religionem
550 2181 904 2249 christianam
931 2195 1051 2237 stne
1080 2182 1189 2238 ullo
1210 2192 1355 2247 metu
1380 2183 1611 2259 publicis
1634 2185 1688 2240 iu
1712 2201 1802 2247 ec,

182 2272 380 2331 clesiis
416 2274 661 2351 profiteri
693 2274 864 2344 licuit,
914 2285 971 2330 ut
1014 2275 1082 2330 ad
1129 2289 1315 2331 sacras
1361 2275 1657 2335 conciones
1700 2278 1805 2353 ipsi

182 2382 412 2441 quoque
454 2367 662 2437 ethnici
708 2368 1146 2431 admitterentur.
1178 2368 1364 2441 Neque
1395 2381 1612 2437 moveat
1637 2372 1805 2445 quod,

183 2471 352 2518 tract.
396 2463 452 2530 5,
493 2478 648 2518 num.
680 2461 737 2529 8,
767 2463 959 2535 pagani
1013 2462 1115 2517 viri
1172 2464 1489 2529 sacri/icium
1540 2465 1806 2543 publicum

183 2556 451 2629 afﬁrmet,
483 2558 669 2613 uxoris
695 2567 875 2615 autem
904 2553 1228 2623 Christianae
1280 2568 1531 2625 secretum
1572 2576 1592 2617 :
1622 2575 1690 2625 ex
1740 2560 1805 2621 iis

189 2651 365 2720 enim,
430 2666 552 2725 qua:
593 2649 795 2707 ibidem
841 2652 1221 2707 annotavimus
1262 2653 1434 2723 liquet
1486 2668 1675 2710 vocem
1721 2671 1804 2711 sc-

183 2754 380 2813 cretum
404 2744 476 2803 ad
502 2743 767 2801 ecclesias
783 2744 1211 2813 transferendam
1229 2760 1335 2802 non
1358 2760 1503 2814 esse,
1518 2746 1616 2804 sed
1638 2764 1802 2806 unum

184 2848 439 2910 spectare
465 2836 825 2897 Eucharistiae
853 2851 1256 2901 sacramentum
1275 2882 1288 2905 ,
1318 2840 1461 2912 quod
1487 2856 1554 2896 ex
1579 2840 1801 2913 antiqua

186 2930 497 3005 disciplina,
532 2932 730 2991 nedum
756 2947 785 2986 a
819 2933 1068 3004 Pagunis,
1100 2951 1167 2991 ne
1187 2950 1217 2990 a
1248 2934 1657 2993 catechumenis
1682 2936 1801 3008 qui-

185 3022 307 3087 dem
341 3024 479 3094 ipsis
511 3023 682 3080 videri
716 3034 949 3095 poterat,
979 3027 1071 3099 qui
1112 3043 1301 3084 omnes
1346 3038 1471 3100 post
1518 3029 1798 3103 Evangelii

186 3113 480 3187 lectionem
535 3117 966 3190 concionemque
1023 3120 1092 3179 ab
1147 3120 1379 3179 ecclesia
1437 3122 1795 3197 arcebantur;

1916 1913 2198 1976 postquam
2222 1905 2363 1961 haud
2395 1907 2719 1977 prwcipuum
2748 1923 2869 1965 esse
2894 1910 3033 1977 dixit
3055 1910 3125 1971 de
3154 1928 3309 1968 novae
3339 1915 3517 1969 eccle-

1912 1998 2009 2053 siae
2053 1998 2415 2055 aedificatione
2455 2000 2696 2056 laudibus
2734 2003 3014 2075 geminare,
3058 2005 3258 2077 quippe
3286 2009 3421 2078 quod
3462 2008 3519 2067 id

1912 2106 2029 2145 cum
2069 2089 2338 2161 Gentibus,
2372 2093 2451 2148 vel
2469 2092 2670 2149 Iudicis
2694 2106 2859 2171 potest
2895 2112 3003 2150 esse
3036 2113 3342 2166 commune;
3374 2098 3517 2156 hanc

1911 2182 2070 2253 hujus
2101 2193 2389 2255 postrema:
2419 2188 2706 2241 sententiae
2737 2188 3005 2244 rationem
3037 2189 3225 2246 subdit
3251 2209 3264 2247 :
3292 2190 3433 2251 Nam
3464 2202 3513 2247 et

1910 2276 2017 2331 illis
2064 2276 2109 2331 si
2134 2277 2307 2343 liceat,
2335 2279 2414 2333 vel
2437 2279 2482 2333 si
2520 2279 2698 2345 velint,
2726 2280 2966 2350 fortassis
2997 2281 3185 2339 cultius
3222 2301 3518 2357 synagogas

1909 2370 2186 2441 aediﬁcent,
2211 2373 2401 2428 cultius
2422 2374 2621 2447 erigant
2640 2376 2884 2451 capitolia
2903 2373 2929 2445 ,°'
2955 2377 3042 2434 ubi
3074 2380 3320 2453 capitolia
3342 2383 3511 2457 scrip-

1910 2471 2022 2521 tum
2055 2478 2154 2535 pro
2201 2466 2391 2536 templa
2420 2477 2666 2526 annotat.
2697 2469 2731 2526 ὅ
2774 2469 2829 2524 ἱη
2877 2469 3023 2529 hunc
3062 2481 3348 2535 tractatum
3380 2490 3513 2547 prq-

1910 2556 2177 2615 bavimus.
2228 2557 2380 2615 Nunc
2420 2560 2647 2619 adverte
2675 2562 2809 2617 duas
2857 2565 3156 2621 sententias
3185 2563 3512 2645 disjuucti‘te

1908 2651 2134 2729 positas,
2166 2652 2213 2707 si
2243 2653 2414 2721 liceat,
2446 2654 2524 2709 vel
2550 2656 2596 2709 si
2626 2654 2783 2711 velint
2816 2672 2835 2711 :
2865 2672 3088 2724 quarum
3120 2657 3293 2728 prima
3320 2658 3387 2713 ad
3413 2657 3513 2713 Ju-

1908 2744 2055 2800 daeos
2087 2745 2361 2817 pertinere
2402 2746 2625 2802 minime
2658 2757 2859 2823 potest,
2901 2747 3167 2821 siquidem
3197 2746 3508 2804 Iudaeorum

1907 2846 2042 2892 secta
2071 2835 2217 2890 nulla
2251 2838 2358 2910 lege
2393 2838 2649 2909 prohibita
2688 2839 2919 2895 traditur
2957 2855 2988 2896 a
3033 2840 3363 2909 Theodosio,
3387 2842 3423 2898 Ι.
3450 2860 3504 2899 tx

1906 2932 1967 2987 de
1987 2929 2214 3003 Iudicis,
2235 2948 2323 2986 an.
2352 2932 2478 2999 395;
2509 2942 2563 2988 et
2584 2930 2758 2995 solum
2788 2950 2878 2995 an.
2898 2933 3234 3009 421,103.21
3261 2934 3508 3009 ejusdem

1904 3025 1987 3080 tit.
2020 3034 2236 3082 cautum
2258 3024 2377 3093 fuit,
2410 3043 2473 3081 ne
2501 3028 2735 3098 deinceps
2762 3028 2898 3085 ullas
2923 3031 3149 3100 facerent
3174 3032 3328 3099 condi
3350 3050 3508 3105 syna-

1902 3135 2061 3190 gogas
2101 3135 2120 3174 :
2154 3119 2298 3192 quod
2350 3120 2525 3192 ipsum
2571 3120 2949 3178 ccttfirmatum
2990 3123 3189 3194 legitur
3233 3140 3324 3182 an.
3372 3127 3501 3198 425,

188 3207 327 3277 unde
378 3207 583 3285 ibidem
624 3212 827 3281 Auctor
853 3211 1036 3269 statim
1090 3226 1210 3271 sese
1242 3213 1525 3284 explicans
1567 3214 1791 3277 subdit;
1821 3221 1867 3299 ς
1903 3208 1997 3265 lib.
2034 3225 2147 3265 xxv
2190 3220 2244 3265 ct
2297 3225 2464 3265 xxv".
2510 3209 2696 3283 Itaque
2724 3210 2947 3269 Judtcos
2988 3214 3213 3283 respicit
3260 3217 3502 3289 secunda

188 3298 361 3373 Illius,
409 3302 462 3365 id
509 3313 596 3360 est
642 3304 835 3379 pagani
874 3305 1122 3379 conjugis
1148 3348 1164 3374 ,
1195 3306 1522 3365 sacriﬁcium
1552 3325 1586 3363 a
1616 3310 1796 3381 quani,
1858 3298 1861 3299 ν
1900 3303 2173 3360 sententia
2209 3304 2253 3358 si
2283 3304 2471 3377 velint,-
2506 3305 2675 3375 prima
2705 3317 2886 3363 autem
2917 3307 2962 3365 si
2987 3308 3137 3364 liceat
3167 3311 3345 3382 palam
3373 3328 3503 3385 per-

187 3394 343 3463 libcre
372 3397 586 3469 tractari
611 3406 781 3469 potest
807 3413 827 3453 :
855 3408 1000 3455 tuum
1029 3397 1048 3472 (
1073 3413 1298 3459 uxorem
1325 3398 1676 3459 christianum
1716 3402 1797 3456 al-

187 3488 466 3563 loquitur)
493 3495 651 3549 etiam
678 3508 709 3549 a
737 3489 1046 3551 Christianis
1076 3494 1202 3567 ipsis
1234 3495 1442 3553 minime
1462 3496 1792 3567 consecratis,

187 3582 238 3643 id
297 3592 382 3645 est
448 3568 879 3657 catechumenis,
945 3588 1056 3651 sine
1128 3588 1401 3662 sacrilegio
1465 3589 1626 3647 uideri
1693 3607 1795 3659 non

188 3684 372 3746 WW-

258 3768 605 3847 Yeroneuses
631 3770 894 3839 editores,
925 3787 1063 3843 quos
1098 3774 1152 3829 in
1199 3774 1446 3847 neganda
1475 3777 1613 3837 sacri
1650 3786 1786 3839 tem-

187 3864 282 3936 pli.
317 3880 409 3927 seu
448 3866 698 3939 ecclesiae
724 3869 1131 3947 constructione
1160 3868 1387 3927 nimium
1431 3871 1663 3931 multum
1698 3872 1794 3929 de-

186 3968 377 4035 ceptos
420 3960 675 4035 vidimus.
706 3976 951 4021 errorem
990 3963 1166 4023 errori
1217 3963 1504 4029 addentes.
1535 3967 1789 4038 exiguum

187 4050 617 4129 Christianorum
670 4068 957 4119 numerum
992 4054 1184 4125 eodem
1239 4056 1292 4111 in
1341 4065 1573 4113 tractatu
1621 4058 1676 4125 7,
1722 4058 1792 4119 ab

190 4147 425 4223 Auctqre
452 4146 880 4223 demonsuatum
907 4147 1161 4225 produnt.
1187 4146 1524 4209 Demonstrat
1547 4162 1667 4209 tunc
1688 4169 1791 4209 non

190 4236 349 4308 [uisse
366 4243 485 4319 jam
513 4242 707 4310 templa
744 4238 1054 4311 Christianis
1101 4253 1417 4311 constructa,
1464 4245 1556 4305 sed
1603 4262 1790 4305 novum

192 4333 459 4401 populum,
491 4343 542 4389 et
571 4334 844 4409 minimum
870 4352 1083 4399 numera
1110 4339 1384 4393 exstitisse.
1417 4338 1559 4397 Nihil
1592 4340 1786 4407 falsum

1901 3396 2035 3459 tinet
2064 3396 2129 3453 ad
2168 3395 2436 3467 Gentiles,
2484 3398 2678 3471 quibus
2708 3400 2937 3471 proinde
2990 3402 3190 3472 templa
3229 3402 3505 3463 aediﬁcare

1897 3490 2153 3547 Auctoris
2202 3501 2362 3549 aetate
2387 3506 2496 3563 non
2526 3491 2749 3549 licuisse
2793 3493 3136 3567 exploratum
3184 3503 3272 3551 est
3305 3513 3317 3549 :
3350 3496 3497 3568 quod

1897 3606 2005 3646 non
2031 3592 2131 3647 nisi
2158 3591 2210 3661 in
2241 3600 2491 3663 quartum
2516 3589 2776 3647 saeculum
2802 3589 3001 3647 cadere
3025 3598 3224 3661 potest,
3251 3605 3374 3647 cum
3405 3605 3500 3661 per

1895 3686 2228 3745 christianos
2282 3687 2640 3758 imperatores
2686 3683 2956 3741 idolorum
3007 3684 3209 3755 templa
3237 3685 3323 3742 vel
3367 3695 3497 3741 ante

1893 3778 2167 3835 lulianum
2217 3758 2510 3845 interclusa
2560 3779 2800 3843 fuerunt,
2846 3777 2932 3843 vel
2963 3785 3086 3848 post
3114 3777 3387 3835 lulianum
3426 3779 3498 3833 ita

1896 3875 2143 3941 tolerata,
2176 3881 2236 3929 ut
2255 3886 2394 3929 nova
2418 3879 2598 3933 tamen
2624 3871 2867 3929 construi
2897 3885 3005 3941 non
3031 3872 3494 3944 permitterentur.

1893 3964 2008 4025 Hoc
2046 3975 2225 4020 autem
2260 3974 2591 4036 postremum
2625 3973 2836 4036 tempus
2868 3972 2991 4034 post
3015 3962 3215 4020 Juliani
3262 3972 3491 4039 mortem

1893 4060 1961 4115 alt
2006 4062 2242 4119 Auctore
2273 4060 2503 4131 spectari
2530 4068 2747 4116 constat
2770 4074 2839 4115 ex
2872 4068 3029 4123 tract.
3060 4058 3111 4125 5,
3141 4058 3230 4114 ubi
3264 4072 3369 4112 non
3396 4058 3497 4112 mi-

1895 4167 1996 4209 nus
2024 4153 2269 4210 ecclesia:
2299 4170 2329 4209 a
2360 4151 2709 4223 Christianis,
2738 4168 2901 4224 quam
2927 4152 3125 4223 templa
3154 4150 3223 4219 ab
3250 4149 3497 4225 Ethnici;

1893 4245 2105 4319 publice
2143 4245 2309 4313 adita,
2353 4254 2409 4302 et
2446 4246 2674 4308 istorum
2718 4244 3031 4315 sacriﬁcium
3070 4242 3286 4317 quidem
3319 4242 3491 4314 publi-

1891 4354 2005 4391 cum
2057 4336 2287 4391 traditur
2336 4352 2485 4403 num.
2516 4337 2570 4392 8.
2614 4336 2854 4407 Tempus
2897 4335 3152 4391 nimirum
3202 4333 3346 4390 aliud
3386 4331 3491 4409 sub

191 4424 357 4494 magis
387 4441 409 4485 ε,
426 4424 693 4503 siquidem
724 4441 790 4495 eo
812 4427 914 4487 loci
940 4429 1040 4485 etsi
1064 4430 1353 4503 ecclesiam
1380 4445 1572 4497 novam
1592 4446 1787 4503 magno
1888 4428 2199 4489 ChriSIianiS
2250 4428 2688 4501 imperatoribus.
2726 4444 2835 4501 quo
2869 4433 3121 4500 paterent
3149 4426 3346 4495 templa
3375 4424 3495 4483 ido-

190 4525 398 4589 sumptu
423 4526 792 4577 constructam
842 4520 896 4575 in
943 4519 1181 4591 ﬁdelium
1233 4523 1576 4587 commodum
1630 4525 1785 4583 valde

1890 4522 2090 4589 lorum,
2135 4521 2407 4599 simulque
2442 4537 2505 4579 ea
2554 4520 2824 4577 tedilicare
2852 4535 2961 4575 non
2990 4518 3197 4585 liceret,
3226 4517 3492 4605 assignari

193 4624 422 4680 capacem
448 4610 700 4680 fateatur,
731 4622 1003 4687 angustam
1032 4622 1212 4689 tamen
1243 4616 1420 4677 adhuc
1450 4619 1519 4673 ob
1552 4618 1783 4675 incredi—
1811 4617 1865 4689 D
1892 4614 2093 4673 nullum
2126 4624 2322 4685 potest.

196 4700 352 4757 bilem
377 4719 563 4771 eorum
592 4706 993 4783 multitudinem
1019 4707 1184 4765 luisse
1205 4712 1478 4767 inventam
1507 4711 1683 4782 palam
1706 4711 1785 4767 af-

197 4796 385 4877 iirtpai.
413 4798 690 4877 Exsuitate
712 4802 893 4875 igitur,
912 4806 1098 4875 fratre;
1113 4819 1133 4871 δ
1147 4804 1547 4881 aediﬁcationem
1570 4815 1785 4863 uestram

197 4893 304 4965 aeds
339 4905 430 4955 ista
458 4898 522 4965 de
550 4896 752 4973 nouella
778 4898 1092 4971 cognoscite,
1121 4900 1271 4972 cujus
1299 4915 1498 4970 quoque
1527 4901 1785 4970 capacita-

199 4994 294 5043 tem
325 4987 453 5067 [elici
482 5004 700 5067 numero
725 4989 923 5065 fecistis
960 5001 1249 5064 angustam.
1284 4992 1489 5049 Tantus
1517 5002 1696 5049 autem
1726 4991 1789 5051 ll-

201 5078 389 5151 deliutu
431 5097 693 5157 numerus
736 5082 790 5159 in
835 5093 1082 5159 quartum
1109 5099 1325 5163 quoque
1350 5085 1609 5145 sieculum
1637 5101 1786 5143 com-

202 5172 357 5251 mode
382 5176 545 5243 cadit,
588 5176 790 5248 quippe
817 5190 939 5235 Cum
968 5190 1122 5237 antea
1150 5178 1221 5233 ob
1246 5178 1656 5253 persecutiones
1689 5179 1788 5237 im-

203 5264 484 5343 pedimenti
517 5268 807 5343 plurimum
849 5271 1119 5343 objectum
1165 5280 1329 5335 esset.
1361 5280 1471 5341 tum
1499 5286 1567 5327 ne
1594 5272 1791 5341 praedi-

204 5357 342 5415 catio
364 5360 742 5437 peryepiretin
765 5361 1056 5431 publicum,
1087 5372 1196 5419 tum
1244 5379 1313 5437 ne
1350 5364 1483 5419 satis
1527 5363 1681 5429 multi
1720 5366 1786 5421 ad

206 5449 361 5515 tidem
387 5455 696 5525 transirent.
730 5453 785 5521 In
820 5470 977 5527 quam
1019 5471 1131 5529 rem
1158 5458 1260 5511 alia
1289 5471 1396 5513 non
1421 5457 1560 5529 levis
1589 5459 1785 5514 contir-

208 5544 367 5609 lustio
386 5561 455 5609 ex
479 5547 546 5625 iis
575 5549 888 5621 tractatibus
930 5552 1186 5621 suppetit;
1221 5551 1311 5623 qui
1351 5550 1661 5622 complures
1696 5566 1789 5607 cu-

207 5636 394 5709 jusque
422 5639 621 5710 generis
647 5681 665 5714 ,
716 5640 913 5707 (etatis,
954 5650 1148 5709 uictus,
1193 5641 1541 5710 conditionis,
1584 5641 1694 5697 imo
1736 5651 1793 5715 et,

214 5731 425 5799 nationis
447 5732 863 5807 catechumenos
891 5748 1047 5791 sacro
1075 5735 1400 5806 baptismate
1444 5736 1513 5793 ab
1554 5738 1793 5797 Auctore

217 5823 510 5903 ἰθυβκῇῃῇ
538 5825 676 5907 [cur]
696 5828 833 5911 testo
852 5829 1012 5901 simul
1040 5829 1252 5891 ablutos
1269 5830 1509 5899 tradunt.
1529 5830 1662 5891 Vide
1683 5840 1793 5895 tra~

1963 4706 2122 4781 Atqui
2165 4706 2281 4762 haec
2324 4705 2621 4781 patentium
2670 4704 2993 4779 templorum
3042 4703 3490 4789 publicorumque

1890 4800 2284 4856 sacrificiorum
2324 4799 2530 4857 mentio
2572 4799 2804 4869 Baronio
2842 4798 2910 4854 de
2939 4797 3221 4853 interdicta
3267 4812 3485 4857 corum-

1891 4894 2017 4950 dem
2073 4895 2395 4965 templorum
2445 4892 2807 4963 tedilicatione
2854 4891 2987 4948 nihil
3033 4890 3486 4961 anituadvertenti

1892 4988 2085 5053 suasit,
2132 4997 2191 5042 ut
2219 4989 2512 5045 Auctorem
2560 4995 2685 5041 ante
2709 4995 2960 5057 quartum
3007 4984 3260 5039 saeculum
3292 4982 3496 5042 lloren-

1895 5091 2002 5136 tcm
2048 5081 2363 5139 defenderet
2390 5100 2403 5137 :
2434 5080 2568 5134 Dum
2611 5079 2801 5139 Auctor
2848 5080 3165 5150 apertissime
3212 5087 3484 5145 monstrnt,

1890 5174 2149 5229 idolorum
2175 5173 2364 5243 templa
2390 5184 2510 5229 tunc
2538 5171 2697 5244 fuisse
2736 5173 2981 5249 patentia,
3029 5182 3075 5229 ct
3103 5171 3333 5226 victimas
3367 5171 3491 5225 soli-

1893 5278 1969 5323 tas
2010 5268 2270 5335 immolari
2290 5284 2310 5332 ;
2361 5267 2507 5321 aliud
2536 5283 2750 5336 prorsus
2788 5267 2849 5339 ab
2893 5264 3148 5321 Ambrosii
3178 5266 3491 5339 ientporibup

1891 5359 2024 5415 illud
2053 5361 2210 5435 fuisse
2232 5360 2474 5417 sweulum
2502 5359 2695 5414 Auctor
2715 5366 2889 5431 aperte
2916 5357 3194 5431 signiﬁcat,
3227 5373 3341 5411 cum
3362 5371 3486 5409 con-

1891 5464 1987 5509 stet
2007 5456 2121 5528 jam
2151 5454 2274 5509 olim
2315 5471 2415 5509 non
2447 5464 2641 5521 tantum
2680 5470 2712 5508 a
2753 5453 3161 5507 Constantino...
3194 5461 3239 5505 et
3280 5467 3313 5503 a
3343 5448 3482 5503 Con-

1892 5550 2125 5609 stantio..
2137 5587 2173 5604 ..
2185 5589 2198 5603 .
2224 5549 2451 5609 uictimas
2468 5550 2626 5621 fuisse
2642 5550 2838 5612 vetitas,
2854 5555 2900 5600 et
2919 5545 3108 5617 templa
3121 5547 3271 5616 jussa
3284 5542 3482 5609 claudi,

1892 5645 1981 5703 sed
2004 5660 2065 5699 eo
2092 5653 2316 5715 tempore
2342 5659 2432 5697 nec
2462 5641 2719 5697 Romanos
2747 5640 2969 5695 obtinere
2993 5636 3217 5711 potuisse
3242 5635 3483 5689 velarunt

1893 5752 2049 5807 unum
2078 5736 2271 5809 erigere
2326 5732 2587 5805 Victpriw,
2630 5742 2685 5787 ut
2731 5731 3011 5804 plurimum
3056 5727 3127 5780 ad
3162 5726 3483 5789 Valentinia-

1896 5845 2017 5887 num
2035 5827 2205 5887 scribit
2233 5826 2547 5891 Ambrosius,
2576 5838 2623 5882 et
2648 5825 2886 5885 adversus
2910 5821 3281 5895 Symmachum
3310 5820 3487 5892 dispu-
