3952 6320
495 311 562 364 ῖὶὸ
1885 305 2252 364 PBOLEGOM
2263 308 2419 364 ENA.
3700 315 3753 372 56

494 427 707 480 lat.‘Al
743 439 1061 496 quamquam
1116 421 1214 477 sub
1249 421 1610 478 Constantino
1659 431 1714 477 et
1765 420 2162 486 ConstantioA
2191 433 2377 480 orator
2427 427 2674 483 oratione
2712 428 2744 481 5
2799 436 2925 483 ante
2968 428 3142 500 ipsum
3196 429 3475 485 Jovianum
3537 433 3754 500 recitata,

494 517 694 588 templa
732 518 940 588 aperire
967 531 1029 572 ac
1069 515 1378 572 sacriﬁcare
1422 531 1529 572 non
1567 516 1812 584 licuerit,
1837 527 1958 590 post
1987 517 2084 575 Ju-

500 611 700 666 lianum
725 619 922 674 tamen,
957 609 1044 679 qui
1085 609 1316 665 ethnicus
1347 611 1747 680 superstitionis
1779 612 1982 667 cultum
2010 612 2082 688 in

497 705 762 770 integrum
808 703 1059 762 restituit.
1094 703 1160 758 ad
1207 703 1453 774 Magnum
1488 703 1854 760 Theodosium
1892 715 1946 760 et
1977 705 2084 760 Va-

489 797 838 853 lentinianum
865 796 1147 854 Juninrem
1191 813 1382 869 usque,
1425 799 1515 870 qui
1559 815 1774 854 omnem
1806 799 2081 855 ethnicum

483 891 682 946 cultum
714 890 909 944 iterum
941 891 1232 957 sustulere,
1259 907 1366 946 non
1394 892 1488 947 ita.
1517 891 1594 948 Ne
1624 901 1802 948 autem
1832 901 2085 948 moveant

485 995 604 1051 quae
631 981 698 1035 de
731 980 989 1036 Victoria:
1011 997 1104 1036 ara
1136 997 1203 1037 ex
1234 982 1520 1038 Ambrosio
1550 991 1606 1039 et
1631 983 1956 1056 Symmacho
1982 985 2084 1040 Ba-

487 1077 702 1131 ronium
751 1088 1064 1140 moverunt,
1095 1077 1182 1132 vel
1210 1092 1331 1147 qua:
1357 1076 1535 1132 aﬂ'erri
1575 1079 1736 1134 etiam
1767 1088 2081 1148 possenth

482 1169 713 1224 Socrate
737 1181 792 1224 et
822 1169 1190 1233 Theodoreto,
1213 1186 1444 1240 quorum
1475 1171 1610 1225 alter
1639 1171 1732 1225 lib.
1761 1186 1818 1224 ιιι
1844 1186 1966 1240 cap.
1985 1169 2078 1237 24,

480 1262 618 1316 alter
639 1277 770 1316 vero
799 1261 892 1316 lib.
919 1279 947 1315 v
966 1277 1084 1330 cap.
1111 1262 1181 1317 ‘20
1211 1261 1616 1328 HiSt.,Joviauo
1637 1261 1834 1317 Juliani
1864 1276 2083 1316 succes-

379 1372 388 1378 '
483 1370 609 1410 sore
653 1357 956 1422 imperante
986 1358 1182 1425 templa
1227 1354 1426 1425 ubique
1458 1355 1676 1410 occlusa
1705 1356 1911 1410 diserte
1948 1356 2082 1410 scri-

483 1449 619 1504 bunt
649 1465 662 1502 :
699 1451 838 1504 hanc
871 1448 1320 1519 propositionem,
1373 1465 1476 1519 qua
1523 1449 1701 1504 adhuc
1738 1459 1857 1518 post
1880 1449 2080 1504 Juliani

487 1551 715 1599 mortem
749 1543 1026 1598 ethnicum
1079 1543 1281 1598 cultum
1312 1543 1623 1611 aliquandiu
1655 1544 1870 1598 licuisse
1893 1552 2079 1598 contra

482 1636 701 1692 Baronii
746 1635 1073 1708 hypotliesin
1118 1636 1528 1702 afﬁrmavimus,
1574 1636 1877 1692 luculenter
1925 1634 2081 1690 nobis

481 1729 824 1786 statuendam
844 1730 1214 1801 intelligimus,
1241 1745 1362 1787 cum
1389 1731 1688 1802 praesertim
1716 1729 1914 1784 exinde
1937 1731 2079 1784 Auc-

2190 518 2348 590 paulo
2403 521 2768 589 antequamis
2794 537 2826 578 c
2853 522 2987 577 vivis
3013 525 3322 594 excederet,
3351 524 3485 582 hanc
3505 526 3640 582 inter
3658 529 3756 597 ejus

2188 610 2376 667 laudes
2409 613 2579 681 ponit,
2640 613 2784 685 quod
2811 615 2984 685 legem
3018 618 3438 687 promulgaverit
3465 620 3513 673 in
3545 635 3642 688 qua
3667 623 3760 677 cui-

2187 721 2291 774 que
2333 705 2630 776 religionis.
2661 722 2782 778 quze
2809 709 2981 780 magis
3012 709 3267 778 placeret,
3303 709 3605 768 facultatem
3641 713 3758 770 fece-

2188 795 2280 862 rit,
2319 808 2374 852 et
2406 799 2526 852 unis
2570 800 2790 870 magicis
2836 801 3029 864 sacris,
3076 817 3198 872 quae
3250 805 3508 860 malelicia
3540 809 3760 863 contine-

2188 888 2334 950 bant,
2369 889 2692 956 interdictis,
2738 902 2931 948 caetera
2970 894 3233 950 sacriﬁcia
3285 911 3620 968 nequaquam
3655 913 3758 968 pro-

2187 981 2441 1040 hibuerit.
2478 985 2649 1054 Quam
2692 988 3019 1044 sententiam
3071 991 3268 1059 repetit
3317 990 3457 1047 idem
3502 992 3759 1062 Soet-stes,

2185 1092 2344 1145 quem
2392 1079 2589 1147 templa
2639 1080 2740 1134 sub
2769 1080 2996 1135 Joviano
3039 1083 3220 1138 clausa
3263 1093 3550 1140 testantem
3581 1086 3762 1142 audivi-

2188 1187 2346 1238 mus;
2378 1182 2432 1227 et
2465 1172 2600 1228 hanc
2625 1172 2891 1227 rationem
2941 1185 3200 1244 praeterea
3243 1176 3418 1240 alIert,
3448 1193 3569 1232 nam
3605 1178 3761 1234 Jovia-

2186 1278 2289 1318 nus
2318 1264 2410 1317 lih.
2442 1281 2520 1329 ιιι,
2567 1279 2684 1334 cap.
2713 1265 2803 1331 25,
2849 1268 2904 1320 id
2933 1268 3030 1321 sibi
3058 1280 3415 1340 proposuerat,
3449 1281 3503 1324 ut
3531 1273 3759 1327 dissiden-

2185 1357 2314 1410 tium
2338 1359 2518 1430 jurgia
2551 1359 2814 1413 blanditiis
2841 1371 2886 1414 et
2923 1361 3025 1415 leni
3049 1364 3314 1416 verborum
3347 1365 3672 1432 persuasione
3689 1382 3762 1420 e1-

2183 1449 2460 1519 stingueret
2491 1467 2510 1503 :
2536 1450 2799 1520 aiebatque
2842 1467 2896 1505 se
2925 1454 3113 1507 nemini
3136 1454 3366 1520 omnino,
3395 1456 3754 1528 qualiscumque

2185 1541 2307 1610 ﬁdei
2330 1552 2477 1608 esset,
2509 1545 2793 1598 molestiam
2821 1545 3184 1600 exhibiturum.

2256 1635 2415 1689 Anno
2444 1634 2684 1690 nondum
2728 1637 2944 1692 evoluta
2973 1637 3230 1693 Joviauus
3265 1638 3408 1695 diem
3437 1639 3593 1709 obiit,
3621 1640 3759 1712 eique

2185 1725 2594 1782 Valentinianus
2618 1727 2900 1796 suffectus,
2929 1731 3021 1801 qui
3045 1731 3330 1787 Valentem
3364 1732 3589 1789 fratrem
3621 1735 3764 1804 impeo

483 1826 615 1880 toris
663 1834 876 1881 aetatem
926 1826 1254 1882 certioribus
1297 1825 1559 1881 limitibus
1631 1824 2080 1881 circumscribere
2110 1825 2160 1884 B
2187 1819 2248 1874 rii
2271 1819 2523 1876 comitem
2547 1823 2860 1894 assumpsit.
2884 1823 2977 1879 Ille
2999 1833 3176 1880 autem
3205 1835 3341 1881 tcstc
3361 1825 3582 1882 Zosimo
3599 1827 3684 1882 lib.
3704 1844 3764 1894 tv,

477 1921 708 1977 maxime
734 1921 989 1992 pendeat.
1020 1920 1079 1976 ld
1115 1929 1306 1976 autem
1338 1929 1396 1974 ut
1423 1927 1715 1985 statuatur,
1744 1917 2006 1989 quidquid
2047 1933 2075 1972 a

477 2013 670 2069 Juliani
694 2024 870 2068 morte
899 2012 967 2066 ad
998 2012 1252 2083 Magnum
1284 2010 1650 2066 Theodosium
1677 2009 1746 2065 de
1775 2011 1990 2080 templis
2016 2025 2080 2067 ac

479 2104 764 2160 sacriﬁciis
792 2103 1071 2159 decretum
1106 2112 1210 2169 est,
1246 2101 1433 2173 paucis
1462 2100 1720 2172 colligere
1745 2110 1800 2156 et
1827 2101 2075 2156 animad-

476 2206 692 2253 vertere
721 2204 1022 2265 Oportcret.

558 2288 693 2362 [LIV]
724 2289 989 2345 Jovianus
1037 2288 1275 2358 optimus
1295 2287 1628 2343 christianus
1651 2288 1832 2344 statim
1863 2303 1927 2344 ac
1953 2298 2079 2361 post

477 2381 748 2437 lulianum
770 2381 1069 2452 imperator
1096 2380 1438 2436 renuntiatus
1457 2380 1576 2449 fuit,
1592 2397 1709 2436 cum
1735 2383 2077 2452 experimento

478 2473 760 2539 didicisset,
809 2473 984 2545 inquit
1009 2471 1343 2529 Sozomenus
1374 2473 1412 2530 Ι.
1445 2489 1495 2528 v1
1543 2488 1662 2545 cap.
1697 2476 1750 2539 5,
1784 2475 1862 2529 ira
1883 2473 1980 2529 Dei
2014 2475 2077 2528 ob

478 2569 756 2623 decessoris
783 2567 862 2622 sui
889 2568 1206 2638 impietatem
1234 2568 1458 2623 invectas
1485 2585 1595 2624 esse
1633 2569 1951 2623 calamitates
1979 2568 2076 2622 im-

480 2663 624 2732 perio
656 2662 916 2728 Romano,
945 2661 1078 2716 nihil
1096 2672 1369 2716 cunctatus
1395 2663 1603 2730 scripsit
1627 2663 1908 2718 rectoribus
1937 2662 2072 2718 Pro-

474 2758 782 2824 vinciarum,
815 2767 870 2811 ut
899 2757 954 2812 in
981 2759 1226 2813 ecclesias
1255 2762 1599 2827 convenirent,
1633 2769 1680 2814 et
1720 2761 1949 2815 divinum
1978 2779 2076 2816 nu-

475 2868 591 2905 men
633 2851 858 2906 studiose
901 2851 1147 2918 colerent,
1189 2852 1452 2923 solamque
1481 2851 1895 2908 Christianorum
1921 2856 2076 2924 [idem

476 2941 730 2997 Romanis
759 2959 866 2998 esse
891 2947 1250 2998 venerandam.
1285 2942 1419 2998 Cum
1467 2945 1571 3000 hoc
1599 2945 1888 3002 Sozomeni
1921 2949 2073 3003 testi-

482 3035 667 3091 monio
697 3036 956 3102 concinit,
990 3037 1134 3107 quod
1181 3038 1233 3091 in
1263 3037 1500 3092 Historia
1536 3039 1603 3093 ad
1625 3039 1979 3095 Athanasium
2011 3057 2075 3098 ac

479 3146 569 3186 res
589 3129 986 3186 Alexandrinas
1013 3132 1318 3202 pertinente
1335 3140 1390 3187 et
1411 3143 1608 3203 quarto
1633 3134 1832 3188 saecttlo
1849 3135 2071 3204 scripta,

2182 1930 2301 1987 cap.
2335 1918 2389 1977 5,
2420 1917 2571 1972 initio
2605 1918 2812 1988 imperii
2840 1921 2922 1974 sui
2943 1931 3190 1975 nocturna
3216 1939 3362 1976 sacra
3385 1924 3499 1992 fieri
3529 1921 3762 1989 prohibuit

2182 2007 2262 2080 (ut
2280 2025 2412 2064 sane
2435 2009 2630 2066 factum
2656 2012 2901 2068 videmus
2926 2014 3098 2083 primo
3120 2016 3329 2084 imperii
3349 2016 3465 2087 ejus
3489 2031 3631 2071 anno
3653 2015 3761 2083 565,

2183 2100 2300 2172 lege
2332 2102 2364 2156 7
2402 2103 2466 2157 de
2497 2103 2749 2174 Maleﬁcis
2776 2117 2824 2160 et
2854 2105 3232 2162 Mathematicis
3260 2107 3398 2164 Cod.
3430 2109 3693 2180 Theod.),
3722 2119 3766 2165 at

2181 2195 2431 2252 hortante
2461 2196 2789 2255 Praetextato
2826 2203 3002 2272 peragi
3048 2219 3107 2256 ea
3152 2203 3269 2268 rite,
3302 2205 3348 2258 vi
3371 2205 3496 2277 legis
3543 2223 3648 2262 suis
3673 2224 3765 2261 ces-

2179 2298 2346 2356 sante,
2375 2293 2643 2362 permisit:
2678 2293 2752 2347 ita
2782 2303 2946 2349 tamen
2977 2306 3032 2348 ut
3077 2298 3251 2351 omnia
3275 2299 3560 2354 secundum
3598 2303 3766 2373 patrias

2179 2385 2594 2448 consuetudines,
2622 2386 2800 2455 quales
2837 2385 2898 2440 ab
2943 2389 3090 2443 initio
3124 2390 3363 2460 fuissent,
3399 2393 3764 2464 perﬁcerentur.

2180 2475 2438 2547 Equidem
2481 2478 2731 2535 Socrates
2777 2480 2868 2540 lib.
2922 2497 2997 2546 Iv,
3019 2496 3140 2550 cap.
3192 2482 3286 2548 29,
3335 2484 3759 2541 Valentinianum

2179 2567 2310 2623 nulli
2353 2579 2525 2637 sectte,
2569 2588 2659 2626 nec
2700 2572 2936 2645 religioni
2969 2574 3254 2628 molestiam
3290 2576 3582 2632 exhibuisse
3607 2579 3763 2648 prodi-

2177 2658 2277 2714 dit.
2323 2661 2467 2716 ldem
2517 2661 2678 2718 tradit
2711 2665 3023 2733 expressius
3052 2679 3360 2724 coaetaneus
3410 2669 3762 2725 Valentiniano

2179 2753 2413 2823 scriptor
2430 2755 2748 2810 Ammianus
2767 2755 3108 2814 Marcellinus
3130 2759 3223 2815 lib.
3255 2777 3383 2827 xxx,
3409 2778 3528 2833 cap.
3551 2763 3584 2819 9
3610 2782 3622 2817 :
3652 2762 3764 2817 Pos-

2179 2855 2338 2899 tremo
2379 2848 2473 2900 hoc
2500 2849 2848 2904 moderamine
2877 2851 3195 2923 principatus
3241 2847 3508 2922 inclaruit,
3540 2856 3676 2928 quod
3695 2856 3759 2909 in-

2177 2946 2253 2991 ter
2277 2939 2585 3010 religionum
2608 2940 2924 2997 diversitates
2954 2945 3150 2998 medius
3181 2948 3338 3011 stetit,
3370 2965 3460 3002 nec
3477 2964 3762 3019 quemquam

2176 3029 2495 3098 inquietavit,
2527 3047 2684 3100 neque
2703 3045 2756 3087 ut
2787 3035 2883 3088 hoc
2906 3036 3158 3091 coleretur
3177 3041 3467 3108 imperavit,
3491 3052 3585 3096 aut
3608 3042 3766 3096 illud:

2178 3138 2268 3176 nec
2301 3122 2588 3178 interdictis
2630 3125 2912 3183 minacibus
2965 3130 3309 3200 subjectorum
3349 3135 3597 3189 cervicem
3622 3135 3687 3188 ad
3720 3134 3765 3187 id

485 3238 641 3294 quam
674 3238 706 3278 e
734 3239 836 3278 ms.
859 3221 1091 3296 Capituli
1116 3223 1447 3281 Veronensis
1469 3227 1713 3282 concivis
1743 3236 1930 3283 noster
1951 3227 2070 3282 Maf-

2178 3217 2313 3288 quod
2351 3217 2462 3287 ipse
2508 3217 2692 3285 coluit,
2722 3221 3025 3288 inclinabat,
3069 3223 3159 3277 sed
3203 3225 3538 3282 intemeratas
3583 3227 3765 3296 reliquit

483 3316 616 3372 feius
669 3316 962 3387 publicavit
1009 3327 1139 3372 tom.
1174 3334 1230 3373 Ill
1260 3319 1544 3374 Observat.
1573 3318 1792 3386 Litter.,
1819 3336 1966 3375 num.
2015 3321 2072 3388 8,

481 3425 602 3481 pag.
634 3409 724 3477 71,
768 3410 838 3467 de
883 3411 988 3466 hoc
1027 3411 1216 3468 eodem
1251 3412 1459 3467 Joviani
1499 3412 1679 3470 edicto
1726 3414 1953 3468 traditur
1989 3413 2074 3470 his

473 3505 655 3559 verbis
679 3521 693 3560 :
721 3503 972 3574 Sequente
996 3521 1168 3560 mense
1196 3504 1330 3560 Toth
1360 3521 1514 3571 xvnt,
1539 3507 1591 3561 id
1613 3514 1697 3562 est
1721 3505 1810 3562 die
1841 3506 1911 3562 M
1939 3522 2067 3577 sep-

478 3597 704 3651 tembris
734 3612 822 3648 an.
867 3597 992 3662 565,
1025 3600 1354 3667 imperatoris
1399 3597 1609 3653 Ioviani
1638 3599 1823 3654 litterw
1853 3599 2072 3654 advene-

472 3700 592 3744 runt
623 3691 690 3744 ad
735 3689 1016 3761 Olympum
1041 3696 1361 3762 prazfectum,
1393 3704 1447 3747 ut
1475 3705 1673 3748 tantum
1719 3693 1860 3748 Deus
1906 3696 2071 3749 excel-

472 3799 560 3836 sus
598 3783 796 3836 colatur
820 3792 866 3836 et
897 3780 1151 3847 Christus,
1194 3793 1241 3836 et
1272 3793 1328 3836 ut
1355 3785 1408 3837 in
1447 3785 1670 3839 ecclesiis
1701 3786 1998 3856 colligentes
2021 3805 2074 3842 se

473 3876 651 3947 populi
679 3875 932 3929 celebrent
957 3875 1278 3946 religionem.
1300 3875 1395 3930 Ha:
1408 3886 1587 3932 autem
1615 3875 1825 3931 Joviani
1854 3878 2069 3945 litterm,

471 3971 574 4026 etsi
606 3984 704 4041 pro
732 3968 1056 4025 Chrisﬁanis
1096 3969 1259 4036 datae,
1308 3985 1415 4025 non
1463 3979 1644 4025 tamen
1685 3971 1768 4025 lex
1811 3969 2073 4026 adversus

471 4077 710 4134 paganos
755 4062 900 4119 edita
945 4062 1053 4118 dici
1101 4073 1346 4133 possunt,
1393 4063 1537 4118 unde
1578 4061 1713 4118 nihil
1759 4079 1825 4118 ex
1872 4062 1974 4118 illis
2018 4065 2071 4118 in

471 4154 912 4211 Tlieodosianum
944 4155 1189 4211 codicem
1236 4156 1392 4210 titulo
1433 4155 1502 4210 de
1534 4153 1764 4227 Paganis
1808 4157 2069 4212 insertum

468 4247 590 4304 luit.
623 4249 694 4303 At
716 4249 1063 4318 imperatoris
1093 4260 1274 4306 mente
1318 4250 1449 4304 satis
1482 4249 1608 4304 hinc
1632 4250 1866 4321 cognita,
1895 4265 2070 4321 quan-

471 4351 586 4399 tum
614 4343 825 4398 scilicet
848 4344 1159 4400 Christiania
1189 4345 1288 4399 soli
1321 4332 1447 4400 ﬁdei
1486 4343 1747 4400 adversus
1781 4344 2058 4400 ethnicum

467 4438 670 4492 cultum
701 4437 962 4505 deferret,
994 4438 1109 4494 ﬁeri
1137 4437 1328 4509 potuit,
1359 4449 1413 4493 ut
1439 4439 1670 4510 gentiles
1695 4439 1980 4494 adversum
2009 4455 2069 4496 se

466 4529 615 4598 leges
639 4529 708 4582 ab
738 4529 928 4585 eodem
962 4530 1288 4600 imperatore
1310 4531 1458 4585 brevi
1490 4530 1761 4598 ferendas,
1795 4533 1882 4586 vel
1912 4541 2065 4588 vete-

2178 3306 2272 3362 has
2313 3319 2506 3379 partes,
2553 3321 2608 3362 ut
2647 3313 2856 3381 reperit.
2900 3312 3038 3381 Quin
3069 3315 3182 3383 ipse
3222 3332 3435 3386 quoque
3483 3318 3762 3390 imperator

2179 3400 2241 3454 L.
2275 3402 2307 3455 9
2335 3399 2465 3456 Cod.
2493 3401 2698 3458 Theod.
2725 3404 2790 3458 de
2809 3404 2990 3479 Malef.
3019 3416 3067 3460 et
3087 3407 3334 3463 Mathem.
3357 3428 3370 3462 :
3403 3412 3761 3484 Aruspicinam,

2179 3495 2368 3567 inquit,
2418 3514 2509 3569 ego
2540 3500 2733 3552 nullam
2763 3516 2878 3555 cum
2918 3502 3289 3571 maleﬁciorum
3337 3507 3535 3560 caussis
3577 3507 3760 3568 habere,

2177 3592 2490 3645 consortium
2507 3592 2692 3663 judico
2723 3609 2742 3647 :
2773 3609 2931 3663 neque
2977 3596 3165 3664 ipsam,
3211 3605 3303 3650 aut
3336 3597 3494 3652 aliam
3526 3609 3756 3669 praeterea

2175 3700 2474 3740 concessam
2515 3705 2546 3740 a
2585 3687 2871 3760 majoribus
2899 3689 3194 3760 religionem
3238 3707 3400 3763 genus
3427 3708 3537 3746 esse
3563 3691 3763 3746 arbitror

2177 3780 2425 3834 criminis.
2462 3778 2632 3834 Testes
2660 3791 2776 3835 sunt
2808 3782 2943 3853 leges
2973 3800 3006 3836 a
3034 3799 3112 3836 me
3135 3783 3187 3836 in
3210 3786 3424 3838 exordio
3454 3786 3657 3855 imperii
3679 3783 3761 3838 mei

2176 3871 2346 3939 datae,
2385 3872 2567 3942 quibus
2606 3875 2908 3946 unicuique,
2939 3877 3078 3946 quod
3126 3879 3299 3930 animo
3326 3877 3640 3942 imbibisset,
3687 3893 3761 3931 co—

2176 3961 2316 4016 lendi
2345 3963 2503 4018 libera
2533 3966 2756 4035 facultas
2783 3967 2973 4022 tributa
2992 3977 3088 4022 est.
3120 3968 3254 4023 Hinc
3279 3969 3528 4025 laudatur
3560 3987 3587 4024 a
3620 3969 3757 4042 Sym-

2177 4054 2369 4111 macho
2410 4059 2598 4128 gentili
2649 4059 2866 4115 homine
2912 4063 2964 4116 in
3003 4060 3178 4117 Relat.
3221 4061 3287 4118 ad
3341 4062 3756 4121 Valentinianum

2172 4147 2473 4217 Juuiorem,
2508 4167 2656 4206 num.
2692 4155 2726 4208 5
2749 4164 2804 4208 et
2831 4155 2917 4220 l7,
2958 4165 3010 4208 cl
3039 4154 3100 4210 S.
3131 4154 3453 4213 Ambrosius
3492 4161 3650 4228 epist.
3681 4158 3756 4216 l7.

2173 4257 2323 4296 num.
2357 4241 2442 4307 l6,
2477 4243 2854 4300 Valentiniano
2885 4247 3088 4302 seniori
3119 4248 3389 4318 objectum
3419 4249 3607 4317 refert,
3631 4247 3756 4320 quod

2175 4334 2459 4390 Gentilibus
2483 4339 2856 4392 conniv'entiam
2877 4340 3233 4412 priestitisset;
3255 4351 3310 4395 et
3336 4343 3386 4395 in
3414 4357 3506 4412 ep.
3532 4344 3600 4399 l8
3617 4343 3756 4412 Sym-

2172 4427 2347 4484 machi
2374 4429 2694 4488 relationem
2723 4433 2996 4498 refellens,
3029 4450 3132 4504 qua
3161 4434 3370 4490 Juniori
3396 4436 3757 4493 Valentiniano

2174 4523 2634 4592 praedecessorum
2670 4529 3070 4583 conniventiam
3121 4528 3435 4585 imitandam
3479 4545 3757 4603 proposue-

465 4637 555 4678 res
583 4624 942 4679 restituendas
991 4626 1248 4681 timerent
1277 4633 1364 4681 :et
1417 4625 1544 4681 hinc
1581 4624 1724 4680 forte
1763 4627 1964 4692 evenit,
2008 4633 2063 4680 ut
2089 4630 2141 4690 D
2166 4626 2251 4670 rat
2282 4635 2294 4671 ε
2331 4617 2392 4674 Si
2412 4621 2568 4687 enim,
2599 4621 2769 4691 inquit
2799 4637 2853 4676 η.
2882 4621 2973 4687 59,
3007 4639 3099 4692 pro
3127 4624 3233 4678 suis
3254 4625 3522 4680 dumtaxat
3549 4624 3758 4696 partibus

465 4716 643 4771 eodem
696 4726 920 4789 tempore
985 4717 1161 4788 (quod
1218 4715 1384 4771 tradit
1458 4717 1712 4773 Socrates
1771 4718 1908 4774 libro
1970 4734 2057 4785 ιιι,

466 4824 584 4880 cap.
615 4808 709 4880 ‘24)
749 4820 930 4863 cuncta
975 4810 1243 4881 gentilium
1281 4807 1470 4876 templa
1512 4809 1693 4879 ubique
1732 4811 2061 4865 occluderen-

465 4909 550 4956 tur
577 4918 596 4956 :
621 4902 819 4970 ipsique
859 4903 1151 4955 daemonum
1189 4903 1479 4955 sacerdotes
1515 4902 1669 4955 variis
1712 4905 1764 4956 in
1797 4904 1945 4968 locis,
1976 4904 2060 4959 ubi

466 4995 676 5064 quisque
705 5003 923 5063 poterat,
981 5010 1089 5047 sese
1115 4992 1356 5047 abderent
1411 4991 1576 5064 (quod
1601 5000 1779 5046 tamen
1811 5010 1916 5048 non
1942 4994 2060 5050 sine

466 5088 884 5157 exaggeratione
924 5087 1100 5156 aliqua
1133 5086 1336 5140 dictum
1376 5086 1643 5155 accipito;
1677 5097 1860 5140 cuncta
1891 5088 2060 5152 enim,

466 5189 521 5234 et
545 5179 731 5250 ubique
757 5179 944 5233 stricte
966 5190 1182 5249 sumpta
1211 5177 1500 5232 falsissima
1524 5186 1669 5244 sunt,
1699 5188 1758 5232 ut
1787 5193 1851 5232 ex
1875 5178 2060 5234 dicen-

463 5272 548 5327 dis
581 5270 827 5344 patebit).
889 5272 1086 5327 Eadem
1124 5287 1337 5343 quoque
1380 5271 1447 5326 de
1493 5286 1652 5327 causa
1688 5271 1884 5328 factum
1915 5272 2064 5328 vide-

461 5371 549 5418 tur
607 5373 665 5419 ut
703 5363 996 5418 Christiani
1049 5365 1101 5418 in
1145 5363 1353 5419 honore
1383 5373 1585 5430 essent,
1637 5365 1835 5436 Pagani
1877 5374 2059 5421 autem

463 5458 795 5528 contemptui
824 5455 1016 5522 habiti,
1047 5457 1368 5528 ethnicaque
1422 5458 1618 5528 templa
1650 5459 2055 5526 nonnullorum,

465 5563 522 5606 ut
550 5553 854 5622 opinamur,
887 5550 1314 5607 Christianorum
1365 5551 1483 5606 zelo
1512 5552 1706 5608 alicubi
1731 5552 2056 5611 'everteren-

461 5651 568 5709 tur,
604 5645 678 5698 uti
707 5643 960 5699 Libanius
999 5655 1138 5699 orat.
1183 5643 1250 5698 12
1294 5647 1569 5701 memoriae
1601 5645 1853 5714 prodidit.
1879 5645 2053 5701 Crete-

460 5751 576 5789 rum
607 5749 662 5791 ut
689 5740 832 5793 nulla
866 5741 914 5793 in
947 5739 1065 5811 lege
1089 5741 1156 5795 ab
1182 5755 1248 5796 eo
1288 5742 1617 5810 imperatore
1645 5741 1906 5797 adversus
1934 5740 2046 5796 ido-

456 5827 628 5885 lorum
660 5831 803 5890 cedes
827 5834 928 5890 lata
959 5833 1158 5893 factum
1193 5843 1397 5908 pateat,
1430 5834 1759 5893 Themistius
1791 5834 2046 5891 ethnicus

2168 4727 2345 4766 eorum
2394 4713 2858 4769 dissimulationem
2904 4714 3216 4786 Principum
3265 4718 3632 4786 praedicarunt,
3677 4716 3757 4785 qui

2169 4822 2283 4860 cum
2307 4817 2471 4861 essent
2503 4806 2804 4876 Christiani,
2834 4811 3035 4864 decreta
3066 4822 3232 4866 tamen
3263 4814 3533 4884 gentilium
3566 4813 3756 4868 minime

2167 4910 2510 4967 removerunt,
2551 4913 2744 4970 quanto
2775 4905 2937 4977 magis
2985 4909 3151 4958 amori
3180 4906 3328 4960 debes
3355 4909 3626 4975 fraterno?
3665 4905 3757 4960 Va-

2169 4991 2446 5047 lentiniani
2472 4993 2708 5050 iunioris
2736 4995 2902 5050 frater
2925 4997 3010 5051 hic
3029 4997 3326 5067 appellatus
3346 5008 3434 5054 est
3463 4999 3753 5060 Gratianus,

2169 5083 2447 5139 christiani
2495 5101 2672 5141 autem
2710 5085 2820 5159 [ιν]
2872 5087 3139 5158 principes
3169 5091 3362 5161 plurali
3410 5105 3636 5148 numero
3667 5103 3752 5142 v0-

2169 5178 2295 5245 Cati,
2331 5179 2526 5248 quibus
2563 5178 2848 5246 Occidens,
2879 5180 2948 5236 de
2975 5197 3082 5252 quo
3107 5192 3220 5236 erat
3253 5185 3503 5253 quaestio,
3535 5191 3752 5255 pareret,

2167 5286 2274 5326 nou
2299 5272 2390 5327 alii
2429 5272 2672 5342 profecto
2700 5287 2824 5329 esse
2854 5283 3079 5343 possunt
3129 5289 3289 5344 quam
3322 5275 3580 5332 Iovianus
3609 5285 3756 5344 atque

2167 5363 2581 5420 Valentinianus
2610 5367 2825 5433 Senior,
2877 5367 2968 5436 qui
3012 5367 3225 5436 utrique
3251 5368 3459 5423 decreta
3485 5367 3753 5424 Gentilium

2164 5458 2370 5511 minime
2397 5460 2671 5512 removisse
2699 5457 3006 5517 traduntur,
3037 5457 3399 5528 Gentiumque
3428 5462 3632 5515 cultum
3659 5457 3747 5511 mi-

2167 5552 2310 5605 nime
2353 5550 2760 5616 interdicentes,
2812 5551 3011 5620 templa
3048 5567 3111 5605 ac
3151 5549 3414 5607 sacriﬁcia
3451 5550 3750 5623 permisisse

2163 5643 2577 5698 Convincuntnr.
2635 5641 2870 5706 Valens,
2925 5644 3012 5698 cui
3068 5658 3098 5697 a
3171 5643 3548 5699 Valentiniano
3599 5642 3750 5698 fratre

2162 5737 2397 5793 Orientis
2426 5738 2708 5807 imperium
2728 5733 2985 5791 tributum
3017 5736 3137 5803 fuit,
3161 5736 3352 5793 iisdem
3382 5737 3566 5794 fratris
3595 5735 3745 5791 vesti-

2156 5831 2260 5904 giis
2305 5831 2499 5887 inStitit
2536 5831 2602 5888 ad
2651 5829 2869 5903 aliquod
2911 5839 3153 5902 tempus;
3206 5832 3387 5902 quoad
3431 5830 3742 5890 Christianis
