3952 6320
133 334 194 386 37
829 329 1278 389 DISSER'I‘A'I‘IO
1318 333 1356 396 Ι,
1403 331 1491 389 DE
1531 332 1696 390 Sull

1804 333 1922 394 ’ΜΒ
1961 335 2209 396 TRACT.
2255 338 2345 396 ΕΤ
2385 338 2660 398 ΕΤΑΤΕ.
3335 342 3406 397 58

134 430 412 518 praesertim
444 445 720 502 monachis
752 446 1100 503 vehementer
1129 445 1463 519 urgentibus,
1492 445 1699 501 sacriﬁ-
1728 453 1783 513 Α
1807 449 1972 507 fuisse
2000 450 2219 507 videtur
2239 493 2253 518 ,
2301 451 2352 507 id
2401 455 2578 524 ipsum
2618 453 2861 510 decrevit
2895 454 2999 528 leg.
3051 454 3110 511 11
3159 453 3402 526 ejusdem

131 542 201 596 cia
231 541 297 594 ita
336 538 572 605 abstulit.
605 550 792 595 utnon
839 551 1018 596 tamen
1050 541 1105 595 in
1153 540 1344 597 eodem
1373 541 1582 596 oriente
1614 541 1699 596 in-

135 635 420 689 tercluserit
441 634 653 703 penitus
677 633 892 704 teu'tpla,
924 649 1024 690 nec
1047 633 1498 690 thurilicationem
1530 635 1700 690 inter-

131 728 327 783 dixerit.
373 726 505 782 llinc
549 727 805 783 Libanius
845 728 896 782 in
945 729 1191 782 oratione
1220 744 1316 798 pro
1344 727 1585 798 Templis
1631 727 1700 783 ad

133 821 472 876 Theodosium
521 819 791 892 Magnum,
820 822 911 892 qui
947 835 1065 892 post
1097 822 1380 877 Valentem
1408 821 1459 876 id
1495 832 1702 891 tempo-

129 914 198 970 ris
232 915 280 968 iu
305 914 419 969 solo
447 913 670 970 Oriente
698 915 1015 983 imperabat,
1054 931 1174 988 pag.
1203 916 1332 980 475,
1359 917 1498 971 inter
1520 916 1698 986 Opera

130 1009 321 1064 minora
340 1008 524 1064 Jacobi
553 1009 865 1066 Gutltolredi
898 1029 912 1066 :
939 1011 1154 1066 Juliano
1183 1024 1385 1068 mortuo
1405 1014 1543 1083 apud
1566 1011 1700 1068 Per-

127 1119 221 1168 sas,
259 1102 493 1170 inquit...
532 1104 718 1158 mansit
760 1115 894 1157 certe
917 1105 1289 1172 sacriﬁciorum
1320 1121 1443 1159 usus
1481 1107 1551 1160 ad
1574 1115 1700 1160 tem-

123 1212 208 1267 pus
229 1195 448 1264 aliquod.
497 1194 846 1250 Novatoribus
890 1207 1061 1252 autem
1087 1198 1394 1266 quibusdam
1423 1201 1636 1264 exortis,
1667 1217 1700 1254 a

125 1289 299 1344 duobus
343 1289 576 1359 equidem
626 1291 870 1360 fratribus
915 1292 1168 1362 (Valente
1210 1301 1265 1347 et
1292 1292 1698 1364 Valentiniano)

127 1381 383 1451 prohibitus
427 1383 526 1453 fuit
547 1423 562 1447 ,
592 1391 652 1435 at
682 1399 783 1435 non
812 1393 858 1436 et
888 1384 1242 1450 thuriﬁcatio:
1289 1385 1415 1454 quin
1461 1385 1600 1442 hanc
1629 1387 1698 1440 ab

126 1477 228 1545 ipso
251 1492 454 1546 quoque
489 1476 802 1532 Theodosio
832 1477 950 1548 lege
990 1481 1255 1533 lirmatam
1285 1479 1487 1534 subdit.
1538 1480 1698 1552 Equi~

128 1570 231 1624 dem
253 1569 300 1624 in
321 1569 542 1624 Oriente
569 1571 790 1626 ineunte
811 1569 1102 1627 Theodosii
1129 1572 1360 1644 imperio
1385 1573 1587 1629 Gentes
1609 1574 1698 1628 ad-

129 1663 272 1718 adhuc
313 1665 605 1735 facultatem
643 1663 897 1719 habebant
945 1666 1171 1720 adeundi
1221 1671 1368 1739 fana,
1418 1668 1700 1739 patriisque

129 1757 282 1810 ritibus
308 1757 515 1811 numina
537 1758 779 1827 placandi
807 1757 1024 1814 Zositno
1052 1768 1189 1815 teste
1220 1761 1312 1815 lib.
1348 1777 1422 1827 tv,
1449 1778 1569 1833 cap.
1588 1748 1693 1830 ἓξ,

1804 543 1973 611 tituli,
2018 559 2151 616 quas
2192 553 2446 617 utrasque
2477 547 2529 602 in
2572 546 2951 605 Tlteodosiano
2987 545 3190 606 Codice
3224 549 3406 618 legere

1803 638 2026 707 poteris.
2070 637 2162 692 liae
2205 653 2368 711 porro
2414 637 2561 710 leges
2608 654 2757 696 anno
2799 641 3048 710 sequenti
3078 683 3090 704 ,
3133 656 3256 695 cum
3291 639 3402 710 jam

1801 729 2023 784 obiisset
2055 729 2465 785 Valentinianus
2500 729 2722 793 .lunior,
2750 746 2782 786 a
2825 731 3133 788 Theodosio
3177 731 3400 786 univer-

1803 839 1923 880 sum
1949 825 2251 880 Romanum
2283 824 2566 896 imperium
2592 825 2908 882 moderante
2927 825 3261 882 conﬁrmata:
3288 825 3404 880 lue-

1804 925 1928 974 runt
1945 960 1960 982 .
1985 920 2247 991 novisque
2275 934 2338 975 ac
2362 918 2728 976 severissimis
2765 921 2941 990 poenis
2967 930 3138 977 aucta:
3165 915 3404 992 {quibus

1803 1026 1964 1066 nemo
1993 1010 2261 1066 idolorum
2294 1011 2440 1068 a-dcs
2475 1012 2591 1066 sive
2622 1012 2674 1066 in
2709 1011 2931 1069 urbibus
2952 1054 2968 1079 ,
3002 1013 3122 1068 sive
3163 1011 3216 1067 in
3258 1014 3406 1082 pagis

1801 1107 2040 1178 ingredi,
2070 1106 2447 1176 sacriﬁciaque
2472 1106 2670 1163 oﬁ‘erre
2698 1123 2858 1163 nemo
2887 1121 2954 1162 ne
2975 1105 3029 1162 in
3063 1107 3256 1162 itinere
3282 1108 3403 1178 qui.

1800 1201 1921 1256 dem
1953 1209 2182 1271 poterat.
2215 1200 2346 1269 Qu:e
2374 1200 2522 1271 leges
2558 1216 2678 1255 eum
2702 1201 2899 1256 alicubi
2926 1216 3032 1255 non
3055 1200 3280 1255 omnino
3307 1199 3405 1254 ob-

1801 1304 2148 1352 servarentur
2177 1295 2350 1368 (utin
2383 1295 2705 1366 quibusdam
2741 1295 2937 1350 Africa:
2969 1295 3120 1366 pagis
3150 1295 3401 1349 remotis-

1800 1390 1954 1444 simis
1983 1390 2193 1454 evenit,
2229 1389 2280 1444 in
2317 1389 2513 1460 quibus
2543 1389 2808 1444 sacriﬁcia
2835 1388 3106 1444 celebrata
3140 1388 3307 1460 liquet
3337 1404 3403 1442 cx

1802 1483 2102 1553 Augustino
2130 1489 2184 1535 et
2205 1496 2327 1538 can.
2357 1483 2391 1537 5
2420 1481 2634 1538 concilii
2662 1478 3108 1552 Carthaginensis
3133 1495 3224 1535 an.
3251 1479 3350 1536 t0l
3381 1479 3400 1550 )

1802 1588 1955 1628 novre
1984 1574 2132 1645 leges
2161 1574 2322 1630 edita:
2349 1573 2578 1629 subinde
2608 1574 2958 1630 inveniuntur
2977 1616 2993 1641 ,
3021 1573 3218 1646 quibus
3248 1589 3407 1645 pago-

1800 1683 1918 1723 rum
1969 1669 2087 1723 lana
2130 1667 2298 1724 deleri
2338 1667 2548 1738 jussnm
2582 1668 2716 1734 l'uit,
2758 1667 2827 1723 de
2870 1667 3066 1738 quibus
3105 1667 3227 1724 vide
3267 1666 3405 1724 Cod.

1799 1762 2006 1818 Theod.
2040 1762 2120 1816 tit.
2157 1761 2220 1816 de
2256 1759 2504 1833 Paganis.
2544 1761 2670 1816 Haec
2690 1761 2759 1817 de
2787 1762 3127 1818 ethnicorum
3171 1763 3404 1832 templo-

126 1863 219 1919 quo
238 1857 478 1918 spectans
514 1851 565 1904 iu
603 1853 848 1907 oratione
894 1863 1187 1908 memorata
1211 1852 1488 1921 Libanins,
1513 1855 1556 1910 Τ
1562 1856 1692 1912 heo-
1726 1859 1775 1919 B
1800 1874 1918 1914 rum
1949 1855 2448 1927 sacriﬁciorumque
2480 1857 2588 1911 l'ato
2619 1857 2734 1912 lnse
2759 1855 2986 1912 dicenda
3016 1855 3258 1922 fuerant,
3291 1871 3399 1913 non

128 1940 311 1996 dosium
360 1942 442 1998 bis
490 1943 781 2014 allaquitur
809 1963 822 2000 :
854 1943 934 2000 I'u
971 1946 1132 2018 igitur
1171 1965 1329 2017 neque
1372 1952 1560 2018 templa
1608 1967 1693 2004 oc-

128 2037 269 2102 cludi,
300 2053 451 2108 neque
478 2037 640 2092 ullum
682 2040 825 2098 aditu
853 2043 1018 2094 arceri
1051 2043 1276 2111 jussisti,
1319 2060 1477 2112 neque
1498 2046 1690 2116 ignem,

129 2129 703 2199 nequethuriﬁcationem
721 2175 734 2194 ,
761 2149 924 2202 neque
951 2135 1083 2188 alios
1110 2137 1504 2209 [umigationum
1533 2141 1694 2194 Itono-

128 2240 195 2278 τω
226 2226 415 2293 templis
453 2225 657 2296 arisque
702 2227 897 2298 ejecisti
927 2245 945 2282 :
971 2229 1169 2300 quibus
1216 2231 1347 2285 nihil
1395 2242 1693 2302 repugnant

129 2317 340 2387 ejusdem
363 2319 648 2376 Theodosii
683 2321 830 2392 leges
863 2323 892 2375 7
933 2331 988 2376 et
1023 2321 1058 2376 9
1101 2324 1182 2377 tit.
1215 2325 1279 2378 de
1323 2323 1554 2396 Puganis
1583 2369 1598 2392 ,
1640 2327 1692 2382 in

129 2411 297 2481 quibus
321 2412 431 2467 sola
457 2413 718 2469 sacriﬁcia
743 2415 909 2469 vetita
945 2416 1247 2482 traduntur,
1271 2427 1326 2473 et
1355 2417 1691 2475 sacriﬁcandi

130 2503 330 2558 consilio
357 2505 551 2575 templa
580 2505 809 2578 lanaque
839 2506 1104 2562 adeuntes
1144 2510 1291 2579 gravi
1355 2525 1512 2582 poena
1551 2513 1693 2567 mul-

131 2605 334 2651 ctautur.

191 2689 283 2746 Sed
309 2691 373 2746 ab
397 2691 617 2747 Oriente
642 2692 709 2746 ad
737 2693 1086 2752 Occidentem
1117 2708 1476 2753 revertamur.
1502 2698 1698 2754 Valen-

133 2782 305 2837 tiniano
331 2783 557 2840 Seniore
581 2785 689 2840 vita
733 2785 1266 2855 l‘nncto,Occidentis
1301 2793 1589 2858 imperium
1629 2791 1694 2846 ad

133 2873 408 2932 Gratianum
435 2885 492 2934 et
507 2879 940 2937 Valentinianum
964 2883 1239 2940 .Iuniorem
1263 2887 1529 2956 pervenit.
1564 2885 1698 2942 Gra-

133 2967 284 3021 tianus
304 2978 475 3024 autem
503 2971 680 3041 legem
711 2972 833 3027 tulit
854 2975 1178 3031 abllonorio
1206 2977 1500 3044 laudatam,
1541 2977 1600 3032 L.
1627 2977 1698 3032 20

132 3061 184 3114 de
213 3061 447 3134 Paganis,
474 3081 580 3134 qua
625 3066 841 3136 templis
881 3078 936 3123 et
975 3071 1254 3124 sacriﬁciis
1286 3071 1498 3124 intactis
1531 3087 1694 3125 unum

134 3157 357 3222 publicum
381 3170 643 3228 sumptum
668 3163 1019 3229 superstitioni
1051 3165 1339 3217 deterrima:
1365 3163 1588 3218 exhiberi
1613 3166 1695 3219 in-

1801 1961 1907 2004 tam
1939 1961 1994 2004 ut
2031 1949 2246 2004 Baronii
2291 1947 2618 2004 hallucinato
2662 1958 2900 2019 pateret,
2935 1964 3094 2020 quam
3133 1960 3190 2005 ut
3230 1951 3399 2006 nostri

1799 2043 2047 2098 Auctoris
2067 2043 2268 2097 certior
2299 2051 2430 2096 tetas
2447 2052 2794 2097 statueretur.
2823 2040 2958 2096 Cum
2973 2041 3116 2097 enim
3135 2043 3180 2096 is
3194 2056 3259 2097 ex
3292 2056 3396 2096 una

1800 2135 2016 2203 parteid
2038 2135 2297 2205 temporis
2322 2135 2601 2205 scripserit
2630 2143 2914 2190 tractatum
2945 2133 3012 2188 14
3058 2135 3092 2188 l.
3119 2151 3156 2200 I,
3183 2134 3399 2205 quando

1797 2227 2065 2283 Gentilms
2099 2242 2235 2283 nova
2296 2228 2496 2297 templa
2548 2227 2785 2284 condere
2821 2243 2928 2284 non
2967 2228 3201 2293 licebat,
3253 2228 3398 2299 quod

1797 2321 1896 2377 soli
1915 2319 2347 2377 Christianorum
2375 2321 2759 2392 imperatorum
2792 2319 2924 2393 [ut]
2945 2321 3086 2376 aetati
3116 2321 3396 2377 convenit:

1797 2431 1861 2472 ex
1893 2416 1998 2469 alia
2026 2429 2156 2470 vero
2190 2415 2472 2484 scripserit
2493 2423 2646 2470 tract.
2681 2412 2733 2478 5,
2769 2429 2890 2469 cum
2925 2413 3141 2482 impune
3177 2422 3232 2468 et
3260 2421 3397 2468 tem-

1800 2508 1884 2578 pla
1928 2507 2077 2562 adire
2104 2515 2160 2562 et
2189 2507 2454 2562 sacriﬁcia
2485 2506 2762 2562 celebrare
2781 2504 2987 2562 Gentes
3016 2513 3238 2576 possent
3261 2504 3402 2577 (qua:

1797 2614 2010 2671 quoque
2035 2598 2298 2652 sacriﬁcia
2329 2598 2382 2652 in
2411 2599 2554 2668 agris
2582 2599 2716 2652 facta
2736 2639 2748 2662 ,
2775 2597 2842 2651 ab
2868 2597 3060 2653 eodem
3092 2590 3401 2653 memoran-

1799 2702 1884 2747 tur
1907 2701 1974 2746 tr.
2006 2693 2073 2748 15
2101 2693 2344 2761 ejusdem
2378 2692 2522 2755 libri,
2555 2706 2703 2746 num.
2742 2690 2807 2761 ὃ)
2837 2704 3063 2761 quarum
3093 2705 3276 2745 rerum
3304 2705 3401 2761 po-

1801 2795 1968 2841 testas
2007 2785 2106 2839 snb
2129 2783 2456 2840 Christianis
2485 2783 2902 2852 imperatoribus
2940 2781 3135 2836 saltent
3160 2783 3213 2835 in
3244 2781 3400 2836 Occi-

1799 2877 1962 2934 dente
1987 2876 2129 2932 facta
2153 2887 2236 2933 est
2253 2876 2428 2932 Solum
2446 2891 2472 2928 a
2495 2875 2691 2932 Juliani
2708 2875 2856 2929 obitu
2876 2889 3048 2939 usque
3071 2871 3140 2928 ad
3159 2889 3249 2927 an.
3269 2871 3398 2940 391,

1799 2987 1907 3041 quo
1951 2969 2148 3040 templa
2179 2969 2360 3025 clausa
2403 2977 2457 3024 et
2486 2968 2753 3022 sacrilicia
2780 2967 2960 3023 omnia
2991 2965 3190 3036 ubique
3226 2965 3402 3020 inter-

1801 3064 1942 3118 dicta
1965 3062 2180 3117 luerunt
2204 3079 2218 3116 :
2246 3075 2585 3132 consequens
2605 3058 2665 3114 ﬁt
2689 3059 2790 3113 hoc
2812 3057 3134 3114 iutermedio
3157 3067 3404 3124 tempore

1801 3156 2048 3212 laudatos
2076 3163 2336 3210 tractatus
2364 3153 2433 3208 ab
2456 3152 2694 3208 Auctore
2718 3153 2952 3222 scriptos
2971 3150 3168 3216 fuisse,
3191 3165 3260 3205 ex
3285 3149 3405 3220 qui-

133 3245 290 3303 Iu'buit.
320 3251 446 3306 Hinc
495 3252 556 3308 S.
590 3251 915 3309 Ambrosius
943 3258 1103 3326 epist.
1131 3257 1198 3313 18
1219 3301 1232 3324 ,
1269 3259 1335 3310 ad
1371 3257 1700 3314 Valentinia-
1725 3257 1770 3320 C
1805 3251 1904 3308 bus
1933 3262 2065 3305 artas
2091 3249 2208 3321 ejus
2234 3249 2535 3304 certissima
2567 3246 2746 3315 colligi
2778 3253 2974 3315 potest.
3009 3243 3166 3312 Quod
3195 3243 3240 3298 si
3279 3242 3403 3314 quis

135 3355 239 3394 num
268 3343 325 3409 ll,
344 3360 483 3399 num.
524 3345 615 3412 16,
646 3345 712 3400 de
739 3345 981 3402 Gratiani
1003 3349 1120 3419 lege
1141 3364 1445 3405 sermonem
1470 3351 1693 3418 faciens,

135 3432 246 3487 nihil
274 3452 360 3505 per
385 3453 502 3491 eam
537 3438 906 3507 supersﬁtioni
937 3439 1165 3496 ethnicze
1192 3442 1494 3498 detractum
1530 3455 1695 3500 testa-

135 3535 204 3580 tur
231 3540 412 3597 pra-ter
447 3545 700 3601 sumptus
725 3571 738 3593 ,
764 3533 853 3602 qui
900 3549 930 3588 e
967 3534 1183 3606 praediis
1213 3534 1480 3590 redibant.
1529 3535 1698 3592 Nemo

134 3628 272 3675 tamen
292 3624 499 3676 donaria
527 3622 757 3678 delubris
775 3633 820 3678 et
845 3623 1013 3694 legata
1033 3626 1390 3696 haruspicibus
1411 3628 1696 3700 denegavit,

133 3711 224 3764 sola
251 3713 442 3768 sublata
479 3723 604 3768 sunt
633 3717 868 3781 prwdia:
899 3728 954 3771 et
982 3731 1127 3784 num.
1165 3719 1267 3786 51,
1300 3719 1492 3774 eodem
1525 3720 1696 3791 impe-

134 3815 260 3861 rante
295 3808 548 3864 Gratiano
570 3853 585 3875 ,
619 3812 876 3881 sacriﬁcia
907 3813 1092 3881 ubique
1128 3813 1482 3868 concelebrata
1521 3815 1697 3885 palam

133 3897 283 3954 docet.
312 3903 461 3970 Quod
493 3904 536 3958 si
563 3902 818 3959 Victoria:
844 3919 990 3958 aram
1019 3920 1048 3958 a
1084 3906 1320 3959 ltomaua
1348 3905 1494 3960 curia
1523 3921 1700 3962 remo-

134 3990 223 4059 vit,
247 3993 292 4047 id
320 4011 382 4050 ex
407 4010 479 4051 eo
503 3994 701 4051 factum
731 3996 910 4068 prodit
947 3997 1144 4052 ibidem
1180 3998 1528 4064 Ambrosius,
1555 3998 1698 4070 quod

137 4081 250 4140 haud
287 4087 559 4145 ferendum
598 4101 747 4146 esset
784 4091 1104 4147 sacriﬁcium
1130 4134 1143 4157 ,
1177 4092 1265 4147 ttbi
1307 4093 1479 4162 plures
1513 4109 1699 4148 conce-

136 4176 256 4230 niunt
295 4179 608 4248 Christiani;
658 4184 898 4254 plerique
939 4185 1082 4239 enim
1121 4193 1430 4239 senatorum
1487 4185 1700 4242 Christo

137 4284 299 4327 nomen
321 4273 598 4330 dederant.
625 4275 807 4346 Itaque
832 4277 932 4330 sub
955 4275 1215 4331 Gratiano
1245 4285 1300 4332 ct
1324 4277 1700 4333 Valentiniano

137 4361 357 4422 fratribus
385 4371 438 4423 in
473 4368 767 4424 Occidente
794 4369 1061 4424 idolorum
1099 4371 1293 4436 templa
1329 4379 1549 4440 patuere
1574 4415 1588 4435 ,
1619 4383 1698 4426 at-

137 4470 220 4525 que
245 4461 290 4513 in
316 4461 391 4516 his
418 4478 524 4516 non
551 4460 876 4516 tburiﬁcatio
912 4462 1023 4516 sola
1046 4471 1100 4516 ut
1129 4462 1182 4516 in
1205 4463 1424 4518 Oriente
1450 4463 1697 4535 contigit,

136 4549 212 4603 sed
231 4560 277 4605 et
303 4554 552 4608 sacriﬁcia
587 4553 859 4608 celebrata
891 4556 1108 4609 luerunt
1137 4573 1149 4608 :
1184 4557 1327 4611 unde
1363 4555 1620 4611 Libauius
1646 4559 1697 4613 in

1802 3343 2022 3413 obiiciat
2081 3342 2346 3398 sacriﬁcia
2402 3341 2455 3395 in
2513 3338 2712 3394 Africae
2761 3339 2910 3408 pagis
2955 3335 3136 3391 habita
3182 3335 3402 3390 ineunte

1801 3437 2004 3492 saeculo
2016 3437 2226 3506 quinto,
2248 3444 2305 3489 ut
2324 3448 2496 3504 nuper
2517 3448 2584 3488 ex
2603 3429 2899 3502 Augustino
2920 3437 2976 3485 et
2993 3427 3402 3498 Carthaginensi

1799 3528 2010 3602 synodo
2038 3528 2366 3592 monuimus,
2419 3538 2744 3596 reponemus
2771 3523 2951 3578 statim
2981 3526 3087 3588 (ne
3115 3519 3239 3574 hinc
3268 3521 3406 3574 torte

1800 3622 2050 3679 Auctoris
2088 3629 2301 3675 aetatem
2348 3628 2468 3690 post
2505 3636 2594 3672 an.
2619 3616 2756 3682 591,
2796 3631 2953 3686 posse
2985 3612 3229 3684 protrudi
3257 3613 3407 3684 quis-

1801 3717 1942 3789 piam
1965 3714 2307 3784 suspicetur)
2337 3711 2478 3784 quod
2513 3713 2613 3766 etsi
2649 3719 2769 3781 post
2808 3709 2859 3764 id
2888 3718 3103 3778 tempus
3134 3707 3186 3761 in
3224 3707 3407 3776 aliquo

1803 3823 1939 3881 pago
1976 3807 2328 3864 Ethnicorum
2357 3804 2709 3877 quorumdam
2743 3802 2957 3859 licentia
2993 3815 3062 3856 eo
3102 3799 3404 3866 devenerit,

1803 3913 1860 3958 ut
1887 3904 2272 3973 imperatorem
2309 3899 2567 3972 repetitas
2591 3897 2756 3952 etiam
2780 3896 2927 3966 leges
2957 3903 3406 3950 contemnerent:

1803 4013 1964 4054 nemo
1992 4006 2171 4052 tamen
2201 3994 2426 4051 inveniri
2453 4001 2683 4064 poterat,
2702 3991 2793 4060 qui
2819 3989 2887 4044 de
2909 4003 3241 4060 paganorum
3268 3996 3404 4042 tem-

1803 4093 2010 4161 plorum
2045 4089 2167 4160 jure
2199 4087 2406 4159 legibus
2445 4097 2659 4157 ageret,
2687 4084 2880 4155 quibus
2918 4097 3023 4137 non
3051 4081 3139 4151 jus
3182 4081 3409 4152 templo-

1804 4199 1924 4239 rum
1984 4183 2144 4238 lllOth
2168 4223 2184 4248 ,
2222 4182 2317 4236 sed
2348 4183 2460 4250 ipsa
2498 4194 2714 4249 quoque
2756 4175 2952 4247 templa
2975 4217 2990 4241 ,
3019 4175 3101 4230 vel
3134 4174 3255 4229 lana
3285 4189 3408 4230 cum

1802 4275 2087 4331 sacriﬁciis
2107 4274 2324 4328 sublata
2342 4272 2452 4343 jam
2481 4271 2710 4326 fuerant.
2740 4268 2906 4323 Porro
2927 4267 3131 4322 Auctor
3156 4274 3318 4322 tract.
3343 4266 3412 4322 15

1804 4387 1976 4442 nuper
2005 4371 2238 4439 allegato
2269 4376 2464 4437 praeter
2491 4365 2755 4420 sacriﬁcia
2786 4364 2838 4418 in
2873 4378 3128 4433 pagorum
3153 4361 3290 4416 lanis
3315 4376 3408 4416 cc-

1804 4465 2008 4520 lebrata
2030 4505 2044 4531 ,
2079 4462 2198 4516 lites
2219 4475 2433 4531 quoque
2459 4459 2526 4514 de
2556 4459 2877 4530 templorum
2901 4458 3024 4526 jnre
3045 4456 3275 4527 quotidie
3300 4471 3412 4511 mo-

1806 4568 1887 4612 tas
1916 4565 2174 4620 testatur,
2208 4563 2264 4608 ut
2297 4553 2481 4608 videre
2511 4562 2594 4606 est
2623 4567 2689 4605 ex
2713 4559 2899 4605 annot.
2933 4549 3000 4604 15
3027 4549 3078 4604 in
3108 4563 3170 4604 ea
3203 4548 3367 4604 verba
3393 4567 3407 4605 :

137 4641 340 4697 oratione
366 4645 578 4699 laudata
601 4684 616 4708 ,
650 4659 772 4714 pag.
807 4645 909 4698 48i
935 4687 948 4709 ,
975 4644 1153 4700 Roma:
1177 4648 1229 4700 in
1257 4648 1562 4702 Occidentis
1585 4664 1696 4703 me~
1725 4654 1777 4713 1)
1801 4648 1900 4704 lus
1929 4648 2235 4716 templorum
2264 4662 2327 4700 ne
2351 4646 2464 4715 quis
2491 4643 2630 4698 vobis
2657 4645 2844 4714 eripiat
2879 4642 3109 4714 quotidie
3168 4642 3404 4715 litigatis.

138 4736 298 4802 tropoli
318 4737 564 4807 sacriﬁcia
591 4738 772 4792 relicta
798 4735 1105 4792 Theodosio
1124 4739 1435 4809 imperatori
1458 4739 1696 4796 Orientis

137 4823 402 4884 afﬁrmavit.
445 4829 577 4885 Hinc
620 4839 799 4886 autem
845 4837 953 4886 tota
995 4829 1213 4885 Baronii
1248 4831 1394 4886 cadit
1423 4833 1694 4901 objectio,

137 4918 210 4987 qui
235 4936 290 4976 ex
315 4939 409 4977 una
437 4923 690 4979 Victoriae
711 4939 803 4978 ara
827 4922 1013 4977 Romae
1035 4923 1276 4978 Gratiani
1294 4924 1447 4992 jussu
1467 4925 1697 4991 sublata,

138 5012 192 5068 de
225 5031 312 5086 qua
343 5034 479 5074 nunc
527 5033 698 5085 nuper
739 5017 1008 5082 diximus,
1042 5017 1143 5072 sub
1173 5018 1440 5072 Ambrosii
1482 5033 1697 5088 quoque

139 5117 319 5166 atatem
340 5125 390 5167 et
419 5114 615 5184 templa
645 5111 828 5166 clausa
867 5122 924 5167 et
954 5111 1218 5167 sacriﬁcia
1247 5111 1529 5166 interdicta
1553 5115 1696 5168 exis~

141 5200 329 5269 timans,
362 5209 645 5262 Auctorem
675 5213 918 5261 nostrum
947 5207 1142 5274 templa
1171 5213 1227 5259 et
1253 5205 1519 5260 sacriﬁcia
1549 5186 1698 5261 (ιοῆιό

139 5304 482 5353 memorantem
513 5300 583 5353 ab
606 5313 672 5354 eo
704 5309 950 5374 tempore
972 5296 1368 5353 excludendum
1391 5299 1696 5354 certissime

142 5391 482 5450 pronuntiavit.

195 5475 378 5535 Primus
418 5482 508 5552 qui
537 5483 589 5537 in
612 5480 906 5538 Occidente
933 5480 1148 5550 templis
1174 5489 1231 5536 et
1273 5479 1553 5536 sacriﬁciis
1581 5480 1698 5536 bel-

143 5566 228 5624 lum
243 5573 435 5640 indixit,
452 5575 568 5642 luit,
593 5575 1158 5644 Gratianolratrejam
1181 5576 1473 5642 exstincto,
1500 5575 1696 5632 Valen-

140 5663 336 5723 tinianus
361 5669 572 5736 Junior,
601 5671 704 5740 leg.
730 5669 799 5724 10
832 5671 915 5723 tit.
940 5668 1004 5724 de
1027 5668 1274 5740 Paganis,
1310 5667 1432 5724 data
1451 5685 1540 5723 an.
1565 5670 1690 5734 591,

144 5769 188 5809 ιιι
220 5759 318 5817 lial.
347 5764 547 5830 Martii;
580 5763 881 5840 eodemque
916 5767 1116 5834 pariter
1153 5779 1297 5820 anno
1323 5781 1389 5818 xv
1425 5763 1540 5819 Kal.
1568 5764 1694 5820 Julii

144 5845 323 5923 llagnns
348 5857 683 5914 Theodosius
706 5897 723 5925 ,
755 5857 844 5927 qui
873 5856 991 5928 ejus
1022 5857 1156 5928 legis
1183 5856 1483 5914 condenda:
1503 5866 1696 5913 auctor

1798 4742 1981 4812 Itaque
2013 4742 2134 4795 licet
2163 4748 2293 4794 aetas
2320 4738 2542 4793 alterius
2563 4737 2830 4798 auctoris.
2856 4736 2946 4807 qui
2973 4734 3237 4790 sacriﬁcia
3259 4748 3410 4789 com-

1803 4842 2149 4901 memoraret,
2182 4833 2458 4904 prorogari
2488 4831 2656 4903 possit
2683 4832 2821 4886 ultra
2845 4847 3043 4886 antmm
3073 4830 3200 4896 591,
3228 4831 3398 4885 nostri

1800 4927 2042 5000 profecto
2063 4944 2169 4983 non
2200 4933 2401 5000 potest.

1806 5067 1834 5139 ς
1864 5067 1952 5122 Vl.
1979 5096 2049 5107 —
2074 5066 2264 5120 Auctor
2285 5082 2384 5120 non
2417 5075 2521 5119 tam
2545 5061 2875 5117 Lactantium
2899 5103 2913 5127 ,
2937 5059 3028 5116 sed
3055 5068 3102 5113 et
3143 5056 3407 5112 Hilarium

1875 5163 2138 5228 imitatus,
2165 5171 2276 5233 post
2308 5159 2528 5216 medium
2559 5166 2800 5230 quartum
2835 5157 3076 5211 saeculum
3101 5153 3288 5208 uixisse
3315 5153 3405 5207 de-

1873 5267 2210 5311 monstratur.

1874 5391 2035 5447 llisee
2065 5391 2322 5462 temporis
2351 5391 2549 5447 ﬁnibus
2569 5434 2582 5453 ,
2614 5404 2752 5459 quos
2773 5388 3038 5458 superiori
3069 5386 3406 5457 paragrapho

1801 5484 2028 5540 Auctori
2079 5485 2509 5556 praeseripsimus
2565 5484 2710 5538 inter
2753 5481 2950 5536 Juliani
3001 5480 3286 5547 imperium
3352 5485 3405 5532 et

1801 5593 1892 5634 an.
1924 5579 2024 5635 591
2063 5581 2265 5650 optime
2297 5584 2603 5649 Congrttunl
2632 5576 2720 5630 illa
2753 5591 2870 5645 qnze
2895 5574 2965 5631 de
2998 5570 3182 5627 llilarii
3233 5571 3407 5625 imita-

1805 5673 1951 5728 tione
1981 5671 2332 5742 subiicimus;
2358 5671 2502 5743 quod
2533 5686 2728 5725 novum
2763 5665 3288 5730 invictissimutnque
3317 5676 3403 5715 ar-

1800 5774 2115 5838 gumentum
2172 5765 2474 5820 habendum
2521 5773 2638 5827 est,
2670 5772 2727 5814 ut
2778 5758 2920 5813 idem
2967 5757 3170 5810 Auctor
3218 5761 3410 5825 quarto

1801 5857 2002 5917 sacculo
2030 5854 2354 5912 vindicetur.
2401 5856 2478 5911 Ex
2528 5846 2968 5909 annotationibus
3012 5842 3064 5898 in
3093 5850 3167 5899 tr.
3200 5844 3236 5900 8
3267 5844 3360 5901 lib.
3398 5857 3415 5900 ι
