  <div class='ocr_page' id='page_1' title='image "/cluster/home/n/w/nwhite01/storage/ocr_20150623/11/hvd.32044015471287/035.png"; bbox 0 0 3998 6332; ppageno 0'>
   <div class='ocr_carea' id='block_1_1' title="bbox 535 280 3799 352">
    <p class='ocr_par' dir='ltr' id='par_1_1' title="bbox 535 280 3799 352">
     <span class='ocr_line' id='line_1_1' title="bbox 535 280 3799 352; baseline 0.002 -12"><span class='ocrx_word' id='word_1_1' title='bbox 535 285 604 346; x_wconf 64' lang='lat'><strong>59</strong></span> <span class='ocrx_word' id='word_1_2' title='bbox 1887 280 2295 346; x_wconf 72' lang='lat' dir='ltr'><strong>PBOLEGOME</strong></span> <span class='ocrx_word' id='word_1_3' title='bbox 2304 283 2345 340; x_wconf 82' lang='grc' dir='ltr'><strong>Ν</strong></span> <span class='ocrx_word' id='word_1_4' title='bbox 2353 286 2390 342; x_wconf 71' lang='grc' dir='ltr'><strong>Α</strong></span> <span class='ocrx_word' id='word_1_5' title='bbox 2405 326 2415 339; x_wconf 94' lang='grc'><strong>.</strong></span> <span class='ocrx_word' id='word_1_6' title='bbox 3737 291 3799 352; x_wconf 71' lang='lat' dir='ltr'><strong>till</strong></span> 
     </span>
    </p>
   </div>
   <div class='ocr_carea' id='block_1_2' title="bbox 532 397 3798 478">
    <p class='ocr_par' dir='ltr' id='par_1_2' title="bbox 532 397 3798 478">
     <span class='ocr_line' id='line_1_2' title="bbox 532 397 3798 478; baseline 0 -18"><span class='ocrx_word' id='word_1_7' title='bbox 532 411 586 460; x_wconf 92' lang='lat' dir='ltr'><strong>et</strong></span> <span class='ocrx_word' id='word_1_8' title='bbox 621 409 688 458; x_wconf 89' lang='lat' dir='ltr'><strong>tr.</strong></span> <span class='ocrx_word' id='word_1_9' title='bbox 725 397 786 462; x_wconf 82' lang='lat' dir='ltr'><strong>l7</strong></span> <span class='ocrx_word' id='word_1_10' title='bbox 815 417 878 472; x_wconf 81' lang='lat' dir='ltr'><strong>ac</strong></span> <span class='ocrx_word' id='word_1_11' title='bbox 905 401 970 460; x_wconf 71' lang='lat' dir='ltr'><strong>2t</strong></span> <span class='ocrx_word' id='word_1_12' title='bbox 1001 401 1095 460; x_wconf 85' lang='lat' dir='ltr'><strong>lib.</strong></span> <span class='ocrx_word' id='word_1_13' title='bbox 1129 415 1164 458; x_wconf 87' lang='grc' dir='ltr'><strong>ιι</strong></span> <span class='ocrx_word' id='word_1_14' title='bbox 1205 417 1340 473; x_wconf 90' lang='lat' dir='ltr'><strong>quos</strong></span> <span class='ocrx_word' id='word_1_15' title='bbox 1366 399 1632 476; x_wconf 83' lang='lat' dir='ltr'><strong>genuinos</strong></span> <span class='ocrx_word' id='word_1_16' title='bbox 1687 399 1854 460; x_wconf 88' lang='lat' dir='ltr'><strong>nostri</strong></span> <span class='ocrx_word' id='word_1_17' title='bbox 1881 398 2132 466; x_wconf 75' lang='lat' dir='ltr'><strong>Auctoris</strong></span> <span class='ocrx_word' id='word_1_18' title='bbox 2159 398 2204 464; x_wconf 79' lang='grc' dir='ltr'><strong>Α</strong></span> <span class='ocrx_word' id='word_1_19' title='bbox 2239 397 2345 452; x_wconf 73' lang='grc' dir='ltr'><strong>ΙΙος</strong></span> <span class='ocrx_word' id='word_1_20' title='bbox 2374 413 2536 469; x_wconf 82' lang='lat' dir='ltr'><strong>porro</strong></span> <span class='ocrx_word' id='word_1_21' title='bbox 2565 400 2806 471; x_wconf 75' lang='lat' dir='ltr'><strong>captivos</strong></span> <span class='ocrx_word' id='word_1_22' title='bbox 2855 407 2933 460; x_wconf 91' lang='lat' dir='ltr'><strong>tot</strong></span> <span class='ocrx_word' id='word_1_23' title='bbox 2961 401 3230 472; x_wconf 84' lang='lat' dir='ltr'><strong>tantisque</strong></span> <span class='ocrx_word' id='word_1_24' title='bbox 3257 415 3322 458; x_wconf 79' lang='lat' dir='ltr'><strong>ex</strong></span> <span class='ocrx_word' id='word_1_25' title='bbox 3351 402 3585 472; x_wconf 86' lang='lat' dir='ltr'><strong>partibus</strong></span> <span class='ocrx_word' id='word_1_26' title='bbox 3611 404 3798 478; x_wconf 79' lang='lat' dir='ltr'><strong>disper-</strong></span> 
     </span>
    </p>
   </div>
   <div class='ocr_carea' id='block_1_3' title="bbox 537 491 2134 568">
    <p class='ocr_par' dir='ltr' id='par_1_3' title="bbox 537 491 2134 568">
     <span class='ocr_line' id='line_1_3' title="bbox 537 491 2134 568; baseline 0.001 -18"><span class='ocrx_word' id='word_1_27' title='bbox 537 492 944 566; x_wconf 75' lang='lat' dir='ltr'><strong>demonstrasse</strong></span> <span class='ocrx_word' id='word_1_28' title='bbox 973 495 1129 552; x_wconf 91' lang='lat' dir='ltr'><strong>nobis</strong></span> <span class='ocrx_word' id='word_1_29' title='bbox 1156 494 1424 564; x_wconf 78' lang='lat' dir='ltr'><strong>videmur,</strong></span> <span class='ocrx_word' id='word_1_30' title='bbox 1444 507 1544 566; x_wconf 87' lang='lat' dir='ltr'><strong>cap</strong></span> <span class='ocrx_word' id='word_1_31' title='bbox 1573 493 1625 563; x_wconf 87' lang='grc'><strong>1,</strong></span> <span class='ocrx_word' id='word_1_32' title='bbox 1659 491 1687 568; x_wconf 79' lang='lat'><strong>§</strong></span> <span class='ocrx_word' id='word_1_33' title='bbox 1718 491 2134 564; x_wconf 75' lang='lat' dir='ltr'><strong>2,perspicuum</strong></span> 
     </span>
    </p>
   </div>
   <div class='ocr_carea' id='block_1_4' title="bbox 533 585 2136 662">
    <p class='ocr_par' dir='ltr' id='par_1_4' title="bbox 533 585 2136 662">
     <span class='ocr_line' id='line_1_4' title="bbox 533 585 2136 662; baseline -0.003 -18"><span class='ocrx_word' id='word_1_34' title='bbox 533 587 694 662; x_wconf 84' lang='lat' dir='ltr'><strong>plane</strong></span> <span class='ocrx_word' id='word_1_35' title='bbox 725 599 841 656; x_wconf 86' lang='lat' dir='ltr'><strong>est,</strong></span> <span class='ocrx_word' id='word_1_36' title='bbox 869 587 1032 656; x_wconf 83' lang='lat' dir='ltr'><strong>hunc,</strong></span> <span class='ocrx_word' id='word_1_37' title='bbox 1057 587 1185 644; x_wconf 90' lang='lat' dir='ltr'><strong>dum</strong></span> <span class='ocrx_word' id='word_1_38' title='bbox 1206 587 1428 644; x_wconf 86' lang='lat' dir='ltr'><strong>eosdem</strong></span> <span class='ocrx_word' id='word_1_39' title='bbox 1459 595 1720 644; x_wconf 81' lang='lat' dir='ltr'><strong>tractatus</strong></span> <span class='ocrx_word' id='word_1_40' title='bbox 1749 585 1999 656; x_wconf 84' lang='lat' dir='ltr'><strong>scripsit,</strong></span> <span class='ocrx_word' id='word_1_41' title='bbox 2024 599 2136 658; x_wconf 67' lang='lat' dir='ltr'><strong>pra:</strong></span> 
     </span>
    </p>
   </div>
   <div class='ocr_carea' id='block_1_5' title="bbox 535 676 2134 749">
    <p class='ocr_par' dir='ltr' id='par_1_5' title="bbox 535 676 2134 749">
     <span class='ocr_line' id='line_1_5' title="bbox 535 676 2134 749; baseline 0 -15"><span class='ocrx_word' id='word_1_42' title='bbox 535 679 706 736; x_wconf 87' lang='lat' dir='ltr'><strong>oculis</strong></span> <span class='ocrx_word' id='word_1_43' title='bbox 737 679 991 749; x_wconf 77' lang='lat' dir='ltr'><strong>habuisse</strong></span> <span class='ocrx_word' id='word_1_44' title='bbox 1033 678 1220 740; x_wconf 83' lang='lat' dir='ltr'><strong>Hilarii</strong></span> <span class='ocrx_word' id='word_1_45' title='bbox 1263 679 1713 748; x_wconf 84' lang='lat' dir='ltr'><strong>eomtnentariurn</strong></span> <span class='ocrx_word' id='word_1_46' title='bbox 1755 677 1808 734; x_wconf 93' lang='lat' dir='ltr'><strong>in</strong></span> <span class='ocrx_word' id='word_1_47' title='bbox 1849 676 2092 740; x_wconf 84' lang='lat' dir='ltr'><strong>Psalmos</strong></span> <span class='ocrx_word' id='word_1_48' title='bbox 2117 716 2134 743; x_wconf 82' lang='lat'><strong>,</strong></span> 
     </span>
    </p>
   </div>
   <div class='ocr_carea' id='block_1_6' title="bbox 539 768 2138 842">
    <p class='ocr_par' dir='ltr' id='par_1_6' title="bbox 539 768 2138 842">
     <span class='ocr_line' id='line_1_6' title="bbox 539 768 2138 842; baseline 0 -16"><span class='ocrx_word' id='word_1_49' title='bbox 539 785 604 826; x_wconf 80' lang='lat' dir='ltr'><strong>ex</strong></span> <span class='ocrx_word' id='word_1_50' title='bbox 632 785 738 842; x_wconf 91' lang='lat' dir='ltr'><strong>quo</strong></span> <span class='ocrx_word' id='word_1_51' title='bbox 766 771 964 828; x_wconf 89' lang='lat' dir='ltr'><strong>nedum</strong></span> <span class='ocrx_word' id='word_1_52' title='bbox 997 771 1296 838; x_wconf 80' lang='lat' dir='ltr'><strong>sententias</strong></span> <span class='ocrx_word' id='word_1_53' title='bbox 1324 771 1568 840; x_wconf 88' lang='lat' dir='ltr'><strong>aliquot,</strong></span> <span class='ocrx_word' id='word_1_54' title='bbox 1597 769 1694 826; x_wconf 89' lang='lat' dir='ltr'><strong>sed</strong></span> <span class='ocrx_word' id='word_1_55' title='bbox 1727 768 1916 826; x_wconf 89' lang='lat' dir='ltr'><strong>eadem</strong></span> <span class='ocrx_word' id='word_1_56' title='bbox 1965 784 2138 842; x_wconf 82' lang='lat' dir='ltr'><strong>quan-</strong></span> 
     </span>
    </p>
   </div>
   <div class='ocr_carea' id='block_1_7' title="bbox 534 863 2134 940">
    <p class='ocr_par' dir='ltr' id='par_1_7' title="bbox 534 863 2134 940">
     <span class='ocr_line' id='line_1_7' title="bbox 534 863 2134 940; baseline -0.001 -18"><span class='ocrx_word' id='word_1_57' title='bbox 534 865 711 938; x_wconf 82' lang='lat' dir='ltr'><strong>doque</strong></span> <span class='ocrx_word' id='word_1_58' title='bbox 738 866 898 940; x_wconf 82' lang='lat' dir='ltr'><strong>verba</strong></span> <span class='ocrx_word' id='word_1_59' title='bbox 918 867 1208 938; x_wconf 80' lang='lat' dir='ltr'><strong>excerpsit.</strong></span> <span class='ocrx_word' id='word_1_60' title='bbox 1239 868 1407 928; x_wconf 86' lang='lat' dir='ltr'><strong>Porro</strong></span> <span class='ocrx_word' id='word_1_61' title='bbox 1437 868 1524 924; x_wconf 90' lang='lat' dir='ltr'><strong>hic</strong></span> <span class='ocrx_word' id='word_1_62' title='bbox 1552 865 2000 934; x_wconf 82' lang='lat' dir='ltr'><strong>commentarius,</strong></span> <span class='ocrx_word' id='word_1_63' title='bbox 2029 863 2134 920; x_wconf 87' lang='lat' dir='ltr'><strong>Be-</strong></span> 
     </span>
    </p>
   </div>
   <div class='ocr_carea' id='block_1_8' title="bbox 533 957 2131 1034">
    <p class='ocr_par' dir='ltr' id='par_1_8' title="bbox 533 957 2131 1034">
     <span class='ocr_line' id='line_1_8' title="bbox 533 957 2131 1034; baseline -0.003 -19"><span class='ocrx_word' id='word_1_64' title='bbox 533 959 828 1018; x_wconf 82' lang='lat' dir='ltr'><strong>nedictinis</strong></span> <span class='ocrx_word' id='word_1_65' title='bbox 866 962 1170 1032; x_wconf 71' lang='lat' dir='ltr'><strong>editoribus</strong></span> <span class='ocrx_word' id='word_1_66' title='bbox 1217 961 1610 1034; x_wconf 87' lang='lat' dir='ltr'><strong>probantibus,</strong></span> <span class='ocrx_word' id='word_1_67' title='bbox 1661 969 1990 1030; x_wconf 87' lang='lat' dir='ltr'><strong>postremum</strong></span> <span class='ocrx_word' id='word_1_68' title='bbox 2037 957 2131 1012; x_wconf 88' lang='lat' dir='ltr'><strong>Hi-</strong></span> 
     </span>
    </p>
   </div>
   <div class='ocr_carea' id='block_1_9' title="bbox 533 1043 2136 1126">
    <p class='ocr_par' dir='ltr' id='par_1_9' title="bbox 533 1043 2136 1126">
     <span class='ocr_line' id='line_1_9' title="bbox 533 1043 2136 1126; baseline -0.001 -18"><span class='ocrx_word' id='word_1_69' title='bbox 533 1043 654 1112; x_wconf 83' lang='lat' dir='ltr'><strong>larii</strong></span> <span class='ocrx_word' id='word_1_70' title='bbox 705 1069 841 1125; x_wconf 88' lang='lat' dir='ltr'><strong>opus</strong></span> <span class='ocrx_word' id='word_1_71' title='bbox 885 1051 1007 1126; x_wconf 80' lang='lat' dir='ltr'><strong>fuit,</strong></span> <span class='ocrx_word' id='word_1_72' title='bbox 1047 1055 1304 1126; x_wconf 82' lang='lat' dir='ltr'><strong>scriptum</strong></span> <span class='ocrx_word' id='word_1_73' title='bbox 1351 1064 1472 1124; x_wconf 90' lang='lat' dir='ltr'><strong>post</strong></span> <span class='ocrx_word' id='word_1_74' title='bbox 1517 1070 1720 1112; x_wconf 88' lang='lat' dir='ltr'><strong>annum</strong></span> <span class='ocrx_word' id='word_1_75' title='bbox 1766 1053 1874 1108; x_wconf 72' lang='grc'><strong>564</strong></span> <span class='ocrx_word' id='word_1_76' title='bbox 1914 1061 1970 1108; x_wconf 91' lang='lat' dir='ltr'><strong>et</strong></span> <span class='ocrx_word' id='word_1_77' title='bbox 2012 1060 2136 1120; x_wconf 78' lang='lat' dir='ltr'><strong>ante</strong></span> 
     </span>
    </p>
   </div>
   <div class='ocr_carea' id='block_1_10' title="bbox 532 1143 2132 1218">
    <p class='ocr_par' dir='ltr' id='par_1_10' title="bbox 532 1143 2132 1218">
     <span class='ocr_line' id='line_1_10' title="bbox 532 1143 2132 1218; baseline -0.001 -18"><span class='ocrx_word' id='word_1_78' title='bbox 532 1161 732 1206; x_wconf 86' lang='lat' dir='ltr'><strong>annum</strong></span> <span class='ocrx_word' id='word_1_79' title='bbox 765 1146 869 1210; x_wconf 81' lang='grc'>568</span> <span class='ocrx_word' id='word_1_80' title='bbox 899 1164 1006 1218; x_wconf 90' lang='lat' dir='ltr'><strong>quo</strong></span> <span class='ocrx_word' id='word_1_81' title='bbox 1055 1147 1146 1204; x_wconf 88' lang='lat' dir='ltr'><strong>ille</strong></span> <span class='ocrx_word' id='word_1_82' title='bbox 1187 1151 1298 1218; x_wconf 78' lang='lat' dir='ltr'><strong>jam</strong></span> <span class='ocrx_word' id='word_1_83' title='bbox 1341 1163 1371 1203; x_wconf 90' lang='lat' dir='ltr'><strong>e</strong></span> <span class='ocrx_word' id='word_1_84' title='bbox 1402 1147 1535 1204; x_wconf 81' lang='lat' dir='ltr'><strong>vivis</strong></span> <span class='ocrx_word' id='word_1_85' title='bbox 1565 1155 1896 1202; x_wconf 77' lang='lat' dir='ltr'><strong>excesserat.</strong></span> <span class='ocrx_word' id='word_1_86' title='bbox 1933 1143 2132 1199; x_wconf 86' lang='lat' dir='ltr'><strong>Saltem</strong></span> 
     </span>
    </p>
   </div>
   <div class='ocr_carea' id='block_1_11' title="bbox 536 1238 2132 1309">
    <p class='ocr_par' dir='ltr' id='par_1_11' title="bbox 536 1238 2132 1309">
     <span class='ocr_line' id='line_1_11' title="bbox 536 1238 2132 1309; baseline -0.001 -16"><span class='ocrx_word' id='word_1_87' title='bbox 536 1249 657 1309; x_wconf 85' lang='lat' dir='ltr'><strong>pest</strong></span> <span class='ocrx_word' id='word_1_88' title='bbox 699 1239 867 1296; x_wconf 83' lang='lat' dir='ltr'><strong>libros</strong></span> <span class='ocrx_word' id='word_1_89' title='bbox 897 1239 964 1295; x_wconf 92' lang='lat' dir='ltr'><strong>de</strong></span> <span class='ocrx_word' id='word_1_90' title='bbox 994 1238 1259 1296; x_wconf 84' lang='lat' dir='ltr'><strong>Trinitate</strong></span> <span class='ocrx_word' id='word_1_91' title='bbox 1299 1239 1475 1294; x_wconf 89' lang='lat' dir='ltr'><strong>editos</strong></span> <span class='ocrx_word' id='word_1_92' title='bbox 1506 1240 1557 1295; x_wconf 92' lang='lat' dir='ltr'><strong>in</strong></span> <span class='ocrx_word' id='word_1_93' title='bbox 1587 1238 1750 1296; x_wconf 78' lang='lat' dir='ltr'><strong>exilio</strong></span> <span class='ocrx_word' id='word_1_94' title='bbox 1781 1248 1906 1295; x_wconf 85' lang='lat' dir='ltr'><strong>ante</strong></span> <span class='ocrx_word' id='word_1_95' title='bbox 1935 1253 2132 1292; x_wconf 87' lang='lat' dir='ltr'><strong>annum</strong></span> 
     </span>
    </p>
   </div>
   <div class='ocr_carea' id='block_1_12' title="bbox 534 1330 2132 1404">
    <p class='ocr_par' dir='ltr' id='par_1_12' title="bbox 534 1330 2132 1404">
     <span class='ocr_line' id='line_1_12' title="bbox 534 1330 2132 1404; baseline -0.003 -16"><span class='ocrx_word' id='word_1_96' title='bbox 534 1331 639 1388; x_wconf 80' lang='lat'><strong>560</strong></span> <span class='ocrx_word' id='word_1_97' title='bbox 687 1332 777 1390; x_wconf 91' lang='lat' dir='ltr'><strong>ille</strong></span> <span class='ocrx_word' id='word_1_98' title='bbox 818 1333 1241 1392; x_wconf 81' lang='lat' dir='ltr'><strong>commentarius</strong></span> <span class='ocrx_word' id='word_1_99' title='bbox 1287 1334 1598 1390; x_wconf 88' lang='lat' dir='ltr'><strong>lucubratus</strong></span> <span class='ocrx_word' id='word_1_100' title='bbox 1647 1331 1950 1390; x_wconf 84' lang='lat' dir='ltr'><strong>certissime</strong></span> <span class='ocrx_word' id='word_1_101' title='bbox 1993 1330 2132 1404; x_wconf 67' lang='lat' dir='ltr'><strong>luit,</strong></span> 
     </span>
    </p>
   </div>
   <div class='ocr_carea' id='block_1_13' title="bbox 537 1425 2132 1498">
    <p class='ocr_par' dir='ltr' id='par_1_13' title="bbox 537 1425 2132 1498">
     <span class='ocr_line' id='line_1_13' title="bbox 537 1425 2132 1498; baseline 0.001 -19"><span class='ocrx_word' id='word_1_102' title='bbox 537 1437 824 1498; x_wconf 78' lang='lat' dir='ltr'><strong>postquam</strong></span> <span class='ocrx_word' id='word_1_103' title='bbox 869 1429 1078 1484; x_wconf 86' lang='lat' dir='ltr'><strong>solutus</strong></span> <span class='ocrx_word' id='word_1_104' title='bbox 1117 1429 1280 1486; x_wconf 82' lang='lat' dir='ltr'><strong>exilio</strong></span> <span class='ocrx_word' id='word_1_105' title='bbox 1322 1443 1388 1484; x_wconf 80' lang='lat' dir='ltr'><strong>ex</strong></span> <span class='ocrx_word' id='word_1_106' title='bbox 1425 1426 1644 1483; x_wconf 88' lang='lat' dir='ltr'><strong>Oriente</strong></span> <span class='ocrx_word' id='word_1_107' title='bbox 1692 1429 1744 1483; x_wconf 94' lang='lat' dir='ltr'><strong>in</strong></span> <span class='ocrx_word' id='word_1_108' title='bbox 1787 1425 2132 1482; x_wconf 84' lang='lat' dir='ltr'><strong>Occidentem</strong></span> 
     </span>
    </p>
   </div>
   <div class='ocr_carea' id='block_1_14' title="bbox 534 1519 2135 1594">
    <p class='ocr_par' dir='ltr' id='par_1_14' title="bbox 534 1519 2135 1594">
     <span class='ocr_line' id='line_1_14' title="bbox 534 1519 2135 1594; baseline 0.001 -19"><span class='ocrx_word' id='word_1_109' title='bbox 534 1521 731 1586; x_wconf 89' lang='lat' dir='ltr'><strong>rediit,</strong></span> <span class='ocrx_word' id='word_1_110' title='bbox 765 1522 906 1594; x_wconf 90' lang='lat' dir='ltr'><strong>quod</strong></span> <span class='ocrx_word' id='word_1_111' title='bbox 938 1522 1053 1593; x_wconf 78' lang='lat' dir='ltr'><strong>ip~o</strong></span> <span class='ocrx_word' id='word_1_112' title='bbox 1080 1537 1220 1578; x_wconf 90' lang='lat' dir='ltr'><strong>anno</strong></span> <span class='ocrx_word' id='word_1_113' title='bbox 1246 1520 1352 1578; x_wconf 83' lang='grc'><strong>560</strong></span> <span class='ocrx_word' id='word_1_114' title='bbox 1382 1520 1579 1578; x_wconf 80' lang='lat' dir='ltr'><strong>factum</strong></span> <span class='ocrx_word' id='word_1_115' title='bbox 1601 1531 1704 1578; x_wconf 89' lang='lat' dir='ltr'><strong>est.</strong></span> <span class='ocrx_word' id='word_1_116' title='bbox 1737 1519 1920 1591; x_wconf 78' lang='lat' dir='ltr'><strong>Itaque</strong></span> <span class='ocrx_word' id='word_1_117' title='bbox 1949 1528 2135 1576; x_wconf 84' lang='lat' dir='ltr'><strong>noster</strong></span> 
     </span>
    </p>
   </div>
   <div class='ocr_carea' id='block_1_15' title="bbox 535 1611 2130 1688">
    <p class='ocr_par' dir='ltr' id='par_1_15' title="bbox 535 1611 2130 1688">
     <span class='ocr_line' id='line_1_15' title="bbox 535 1611 2130 1688; baseline -0.003 -17"><span class='ocrx_word' id='word_1_118' title='bbox 535 1614 762 1684; x_wconf 77' lang='lat' dir='ltr'><strong>Auctor,</strong></span> <span class='ocrx_word' id='word_1_119' title='bbox 785 1621 873 1688; x_wconf 83' lang='lat' dir='ltr'><strong>qui</strong></span> <span class='ocrx_word' id='word_1_120' title='bbox 899 1616 1040 1672; x_wconf 90' lang='lat' dir='ltr'><strong>hunc</strong></span> <span class='ocrx_word' id='word_1_121' title='bbox 1061 1616 1510 1684; x_wconf 81' lang='lat' dir='ltr'><strong>commentarium</strong></span> <span class='ocrx_word' id='word_1_122' title='bbox 1538 1624 1642 1668; x_wconf 92' lang='lat' dir='ltr'><strong>tam</strong></span> <span class='ocrx_word' id='word_1_123' title='bbox 1666 1612 1950 1668; x_wconf 89' lang='lat' dir='ltr'><strong>commode</strong></span> <span class='ocrx_word' id='word_1_124' title='bbox 1978 1611 2130 1682; x_wconf 80' lang='lat' dir='ltr'><strong>legit,</strong></span> 
     </span>
    </p>
   </div>
   <div class='ocr_carea' id='block_1_16' title="bbox 537 1706 2130 1784">
    <p class='ocr_par' dir='ltr' id='par_1_16' title="bbox 537 1706 2130 1784">
     <span class='ocr_line' id='line_1_16' title="bbox 537 1706 2130 1784; baseline -0.004 -20"><span class='ocrx_word' id='word_1_125' title='bbox 537 1719 688 1766; x_wconf 82' lang='lat' dir='ltr'><strong>utex</strong></span> <span class='ocrx_word' id='word_1_126' title='bbox 735 1725 801 1765; x_wconf 90' lang='lat' dir='ltr'><strong>eo</strong></span> <span class='ocrx_word' id='word_1_127' title='bbox 843 1710 1100 1784; x_wconf 78' lang='lat' dir='ltr'><strong>quasdam</strong></span> <span class='ocrx_word' id='word_1_128' title='bbox 1132 1709 1436 1766; x_wconf 89' lang='lat' dir='ltr'><strong>sententias</strong></span> <span class='ocrx_word' id='word_1_129' title='bbox 1465 1706 1687 1763; x_wconf 86' lang='lat' dir='ltr'><strong>totidem</strong></span> <span class='ocrx_word' id='word_1_130' title='bbox 1740 1718 2130 1776; x_wconf 82' lang='lat' dir='ltr'><strong>nonnunquam</strong></span> 
     </span>
    </p>
   </div>
   <div class='ocr_carea' id='block_1_17' title="bbox 2237 495 3797 570">
    <p class='ocr_par' dir='ltr' id='par_1_17' title="bbox 2237 495 3797 570">
     <span class='ocr_line' id='line_1_17' title="bbox 2237 495 3797 570; baseline 0.004 -19"><span class='ocrx_word' id='word_1_131' title='bbox 2237 509 2330 552; x_wconf 90' lang='lat' dir='ltr'><strong>sos</strong></span> <span class='ocrx_word' id='word_1_132' title='bbox 2360 510 2483 552; x_wconf 89' lang='lat' dir='ltr'><strong>esse</strong></span> <span class='ocrx_word' id='word_1_133' title='bbox 2512 497 2820 566; x_wconf 84' lang='lat' dir='ltr'><strong>oportebat,</strong></span> <span class='ocrx_word' id='word_1_134' title='bbox 2853 507 2908 557; x_wconf 89' lang='lat' dir='ltr'><strong>ut</strong></span> <span class='ocrx_word' id='word_1_135' title='bbox 2934 497 3023 568; x_wconf 86' lang='lat' dir='ltr'><strong>qui</strong></span> <span class='ocrx_word' id='word_1_136' title='bbox 3045 495 3103 552; x_wconf 92' lang='lat' dir='ltr'><strong>in</strong></span> <span class='ocrx_word' id='word_1_137' title='bbox 3133 497 3372 568; x_wconf 87' lang='lat' dir='ltr'><strong>ipsorum</strong></span> <span class='ocrx_word' id='word_1_138' title='bbox 3402 498 3797 570; x_wconf 84' lang='lat' dir='ltr'><strong>redemptionem</strong></span> 
     </span>
    </p>
   </div>
   <div class='ocr_carea' id='block_1_18' title="bbox 2238 588 3802 661">
    <p class='ocr_par' dir='ltr' id='par_1_18' title="bbox 2238 588 3802 661">
     <span class='ocr_line' id='line_1_18' title="bbox 2238 588 3802 661; baseline 0.003 -16"><span class='ocrx_word' id='word_1_139' title='bbox 2238 588 2555 648; x_wconf 77' lang='lat' dir='ltr'><strong>conferrent</strong></span> <span class='ocrx_word' id='word_1_140' title='bbox 2578 632 2594 658; x_wconf 88' lang='lat'><strong>,</strong></span> <span class='ocrx_word' id='word_1_141' title='bbox 2639 605 2827 648; x_wconf 87' lang='lat' dir='ltr'><strong>eorum</strong></span> <span class='ocrx_word' id='word_1_142' title='bbox 2870 592 3081 661; x_wconf 86' lang='lat' dir='ltr'><strong>largitas</strong></span> <span class='ocrx_word' id='word_1_143' title='bbox 3125 593 3398 660; x_wconf 74' lang='lat' dir='ltr'><strong>prouinciis</strong></span> <span class='ocrx_word' id='word_1_144' title='bbox 3431 595 3653 652; x_wconf 76' lang='lat' dir='ltr'><strong>omnibus</strong></span> <span class='ocrx_word' id='word_1_145' title='bbox 3695 605 3802 651; x_wconf 79' lang='lat' dir='ltr'><strong>nota</strong></span> 
     </span>
    </p>
   </div>
   <div class='ocr_carea' id='block_1_19' title="bbox 2237 683 3802 757">
    <p class='ocr_par' dir='ltr' id='par_1_19' title="bbox 2237 683 3802 757">
     <span class='ocr_line' id='line_1_19' title="bbox 2237 683 3802 757; baseline 0.004 -19"><span class='ocrx_word' id='word_1_146' title='bbox 2237 694 2388 747; x_wconf 83' lang='lat' dir='ltr'><strong>esset,</strong></span> <span class='ocrx_word' id='word_1_147' title='bbox 2419 698 2714 755; x_wconf 89' lang='lat' dir='ltr'><strong>eorumque</strong></span> <span class='ocrx_word' id='word_1_148' title='bbox 2745 685 2831 756; x_wconf 87' lang='lat' dir='ltr'><strong>pia</strong></span> <span class='ocrx_word' id='word_1_149' title='bbox 2844 685 3060 750; x_wconf 83' lang='lat' dir='ltr'><strong>semina.</strong></span> <span class='ocrx_word' id='word_1_150' title='bbox 3088 683 3139 744; x_wconf 90' lang='lat' dir='ltr'><strong>id</strong></span> <span class='ocrx_word' id='word_1_151' title='bbox 3160 696 3244 741; x_wconf 89' lang='lat' dir='ltr'><strong>est</strong></span> <span class='ocrx_word' id='word_1_152' title='bbox 3268 683 3642 757; x_wconf 72' lang='lat' dir='ltr'><strong>eleemosynre,</strong></span> <span class='ocrx_word' id='word_1_153' title='bbox 3667 689 3802 745; x_wconf 85' lang='lat' dir='ltr'><strong>totius</strong></span> 
     </span>
    </p>
   </div>
   <div class='ocr_carea' id='block_1_20' title="bbox 2237 776 3801 848">
    <p class='ocr_par' dir='ltr' id='par_1_20' title="bbox 2237 776 3801 848">
     <span class='ocr_line' id='line_1_20' title="bbox 2237 776 3801 848; baseline 0.003 -19"><span class='ocrx_word' id='word_1_154' title='bbox 2237 776 2462 844; x_wconf 87' lang='lat' dir='ltr'><strong>quodam</strong></span> <span class='ocrx_word' id='word_1_155' title='bbox 2488 776 2640 830; x_wconf 88' lang='lat' dir='ltr'><strong>modo</strong></span> <span class='ocrx_word' id='word_1_156' title='bbox 2669 777 2805 832; x_wconf 93' lang='lat' dir='ltr'><strong>orbis</strong></span> <span class='ocrx_word' id='word_1_157' title='bbox 2835 794 2926 846; x_wconf 84' lang='lat' dir='ltr'><strong>per</strong></span> <span class='ocrx_word' id='word_1_158' title='bbox 2957 778 3211 842; x_wconf 83' lang='lat' dir='ltr'><strong>membra,</strong></span> <span class='ocrx_word' id='word_1_159' title='bbox 3248 792 3343 848; x_wconf 91' lang='lat' dir='ltr'><strong>per</strong></span> <span class='ocrx_word' id='word_1_160' title='bbox 3379 780 3674 848; x_wconf 83' lang='lat' dir='ltr'><strong>provincias</strong></span> <span class='ocrx_word' id='word_1_161' title='bbox 3693 780 3801 836; x_wconf 83' lang='lat' dir='ltr'><strong>‘sci-</strong></span> 
     </span>
    </p>
   </div>
   <div class='ocr_carea' id='block_1_21' title="bbox 2240 868 3804 944">
    <p class='ocr_par' dir='ltr' id='par_1_21' title="bbox 2240 868 3804 944">
     <span class='ocr_line' id='line_1_21' title="bbox 2240 868 3804 944; baseline 0 -20"><span class='ocrx_word' id='word_1_162' title='bbox 2240 868 2365 926; x_wconf 85' lang='lat' dir='ltr'><strong>licet</strong></span> <span class='ocrx_word' id='word_1_163' title='bbox 2409 869 2638 928; x_wconf 81' lang='lat' dir='ltr'><strong>Romani</strong></span> <span class='ocrx_word' id='word_1_164' title='bbox 2687 869 2920 940; x_wconf 87' lang='lat' dir='ltr'><strong>itnperii,</strong></span> <span class='ocrx_word' id='word_1_165' title='bbox 2966 873 3310 944; x_wconf 81' lang='lat' dir='ltr'><strong>jactarentur.</strong></span> <span class='ocrx_word' id='word_1_166' title='bbox 3357 869 3467 930; x_wconf 89' lang='lat' dir='ltr'><strong>Sub</strong></span> <span class='ocrx_word' id='word_1_167' title='bbox 3512 870 3804 932; x_wconf 83' lang='lat' dir='ltr'><strong>Constantio</strong></span> 
     </span>
    </p>
   </div>
   <div class='ocr_carea' id='block_1_22' title="bbox 2237 961 3802 1033">
    <p class='ocr_par' dir='ltr' id='par_1_22' title="bbox 2237 961 3802 1033">
     <span class='ocr_line' id='line_1_22' title="bbox 2237 961 3802 1033; baseline 0.002 -17"><span class='ocrx_word' id='word_1_168' title='bbox 2237 961 2454 1032; x_wconf 87' lang='lat' dir='ltr'><strong>quidem</strong></span> <span class='ocrx_word' id='word_1_169' title='bbox 2483 977 2545 1017; x_wconf 90' lang='lat' dir='ltr'><strong>ac</strong></span> <span class='ocrx_word' id='word_1_170' title='bbox 2577 963 2678 1020; x_wconf 88' lang='lat' dir='ltr'><strong>sub</strong></span> <span class='ocrx_word' id='word_1_171' title='bbox 2723 963 3099 1029; x_wconf 70' lang='lat' dir='ltr'><strong>Valentiniano</strong></span> <span class='ocrx_word' id='word_1_172' title='bbox 3123 964 3347 1022; x_wconf 89' lang='lat' dir='ltr'><strong>Seninre</strong></span> <span class='ocrx_word' id='word_1_173' title='bbox 3392 962 3616 1032; x_wconf 78' lang='lat' dir='ltr'><strong>aliisque</strong></span> <span class='ocrx_word' id='word_1_174' title='bbox 3649 967 3802 1033; x_wconf 85' lang='lat' dir='ltr'><strong>quarti</strong></span> 
     </span>
    </p>
   </div>
   <div class='ocr_carea' id='block_1_23' title="bbox 2237 1055 3804 1126">
    <p class='ocr_par' dir='ltr' id='par_1_23' title="bbox 2237 1055 3804 1126">
     <span class='ocr_line' id='line_1_23' title="bbox 2237 1055 3804 1126; baseline -0.001 -12"><span class='ocrx_word' id='word_1_175' title='bbox 2237 1056 2421 1114; x_wconf 77' lang='lat' dir='ltr'><strong>saeculi</strong></span> <span class='ocrx_word' id='word_1_176' title='bbox 2456 1057 2806 1126; x_wconf 85' lang='lat' dir='ltr'><strong>principibus,</strong></span> <span class='ocrx_word' id='word_1_177' title='bbox 2835 1056 3099 1120; x_wconf 80' lang='lat' dir='ltr'><strong>barbaros</strong></span> <span class='ocrx_word' id='word_1_178' title='bbox 3126 1055 3356 1118; x_wconf 85' lang='lat' dir='ltr'><strong>subinde</strong></span> <span class='ocrx_word' id='word_1_179' title='bbox 3385 1056 3603 1112; x_wconf 69' lang='lat' dir='ltr'><strong>irruisse</strong></span> <span class='ocrx_word' id='word_1_180' title='bbox 3629 1056 3677 1112; x_wconf 89' lang='lat' dir='ltr'><strong>in</strong></span> <span class='ocrx_word' id='word_1_181' title='bbox 3707 1056 3804 1112; x_wconf 80' lang='lat' dir='ltr'><strong>Bo-</strong></span> 
     </span>
    </p>
   </div>
   <div class='ocr_carea' id='block_1_24' title="bbox 2238 1149 3806 1221">
    <p class='ocr_par' dir='ltr' id='par_1_24' title="bbox 2238 1149 3806 1221">
     <span class='ocr_line' id='line_1_24' title="bbox 2238 1149 3806 1221; baseline 0 -15"><span class='ocrx_word' id='word_1_182' title='bbox 2238 1152 2380 1206; x_wconf 89' lang='lat' dir='ltr'><strong>mani</strong></span> <span class='ocrx_word' id='word_1_183' title='bbox 2426 1152 2643 1220; x_wconf 80' lang='lat' dir='ltr'><strong>imperii</strong></span> <span class='ocrx_word' id='word_1_184' title='bbox 2691 1153 2823 1214; x_wconf 83' lang='lat' dir='ltr'><strong>lines</strong></span> <span class='ocrx_word' id='word_1_185' title='bbox 2855 1151 3080 1221; x_wconf 83' lang='lat' dir='ltr'><strong>legimus</strong></span> <span class='ocrx_word' id='word_1_186' title='bbox 3109 1192 3125 1217; x_wconf 91' lang='lat'><strong>,</strong></span> <span class='ocrx_word' id='word_1_187' title='bbox 3159 1165 3224 1206; x_wconf 80' lang='lat' dir='ltr'><strong>ex</strong></span> <span class='ocrx_word' id='word_1_188' title='bbox 3274 1149 3466 1218; x_wconf 80' lang='lat' dir='ltr'><strong>quibus</strong></span> <span class='ocrx_word' id='word_1_189' title='bbox 3495 1150 3806 1206; x_wconf 52' lang='lat' dir='ltr'><strong>Christianos</strong></span> 
     </span>
    </p>
   </div>
   <div class='ocr_carea' id='block_1_25' title="bbox 2237 1237 3802 1316">
    <p class='ocr_par' dir='ltr' id='par_1_25' title="bbox 2237 1237 3802 1316">
     <span class='ocr_line' id='line_1_25' title="bbox 2237 1237 3802 1316; baseline -0.002 -17"><span class='ocrx_word' id='word_1_190' title='bbox 2237 1245 2305 1302; x_wconf 86' lang='lat' dir='ltr'><strong>ab</strong></span> <span class='ocrx_word' id='word_1_191' title='bbox 2339 1244 2525 1300; x_wconf 86' lang='lat' dir='ltr'><strong>iisdem</strong></span> <span class='ocrx_word' id='word_1_192' title='bbox 2569 1245 2620 1299; x_wconf 92' lang='lat' dir='ltr'><strong>in</strong></span> <span class='ocrx_word' id='word_1_193' title='bbox 2639 1246 3010 1316; x_wconf 78' lang='lat' dir='ltr'><strong>captivitatem</strong></span> <span class='ocrx_word' id='word_1_194' title='bbox 3039 1243 3335 1308; x_wconf 74' lang='lat' dir='ltr'><strong>subductos</strong></span> <span class='ocrx_word' id='word_1_195' title='bbox 3378 1239 3509 1298; x_wconf 87' lang='lat' dir='ltr'><strong>nihil</strong></span> <span class='ocrx_word' id='word_1_196' title='bbox 3537 1237 3676 1297; x_wconf 89' lang='lat' dir='ltr'><strong>dubii</strong></span> <span class='ocrx_word' id='word_1_197' title='bbox 3704 1253 3802 1306; x_wconf 84' lang='lat' dir='ltr'><strong>est;</strong></span> 
     </span>
    </p>
   </div>
   <div class='ocr_carea' id='block_1_26' title="bbox 2238 1333 3808 1410">
    <p class='ocr_par' dir='ltr' id='par_1_26' title="bbox 2238 1333 3808 1410">
     <span class='ocr_line' id='line_1_26' title="bbox 2238 1333 3808 1410; baseline -0.003 -16"><span class='ocrx_word' id='word_1_198' title='bbox 2238 1349 2290 1394; x_wconf 89' lang='lat' dir='ltr'><strong>at</strong></span> <span class='ocrx_word' id='word_1_199' title='bbox 2321 1339 2464 1394; x_wconf 90' lang='lat' dir='ltr'><strong>inter</strong></span> <span class='ocrx_word' id='word_1_200' title='bbox 2493 1339 2669 1394; x_wconf 89' lang='lat' dir='ltr'><strong>varias</strong></span> <span class='ocrx_word' id='word_1_201' title='bbox 2699 1339 2748 1393; x_wconf 89' lang='lat' dir='ltr'><strong>id</strong></span> <span class='ocrx_word' id='word_1_202' title='bbox 2795 1339 3009 1410; x_wconf 86' lang='lat' dir='ltr'><strong>generis</strong></span> <span class='ocrx_word' id='word_1_203' title='bbox 3042 1333 3384 1392; x_wconf 77' lang='lat' dir='ltr'><strong>incursiones</strong></span> <span class='ocrx_word' id='word_1_204' title='bbox 3415 1334 3542 1390; x_wconf 91' lang='lat' dir='ltr'><strong>nulli</strong></span> <span class='ocrx_word' id='word_1_205' title='bbox 3584 1334 3670 1390; x_wconf 89' lang='lat' dir='ltr'><strong>illa</strong></span> <span class='ocrx_word' id='word_1_206' title='bbox 3693 1349 3808 1390; x_wconf 91' lang='lat' dir='ltr'><strong>cou-</strong></span> 
     </span>
    </p>
   </div>
   <div class='ocr_carea' id='block_1_27' title="bbox 2237 1425 3806 1503">
    <p class='ocr_par' dir='ltr' id='par_1_27' title="bbox 2237 1425 3806 1503">
     <span class='ocr_line' id='line_1_27' title="bbox 2237 1425 3806 1503; baseline -0.005 -15"><span class='ocrx_word' id='word_1_207' title='bbox 2237 1447 2429 1503; x_wconf 89' lang='lat' dir='ltr'><strong>gruere</strong></span> <span class='ocrx_word' id='word_1_208' title='bbox 2457 1431 2681 1487; x_wconf 89' lang='lat' dir='ltr'><strong>omnino</strong></span> <span class='ocrx_word' id='word_1_209' title='bbox 2711 1439 2955 1501; x_wconf 89' lang='lat' dir='ltr'><strong>possunt,</strong></span> <span class='ocrx_word' id='word_1_210' title='bbox 2982 1445 3105 1500; x_wconf 73' lang='lat' dir='ltr'><strong>qua:</strong></span> <span class='ocrx_word' id='word_1_211' title='bbox 3139 1429 3208 1486; x_wconf 92' lang='lat' dir='ltr'><strong>ab</strong></span> <span class='ocrx_word' id='word_1_212' title='bbox 3246 1426 3480 1492; x_wconf 81' lang='lat' dir='ltr'><strong>Auctore</strong></span> <span class='ocrx_word' id='word_1_213' title='bbox 3507 1425 3806 1492; x_wconf 87' lang='lat' dir='ltr'><strong>indicantur,</strong></span> 
     </span>
    </p>
   </div>
   <div class='ocr_carea' id='block_1_28' title="bbox 2237 1524 3805 1596">
    <p class='ocr_par' dir='ltr' id='par_1_28' title="bbox 2237 1524 3805 1596">
     <span class='ocr_line' id='line_1_28' title="bbox 2237 1524 3805 1596; baseline -0.006 -15"><span class='ocrx_word' id='word_1_214' title='bbox 2237 1525 2343 1581; x_wconf 89' lang='lat' dir='ltr'><strong>nisi</strong></span> <span class='ocrx_word' id='word_1_215' title='bbox 2372 1524 2422 1579; x_wconf 88' lang='lat' dir='ltr'><strong>ei</strong></span> <span class='ocrx_word' id='word_1_216' title='bbox 2447 1565 2462 1593; x_wconf 91' lang='lat'><strong>,</strong></span> <span class='ocrx_word' id='word_1_217' title='bbox 2491 1541 2611 1596; x_wconf 68' lang='lat' dir='ltr'><strong>quae</strong></span> <span class='ocrx_word' id='word_1_218' title='bbox 2656 1524 3226 1592; x_wconf 83' lang='lat' dir='ltr'><strong>lladrianOpoIitanam</strong></span> <span class='ocrx_word' id='word_1_219' title='bbox 3275 1536 3505 1590; x_wconf 89' lang='lat' dir='ltr'><strong>pugnam</strong></span> <span class='ocrx_word' id='word_1_220' title='bbox 3545 1531 3805 1583; x_wconf 73' lang='lat' dir='ltr'><strong>consecuta</strong></span> 
     </span>
    </p>
   </div>
   <div class='ocr_carea' id='block_1_29' title="bbox 2237 1610 3808 1689">
    <p class='ocr_par' dir='ltr' id='par_1_29' title="bbox 2237 1610 3808 1689">
     <span class='ocr_line' id='line_1_29' title="bbox 2237 1610 3808 1689; baseline -0.006 -15"><span class='ocrx_word' id='word_1_221' title='bbox 2237 1628 2342 1686; x_wconf 86' lang='lat' dir='ltr'><strong>est,</strong></span> <span class='ocrx_word' id='word_1_222' title='bbox 2376 1619 2426 1674; x_wconf 95' lang='lat' dir='ltr'><strong>in</strong></span> <span class='ocrx_word' id='word_1_223' title='bbox 2457 1633 2558 1689; x_wconf 85' lang='lat' dir='ltr'><strong>qua</strong></span> <span class='ocrx_word' id='word_1_224' title='bbox 2595 1633 2698 1672; x_wconf 91' lang='lat' dir='ltr'><strong>una</strong></span> <span class='ocrx_word' id='word_1_225' title='bbox 2729 1632 2850 1674; x_wconf 90' lang='lat' dir='ltr'><strong>eum</strong></span> <span class='ocrx_word' id='word_1_226' title='bbox 2880 1615 3080 1685; x_wconf 89' lang='lat' dir='ltr'><strong>duplici</strong></span> <span class='ocrx_word' id='word_1_227' title='bbox 3104 1615 3376 1674; x_wconf 79' lang='lat' dir='ltr'><strong>exercitus</strong></span> <span class='ocrx_word' id='word_1_228' title='bbox 3410 1623 3556 1682; x_wconf 85' lang='lat' dir='ltr'><strong>parte</strong></span> <span class='ocrx_word' id='word_1_229' title='bbox 3582 1612 3690 1681; x_wconf 79' lang='lat' dir='ltr'><strong>ipse</strong></span> <span class='ocrx_word' id='word_1_230' title='bbox 3722 1610 3808 1668; x_wconf 80' lang='lat' dir='ltr'><strong>Va-</strong></span> 
     </span>
    </p>
   </div>
   <div class='ocr_carea' id='block_1_30' title="bbox 2237 1705 3806 1782">
    <p class='ocr_par' dir='ltr' id='par_1_30' title="bbox 2237 1705 3806 1782">
     <span class='ocr_line' id='line_1_30' title="bbox 2237 1705 3806 1782; baseline -0.003 -16"><span class='ocrx_word' id='word_1_231' title='bbox 2237 1712 2355 1766; x_wconf 71' lang='lat' dir='ltr'><strong>lens</strong></span> <span class='ocrx_word' id='word_1_232' title='bbox 2384 1711 2676 1782; x_wconf 86' lang='lat' dir='ltr'><strong>imperator</strong></span> <span class='ocrx_word' id='word_1_233' title='bbox 2723 1709 3028 1768; x_wconf 89' lang='lat' dir='ltr'><strong>miserrime</strong></span> <span class='ocrx_word' id='word_1_234' title='bbox 3081 1708 3261 1780; x_wconf 88' lang='lat' dir='ltr'><strong>periit.</strong></span> <span class='ocrx_word' id='word_1_235' title='bbox 3311 1707 3534 1763; x_wconf 61' lang='lat' dir='ltr'><strong>Cretera:</strong></span> <span class='ocrx_word' id='word_1_236' title='bbox 3565 1705 3806 1775; x_wconf 86' lang='lat' dir='ltr'><strong>siquidem</strong></span> 
     </span>
    </p>
   </div>
   <div class='ocr_carea' id='block_1_31' title="bbox 536 1798 2134 1874">
    <p class='ocr_par' dir='ltr' id='par_1_31' title="bbox 536 1798 2130 1872">
     <span class='ocr_line' id='line_1_31' title="bbox 536 1798 2130 1872; baseline -0.004 -14"><span class='ocrx_word' id='word_1_237' title='bbox 536 1803 716 1872; x_wconf 70' lang='lat' dir='ltr'><strong>verbis</strong></span> <span class='ocrx_word' id='word_1_238' title='bbox 759 1802 1089 1872; x_wconf 80' lang='lat' dir='ltr'><strong>excerpserit</strong></span> <span class='ocrx_word' id='word_1_239' title='bbox 1117 1843 1131 1868; x_wconf 90' lang='lat'><strong>,</strong></span> <span class='ocrx_word' id='word_1_240' title='bbox 1163 1811 1285 1872; x_wconf 88' lang='lat' dir='ltr'><strong>post</strong></span> <span class='ocrx_word' id='word_1_241' title='bbox 1328 1798 1562 1858; x_wconf 88' lang='lat' dir='ltr'><strong>medium</strong></span> <span class='ocrx_word' id='word_1_242' title='bbox 1590 1809 1842 1871; x_wconf 83' lang='lat' dir='ltr'><strong>quartum</strong></span> <span class='ocrx_word' id='word_1_243' title='bbox 1873 1799 2130 1860; x_wconf 65' lang='lat' dir='ltr'><strong>sarculum</strong></span> 
     </span>
    </p>
   </div>
   <div class='ocr_carea' id='block_1_32' title="bbox 2240 1798 3808 1874">
    <p class='ocr_par' dir='ltr' id='par_1_32' title="bbox 2240 1798 3808 1874">
     <span class='ocr_line' id='line_1_32' title="bbox 2240 1798 3808 1874; baseline -0.008 -11"><span class='ocrx_word' id='word_1_244' title='bbox 2240 1807 2598 1874; x_wconf 80' lang='lat' dir='ltr'><strong>incursiones,</strong></span> <span class='ocrx_word' id='word_1_245' title='bbox 2630 1814 2687 1862; x_wconf 90' lang='lat' dir='ltr'><strong>nt</strong></span> <span class='ocrx_word' id='word_1_246' title='bbox 2714 1821 2782 1862; x_wconf 80' lang='lat' dir='ltr'><strong>ex</strong></span> <span class='ocrx_word' id='word_1_247' title='bbox 2807 1803 3121 1860; x_wconf 77' lang='lat' dir='ltr'><strong>Marcellino</strong></span> <span class='ocrx_word' id='word_1_248' title='bbox 3148 1802 3390 1873; x_wconf 84' lang='lat' dir='ltr'><strong>singulas</strong></span> <span class='ocrx_word' id='word_1_249' title='bbox 3435 1810 3678 1866; x_wconf 85' lang='lat' dir='ltr'><strong>accurate</strong></span> <span class='ocrx_word' id='word_1_250' title='bbox 3703 1798 3808 1862; x_wconf 77' lang='lat' dir='ltr'><strong>des-</strong></span> 
     </span>
    </p>
   </div>
   <div class='ocr_carea' id='block_1_33' title="bbox 535 1889 2133 1980">
    <p class='ocr_par' dir='ltr' id='par_1_33' title="bbox 535 1889 2133 1980">
     <span class='ocr_line' id='line_1_33' title="bbox 535 1889 2133 1980; baseline -0.002 -32"><span class='ocrx_word' id='word_1_251' title='bbox 535 1894 882 1964; x_wconf 78' lang='lat' dir='ltr'><strong>collurandus</strong></span> <span class='ocrx_word' id='word_1_252' title='bbox 911 1903 1023 1980; x_wconf 66' lang='lat' dir='ltr'><strong>est,</strong></span> <span class='ocrx_word' id='word_1_253' title='bbox 1068 1893 1212 1968; x_wconf 85' lang='lat' dir='ltr'><strong>quod</strong></span> <span class='ocrx_word' id='word_1_254' title='bbox 1255 1893 1512 1966; x_wconf 77' lang='lat' dir='ltr'><strong>temporis</strong></span> <span class='ocrx_word' id='word_1_255' title='bbox 1557 1892 1814 1950; x_wconf 90' lang='lat' dir='ltr'><strong>limitibus</strong></span> <span class='ocrx_word' id='word_1_256' title='bbox 1867 1889 2133 1959; x_wconf 84' lang='lat' dir='ltr'><strong>superiori</strong></span> 
     </span>
    </p>
   </div>
   <div class='ocr_carea' id='block_1_34' title="bbox 533 1985 2133 2062">
    <p class='ocr_par' dir='ltr' id='par_1_34' title="bbox 533 1985 2133 2062">
     <span class='ocr_line' id='line_1_34' title="bbox 533 1985 2133 2062; baseline -0.004 -16"><span class='ocrx_word' id='word_1_257' title='bbox 533 1989 873 2062; x_wconf 75' lang='lat' dir='ltr'><strong>paragrapho.</strong></span> <span class='ocrx_word' id='word_1_258' title='bbox 915 1990 1105 2060; x_wconf 79' lang='lat' dir='ltr'><strong>positis</strong></span> <span class='ocrx_word' id='word_1_259' title='bbox 1137 1991 1333 2048; x_wconf 89' lang='lat' dir='ltr'><strong>mirum</strong></span> <span class='ocrx_word' id='word_1_260' title='bbox 1364 1989 1418 2043; x_wconf 94' lang='lat' dir='ltr'><strong>in</strong></span> <span class='ocrx_word' id='word_1_261' title='bbox 1463 1989 1678 2042; x_wconf 91' lang='lat' dir='ltr'><strong>modum</strong></span> <span class='ocrx_word' id='word_1_262' title='bbox 1713 1985 2026 2056; x_wconf 86' lang='lat' dir='ltr'><strong>respondet.</strong></span> <span class='ocrx_word' id='word_1_263' title='bbox 2052 1985 2133 2040; x_wconf 83' lang='lat' dir='ltr'><strong>Ad</strong></span> 
     </span>
    </p>
   </div>
   <div class='ocr_carea' id='block_1_35' title="bbox 533 2078 2134 2156">
    <p class='ocr_par' dir='ltr' id='par_1_35' title="bbox 533 2078 2134 2156">
     <span class='ocr_line' id='line_1_35' title="bbox 533 2078 2134 2156; baseline 0.001 -21"><span class='ocrx_word' id='word_1_264' title='bbox 533 2093 785 2151; x_wconf 86' lang='lat' dir='ltr'><strong>quartum</strong></span> <span class='ocrx_word' id='word_1_265' title='bbox 852 2096 1015 2156; x_wconf 88' lang='lat' dir='ltr'><strong>porro</strong></span> <span class='ocrx_word' id='word_1_266' title='bbox 1077 2080 1334 2142; x_wconf 61' lang='lat' dir='ltr'><strong>saeculum</strong></span> <span class='ocrx_word' id='word_1_267' title='bbox 1375 2078 1721 2136; x_wconf 86' lang='lat' dir='ltr'><strong>statuendum</strong></span> <span class='ocrx_word' id='word_1_268' title='bbox 1769 2079 2134 2136; x_wconf 84' lang='lat' dir='ltr'><strong>conducerent</strong></span> 
     </span>
    </p>
   </div>
   <div class='ocr_carea' id='block_1_36' title="bbox 533 2170 2135 2245">
    <p class='ocr_par' dir='ltr' id='par_1_36' title="bbox 533 2170 2135 2245">
     <span class='ocr_line' id='line_1_36' title="bbox 533 2170 2135 2245; baseline -0.001 -17"><span class='ocrx_word' id='word_1_269' title='bbox 533 2175 718 2241; x_wconf 89' lang='lat' dir='ltr'><strong>etiam,</strong></span> <span class='ocrx_word' id='word_1_270' title='bbox 739 2190 858 2245; x_wconf 78' lang='lat' dir='ltr'><strong>qua:</strong></span> <span class='ocrx_word' id='word_1_271' title='bbox 887 2173 955 2230; x_wconf 93' lang='lat' dir='ltr'><strong>de</strong></span> <span class='ocrx_word' id='word_1_272' title='bbox 985 2173 1250 2228; x_wconf 89' lang='lat' dir='ltr'><strong>Lactantii</strong></span> <span class='ocrx_word' id='word_1_273' title='bbox 1275 2175 1572 2230; x_wconf 85' lang='lat' dir='ltr'><strong>imitatione</strong></span> <span class='ocrx_word' id='word_1_274' title='bbox 1600 2171 1789 2228; x_wconf 89' lang='lat' dir='ltr'><strong>eodem</strong></span> <span class='ocrx_word' id='word_1_275' title='bbox 1821 2189 1940 2243; x_wconf 85' lang='lat' dir='ltr'><strong>cap.</strong></span> <span class='ocrx_word' id='word_1_276' title='bbox 1967 2173 2018 2237; x_wconf 88' lang='grc'><strong>1,</strong></span> <span class='ocrx_word' id='word_1_277' title='bbox 2047 2170 2074 2244; x_wconf 85' lang='lat'>§</span> <span class='ocrx_word' id='word_1_278' title='bbox 2099 2170 2135 2226; x_wconf 67' lang='lat'><strong>2</strong></span> 
     </span>
    </p>
   </div>
   <div class='ocr_carea' id='block_1_37' title="bbox 531 2264 2135 2340">
    <p class='ocr_par' dir='ltr' id='par_1_37' title="bbox 531 2264 2135 2340">
     <span class='ocr_line' id='line_1_37' title="bbox 531 2264 2135 2340; baseline 0.001 -21"><span class='ocrx_word' id='word_1_279' title='bbox 531 2265 836 2330; x_wconf 86' lang='lat' dir='ltr'><strong>innuimus,</strong></span> <span class='ocrx_word' id='word_1_280' title='bbox 869 2281 991 2322; x_wconf 80' lang='lat' dir='ltr'><strong>cum</strong></span> <span class='ocrx_word' id='word_1_281' title='bbox 1025 2265 1091 2322; x_wconf 88' lang='lat' dir='ltr'><strong>ad</strong></span> <span class='ocrx_word' id='word_1_282' title='bbox 1121 2272 1372 2340; x_wconf 87' lang='lat' dir='ltr'><strong>quartum</strong></span> <span class='ocrx_word' id='word_1_283' title='bbox 1395 2279 1608 2336; x_wconf 88' lang='lat' dir='ltr'><strong>quoque</strong></span> <span class='ocrx_word' id='word_1_284' title='bbox 1629 2266 1883 2320; x_wconf 66' lang='lat' dir='ltr'><strong>saeculum</strong></span> <span class='ocrx_word' id='word_1_285' title='bbox 1907 2264 2135 2320; x_wconf 87' lang='lat' dir='ltr'><strong>Lactan-</strong></span> 
     </span>
    </p>
   </div>
   <div class='ocr_carea' id='block_1_38' title="bbox 535 2356 2130 2432">
    <p class='ocr_par' dir='ltr' id='par_1_38' title="bbox 535 2356 2130 2432">
     <span class='ocr_line' id='line_1_38' title="bbox 535 2356 2130 2432; baseline -0.001 -17"><span class='ocrx_word' id='word_1_286' title='bbox 535 2361 640 2422; x_wconf 89' lang='lat' dir='ltr'><strong>tius</strong></span> <span class='ocrx_word' id='word_1_287' title='bbox 678 2363 964 2432; x_wconf 84' lang='lat' dir='ltr'><strong>pertineat.</strong></span> <span class='ocrx_word' id='word_1_288' title='bbox 998 2359 1069 2416; x_wconf 84' lang='lat' dir='ltr'><strong>At</strong></span> <span class='ocrx_word' id='word_1_289' title='bbox 1108 2377 1229 2415; x_wconf 91' lang='lat' dir='ltr'><strong>cum</strong></span> <span class='ocrx_word' id='word_1_290' title='bbox 1258 2360 1486 2418; x_wconf 89' lang='lat' dir='ltr'><strong>imitatio</strong></span> <span class='ocrx_word' id='word_1_291' title='bbox 1515 2356 1698 2415; x_wconf 81' lang='lat' dir='ltr'><strong>Hilarii</strong></span> <span class='ocrx_word' id='word_1_292' title='bbox 1731 2360 1932 2422; x_wconf 83' lang='lat' dir='ltr'><strong>arctius</strong></span> <span class='ocrx_word' id='word_1_293' title='bbox 1961 2367 2016 2414; x_wconf 91' lang='lat' dir='ltr'><strong>et</strong></span> <span class='ocrx_word' id='word_1_294' title='bbox 2044 2376 2130 2414; x_wconf 84' lang='lat' dir='ltr'><strong>se-</strong></span> 
     </span>
    </p>
   </div>
   <div class='ocr_carea' id='block_1_39' title="bbox 534 2455 2132 2527">
    <p class='ocr_par' dir='ltr' id='par_1_39' title="bbox 534 2455 2132 2527">
     <span class='ocr_line' id='line_1_39' title="bbox 534 2455 2132 2527; baseline 0 -15"><span class='ocrx_word' id='word_1_295' title='bbox 534 2456 648 2512; x_wconf 89' lang='lat' dir='ltr'><strong>rius</strong></span> <span class='ocrx_word' id='word_1_296' title='bbox 681 2464 891 2526; x_wconf 89' lang='lat' dir='ltr'><strong>tempus</strong></span> <span class='ocrx_word' id='word_1_297' title='bbox 921 2455 1244 2527; x_wconf 85' lang='lat' dir='ltr'><strong>prospiciat,</strong></span> <span class='ocrx_word' id='word_1_298' title='bbox 1271 2472 1336 2512; x_wconf 77' lang='lat' dir='ltr'><strong>ex</strong></span> <span class='ocrx_word' id='word_1_299' title='bbox 1368 2470 1429 2512; x_wconf 88' lang='lat' dir='ltr'><strong>ea</strong></span> <span class='ocrx_word' id='word_1_300' title='bbox 1463 2455 1563 2510; x_wconf 90' lang='lat' dir='ltr'><strong>hoc</strong></span> <span class='ocrx_word' id='word_1_301' title='bbox 1607 2456 1729 2512; x_wconf 90' lang='lat' dir='ltr'><strong>loco</strong></span> <span class='ocrx_word' id='word_1_302' title='bbox 1754 2466 2132 2526; x_wconf 76' lang='lat' dir='ltr'><strong>argumentum</strong></span> 
     </span>
    </p>
   </div>
   <div class='ocr_carea' id='block_1_40' title="bbox 531 2548 2131 2621">
    <p class='ocr_par' dir='ltr' id='par_1_40' title="bbox 531 2548 2131 2621">
     <span class='ocr_line' id='line_1_40' title="bbox 531 2548 2131 2621; baseline -0.003 -15"><span class='ocrx_word' id='word_1_303' title='bbox 531 2549 802 2620; x_wconf 70' lang='lat' dir='ltr'><strong>praecipue</strong></span> <span class='ocrx_word' id='word_1_304' title='bbox 829 2549 1136 2608; x_wconf 87' lang='lat' dir='ltr'><strong>ducendum</strong></span> <span class='ocrx_word' id='word_1_305' title='bbox 1171 2551 1271 2605; x_wconf 89' lang='lat' dir='ltr'><strong>rati</strong></span> <span class='ocrx_word' id='word_1_306' title='bbox 1299 2565 1487 2610; x_wconf 90' lang='lat' dir='ltr'><strong>sumus</strong></span> <span class='ocrx_word' id='word_1_307' title='bbox 1521 2567 1534 2604; x_wconf 90' lang='lat'><strong>:</strong></span> <span class='ocrx_word' id='word_1_308' title='bbox 1569 2549 1712 2621; x_wconf 88' lang='lat' dir='ltr'><strong>quod</strong></span> <span class='ocrx_word' id='word_1_309' title='bbox 1741 2548 1878 2604; x_wconf 87' lang='lat' dir='ltr'><strong>adeo</strong></span> <span class='ocrx_word' id='word_1_310' title='bbox 1909 2557 1992 2604; x_wconf 91' lang='lat' dir='ltr'><strong>est</strong></span> <span class='ocrx_word' id='word_1_311' title='bbox 2017 2549 2131 2604; x_wconf 62' lang='lat' dir='ltr'><strong>eri.</strong></span> 
     </span>
    </p>
   </div>
   <div class='ocr_carea' id='block_1_41' title="bbox 531 2641 2132 2716">
    <p class='ocr_par' dir='ltr' id='par_1_41' title="bbox 531 2641 2132 2716">
     <span class='ocr_line' id='line_1_41' title="bbox 531 2641 2132 2716; baseline 0 -18"><span class='ocrx_word' id='word_1_312' title='bbox 531 2641 706 2716; x_wconf 78' lang='lat' dir='ltr'><strong>dens,</strong></span> <span class='ocrx_word' id='word_1_313' title='bbox 734 2651 790 2698; x_wconf 92' lang='lat' dir='ltr'><strong>ut</strong></span> <span class='ocrx_word' id='word_1_314' title='bbox 823 2658 983 2698; x_wconf 81' lang='lat' dir='ltr'><strong>nemo</strong></span> <span class='ocrx_word' id='word_1_315' title='bbox 1031 2643 1364 2714; x_wconf 89' lang='lat' dir='ltr'><strong>respondere</strong></span> <span class='ocrx_word' id='word_1_316' title='bbox 1407 2641 1753 2714; x_wconf 88' lang='lat' dir='ltr'><strong>probabiliter</strong></span> <span class='ocrx_word' id='word_1_317' title='bbox 1793 2643 2001 2714; x_wconf 90' lang='lat' dir='ltr'><strong>possit,</strong></span> <span class='ocrx_word' id='word_1_318' title='bbox 2030 2641 2132 2698; x_wconf 90' lang='lat' dir='ltr'><strong>nisi</strong></span> 
     </span>
    </p>
   </div>
   <div class='ocr_carea' id='block_1_42' title="bbox 531 2735 2134 2806">
    <p class='ocr_par' dir='ltr' id='par_1_42' title="bbox 531 2735 2134 2806">
     <span class='ocr_line' id='line_1_42' title="bbox 531 2735 2134 2806; baseline 0 -12"><span class='ocrx_word' id='word_1_319' title='bbox 531 2735 621 2806; x_wconf 86' lang='lat' dir='ltr'><strong>qui</strong></span> <span class='ocrx_word' id='word_1_320' title='bbox 655 2746 766 2792; x_wconf 88' lang='lat' dir='ltr'><strong>tres</strong></span> <span class='ocrx_word' id='word_1_321' title='bbox 788 2736 856 2792; x_wconf 90' lang='lat' dir='ltr'><strong>ab</strong></span> <span class='ocrx_word' id='word_1_322' title='bbox 879 2739 1116 2794; x_wconf 83' lang='lat' dir='ltr'><strong>Auctore</strong></span> <span class='ocrx_word' id='word_1_323' title='bbox 1153 2746 1413 2794; x_wconf 87' lang='lat' dir='ltr'><strong>tractatus</strong></span> <span class='ocrx_word' id='word_1_324' title='bbox 1437 2737 1647 2806; x_wconf 80' lang='lat' dir='ltr'><strong>ableget</strong></span> <span class='ocrx_word' id='word_1_325' title='bbox 1671 2777 1688 2806; x_wconf 87' lang='lat'><strong>,</strong></span> <span class='ocrx_word' id='word_1_326' title='bbox 1709 2746 1764 2791; x_wconf 86' lang='grc' dir='ltr'><strong>ιιι</strong></span> <span class='ocrx_word' id='word_1_327' title='bbox 1795 2736 2001 2794; x_wconf 83' lang='lat' dir='ltr'><strong>Hilario</strong></span> <span class='ocrx_word' id='word_1_328' title='bbox 2039 2737 2134 2794; x_wconf 87' lang='lat' dir='ltr'><strong>tri.-</strong></span> 
     </span>
    </p>
   </div>
   <div class='ocr_carea' id='block_1_43' title="bbox 539 2829 2133 2903">
    <p class='ocr_par' dir='ltr' id='par_1_43' title="bbox 539 2829 2133 2903">
     <span class='ocr_line' id='line_1_43' title="bbox 539 2829 2133 2903; baseline 0.003 -19"><span class='ocrx_word' id='word_1_329' title='bbox 539 2829 668 2888; x_wconf 86' lang='lat' dir='ltr'><strong>huat</strong></span> <span class='ocrx_word' id='word_1_330' title='bbox 696 2845 832 2900; x_wconf 79' lang='lat' dir='ltr'><strong>quos</strong></span> <span class='ocrx_word' id='word_1_331' title='bbox 859 2830 928 2888; x_wconf 87' lang='lat' dir='ltr'><strong>ab</strong></span> <span class='ocrx_word' id='word_1_332' title='bbox 950 2830 1139 2894; x_wconf 79' lang='lat' dir='ltr'><strong>Hilarii</strong></span> <span class='ocrx_word' id='word_1_333' title='bbox 1170 2831 1310 2903; x_wconf 84' lang='lat' dir='ltr'><strong>stylo</strong></span> <span class='ocrx_word' id='word_1_334' title='bbox 1341 2833 1500 2888; x_wconf 86' lang='lat' dir='ltr'><strong>nimis</strong></span> <span class='ocrx_word' id='word_1_335' title='bbox 1528 2841 1713 2902; x_wconf 88' lang='lat' dir='ltr'><strong>aperte</strong></span> <span class='ocrx_word' id='word_1_336' title='bbox 1761 2831 2133 2902; x_wconf 87' lang='lat' dir='ltr'><strong>discrepantes</strong></span> 
     </span>
    </p>
   </div>
   <div class='ocr_carea' id='block_1_44' title="bbox 541 2923 2129 2993">
    <p class='ocr_par' dir='ltr' id='par_1_44' title="bbox 541 2923 2129 2993">
     <span class='ocr_line' id='line_1_44' title="bbox 541 2923 2129 2993; baseline 0.004 -15"><span class='ocrx_word' id='word_1_337' title='bbox 541 2933 833 2993; x_wconf 89' lang='lat' dir='ltr'><strong>nostroque</strong></span> <span class='ocrx_word' id='word_1_338' title='bbox 867 2923 1092 2984; x_wconf 82' lang='lat' dir='ltr'><strong>Auctori</strong></span> <span class='ocrx_word' id='word_1_339' title='bbox 1119 2925 1470 2988; x_wconf 88' lang='lat' dir='ltr'><strong>vindicandos</strong></span> <span class='ocrx_word' id='word_1_340' title='bbox 1515 2925 1712 2984; x_wconf 87' lang='lat' dir='ltr'><strong>ibidem</strong></span> <span class='ocrx_word' id='word_1_341' title='bbox 1752 2925 2129 2988; x_wconf 87' lang='lat' dir='ltr'><strong>ostendimus:</strong></span> 
     </span>
    </p>
   </div>
   <div class='ocr_carea' id='block_1_45' title="bbox 538 3016 2134 3088">
    <p class='ocr_par' dir='ltr' id='par_1_45' title="bbox 538 3016 2134 3088">
     <span class='ocr_line' id='line_1_45' title="bbox 538 3016 2134 3088; baseline 0.002 -16"><span class='ocrx_word' id='word_1_342' title='bbox 538 3016 834 3087; x_wconf 78' lang='lat' dir='ltr'><strong>eademque</strong></span> <span class='ocrx_word' id='word_1_343' title='bbox 848 3017 1058 3078; x_wconf 90' lang='lat' dir='ltr'><strong>ratione</strong></span> <span class='ocrx_word' id='word_1_344' title='bbox 1071 3026 1300 3088; x_wconf 89' lang='lat' dir='ltr'><strong>quatuor</strong></span> <span class='ocrx_word' id='word_1_345' title='bbox 1313 3018 1447 3078; x_wconf 89' lang='lat' dir='ltr'><strong>alios</strong></span> <span class='ocrx_word' id='word_1_346' title='bbox 1461 3026 1718 3078; x_wconf 85' lang='lat' dir='ltr'><strong>tractatus</strong></span> <span class='ocrx_word' id='word_1_347' title='bbox 1733 3018 1928 3080; x_wconf 89' lang='lat' dir='ltr'><strong>ibidem</strong></span> <span class='ocrx_word' id='word_1_348' title='bbox 1945 3033 2134 3076; x_wconf 83' lang='lat' dir='ltr'><strong>recen-</strong></span> 
     </span>
    </p>
   </div>
   <div class='ocr_carea' id='block_1_46' title="bbox 531 3107 2128 3180">
    <p class='ocr_par' dir='ltr' id='par_1_46' title="bbox 531 3107 2128 3180">
     <span class='ocr_line' id='line_1_46' title="bbox 531 3107 2128 3180; baseline 0.003 -16"><span class='ocrx_word' id='word_1_349' title='bbox 531 3111 697 3176; x_wconf 85' lang='lat' dir='ltr'><strong>sitos,</strong></span> <span class='ocrx_word' id='word_1_350' title='bbox 724 3110 776 3168; x_wconf 87' lang='lat' dir='ltr'><strong>in</strong></span> <span class='ocrx_word' id='word_1_351' title='bbox 809 3107 1002 3180; x_wconf 86' lang='lat' dir='ltr'><strong>quibus</strong></span> <span class='ocrx_word' id='word_1_352' title='bbox 1028 3109 1228 3166; x_wconf 79' lang='lat' dir='ltr'><strong>Anetor</strong></span> <span class='ocrx_word' id='word_1_353' title='bbox 1257 3112 1309 3168; x_wconf 87' lang='lat' dir='ltr'><strong>in</strong></span> <span class='ocrx_word' id='word_1_354' title='bbox 1336 3111 1582 3170; x_wconf 86' lang='lat' dir='ltr'><strong>eamdem</strong></span> <span class='ocrx_word' id='word_1_355' title='bbox 1609 3112 1872 3174; x_wconf 87' lang='lat' dir='ltr'><strong>rationem</strong></span> <span class='ocrx_word' id='word_1_356' title='bbox 1900 3113 2128 3172; x_wconf 81' lang='lat' dir='ltr'><strong>Lactan-</strong></span> 
     </span>
    </p>
   </div>
   <div class='ocr_carea' id='block_1_47' title="bbox 2237 1891 3808 1970">
    <p class='ocr_par' dir='ltr' id='par_1_47' title="bbox 2237 1891 3808 1970">
     <span class='ocr_line' id='line_1_47' title="bbox 2237 1891 3808 1970; baseline -0.006 -12"><span class='ocrx_word' id='word_1_357' title='bbox 2237 1903 2479 1958; x_wconf 76' lang='lat' dir='ltr'><strong>Criliente</strong></span> <span class='ocrx_word' id='word_1_358' title='bbox 2507 1899 2904 1970; x_wconf 78' lang='lat' dir='ltr'><strong>cognoscimus,</strong></span> <span class='ocrx_word' id='word_1_359' title='bbox 2932 1898 3079 1954; x_wconf 84' lang='lat' dir='ltr'><strong>leves</strong></span> <span class='ocrx_word' id='word_1_360' title='bbox 3103 1905 3158 1952; x_wconf 90' lang='lat' dir='ltr'><strong>et</strong></span> <span class='ocrx_word' id='word_1_361' title='bbox 3181 1895 3394 1964; x_wconf 81' lang='lat' dir='ltr'><strong>angusti</strong></span> <span class='ocrx_word' id='word_1_362' title='bbox 3417 1891 3575 1963; x_wconf 85' lang='lat' dir='ltr'><strong>spatii</strong></span> <span class='ocrx_word' id='word_1_363' title='bbox 3598 1892 3808 1956; x_wconf 84' lang='lat' dir='ltr'><strong>inerunt,</strong></span> 
     </span>
    </p>
   </div>
   <div class='ocr_carea' id='block_1_48' title="bbox 2239 1983 3811 2064">
    <p class='ocr_par' dir='ltr' id='par_1_48' title="bbox 2239 1983 3811 2064">
     <span class='ocr_line' id='line_1_48' title="bbox 2239 1983 3811 2064; baseline -0.006 -18"><span class='ocrx_word' id='word_1_364' title='bbox 2239 2009 2337 2048; x_wconf 88' lang='lat' dir='ltr'><strong>nec</strong></span> <span class='ocrx_word' id='word_1_365' title='bbox 2366 1992 2603 2064; x_wconf 88' lang='lat' dir='ltr'><strong>integras</strong></span> <span class='ocrx_word' id='word_1_366' title='bbox 2637 1992 2944 2063; x_wconf 85' lang='lat' dir='ltr'><strong>provincias</strong></span> <span class='ocrx_word' id='word_1_367' title='bbox 2975 1988 3296 2059; x_wconf 63' lang='lat' dir='ltr'><strong>depraedatm</strong></span> <span class='ocrx_word' id='word_1_368' title='bbox 3324 1993 3487 2051; x_wconf 87' lang='lat' dir='ltr'><strong>sunt,</strong></span> <span class='ocrx_word' id='word_1_369' title='bbox 3518 1983 3765 2052; x_wconf 88' lang='lat' dir='ltr'><strong>citiusque</strong></span> <span class='ocrx_word' id='word_1_370' title='bbox 3785 1996 3811 2048; x_wconf 79' lang='lat' dir='ltr'><strong>tt</strong></span> 
     </span>
    </p>
   </div>
   <div class='ocr_carea' id='block_1_49' title="bbox 2239 2082 3812 2156">
    <p class='ocr_par' dir='ltr' id='par_1_49' title="bbox 2239 2082 3812 2156">
     <span class='ocr_line' id='line_1_49' title="bbox 2239 2082 3812 2156; baseline -0.004 -16"><span class='ocrx_word' id='word_1_371' title='bbox 2239 2086 2496 2144; x_wconf 82' lang='lat' dir='ltr'><strong>Romanis</strong></span> <span class='ocrx_word' id='word_1_372' title='bbox 2521 2085 2738 2156; x_wconf 64' lang='lat' dir='ltr'><strong>sopitas,</strong></span> <span class='ocrx_word' id='word_1_373' title='bbox 2783 2082 3031 2144; x_wconf 83' lang='lat' dir='ltr'><strong>barbaris</strong></span> <span class='ocrx_word' id='word_1_374' title='bbox 3061 2083 3382 2153; x_wconf 85' lang='lat' dir='ltr'><strong>plerumque</strong></span> <span class='ocrx_word' id='word_1_375' title='bbox 3429 2093 3612 2150; x_wconf 86' lang='lat' dir='ltr'><strong>pacem</strong></span> <span class='ocrx_word' id='word_1_376' title='bbox 3651 2084 3812 2147; x_wconf 83' lang='lat' dir='ltr'><strong>petere</strong></span> 
     </span>
    </p>
   </div>
   <div class='ocr_carea' id='block_1_50' title="bbox 2236 2164 3812 2244">
    <p class='ocr_par' dir='ltr' id='par_1_50' title="bbox 2236 2164 3812 2244">
     <span class='ocr_line' id='line_1_50' title="bbox 2236 2164 3812 2244; baseline -0.009 -10"><span class='ocrx_word' id='word_1_377' title='bbox 2236 2179 2439 2234; x_wconf 83' lang='lat' dir='ltr'><strong>enactis</strong></span> <span class='ocrx_word' id='word_1_378' title='bbox 2467 2193 2528 2234; x_wconf 87' lang='lat' dir='ltr'><strong>ea</strong></span> <span class='ocrx_word' id='word_1_379' title='bbox 2555 2177 2866 2236; x_wconf 88' lang='lat' dir='ltr'><strong>conditione</strong></span> <span class='ocrx_word' id='word_1_380' title='bbox 2897 2185 2953 2229; x_wconf 93' lang='lat' dir='ltr'><strong>ut</strong></span> <span class='ocrx_word' id='word_1_381' title='bbox 2975 2174 3218 2244; x_wconf 89' lang='lat' dir='ltr'><strong>captivos</strong></span> <span class='ocrx_word' id='word_1_382' title='bbox 3276 2173 3330 2228; x_wconf 94' lang='lat' dir='ltr'><strong>in</strong></span> <span class='ocrx_word' id='word_1_383' title='bbox 3373 2172 3635 2240; x_wconf 84' lang='lat' dir='ltr'><strong>integrum</strong></span> <span class='ocrx_word' id='word_1_384' title='bbox 3673 2164 3812 2221; x_wconf 76' lang='lat' dir='ltr'><strong>resd-</strong></span> 
     </span>
    </p>
   </div>
   <div class='ocr_carea' id='block_1_51' title="bbox 2237 2257 3809 2340">
    <p class='ocr_par' dir='ltr' id='par_1_51' title="bbox 2237 2257 3809 2340">
     <span class='ocr_line' id='line_1_51' title="bbox 2237 2257 3809 2340; baseline -0.008 -14"><span class='ocrx_word' id='word_1_385' title='bbox 2237 2279 2470 2333; x_wconf 91' lang='lat' dir='ltr'><strong>tuerent,</strong></span> <span class='ocrx_word' id='word_1_386' title='bbox 2503 2270 2576 2326; x_wconf 89' lang='lat' dir='ltr'><strong>uti</strong></span> <span class='ocrx_word' id='word_1_387' title='bbox 2604 2268 2673 2324; x_wconf 92' lang='lat' dir='ltr'><strong>de</strong></span> <span class='ocrx_word' id='word_1_388' title='bbox 2703 2267 2934 2340; x_wconf 82' lang='lat' dir='ltr'><strong>quadam</strong></span> <span class='ocrx_word' id='word_1_389' title='bbox 2967 2266 3270 2334; x_wconf 89' lang='lat' dir='ltr'><strong>irruptione</strong></span> <span class='ocrx_word' id='word_1_390' title='bbox 3305 2263 3411 2320; x_wconf 86' lang='lat' dir='ltr'><strong>sub</strong></span> <span class='ocrx_word' id='word_1_391' title='bbox 3438 2261 3647 2318; x_wconf 73' lang='lat' dir='ltr'><strong>Iuliano</strong></span> <span class='ocrx_word' id='word_1_392' title='bbox 3672 2257 3809 2326; x_wconf 75' lang='lat' dir='ltr'><strong>Zosi-</strong></span> 
     </span>
    </p>
   </div>
   <div class='ocr_carea' id='block_1_52' title="bbox 2237 2347 3814 2434">
    <p class='ocr_par' dir='ltr' id='par_1_52' title="bbox 2237 2347 3814 2434">
     <span class='ocr_line' id='line_1_52' title="bbox 2237 2347 3814 2434; baseline -0.01 -15"><span class='ocrx_word' id='word_1_393' title='bbox 2237 2379 2358 2418; x_wconf 90' lang='lat' dir='ltr'><strong>mus</strong></span> <span class='ocrx_word' id='word_1_394' title='bbox 2379 2377 2643 2434; x_wconf 77' lang='lat' dir='ltr'><strong>expresse</strong></span> <span class='ocrx_word' id='word_1_395' title='bbox 2670 2360 2906 2432; x_wconf 89' lang='lat' dir='ltr'><strong>prodidit</strong></span> <span class='ocrx_word' id='word_1_396' title='bbox 2935 2360 3028 2414; x_wconf 92' lang='lat' dir='ltr'><strong>lib.</strong></span> <span class='ocrx_word' id='word_1_397' title='bbox 3081 2373 3162 2422; x_wconf 86' lang='lat' dir='ltr'><strong>Ill,</strong></span> <span class='ocrx_word' id='word_1_398' title='bbox 3193 2372 3312 2430; x_wconf 88' lang='lat' dir='ltr'><strong>cap.</strong></span> <span class='ocrx_word' id='word_1_399' title='bbox 3340 2356 3396 2411; x_wconf 88' lang='grc'><strong>5.</strong></span> <span class='ocrx_word' id='word_1_400' title='bbox 3428 2357 3497 2410; x_wconf 79' lang='lat' dir='ltr'><strong>At</strong></span> <span class='ocrx_word' id='word_1_401' title='bbox 3539 2366 3641 2408; x_wconf 92' lang='lat' dir='ltr'><strong>non</strong></span> <span class='ocrx_word' id='word_1_402' title='bbox 3669 2351 3732 2408; x_wconf 88' lang='lat' dir='ltr'><strong>ita</strong></span> <span class='ocrx_word' id='word_1_403' title='bbox 3755 2347 3814 2404; x_wconf 84' lang='lat' dir='ltr'><strong>de</strong></span> 
     </span>
    </p>
   </div>
   <div class='ocr_carea' id='block_1_53' title="bbox 2237 2439 3811 2524">
    <p class='ocr_par' dir='ltr' id='par_1_53' title="bbox 2237 2439 3811 2524">
     <span class='ocr_line' id='line_1_53' title="bbox 2237 2439 3811 2524; baseline -0.011 -13"><span class='ocrx_word' id='word_1_404' title='bbox 2237 2455 2327 2511; x_wconf 92' lang='lat' dir='ltr'><strong>illa</strong></span> <span class='ocrx_word' id='word_1_405' title='bbox 2355 2495 2371 2518; x_wconf 93' lang='lat'><strong>,</strong></span> <span class='ocrx_word' id='word_1_406' title='bbox 2402 2469 2562 2524; x_wconf 89' lang='lat' dir='ltr'><strong>quam</strong></span> <span class='ocrx_word' id='word_1_407' title='bbox 2597 2452 2811 2509; x_wconf 84' lang='lat' dir='ltr'><strong>Valenti</strong></span> <span class='ocrx_word' id='word_1_408' title='bbox 2863 2450 3086 2506; x_wconf 83' lang='lat' dir='ltr'><strong>feralem</strong></span> <span class='ocrx_word' id='word_1_409' title='bbox 3132 2449 3395 2510; x_wconf 85' lang='lat' dir='ltr'><strong>diximus.</strong></span> <span class='ocrx_word' id='word_1_410' title='bbox 3443 2445 3521 2501; x_wconf 82' lang='lat' dir='ltr'><strong>Ex</strong></span> <span class='ocrx_word' id='word_1_411' title='bbox 3569 2439 3811 2499; x_wconf 78' lang='lat' dir='ltr'><strong>Atnniiani</strong></span> 
     </span>
    </p>
   </div>
   <div class='ocr_carea' id='block_1_54' title="bbox 2236 2542 3592 2613">
    <p class='ocr_par' dir='ltr' id='par_1_54' title="bbox 2236 2542 3592 2613">
     <span class='ocr_line' id='line_1_54' title="bbox 2236 2542 3592 2613; baseline -0.01 -9"><span class='ocrx_word' id='word_1_412' title='bbox 2236 2545 2532 2604; x_wconf 88' lang='lat' dir='ltr'><strong>Marcellini</strong></span> <span class='ocrx_word' id='word_1_413' title='bbox 2562 2545 2654 2600; x_wconf 91' lang='lat' dir='ltr'><strong>lib.</strong></span> <span class='ocrx_word' id='word_1_414' title='bbox 2690 2561 2811 2599; x_wconf 79' lang='lat' dir='ltr'><strong>xxxi</strong></span> <span class='ocrx_word' id='word_1_415' title='bbox 2841 2561 2951 2598; x_wconf 90' lang='lat' dir='ltr'><strong>rem</strong></span> <span class='ocrx_word' id='word_1_416' title='bbox 2986 2545 3169 2613; x_wconf 89' lang='lat' dir='ltr'><strong>paucis</strong></span> <span class='ocrx_word' id='word_1_417' title='bbox 3195 2542 3592 2596; x_wconf 88' lang='lat' dir='ltr'><strong>describamus.</strong></span> 
     </span>
    </p>
   </div>
   <div class='ocr_carea' id='block_1_55' title="bbox 2306 2631 3811 2708">
    <p class='ocr_par' dir='ltr' id='par_1_55' title="bbox 2306 2631 3811 2708">
     <span class='ocr_line' id='line_1_55' title="bbox 2306 2631 3811 2708; baseline -0.011 -12"><span class='ocrx_word' id='word_1_418' title='bbox 2306 2639 2440 2708; x_wconf 86' lang='lat' dir='ltr'><strong>Cum</strong></span> <span class='ocrx_word' id='word_1_419' title='bbox 2466 2639 2641 2695; x_wconf 90' lang='lat' dir='ltr'><strong>Hunni</strong></span> <span class='ocrx_word' id='word_1_420' title='bbox 2671 2637 2970 2694; x_wconf 82' lang='lat' dir='ltr'><strong>Gothorum</strong></span> <span class='ocrx_word' id='word_1_421' title='bbox 2994 2637 3144 2708; x_wconf 84' lang='lat' dir='ltr'><strong>genti</strong></span> <span class='ocrx_word' id='word_1_422' title='bbox 3173 2635 3482 2690; x_wconf 88' lang='lat' dir='ltr'><strong>vastitatetn</strong></span> <span class='ocrx_word' id='word_1_423' title='bbox 3509 2631 3811 2691; x_wconf 88' lang='lat' dir='ltr'><strong>intulissent,</strong></span> 
     </span>
    </p>
   </div>
   <div class='ocr_carea' id='block_1_56' title="bbox 2236 2723 3812 2802">
    <p class='ocr_par' dir='ltr' id='par_1_56' title="bbox 2236 2723 3812 2802">
     <span class='ocr_line' id='line_1_56' title="bbox 2236 2723 3812 2802; baseline -0.01 -14"><span class='ocrx_word' id='word_1_424' title='bbox 2236 2733 2288 2788; x_wconf 91' lang='lat' dir='ltr'><strong>hi</strong></span> <span class='ocrx_word' id='word_1_425' title='bbox 2323 2743 2383 2794; x_wconf 93' lang='lat' dir='ltr'><strong>ut</strong></span> <span class='ocrx_word' id='word_1_426' title='bbox 2424 2732 2738 2788; x_wconf 86' lang='lat' dir='ltr'><strong>Hunnorum</strong></span> <span class='ocrx_word' id='word_1_427' title='bbox 2793 2731 3050 2800; x_wconf 90' lang='lat' dir='ltr'><strong>impetum</strong></span> <span class='ocrx_word' id='word_1_428' title='bbox 3089 2727 3458 2802; x_wconf 67' lang='lat' dir='ltr'><strong>dill‘ugerent,</strong></span> <span class='ocrx_word' id='word_1_429' title='bbox 3508 2723 3812 2786; x_wconf 85' lang='lat' dir='ltr'><strong>domicilium</strong></span> 
     </span>
    </p>
   </div>
   <div class='ocr_carea' id='block_1_57' title="bbox 2235 2815 3814 2896">
    <p class='ocr_par' dir='ltr' id='par_1_57' title="bbox 2235 2815 3814 2896">
     <span class='ocr_line' id='line_1_57' title="bbox 2235 2815 3814 2896; baseline -0.008 -15"><span class='ocrx_word' id='word_1_430' title='bbox 2235 2827 2303 2881; x_wconf 88' lang='lat' dir='ltr'><strong>ab</strong></span> <span class='ocrx_word' id='word_1_431' title='bbox 2333 2828 2477 2884; x_wconf 91' lang='lat' dir='ltr'><strong>omni</strong></span> <span class='ocrx_word' id='word_1_432' title='bbox 2505 2826 2717 2886; x_wconf 89' lang='lat' dir='ltr'><strong>illorum</strong></span> <span class='ocrx_word' id='word_1_433' title='bbox 2745 2824 2932 2882; x_wconf 87' lang='lat' dir='ltr'><strong>notitia</strong></span> <span class='ocrx_word' id='word_1_434' title='bbox 2966 2830 3231 2878; x_wconf 89' lang='lat' dir='ltr'><strong>remotum</strong></span> <span class='ocrx_word' id='word_1_435' title='bbox 3255 2819 3560 2896; x_wconf 60' lang='lat' dir='ltr'><strong>quaesituri,</strong></span> <span class='ocrx_word' id='word_1_436' title='bbox 3595 2819 3644 2872; x_wconf 92' lang='lat' dir='ltr'><strong>in</strong></span> <span class='ocrx_word' id='word_1_437' title='bbox 3667 2815 3814 2870; x_wconf 85' lang='lat' dir='ltr'><strong>Thra-</strong></span> 
     </span>
    </p>
   </div>
   <div class='ocr_carea' id='block_1_58' title="bbox 2236 2906 3815 2987">
    <p class='ocr_par' dir='ltr' id='par_1_58' title="bbox 2236 2906 3815 2987">
     <span class='ocr_line' id='line_1_58' title="bbox 2236 2906 3815 2987; baseline -0.009 -13"><span class='ocrx_word' id='word_1_438' title='bbox 2236 2919 2373 2974; x_wconf 90' lang='lat' dir='ltr'><strong>ciam</strong></span> <span class='ocrx_word' id='word_1_439' title='bbox 2421 2933 2542 2974; x_wconf 83' lang='lat' dir='ltr'><strong>sese</strong></span> <span class='ocrx_word' id='word_1_440' title='bbox 2587 2915 2828 2986; x_wconf 87' lang='lat' dir='ltr'><strong>recipere</strong></span> <span class='ocrx_word' id='word_1_441' title='bbox 2878 2915 3207 2987; x_wconf 79' lang='lat' dir='ltr'><strong>cogitarunt.</strong></span> <span class='ocrx_word' id='word_1_442' title='bbox 3265 2912 3588 2968; x_wconf 90' lang='lat' dir='ltr'><strong>Oratoribus</strong></span> <span class='ocrx_word' id='word_1_443' title='bbox 3631 2908 3694 2964; x_wconf 91' lang='lat' dir='ltr'><strong>ad</strong></span> <span class='ocrx_word' id='word_1_444' title='bbox 3722 2906 3815 2961; x_wconf 67' lang='lat' dir='ltr'><strong>Va-</strong></span> 
     </span>
    </p>
   </div>
   <div class='ocr_carea' id='block_1_59' title="bbox 2237 2999 3813 3082">
    <p class='ocr_par' dir='ltr' id='par_1_59' title="bbox 2237 2999 3813 3082">
     <span class='ocr_line' id='line_1_59' title="bbox 2237 2999 3813 3082; baseline -0.009 -16"><span class='ocrx_word' id='word_1_445' title='bbox 2237 3011 2440 3080; x_wconf 84' lang='lat' dir='ltr'><strong>lentem</strong></span> <span class='ocrx_word' id='word_1_446' title='bbox 2467 3010 2670 3076; x_wconf 77' lang='lat' dir='ltr'><strong>missis,</strong></span> <span class='ocrx_word' id='word_1_447' title='bbox 2706 3011 2870 3064; x_wconf 92' lang='lat' dir='ltr'><strong>multa</strong></span> <span class='ocrx_word' id='word_1_448' title='bbox 2895 3008 3277 3082; x_wconf 89' lang='lat' dir='ltr'><strong>pollicentibus</strong></span> <span class='ocrx_word' id='word_1_449' title='bbox 3308 3006 3606 3077; x_wconf 83' lang='lat' dir='ltr'><strong>imperator</strong></span> <span class='ocrx_word' id='word_1_450' title='bbox 3627 2999 3813 3064; x_wconf 86' lang='lat' dir='ltr'><strong>annuit,</strong></span> 
     </span>
    </p>
   </div>
   <div class='ocr_carea' id='block_1_60' title="bbox 2235 3093 3817 3185">
    <p class='ocr_par' dir='ltr' id='par_1_60' title="bbox 2235 3093 3817 3185">
     <span class='ocr_line' id='line_1_60' title="bbox 2235 3093 3817 3185; baseline -0.009 -25"><span class='ocrx_word' id='word_1_451' title='bbox 2235 3103 2308 3162; x_wconf 89' lang='lat' dir='ltr'><strong>ita</strong></span> <span class='ocrx_word' id='word_1_452' title='bbox 2343 3116 2607 3185; x_wconf 87' lang='lat' dir='ltr'><strong>tamenut</strong></span> <span class='ocrx_word' id='word_1_453' title='bbox 2636 3105 2753 3160; x_wconf 91' lang='lat' dir='ltr'><strong>sine</strong></span> <span class='ocrx_word' id='word_1_454' title='bbox 2784 3117 3060 3176; x_wconf 83' lang='lat' dir='ltr'><strong>armorum</strong></span> <span class='ocrx_word' id='word_1_455' title='bbox 3093 3101 3475 3176; x_wconf 81' lang='lat' dir='ltr'><strong>deportatione</strong></span> <span class='ocrx_word' id='word_1_456' title='bbox 3509 3099 3561 3164; x_wconf 86' lang='lat' dir='ltr'><strong>in</strong></span> <span class='ocrx_word' id='word_1_457' title='bbox 3587 3111 3699 3162; x_wconf 85' lang='lat' dir='ltr'><strong>eam</strong></span> <span class='ocrx_word' id='word_1_458' title='bbox 3729 3093 3817 3148; x_wconf 83' lang='lat' dir='ltr'><strong>llo-</strong></span> 
     </span>
    </p>
   </div>
   <div class='ocr_carea' id='block_1_61' title="bbox 535 3189 3818 3276">
    <p class='ocr_par' dir='ltr' id='par_1_61' title="bbox 535 3189 3818 3276">
     <span class='ocr_line' id='line_1_61' title="bbox 535 3189 3818 3276; baseline -0.004 -19"><span class='ocrx_word' id='word_1_459' title='bbox 535 3203 669 3262; x_wconf 89' lang='lat' dir='ltr'><strong>tium</strong></span> <span class='ocrx_word' id='word_1_460' title='bbox 701 3203 941 3260; x_wconf 89' lang='lat' dir='ltr'><strong>imitatus</strong></span> <span class='ocrx_word' id='word_1_461' title='bbox 962 3247 977 3272; x_wconf 88' lang='lat'><strong>,</strong></span> <span class='ocrx_word' id='word_1_462' title='bbox 1007 3213 1062 3259; x_wconf 93' lang='lat' dir='ltr'><strong>et</strong></span> <span class='ocrx_word' id='word_1_463' title='bbox 1092 3203 1314 3262; x_wconf 89' lang='lat' dir='ltr'><strong>totidem</strong></span> <span class='ocrx_word' id='word_1_464' title='bbox 1344 3204 1665 3276; x_wconf 82' lang='lat' dir='ltr'><strong>quandoque</strong></span> <span class='ocrx_word' id='word_1_465' title='bbox 1696 3206 1878 3264; x_wconf 83' lang='lat' dir='ltr'><strong>verbis</strong></span> <span class='ocrx_word' id='word_1_466' title='bbox 1918 3215 2138 3266; x_wconf 82' lang='lat' dir='ltr'><strong>secutus</strong></span> <span class='ocrx_word' id='word_1_467' title='bbox 2161 3195 2206 3258; x_wconf 89' lang='lat' dir='ltr'><strong>C</strong></span> <span class='ocrx_word' id='word_1_468' title='bbox 2241 3217 2453 3256; x_wconf 88' lang='lat' dir='ltr'><strong>manam</strong></span> <span class='ocrx_word' id='word_1_469' title='bbox 2511 3200 2844 3273; x_wconf 86' lang='lat' dir='ltr'><strong>provinciam</strong></span> <span class='ocrx_word' id='word_1_470' title='bbox 2893 3195 3328 3270; x_wconf 85' lang='lat' dir='ltr'><strong>ingrederentur.</strong></span> <span class='ocrx_word' id='word_1_471' title='bbox 3395 3194 3452 3249; x_wconf 90' lang='lat' dir='ltr'><strong>ld</strong></span> <span class='ocrx_word' id='word_1_472' title='bbox 3505 3191 3712 3266; x_wconf 89' lang='lat' dir='ltr'><strong>quidem</strong></span> <span class='ocrx_word' id='word_1_473' title='bbox 3758 3189 3818 3244; x_wconf 88' lang='lat' dir='ltr'><strong>ita</strong></span> 
     </span>
    </p>
   </div>
   <div class='ocr_carea' id='block_1_62' title="bbox 532 3299 2131 3370">
    <p class='ocr_par' dir='ltr' id='par_1_62' title="bbox 532 3299 2131 3370">
     <span class='ocr_line' id='line_1_62' title="bbox 532 3299 2131 3370; baseline 0.001 -15"><span class='ocrx_word' id='word_1_474' title='bbox 532 3307 617 3355; x_wconf 78' lang='lat' dir='ltr'><strong>est</strong></span> <span class='ocrx_word' id='word_1_475' title='bbox 639 3341 654 3365; x_wconf 93' lang='lat'><strong>,</strong></span> <span class='ocrx_word' id='word_1_476' title='bbox 685 3299 755 3356; x_wconf 91' lang='lat' dir='ltr'><strong>ab</strong></span> <span class='ocrx_word' id='word_1_477' title='bbox 783 3300 974 3360; x_wconf 87' lang='lat' dir='ltr'><strong>eodem</strong></span> <span class='ocrx_word' id='word_1_478' title='bbox 999 3310 1159 3358; x_wconf 91' lang='lat' dir='ltr'><strong>erunt</strong></span> <span class='ocrx_word' id='word_1_479' title='bbox 1178 3301 1519 3370; x_wconf 84' lang='lat' dir='ltr'><strong>abjudicandi</strong></span> <span class='ocrx_word' id='word_1_480' title='bbox 1540 3303 1554 3366; x_wconf 87' lang='lat'><strong>,&#39;</strong></span> <span class='ocrx_word' id='word_1_481' title='bbox 1579 3309 1636 3356; x_wconf 92' lang='lat' dir='ltr'><strong>ut</strong></span> <span class='ocrx_word' id='word_1_482' title='bbox 1665 3299 1966 3356; x_wconf 88' lang='lat' dir='ltr'><strong>tribuantur</strong></span> <span class='ocrx_word' id='word_1_483' title='bbox 1994 3299 2131 3357; x_wconf 86' lang='lat' dir='ltr'><strong>Lac-</strong></span> 
     </span>
    </p>
   </div>
   <div class='ocr_carea' id='block_1_63' title="bbox 538 3393 2139 3466">
    <p class='ocr_par' dir='ltr' id='par_1_63' title="bbox 538 3393 2139 3466">
     <span class='ocr_line' id='line_1_63' title="bbox 538 3393 2139 3466; baseline 0.001 -18"><span class='ocrx_word' id='word_1_484' title='bbox 538 3394 738 3460; x_wconf 89' lang='lat' dir='ltr'><strong>tantio;</strong></span> <span class='ocrx_word' id='word_1_485' title='bbox 759 3393 903 3465; x_wconf 93' lang='lat' dir='ltr'><strong>quod</strong></span> <span class='ocrx_word' id='word_1_486' title='bbox 940 3404 1116 3452; x_wconf 90' lang='lat' dir='ltr'><strong>tamen</strong></span> <span class='ocrx_word' id='word_1_487' title='bbox 1145 3395 1191 3450; x_wconf 88' lang='lat' dir='ltr'><strong>si</strong></span> <span class='ocrx_word' id='word_1_488' title='bbox 1216 3395 1337 3466; x_wconf 90' lang='lat' dir='ltr'><strong>quis</strong></span> <span class='ocrx_word' id='word_1_489' title='bbox 1365 3394 1581 3461; x_wconf 81' lang='lat' dir='ltr'><strong>dixerit,</strong></span> <span class='ocrx_word' id='word_1_490' title='bbox 1613 3409 1679 3452; x_wconf 90' lang='lat' dir='ltr'><strong>ne</strong></span> <span class='ocrx_word' id='word_1_491' title='bbox 1699 3393 1990 3458; x_wconf 80' lang='lat' dir='ltr'><strong>Auctorem</strong></span> <span class='ocrx_word' id='word_1_492' title='bbox 2017 3401 2139 3462; x_wconf 87' lang='lat' dir='ltr'><strong>post</strong></span> 
     </span>
    </p>
   </div>
   <div class='ocr_carea' id='block_1_64' title="bbox 532 3485 2135 3555">
    <p class='ocr_par' dir='ltr' id='par_1_64' title="bbox 532 3485 2135 3555">
     <span class='ocr_line' id='line_1_64' title="bbox 532 3485 2135 3555; baseline 0.002 -13"><span class='ocrx_word' id='word_1_493' title='bbox 532 3485 796 3545; x_wconf 87' lang='lat' dir='ltr'><strong>Lactantii</strong></span> <span class='ocrx_word' id='word_1_494' title='bbox 835 3498 1047 3548; x_wconf 86' lang='lat' dir='ltr'><strong>aetatem</strong></span> <span class='ocrx_word' id='word_1_495' title='bbox 1095 3489 1366 3555; x_wconf 88' lang='lat' dir='ltr'><strong>collocet,</strong></span> <span class='ocrx_word' id='word_1_496' title='bbox 1395 3506 1518 3546; x_wconf 87' lang='lat' dir='ltr'><strong>cum</strong></span> <span class='ocrx_word' id='word_1_497' title='bbox 1546 3489 1881 3552; x_wconf 86' lang='lat' dir='ltr'><strong>Lactantium</strong></span> <span class='ocrx_word' id='word_1_498' title='bbox 1927 3503 1959 3547; x_wconf 82' lang='grc' dir='ltr'><strong>θ</strong></span> <span class='ocrx_word' id='word_1_499' title='bbox 2000 3488 2135 3550; x_wconf 87' lang='lat' dir='ltr'><strong>laico</strong></span> 
     </span>
    </p>
   </div>
   <div class='ocr_carea' id='block_1_65' title="bbox 532 3580 2131 3654">
    <p class='ocr_par' dir='ltr' id='par_1_65' title="bbox 532 3580 2131 3654">
     <span class='ocr_line' id='line_1_65' title="bbox 532 3580 2131 3654; baseline 0.003 -21"><span class='ocrx_word' id='word_1_500' title='bbox 532 3580 794 3638; x_wconf 83' lang='lat' dir='ltr'><strong>adversus</strong></span> <span class='ocrx_word' id='word_1_501' title='bbox 823 3580 1026 3637; x_wconf 86' lang='lat' dir='ltr'><strong>Gentes</strong></span> <span class='ocrx_word' id='word_1_502' title='bbox 1055 3583 1325 3642; x_wconf 87' lang='lat' dir='ltr'><strong>scribente</strong></span> <span class='ocrx_word' id='word_1_503' title='bbox 1355 3585 1669 3654; x_wconf 88' lang='lat' dir='ltr'><strong>episcopum</strong></span> <span class='ocrx_word' id='word_1_504' title='bbox 1715 3583 2131 3648; x_wconf 84' lang='lat' dir='ltr'><strong>conciouantem</strong></span> 
     </span>
    </p>
   </div>
   <div class='ocr_carea' id='block_1_66' title="bbox 535 3671 1579 3746">
    <p class='ocr_par' dir='ltr' id='par_1_66' title="bbox 535 3671 1579 3746">
     <span class='ocr_line' id='line_1_66' title="bbox 535 3671 1579 3746; baseline 0.004 -20"><span class='ocrx_word' id='word_1_505' title='bbox 535 3671 731 3739; x_wconf 78' lang='lat' dir='ltr'><strong>faciet,</strong></span> <span class='ocrx_word' id='word_1_506' title='bbox 763 3673 1098 3732; x_wconf 87' lang='lat' dir='ltr'><strong>eruditorum</strong></span> <span class='ocrx_word' id='word_1_507' title='bbox 1127 3676 1239 3734; x_wconf 88' lang='lat' dir='ltr'><strong>risu</strong></span> <span class='ocrx_word' id='word_1_508' title='bbox 1263 3676 1579 3746; x_wconf 79' lang='lat' dir='ltr'><strong>exeipietur.</strong></span> 
     </span>
    </p>
   </div>
   <div class='ocr_carea' id='block_1_67' title="bbox 532 3809 2134 3885">
    <p class='ocr_par' dir='ltr' id='par_1_67' title="bbox 532 3809 2134 3885">
     <span class='ocr_line' id='line_1_67' title="bbox 532 3809 2134 3885; baseline 0 -19"><span class='ocrx_word' id='word_1_509' title='bbox 532 3810 682 3885; x_wconf 80' lang='lat' dir='ltr'><strong>[LVII]</strong></span> <span class='ocrx_word' id='word_1_510' title='bbox 712 3811 739 3884; x_wconf 84' lang='lat'>§</span> <span class='ocrx_word' id='word_1_511' title='bbox 768 3809 1186 3882; x_wconf 84' lang='lat' dir='ltr'><strong>Vll.—Insignis</strong></span> <span class='ocrx_word' id='word_1_512' title='bbox 1216 3812 1453 3866; x_wconf 79' lang='lat' dir='ltr'><strong>Auctoris</strong></span> <span class='ocrx_word' id='word_1_513' title='bbox 1481 3813 1622 3866; x_wconf 88' lang='lat' dir='ltr'><strong>locus</strong></span> <span class='ocrx_word' id='word_1_514' title='bbox 1641 3812 2033 3883; x_wconf 85' lang='lat' dir='ltr'><strong>dccaptivorum</strong></span> <span class='ocrx_word' id='word_1_515' title='bbox 2053 3828 2134 3866; x_wconf 87' lang='lat' dir='ltr'><strong>re-</strong></span> 
     </span>
    </p>
   </div>
   <div class='ocr_carea' id='block_1_68' title="bbox 607 3903 2132 3973">
    <p class='ocr_par' dir='ltr' id='par_1_68' title="bbox 607 3903 2132 3973">
     <span class='ocr_line' id='line_1_68' title="bbox 607 3903 2132 3973; baseline 0 -15"><span class='ocrx_word' id='word_1_516' title='bbox 607 3905 898 3973; x_wconf 85' lang='lat' dir='ltr'><strong>demptione</strong></span> <span class='ocrx_word' id='word_1_517' title='bbox 913 3921 1027 3959; x_wconf 87' lang='lat' dir='ltr'><strong>cum</strong></span> <span class='ocrx_word' id='word_1_518' title='bbox 1042 3904 1160 3959; x_wconf 89' lang='lat' dir='ltr'><strong>aliis</strong></span> <span class='ocrx_word' id='word_1_519' title='bbox 1174 3903 1372 3959; x_wconf 85' lang='lat' dir='ltr'><strong>duobus</strong></span> <span class='ocrx_word' id='word_1_520' title='bbox 1396 3904 1455 3960; x_wconf 90' lang='lat' dir='ltr'><strong>S.</strong></span> <span class='ocrx_word' id='word_1_521' title='bbox 1485 3904 1741 3958; x_wconf 80' lang='lat' dir='ltr'><strong>Ambrosii</strong></span> <span class='ocrx_word' id='word_1_522' title='bbox 1761 3904 1981 3972; x_wconf 81' lang='lat' dir='ltr'><strong>miriﬁce</strong></span> <span class='ocrx_word' id='word_1_523' title='bbox 2006 3920 2132 3958; x_wconf 82' lang='lat' dir='ltr'><strong>con-</strong></span> 
     </span>
    </p>
   </div>
   <div class='ocr_carea' id='block_1_69' title="bbox 605 3996 2133 4072">
    <p class='ocr_par' dir='ltr' id='par_1_69' title="bbox 605 3996 2133 4072">
     <span class='ocr_line' id='line_1_69' title="bbox 605 3996 2133 4072; baseline 0 -22"><span class='ocrx_word' id='word_1_524' title='bbox 605 4013 792 4072; x_wconf 88' lang='lat' dir='ltr'><strong>gruens</strong></span> <span class='ocrx_word' id='word_1_525' title='bbox 817 4040 831 4063; x_wconf 85' lang='lat'><strong>,</strong></span> <span class='ocrx_word' id='word_1_526' title='bbox 870 4007 1102 4069; x_wconf 81' lang='lat' dir='ltr'><strong>spectare</strong></span> <span class='ocrx_word' id='word_1_527' title='bbox 1142 3996 1426 4051; x_wconf 82' lang='lat' dir='ltr'><strong>ostenditur</strong></span> <span class='ocrx_word' id='word_1_528' title='bbox 1477 4006 1650 4068; x_wconf 83' lang='lat' dir='ltr'><strong>captos</strong></span> <span class='ocrx_word' id='word_1_529' title='bbox 1688 4002 1720 4050; x_wconf 76' lang='grc' dir='ltr'><em>ά</em></span> <span class='ocrx_word' id='word_1_530' title='bbox 1762 3996 1992 4050; x_wconf 81' lang='lat' dir='ltr'><strong>barbaris</strong></span> <span class='ocrx_word' id='word_1_531' title='bbox 2020 4006 2133 4068; x_wconf 86' lang='lat' dir='ltr'><strong>post</strong></span> 
     </span>
    </p>
   </div>
   <div class='ocr_carea' id='block_1_70' title="bbox 607 4087 2134 4162">
    <p class='ocr_par' dir='ltr' id='par_1_70' title="bbox 607 4087 2134 4162">
     <span class='ocr_line' id='line_1_70' title="bbox 607 4087 2134 4162; baseline 0 -20"><span class='ocrx_word' id='word_1_532' title='bbox 607 4087 1173 4162; x_wconf 78' lang='lat' dir='ltr'><strong>IladrianOpolitanam</strong></span> <span class='ocrx_word' id='word_1_533' title='bbox 1207 4105 1431 4159; x_wconf 81' lang='lat' dir='ltr'><strong>pugnam</strong></span> <span class='ocrx_word' id='word_1_534' title='bbox 1461 4106 1547 4143; x_wconf 87' lang='lat' dir='ltr'><strong>un.</strong></span> <span class='ocrx_word' id='word_1_535' title='bbox 1584 4087 1709 4144; x_wconf 78' lang='lat'><strong>578.</strong></span> <span class='ocrx_word' id='word_1_536' title='bbox 1743 4089 1981 4143; x_wconf 81' lang='lat' dir='ltr'><strong>Auctoris</strong></span> <span class='ocrx_word' id='word_1_537' title='bbox 2010 4093 2134 4142; x_wconf 74' lang='lat' dir='ltr'><strong>teta-</strong></span> 
     </span>
    </p>
   </div>
   <div class='ocr_carea' id='block_1_71' title="bbox 605 4183 2134 4256">
    <p class='ocr_par' dir='ltr' id='par_1_71' title="bbox 605 4183 2134 4256">
     <span class='ocr_line' id='line_1_71' title="bbox 605 4183 2134 4256; baseline -0.001 -19"><span class='ocrx_word' id='word_1_538' title='bbox 605 4191 706 4237; x_wconf 87' lang='lat' dir='ltr'><strong>tem</strong></span> <span class='ocrx_word' id='word_1_539' title='bbox 758 4183 1030 4256; x_wconf 84' lang='lat' dir='ltr'><strong>prorOgari</strong></span> <span class='ocrx_word' id='word_1_540' title='bbox 1077 4200 1179 4238; x_wconf 89' lang='lat' dir='ltr'><strong>non</strong></span> <span class='ocrx_word' id='word_1_541' title='bbox 1223 4199 1370 4252; x_wconf 80' lang='lat' dir='ltr'><strong>posse</strong></span> <span class='ocrx_word' id='word_1_542' title='bbox 1423 4184 1562 4238; x_wconf 84' lang='lat' dir='ltr'><strong>ultra</strong></span> <span class='ocrx_word' id='word_1_543' title='bbox 1598 4193 1841 4254; x_wconf 86' lang='lat' dir='ltr'><strong>quartum</strong></span> <span class='ocrx_word' id='word_1_544' title='bbox 1890 4185 2134 4239; x_wconf 73' lang='lat' dir='ltr'><strong>saxulum</strong></span> 
     </span>
    </p>
   </div>
   <div class='ocr_carea' id='block_1_72' title="bbox 603 4277 1422 4350">
    <p class='ocr_par' dir='ltr' id='par_1_72' title="bbox 603 4277 1422 4350">
     <span class='ocr_line' id='line_1_72' title="bbox 603 4277 1422 4350; baseline -0.002 -19"><span class='ocrx_word' id='word_1_545' title='bbox 603 4278 798 4348; x_wconf 83' lang='lat' dir='ltr'><strong>aliquot</strong></span> <span class='ocrx_word' id='word_1_546' title='bbox 827 4279 1139 4350; x_wconf 87' lang='lat' dir='ltr'><strong>argumentis</strong></span> <span class='ocrx_word' id='word_1_547' title='bbox 1161 4277 1422 4332; x_wconf 86' lang='lat' dir='ltr'><strong>statuitur.</strong></span> 
     </span>
    </p>
   </div>
   <div class='ocr_carea' id='block_1_73' title="bbox 606 4408 2133 4481">
    <p class='ocr_par' dir='ltr' id='par_1_73' title="bbox 606 4408 2133 4481">
     <span class='ocr_line' id='line_1_73' title="bbox 606 4408 2133 4481; baseline 0 -15"><span class='ocrx_word' id='word_1_548' title='bbox 606 4411 898 4470; x_wconf 81' lang='lat' dir='ltr'><strong>Auctorem</strong></span> <span class='ocrx_word' id='word_1_549' title='bbox 925 4425 1032 4472; x_wconf 91' lang='lat' dir='ltr'><strong>non</strong></span> <span class='ocrx_word' id='word_1_550' title='bbox 1066 4419 1260 4481; x_wconf 90' lang='lat' dir='ltr'><strong>quarto</strong></span> <span class='ocrx_word' id='word_1_551' title='bbox 1283 4410 1455 4470; x_wconf 86' lang='lat' dir='ltr'><strong>solum</strong></span> <span class='ocrx_word' id='word_1_552' title='bbox 1503 4410 1702 4468; x_wconf 69' lang='lat' dir='ltr'><strong>srecnlo</strong></span> <span class='ocrx_word' id='word_1_553' title='bbox 1724 4452 1738 4476; x_wconf 94' lang='lat'><strong>,</strong></span> <span class='ocrx_word' id='word_1_554' title='bbox 1766 4408 1860 4466; x_wconf 91' lang='lat' dir='ltr'><strong>sed</strong></span> <span class='ocrx_word' id='word_1_555' title='bbox 1890 4419 2009 4480; x_wconf 89' lang='lat' dir='ltr'><strong>post</strong></span> <span class='ocrx_word' id='word_1_556' title='bbox 2032 4424 2133 4466; x_wconf 87' lang='lat' dir='ltr'><strong>an-</strong></span> 
     </span>
    </p>
   </div>
   <div class='ocr_carea' id='block_1_74' title="bbox 536 4503 2134 4580">
    <p class='ocr_par' dir='ltr' id='par_1_74' title="bbox 536 4503 2134 4580">
     <span class='ocr_line' id='line_1_74' title="bbox 536 4503 2134 4580; baseline 0.001 -20"><span class='ocrx_word' id='word_1_557' title='bbox 536 4519 666 4561; x_wconf 85' lang='lat' dir='ltr'><strong>num</strong></span> <span class='ocrx_word' id='word_1_558' title='bbox 695 4519 910 4576; x_wconf 80' lang='lat' dir='ltr'><strong>quoque</strong></span> <span class='ocrx_word' id='word_1_559' title='bbox 946 4503 1054 4560; x_wconf 78' lang='grc'>560</span> <span class='ocrx_word' id='word_1_560' title='bbox 1106 4513 1161 4560; x_wconf 88' lang='lat' dir='ltr'><strong>et</strong></span> <span class='ocrx_word' id='word_1_561' title='bbox 1198 4512 1324 4564; x_wconf 86' lang='lat' dir='ltr'><strong>ante</strong></span> <span class='ocrx_word' id='word_1_562' title='bbox 1368 4518 1566 4566; x_wconf 89' lang='lat' dir='ltr'><strong>annum</strong></span> <span class='ocrx_word' id='word_1_563' title='bbox 1595 4503 1690 4564; x_wconf 78' lang='grc'><strong>591</strong></span> <span class='ocrx_word' id='word_1_564' title='bbox 1728 4503 1978 4580; x_wconf 81' lang='lat' dir='ltr'><strong>ﬂoruisse</strong></span> <span class='ocrx_word' id='word_1_565' title='bbox 2009 4503 2134 4562; x_wconf 84' lang='lat' dir='ltr'><strong>hac-</strong></span> 
     </span>
    </p>
   </div>
   <div class='ocr_carea' id='block_1_75' title="bbox 2240 3285 3817 3365">
    <p class='ocr_par' dir='ltr' id='par_1_75' title="bbox 2240 3285 3817 3365">
     <span class='ocr_line' id='line_1_75' title="bbox 2240 3285 3817 3365; baseline -0.008 -17"><span class='ocrx_word' id='word_1_566' title='bbox 2240 3294 2538 3365; x_wconf 71' lang='lat' dir='ltr'><strong>przestitum</strong></span> <span class='ocrx_word' id='word_1_567' title='bbox 2564 3308 2654 3346; x_wconf 90' lang='lat' dir='ltr'><strong>an.</strong></span> <span class='ocrx_word' id='word_1_568' title='bbox 2695 3291 2821 3346; x_wconf 80' lang='grc'>576.</span> <span class='ocrx_word' id='word_1_569' title='bbox 2853 3291 2923 3346; x_wconf 81' lang='lat' dir='ltr'><strong>At</strong></span> <span class='ocrx_word' id='word_1_570' title='bbox 2967 3290 3044 3346; x_wconf 92' lang='lat' dir='ltr'><strong>illi</strong></span> <span class='ocrx_word' id='word_1_571' title='bbox 3074 3288 3303 3344; x_wconf 88' lang='lat' dir='ltr'><strong>subinde</strong></span> <span class='ocrx_word' id='word_1_572' title='bbox 3347 3289 3420 3348; x_wconf 90' lang='lat' dir='ltr'><strong>oh</strong></span> <span class='ocrx_word' id='word_1_573' title='bbox 3471 3285 3817 3358; x_wconf 78' lang='lat' dir='ltr'><strong>ministrorum</strong></span> 
     </span>
    </p>
   </div>
   <div class='ocr_carea' id='block_1_76' title="bbox 2237 3381 3821 3457">
    <p class='ocr_par' dir='ltr' id='par_1_76' title="bbox 2237 3381 3821 3457">
     <span class='ocr_line' id='line_1_76' title="bbox 2237 3381 3821 3457; baseline -0.009 -17"><span class='ocrx_word' id='word_1_574' title='bbox 2237 3385 2585 3457; x_wconf 88' lang='lat' dir='ltr'><strong>cupiditatem</strong></span> <span class='ocrx_word' id='word_1_575' title='bbox 2635 3385 2776 3440; x_wconf 88' lang='lat' dir='ltr'><strong>l&#39;ame</strong></span> <span class='ocrx_word' id='word_1_576' title='bbox 2810 3384 3056 3456; x_wconf 85' lang='lat' dir='ltr'><strong>oppressi</strong></span> <span class='ocrx_word' id='word_1_577' title='bbox 3085 3391 3138 3438; x_wconf 94' lang='lat' dir='ltr'><strong>et</strong></span> <span class='ocrx_word' id='word_1_578' title='bbox 3185 3381 3251 3436; x_wconf 89' lang='lat' dir='ltr'><strong>ad</strong></span> <span class='ocrx_word' id='word_1_579' title='bbox 3302 3381 3663 3448; x_wconf 85' lang='lat' dir='ltr'><strong>rebellionem</strong></span> <span class='ocrx_word' id='word_1_580' title='bbox 3691 3390 3821 3431; x_wconf 86' lang='lat' dir='ltr'><strong>cotu-</strong></span> 
     </span>
    </p>
   </div>
   <div class='ocr_carea' id='block_1_77' title="bbox 2236 3473 3816 3553">
    <p class='ocr_par' dir='ltr' id='par_1_77' title="bbox 2236 3473 3816 3553">
     <span class='ocr_line' id='line_1_77' title="bbox 2236 3473 3816 3553; baseline -0.006 -20"><span class='ocrx_word' id='word_1_581' title='bbox 2236 3482 2394 3553; x_wconf 83' lang='lat' dir='ltr'><strong>pulsi,</strong></span> <span class='ocrx_word' id='word_1_582' title='bbox 2428 3480 2680 3536; x_wconf 75' lang='lat' dir='ltr'><strong>ferociam</strong></span> <span class='ocrx_word' id='word_1_583' title='bbox 2721 3478 3027 3543; x_wconf 87' lang='lat' dir='ltr'><strong>induentes,</strong></span> <span class='ocrx_word' id='word_1_584' title='bbox 3074 3478 3385 3534; x_wconf 90' lang='lat' dir='ltr'><strong>universam</strong></span> <span class='ocrx_word' id='word_1_585' title='bbox 3413 3473 3692 3538; x_wconf 82' lang='lat' dir='ltr'><strong>Thraciam</strong></span> <span class='ocrx_word' id='word_1_586' title='bbox 3726 3483 3816 3538; x_wconf 82' lang='lat' dir='ltr'><strong>non</strong></span> 
     </span>
    </p>
   </div>
   <div class='ocr_carea' id='block_1_78' title="bbox 2236 3563 3818 3644">
    <p class='ocr_par' dir='ltr' id='par_1_78' title="bbox 2236 3563 3818 3644">
     <span class='ocr_line' id='line_1_78' title="bbox 2236 3563 3818 3644; baseline -0.008 -16"><span class='ocrx_word' id='word_1_587' title='bbox 2236 3583 2421 3644; x_wconf 80' lang='lat' dir='ltr'><strong>strage</strong></span> <span class='ocrx_word' id='word_1_588' title='bbox 2447 3574 2620 3630; x_wconf 89' lang='lat' dir='ltr'><strong>solum</strong></span> <span class='ocrx_word' id='word_1_589' title='bbox 2653 3582 2707 3632; x_wconf 88' lang='lat' dir='ltr'><strong>et</strong></span> <span class='ocrx_word' id='word_1_590' title='bbox 2735 3571 2998 3628; x_wconf 79' lang='lat' dir='ltr'><strong>incendiis</strong></span> <span class='ocrx_word' id='word_1_591' title='bbox 3022 3612 3038 3636; x_wconf 93' lang='lat'><strong>,</strong></span> <span class='ocrx_word' id='word_1_592' title='bbox 3063 3569 3159 3628; x_wconf 86' lang='lat' dir='ltr'><strong>sed</strong></span> <span class='ocrx_word' id='word_1_593' title='bbox 3188 3569 3398 3641; x_wconf 83' lang='lat' dir='ltr'><strong>ingenti</strong></span> <span class='ocrx_word' id='word_1_594' title='bbox 3426 3583 3641 3640; x_wconf 80' lang='lat' dir='ltr'><strong>quoque</strong></span> <span class='ocrx_word' id='word_1_595' title='bbox 3669 3563 3818 3635; x_wconf 88' lang='lat' dir='ltr'><strong>capti-</strong></span> 
     </span>
    </p>
   </div>
   <div class='ocr_carea' id='block_1_79' title="bbox 2237 3659 3820 3735">
    <p class='ocr_par' dir='ltr' id='par_1_79' title="bbox 2237 3659 3820 3735">
     <span class='ocr_line' id='line_1_79' title="bbox 2237 3659 3820 3735; baseline -0.011 -8"><span class='ocrx_word' id='word_1_596' title='bbox 2237 3681 2426 3732; x_wconf 73' lang='lat' dir='ltr'><strong>vorum</strong></span> <span class='ocrx_word' id='word_1_597' title='bbox 2455 3680 2683 3724; x_wconf 87' lang='lat' dir='ltr'><strong>numero</strong></span> <span class='ocrx_word' id='word_1_598' title='bbox 2736 3664 3051 3735; x_wconf 88' lang='lat' dir='ltr'><strong>depopulati</strong></span> <span class='ocrx_word' id='word_1_599' title='bbox 3081 3671 3226 3717; x_wconf 90' lang='lat' dir='ltr'><strong>sunt.</strong></span> <span class='ocrx_word' id='word_1_600' title='bbox 3258 3663 3374 3719; x_wconf 90' lang='lat' dir='ltr'><strong>lloc</strong></span> <span class='ocrx_word' id='word_1_601' title='bbox 3421 3661 3607 3730; x_wconf 82' lang='lat' dir='ltr'><strong>audito</strong></span> <span class='ocrx_word' id='word_1_602' title='bbox 3643 3659 3820 3716; x_wconf 83' lang='lat' dir='ltr'><strong>Valens</strong></span> 
     </span>
    </p>
   </div>
   <div class='ocr_carea' id='block_1_80' title="bbox 2236 3754 3805 3826">
    <p class='ocr_par' dir='ltr' id='par_1_80' title="bbox 2236 3754 3805 3826">
     <span class='ocr_line' id='line_1_80' title="bbox 2236 3754 3805 3826; baseline -0.002 -13"><span class='ocrx_word' id='word_1_603' title='bbox 2236 3758 2399 3813; x_wconf 86' lang='lat' dir='ltr'><strong>rebus</strong></span> <span class='ocrx_word' id='word_1_604' title='bbox 2428 3757 2808 3825; x_wconf 79' lang='lat' dir='ltr'><strong>quoquemde</strong></span> <span class='ocrx_word' id='word_1_605' title='bbox 2837 3754 3152 3826; x_wconf 91' lang='lat' dir='ltr'><strong>compositis</strong></span> <span class='ocrx_word' id='word_1_606' title='bbox 3178 3769 3300 3814; x_wconf 92' lang='lat' dir='ltr'><strong>cum</strong></span> <span class='ocrx_word' id='word_1_607' title='bbox 3333 3755 3621 3812; x_wconf 81' lang='lat' dir='ltr'><strong>Persarum</strong></span> <span class='ocrx_word' id='word_1_608' title='bbox 3643 3761 3805 3823; x_wconf 84' lang='lat' dir='ltr'><strong>gente.</strong></span> 
     </span>
    </p>
   </div>
   <div class='ocr_carea' id='block_1_81' title="bbox 2235 3843 3819 3922">
    <p class='ocr_par' dir='ltr' id='par_1_81' title="bbox 2235 3843 3819 3922">
     <span class='ocr_line' id='line_1_81' title="bbox 2235 3843 3819 3922; baseline -0.003 -20"><span class='ocrx_word' id='word_1_609' title='bbox 2235 3849 2289 3922; x_wconf 74' lang='lat' dir='ltr'><strong>in</strong></span> <span class='ocrx_word' id='word_1_610' title='bbox 2315 3849 2598 3919; x_wconf 85' lang='lat' dir='ltr'><strong>Thraciam</strong></span> <span class='ocrx_word' id='word_1_611' title='bbox 2626 3849 2732 3903; x_wconf 88' lang='lat' dir='ltr'><strong>cito</strong></span> <span class='ocrx_word' id='word_1_612' title='bbox 2756 3849 3057 3914; x_wconf 88' lang='lat' dir='ltr'><strong>contendit,</strong></span> <span class='ocrx_word' id='word_1_613' title='bbox 3091 3856 3146 3902; x_wconf 91' lang='lat' dir='ltr'><strong>et</strong></span> <span class='ocrx_word' id='word_1_614' title='bbox 3183 3862 3274 3903; x_wconf 90' lang='lat' dir='ltr'><strong>an.</strong></span> <span class='ocrx_word' id='word_1_615' title='bbox 3310 3847 3417 3904; x_wconf 81' lang='grc'><strong>578</strong></span> <span class='ocrx_word' id='word_1_616' title='bbox 3443 3846 3584 3918; x_wconf 88' lang='lat' dir='ltr'><strong>apud</strong></span> <span class='ocrx_word' id='word_1_617' title='bbox 3615 3843 3819 3902; x_wconf 86' lang='lat' dir='ltr'><strong>Hadria-</strong></span> 
     </span>
    </p>
   </div>
   <div class='ocr_carea' id='block_1_82' title="bbox 2236 3935 3820 4018">
    <p class='ocr_par' dir='ltr' id='par_1_82' title="bbox 2236 3935 3820 4018">
     <span class='ocr_line' id='line_1_82' title="bbox 2236 3935 3820 4018; baseline -0.001 -26"><span class='ocrx_word' id='word_1_618' title='bbox 2236 3942 2501 4018; x_wconf 61' lang='lat' dir='ltr'><strong>nopolim,</strong></span> <span class='ocrx_word' id='word_1_619' title='bbox 2519 3941 2811 3996; x_wconf 87' lang='lat' dir='ltr'><strong>couunisso</strong></span> <span class='ocrx_word' id='word_1_620' title='bbox 2823 3957 2944 3997; x_wconf 92' lang='lat' dir='ltr'><strong>cum</strong></span> <span class='ocrx_word' id='word_1_621' title='bbox 2973 3941 3216 4000; x_wconf 87' lang='lat' dir='ltr'><strong>barbaris</strong></span> <span class='ocrx_word' id='word_1_622' title='bbox 3235 3941 3449 4011; x_wconf 69' lang='lat' dir='ltr'><strong>prmlio,</strong></span> <span class='ocrx_word' id='word_1_623' title='bbox 3469 3955 3556 4004; x_wconf 82' lang='lat' dir='ltr'><strong>res</strong></span> <span class='ocrx_word' id='word_1_624' title='bbox 3582 3935 3820 4010; x_wconf 70' lang='lat' dir='ltr'><strong>infelicis-</strong></span> 
     </span>
    </p>
   </div>
   <div class='ocr_carea' id='block_1_83' title="bbox 2235 4032 3826 4104">
    <p class='ocr_par' dir='ltr' id='par_1_83' title="bbox 2235 4032 3826 4104">
     <span class='ocr_line' id='line_1_83' title="bbox 2235 4032 3826 4104; baseline -0.006 -13"><span class='ocrx_word' id='word_1_625' title='bbox 2235 4036 2371 4092; x_wconf 85' lang='lat' dir='ltr'><strong>siine</strong></span> <span class='ocrx_word' id='word_1_626' title='bbox 2396 4035 2579 4092; x_wconf 82' lang='lat' dir='ltr'><strong>cessit.</strong></span> <span class='ocrx_word' id='word_1_627' title='bbox 2623 4033 2754 4092; x_wconf 83' lang='lat' dir='ltr'><strong>Nam</strong></span> <span class='ocrx_word' id='word_1_628' title='bbox 2782 4044 3002 4099; x_wconf 87' lang='lat' dir='ltr'><strong>constat,</strong></span> <span class='ocrx_word' id='word_1_629' title='bbox 3031 4033 3202 4104; x_wconf 88' lang='lat' dir='ltr'><strong>inquit</strong></span> <span class='ocrx_word' id='word_1_630' title='bbox 3229 4034 3605 4100; x_wconf 84' lang='lat' dir='ltr'><strong>Marcellinus,</strong></span> <span class='ocrx_word' id='word_1_631' title='bbox 3634 4032 3714 4088; x_wconf 82' lang='lat' dir='ltr'><strong>uia:</strong></span> <span class='ocrx_word' id='word_1_632' title='bbox 3737 4039 3826 4084; x_wconf 83' lang='lat' dir='ltr'><strong>ter-</strong></span> 
     </span>
    </p>
   </div>
   <div class='ocr_carea' id='block_1_84' title="bbox 2239 4121 3828 4200">
    <p class='ocr_par' dir='ltr' id='par_1_84' title="bbox 2239 4121 3828 4200">
     <span class='ocr_line' id='line_1_84' title="bbox 2239 4121 3828 4200; baseline -0.006 -16"><span class='ocrx_word' id='word_1_633' title='bbox 2239 4131 2366 4184; x_wconf 80' lang='lat' dir='ltr'><strong>tiani</strong></span> <span class='ocrx_word' id='word_1_634' title='bbox 2417 4131 2636 4186; x_wconf 72' lang='lat' dir='ltr'><strong>evasisse</strong></span> <span class='ocrx_word' id='word_1_635' title='bbox 2675 4130 2930 4186; x_wconf 67' lang='lat' dir='ltr'><strong>exercitus</strong></span> <span class='ocrx_word' id='word_1_636' title='bbox 2987 4139 3206 4200; x_wconf 86' lang='lat' dir='ltr'><strong>partem.</strong></span> <span class='ocrx_word' id='word_1_637' title='bbox 3261 4125 3376 4181; x_wconf 85' lang='lat' dir='ltr'><strong>Nec</strong></span> <span class='ocrx_word' id='word_1_638' title='bbox 3416 4128 3527 4198; x_wconf 75' lang='lat' dir='ltr'><strong>ulla</strong></span> <span class='ocrx_word' id='word_1_639' title='bbox 3576 4121 3828 4184; x_wconf 85' lang='lat' dir='ltr'><strong>annalibus</strong></span> 
     </span>
    </p>
   </div>
   <div class='ocr_carea' id='block_1_85' title="bbox 2237 4215 3830 4295">
    <p class='ocr_par' dir='ltr' id='par_1_85' title="bbox 2237 4215 3830 4295">
     <span class='ocr_line' id='line_1_85' title="bbox 2237 4215 3830 4295; baseline -0.005 -16"><span class='ocrx_word' id='word_1_640' title='bbox 2237 4234 2427 4294; x_wconf 72' lang='lat' dir='ltr'><strong>prarter</strong></span> <span class='ocrx_word' id='word_1_641' title='bbox 2457 4223 2776 4279; x_wconf 81' lang='lat' dir='ltr'><strong>Cannensem</strong></span> <span class='ocrx_word' id='word_1_642' title='bbox 2807 4239 3033 4295; x_wconf 82' lang='lat' dir='ltr'><strong>pugnant</strong></span> <span class='ocrx_word' id='word_1_643' title='bbox 3061 4223 3133 4280; x_wconf 85' lang='lat' dir='ltr'><strong>ita</strong></span> <span class='ocrx_word' id='word_1_644' title='bbox 3161 4222 3229 4276; x_wconf 87' lang='lat' dir='ltr'><strong>ad</strong></span> <span class='ocrx_word' id='word_1_645' title='bbox 3255 4222 3651 4286; x_wconf 71' lang='lat' dir='ltr'><strong>internecionem</strong></span> <span class='ocrx_word' id='word_1_646' title='bbox 3669 4233 3745 4276; x_wconf 85' lang='lat' dir='ltr'><strong>res</strong></span> <span class='ocrx_word' id='word_1_647' title='bbox 3769 4215 3830 4280; x_wconf 81' lang='lat' dir='ltr'><strong>le-</strong></span> 
     </span>
    </p>
   </div>
   <div class='ocr_carea' id='block_1_86' title="bbox 2236 4316 3826 4392">
    <p class='ocr_par' dir='ltr' id='par_1_86' title="bbox 2236 4316 3826 4392">
     <span class='ocr_line' id='line_1_86' title="bbox 2236 4316 3826 4392; baseline -0.004 -23"><span class='ocrx_word' id='word_1_648' title='bbox 2236 4319 2375 4390; x_wconf 81' lang='lat' dir='ltr'><strong>gitur</strong></span> <span class='ocrx_word' id='word_1_649' title='bbox 2403 4329 2564 4392; x_wconf 82' lang='lat' dir='ltr'><strong>gesta.</strong></span> <span class='ocrx_word' id='word_1_650' title='bbox 2596 4317 2706 4374; x_wconf 89' lang='lat' dir='ltr'><strong>Hac</strong></span> <span class='ocrx_word' id='word_1_651' title='bbox 2737 4316 2788 4371; x_wconf 92' lang='lat' dir='ltr'><strong>in</strong></span> <span class='ocrx_word' id='word_1_652' title='bbox 2818 4316 3042 4372; x_wconf 80' lang='lat' dir='ltr'><strong>victoria</strong></span> <span class='ocrx_word' id='word_1_653' title='bbox 3092 4316 3198 4386; x_wconf 77' lang='lat' dir='ltr'><strong>dici</strong></span> <span class='ocrx_word' id='word_1_654' title='bbox 3231 4317 3317 4372; x_wconf 85' lang='lat' dir='ltr'><strong>vix</strong></span> <span class='ocrx_word' id='word_1_655' title='bbox 3351 4324 3536 4386; x_wconf 88' lang='lat' dir='ltr'><strong>potest</strong></span> <span class='ocrx_word' id='word_1_656' title='bbox 3575 4323 3704 4384; x_wconf 93' lang='lat' dir='ltr'><strong>quot</strong></span> <span class='ocrx_word' id='word_1_657' title='bbox 3746 4323 3826 4364; x_wconf 84' lang='lat' dir='ltr'><strong>va-</strong></span> 
     </span>
    </p>
   </div>
   <div class='ocr_carea' id='block_1_87' title="bbox 2238 4403 3830 4482">
    <p class='ocr_par' dir='ltr' id='par_1_87' title="bbox 2238 4403 3830 4482">
     <span class='ocr_line' id='line_1_87' title="bbox 2238 4403 3830 4482; baseline -0.001 -18"><span class='ocrx_word' id='word_1_658' title='bbox 2238 4411 2437 4466; x_wconf 88' lang='lat' dir='ltr'><strong>riarum</strong></span> <span class='ocrx_word' id='word_1_659' title='bbox 2467 4410 2872 4482; x_wconf 89' lang='lat' dir='ltr'><strong>provinciarum</strong></span> <span class='ocrx_word' id='word_1_660' title='bbox 2907 4407 3106 4469; x_wconf 88' lang='lat' dir='ltr'><strong>milites</strong></span> <span class='ocrx_word' id='word_1_661' title='bbox 3143 4407 3522 4478; x_wconf 82' lang='lat' dir='ltr'><strong>captivitatem</strong></span> <span class='ocrx_word' id='word_1_662' title='bbox 3563 4403 3830 4470; x_wconf 78' lang='lat' dir='ltr'><strong>subierit!!-</strong></span> 
     </span>
    </p>
   </div>
   <div class='ocr_carea' id='block_1_88' title="bbox 2238 4492 3831 4574">
    <p class='ocr_par' dir='ltr' id='par_1_88' title="bbox 2238 4492 3831 4574">
     <span class='ocr_line' id='line_1_88' title="bbox 2238 4492 3831 4574; baseline -0.009 -14"><span class='ocrx_word' id='word_1_663' title='bbox 2238 4502 2344 4560; x_wconf 87' lang='lat' dir='ltr'><strong>Sed</strong></span> <span class='ocrx_word' id='word_1_664' title='bbox 2377 4503 2505 4571; x_wconf 90' lang='lat' dir='ltr'><strong>quid</strong></span> <span class='ocrx_word' id='word_1_665' title='bbox 2555 4501 2759 4574; x_wconf 80' lang='lat' dir='ltr'><strong>milites</strong></span> <span class='ocrx_word' id='word_1_666' title='bbox 2808 4516 2946 4556; x_wconf 91' lang='lat' dir='ltr'><strong>unos</strong></span> <span class='ocrx_word' id='word_1_667' title='bbox 2991 4501 3395 4566; x_wconf 84' lang='lat' dir='ltr'><strong>memoramus!</strong></span> <span class='ocrx_word' id='word_1_668' title='bbox 3448 4497 3656 4574; x_wconf 73' lang='lat' dir='ltr'><strong>Exinde</strong></span> <span class='ocrx_word' id='word_1_669' title='bbox 3701 4492 3831 4549; x_wconf 86' lang='lat' dir='ltr'><strong>enim</strong></span> 
     </span>
    </p>
   </div>
   <div class='ocr_carea' id='block_1_89' title="bbox 537 4586 3836 4666">
    <p class='ocr_par' dir='ltr' id='par_1_89' title="bbox 537 4586 3836 4666">
     <span class='ocr_line' id='line_1_89' title="bbox 537 4586 3836 4666; baseline -0.002 -14"><span class='ocrx_word' id='word_1_670' title='bbox 537 4607 694 4654; x_wconf 83' lang='lat' dir='ltr'><strong>tenus</strong></span> <span class='ocrx_word' id='word_1_671' title='bbox 725 4598 864 4652; x_wconf 88' lang='lat' dir='ltr'><strong>dicta</strong></span> <span class='ocrx_word' id='word_1_672' title='bbox 906 4600 1254 4654; x_wconf 88' lang='lat' dir='ltr'><strong>convincunt.</strong></span> <span class='ocrx_word' id='word_1_673' title='bbox 1289 4596 1439 4654; x_wconf 85' lang='lat' dir='ltr'><strong>Nunc</strong></span> <span class='ocrx_word' id='word_1_674' title='bbox 1467 4606 1744 4666; x_wconf 79' lang='lat' dir='ltr'><strong>postremo</strong></span> <span class='ocrx_word' id='word_1_675' title='bbox 1786 4597 1905 4662; x_wconf 78' lang='lat' dir='ltr'><strong>loco</strong></span> <span class='ocrx_word' id='word_1_676' title='bbox 1936 4594 2135 4656; x_wconf 80' lang='lat' dir='ltr'><strong>factum</strong></span> <span class='ocrx_word' id='word_1_677' title='bbox 2165 4588 2219 4648; x_wconf 90' lang='lat' dir='ltr'><strong>D</strong></span> <span class='ocrx_word' id='word_1_678' title='bbox 2244 4595 2403 4652; x_wconf 89' lang='lat' dir='ltr'><strong>Gothi</strong></span> <span class='ocrx_word' id='word_1_679' title='bbox 2433 4597 2584 4664; x_wconf 90' lang='lat' dir='ltr'><strong>elati,</strong></span> <span class='ocrx_word' id='word_1_680' title='bbox 2640 4613 2743 4654; x_wconf 92' lang='lat' dir='ltr'><strong>nec</strong></span> <span class='ocrx_word' id='word_1_681' title='bbox 2770 4611 2877 4654; x_wconf 92' lang='lat' dir='ltr'><strong>non</strong></span> <span class='ocrx_word' id='word_1_682' title='bbox 2911 4595 3172 4658; x_wconf 79' lang='lat' dir='ltr'><strong>Romanis</strong></span> <span class='ocrx_word' id='word_1_683' title='bbox 3219 4594 3396 4666; x_wconf 81' lang='lat' dir='ltr'><strong>magis</strong></span> <span class='ocrx_word' id='word_1_684' title='bbox 3429 4593 3699 4652; x_wconf 85' lang='lat' dir='ltr'><strong>terribiles</strong></span> <span class='ocrx_word' id='word_1_685' title='bbox 3724 4631 3737 4654; x_wconf 91' lang='lat'><strong>,</strong></span> <span class='ocrx_word' id='word_1_686' title='bbox 3765 4586 3836 4642; x_wconf 75' lang='lat' dir='ltr'><strong>di-</strong></span> 
     </span>
    </p>
   </div>
   <div class='ocr_carea' id='block_1_90' title="bbox 536 4689 2135 4752">
    <p class='ocr_par' dir='ltr' id='par_1_90' title="bbox 536 4689 2135 4752">
     <span class='ocr_line' id='line_1_90' title="bbox 536 4689 2135 4752; baseline -0.003 -4"><span class='ocrx_word' id='word_1_687' title='bbox 536 4689 680 4750; x_wconf 87' lang='lat' dir='ltr'><strong>aliud</strong></span> <span class='ocrx_word' id='word_1_688' title='bbox 713 4689 1030 4752; x_wconf 82' lang='lat' dir='ltr'><strong>historicum</strong></span> <span class='ocrx_word' id='word_1_689' title='bbox 1072 4689 1140 4750; x_wconf 92' lang='lat' dir='ltr'><strong>ab</strong></span> <span class='ocrx_word' id='word_1_690' title='bbox 1184 4691 1420 4746; x_wconf 85' lang='lat' dir='ltr'><strong>Auctore</strong></span> <span class='ocrx_word' id='word_1_691' title='bbox 1452 4691 1742 4748; x_wconf 86' lang='lat' dir='ltr'><strong>indicatum</strong></span> <span class='ocrx_word' id='word_1_692' title='bbox 1791 4689 2135 4750; x_wconf 83' lang='lat' dir='ltr'><strong>animadver-</strong></span> 
     </span>
    </p>
   </div>
   <div class='ocr_carea' id='block_1_91' title="bbox 535 4782 2134 4858">
    <p class='ocr_par' dir='ltr' id='par_1_91' title="bbox 535 4782 2134 4858">
     <span class='ocr_line' id='line_1_91' title="bbox 535 4782 2134 4858; baseline 0 -18"><span class='ocrx_word' id='word_1_693' title='bbox 535 4783 757 4854; x_wconf 84' lang='lat' dir='ltr'><strong>tendum</strong></span> <span class='ocrx_word' id='word_1_694' title='bbox 791 4784 1164 4856; x_wconf 85' lang='lat' dir='ltr'><strong>proponimus,</strong></span> <span class='ocrx_word' id='word_1_695' title='bbox 1204 4797 1270 4840; x_wconf 82' lang='lat' dir='ltr'><strong>ex</strong></span> <span class='ocrx_word' id='word_1_696' title='bbox 1296 4798 1404 4854; x_wconf 90' lang='lat' dir='ltr'><strong>quo</strong></span> <span class='ocrx_word' id='word_1_697' title='bbox 1443 4783 1493 4837; x_wconf 90' lang='lat' dir='ltr'><strong>id</strong></span> <span class='ocrx_word' id='word_1_698' title='bbox 1523 4785 1698 4854; x_wconf 86' lang='lat' dir='ltr'><strong>ipsqu</strong></span> <span class='ocrx_word' id='word_1_699' title='bbox 1732 4793 1947 4858; x_wconf 82' lang='lat' dir='ltr'><strong>tempus</strong></span> <span class='ocrx_word' id='word_1_700' title='bbox 1981 4782 2134 4840; x_wconf 87' lang='lat' dir='ltr'><strong>miri-</strong></span> 
     </span>
    </p>
   </div>
   <div class='ocr_carea' id='block_1_92' title="bbox 539 4873 2136 4942">
    <p class='ocr_par' dir='ltr' id='par_1_92' title="bbox 539 4873 2136 4942">
     <span class='ocr_line' id='line_1_92' title="bbox 539 4873 2136 4942; baseline -0.001 -12"><span class='ocrx_word' id='word_1_701' title='bbox 539 4877 640 4932; x_wconf 82' lang='lat' dir='ltr'><strong>ﬁce</strong></span> <span class='ocrx_word' id='word_1_702' title='bbox 667 4875 1099 4932; x_wconf 85' lang='lat' dir='ltr'><strong>conﬁrmabitur.</strong></span> <span class='ocrx_word' id='word_1_703' title='bbox 1127 4873 1184 4928; x_wconf 87' lang='lat' dir='ltr'><strong>In</strong></span> <span class='ocrx_word' id='word_1_704' title='bbox 1212 4874 1317 4929; x_wconf 86' lang='lat' dir='ltr'><strong>line</strong></span> <span class='ocrx_word' id='word_1_705' title='bbox 1345 4883 1502 4929; x_wconf 90' lang='lat' dir='ltr'><strong>tract.</strong></span> <span class='ocrx_word' id='word_1_706' title='bbox 1530 4876 1616 4942; x_wconf 73' lang='grc'><strong>16,</strong></span> <span class='ocrx_word' id='word_1_707' title='bbox 1648 4875 1740 4932; x_wconf 89' lang='lat' dir='ltr'><strong>lib.</strong></span> <span class='ocrx_word' id='word_1_708' title='bbox 1769 4891 1806 4940; x_wconf 92' lang='grc' dir='ltr'>ι,</span> <span class='ocrx_word' id='word_1_709' title='bbox 1836 4875 2136 4941; x_wconf 64' lang='grc' dir='ltr'>Ιὶιιετιιιὶιιιτ</span> 
     </span>
    </p>
   </div>
   <div class='ocr_carea' id='block_1_93' title="bbox 537 4966 2136 5044">
    <p class='ocr_par' dir='ltr' id='par_1_93' title="bbox 537 4966 2136 5044">
     <span class='ocr_line' id='line_1_93' title="bbox 537 4966 2136 5044; baseline 0 -23"><span class='ocrx_word' id='word_1_710' title='bbox 537 4974 647 5023; x_wconf 89' lang='lat' dir='ltr'><strong>tem</strong></span> <span class='ocrx_word' id='word_1_711' title='bbox 697 4983 916 5044; x_wconf 83' lang='lat' dir='ltr'><strong>suorum</strong></span> <span class='ocrx_word' id='word_1_712' title='bbox 964 4966 1270 5023; x_wconf 88' lang='lat' dir='ltr'><strong>auditorum</strong></span> <span class='ocrx_word' id='word_1_713' title='bbox 1312 4967 1517 5022; x_wconf 87' lang='lat' dir='ltr'><strong>Auctor</strong></span> <span class='ocrx_word' id='word_1_714' title='bbox 1564 4969 1980 5024; x_wconf 90' lang='lat' dir='ltr'><strong>commendans:</strong></span> <span class='ocrx_word' id='word_1_715' title='bbox 2031 4968 2136 5044; x_wconf 86' lang='lat' dir='ltr'><strong>Sed</strong></span> 
     </span>
    </p>
   </div>
   <div class='ocr_carea' id='block_1_94' title="bbox 541 5043 2136 5131">
    <p class='ocr_par' dir='ltr' id='par_1_94' title="bbox 541 5043 2136 5131">
     <span class='ocr_line' id='line_1_94' title="bbox 541 5043 2136 5131; baseline -0.001 -17"><span class='ocrx_word' id='word_1_716' title='bbox 541 5061 671 5125; x_wconf 78' lang='lat' dir='ltr'><strong>Iiwc,</strong></span> <span class='ocrx_word' id='word_1_717' title='bbox 703 5059 900 5130; x_wconf 90' lang='lat' dir='ltr'><strong>inquit,</strong></span> <span class='ocrx_word' id='word_1_718' title='bbox 928 5076 1032 5114; x_wconf 90' lang='lat' dir='ltr'><strong>non</strong></span> <span class='ocrx_word' id='word_1_719' title='bbox 1071 5060 1140 5114; x_wconf 86' lang='lat' dir='ltr'><strong>ad</strong></span> <span class='ocrx_word' id='word_1_720' title='bbox 1168 5076 1275 5125; x_wconf 86' lang='lat' dir='ltr'><strong>vos,</strong></span> <span class='ocrx_word' id='word_1_721' title='bbox 1304 5062 1509 5130; x_wconf 77' lang='lat' dir='ltr'><strong>fratres,</strong></span> <span class='ocrx_word' id='word_1_722' title='bbox 1535 5075 1751 5128; x_wconf 87' lang='lat' dir='ltr'><strong>quorum</strong></span> <span class='ocrx_word' id='word_1_723' title='bbox 1777 5061 1986 5131; x_wconf 85' lang='lat' dir='ltr'><strong>largitas</strong></span> <span class='ocrx_word' id='word_1_724' title='bbox 2011 5043 2136 5130; x_wconf 82' lang='lat' dir='ltr'><strong>pro-</strong></span> 
     </span>
    </p>
   </div>
   <div class='ocr_carea' id='block_1_95' title="bbox 538 5153 2140 5226">
    <p class='ocr_par' dir='ltr' id='par_1_95' title="bbox 538 5153 2140 5226">
     <span class='ocr_line' id='line_1_95' title="bbox 538 5153 2140 5226; baseline -0.001 -18"><span class='ocrx_word' id='word_1_725' title='bbox 538 5154 721 5208; x_wconf 73' lang='lat' dir='ltr'><strong>vinciis</strong></span> <span class='ocrx_word' id='word_1_726' title='bbox 744 5154 979 5207; x_wconf 86' lang='lat' dir='ltr'><strong>omnibus</strong></span> <span class='ocrx_word' id='word_1_727' title='bbox 1001 5165 1121 5207; x_wconf 87' lang='lat' dir='ltr'><strong>nota</strong></span> <span class='ocrx_word' id='word_1_728' title='bbox 1143 5163 1215 5206; x_wconf 85' lang='lat' dir='ltr'><strong>est</strong></span> <span class='ocrx_word' id='word_1_729' title='bbox 1238 5195 1251 5219; x_wconf 94' lang='lat'><strong>,</strong></span> <span class='ocrx_word' id='word_1_730' title='bbox 1275 5168 1491 5222; x_wconf 82' lang='lat' dir='ltr'><strong>quorum</strong></span> <span class='ocrx_word' id='word_1_731' title='bbox 1515 5153 1601 5226; x_wconf 86' lang='lat' dir='ltr'><strong>pia</strong></span> <span class='ocrx_word' id='word_1_732' title='bbox 1625 5153 1818 5207; x_wconf 88' lang='lat' dir='ltr'><strong>semina</strong></span> <span class='ocrx_word' id='word_1_733' title='bbox 1837 5155 1991 5207; x_wconf 88' lang='lat' dir='ltr'><strong>totius</strong></span> <span class='ocrx_word' id='word_1_734' title='bbox 2012 5170 2140 5224; x_wconf 86' lang='lat' dir='ltr'><strong>quo-</strong></span> 
     </span>
    </p>
   </div>
   <div class='ocr_carea' id='block_1_96' title="bbox 542 5247 2141 5318">
    <p class='ocr_par' dir='ltr' id='par_1_96' title="bbox 542 5247 2141 5318">
     <span class='ocr_line' id='line_1_96' title="bbox 542 5247 2141 5318; baseline -0.001 -15"><span class='ocrx_word' id='word_1_735' title='bbox 542 5247 836 5303; x_wconf 79' lang='lat' dir='ltr'><strong>dummodo</strong></span> <span class='ocrx_word' id='word_1_736' title='bbox 861 5249 998 5301; x_wconf 83' lang='lat' dir='ltr'><strong>orbis</strong></span> <span class='ocrx_word' id='word_1_737' title='bbox 1023 5263 1113 5318; x_wconf 85' lang='lat' dir='ltr'><strong>per</strong></span> <span class='ocrx_word' id='word_1_738' title='bbox 1151 5247 1374 5300; x_wconf 83' lang='lat' dir='ltr'><strong>membra</strong></span> <span class='ocrx_word' id='word_1_739' title='bbox 1411 5248 1765 5316; x_wconf 85' lang='lat' dir='ltr'><strong>jactantur;a</strong></span> <span class='ocrx_word' id='word_1_740' title='bbox 1808 5247 1946 5300; x_wconf 85' lang='lat' dir='ltr'><strong>vobis</strong></span> <span class='ocrx_word' id='word_1_741' title='bbox 1991 5248 2141 5302; x_wconf 86' lang='lat' dir='ltr'><strong>multi</strong></span> 
     </span>
    </p>
   </div>
   <div class='ocr_carea' id='block_1_97' title="bbox 541 5339 2137 5412">
    <p class='ocr_par' dir='ltr' id='par_1_97' title="bbox 541 5339 2137 5412">
     <span class='ocr_line' id='line_1_97' title="bbox 541 5339 2137 5412; baseline -0.001 -16"><span class='ocrx_word' id='word_1_742' title='bbox 541 5340 790 5410; x_wconf 79' lang='lat' dir='ltr'><strong>redempti</strong></span> <span class='ocrx_word' id='word_1_743' title='bbox 814 5355 833 5394; x_wconf 88' lang='lat'><strong><em>:</em></strong></span> <span class='ocrx_word' id='word_1_744' title='bbox 863 5339 1010 5410; x_wconf 79' lang='lat' dir='ltr'><strong>multi</strong></span> <span class='ocrx_word' id='word_1_745' title='bbox 1033 5339 1212 5396; x_wconf 80' lang='lat' dir='ltr'><strong>edictis</strong></span> <span class='ocrx_word' id='word_1_746' title='bbox 1234 5339 1480 5411; x_wconf 76' lang='lat' dir='ltr'><strong>feralibus</strong></span> <span class='ocrx_word' id='word_1_747' title='bbox 1520 5339 1755 5404; x_wconf 80' lang='lat' dir='ltr'><strong>liberati:</strong></span> <span class='ocrx_word' id='word_1_748' title='bbox 1783 5340 1929 5398; x_wconf 83' lang='lat' dir='ltr'><strong>mulli</strong></span> <span class='ocrx_word' id='word_1_749' title='bbox 1959 5342 2137 5412; x_wconf 70' lang='lat' dir='ltr'><strong>condi-</strong></span> 
     </span>
    </p>
   </div>
   <div class='ocr_carea' id='block_1_98' title="bbox 541 5432 2134 5506">
    <p class='ocr_par' dir='ltr' id='par_1_98' title="bbox 541 5432 2134 5506">
     <span class='ocr_line' id='line_1_98' title="bbox 541 5432 2134 5506; baseline -0.001 -18"><span class='ocrx_word' id='word_1_750' title='bbox 541 5433 766 5494; x_wconf 86' lang='lat' dir='ltr'><strong>tionibus</strong></span> <span class='ocrx_word' id='word_1_751' title='bbox 818 5432 967 5488; x_wconf 83' lang='lat' dir='ltr'><strong>duris</strong></span> <span class='ocrx_word' id='word_1_752' title='bbox 1001 5433 1141 5492; x_wconf 65' lang='lat' dir='ltr'><strong>exuti</strong></span> <span class='ocrx_word' id='word_1_753' title='bbox 1187 5433 1381 5505; x_wconf 81' lang='lat' dir='ltr'><strong>gratias</strong></span> <span class='ocrx_word' id='word_1_754' title='bbox 1429 5444 1612 5504; x_wconf 74' lang='lat' dir='ltr'><strong>agunt.</strong></span> <span class='ocrx_word' id='word_1_755' title='bbox 1657 5433 1752 5488; x_wconf 90' lang='lat' dir='ltr'><strong>Hic</strong></span> <span class='ocrx_word' id='word_1_756' title='bbox 1781 5432 1850 5496; x_wconf 90' lang='lat' dir='ltr'><strong>de</strong></span> <span class='ocrx_word' id='word_1_757' title='bbox 1893 5436 2134 5506; x_wconf 80' lang='lat' dir='ltr'><strong>captivo-</strong></span> 
     </span>
    </p>
   </div>
   <div class='ocr_carea' id='block_1_99' title="bbox 540 5525 2140 5598">
    <p class='ocr_par' dir='ltr' id='par_1_99' title="bbox 540 5525 2140 5598">
     <span class='ocr_line' id='line_1_99' title="bbox 540 5525 2140 5598; baseline -0.005 -14"><span class='ocrx_word' id='word_1_758' title='bbox 540 5543 661 5584; x_wconf 90' lang='lat' dir='ltr'><strong>rum</strong></span> <span class='ocrx_word' id='word_1_759' title='bbox 685 5525 1062 5598; x_wconf 88' lang='lat' dir='ltr'><strong>redemptione</strong></span> <span class='ocrx_word' id='word_1_760' title='bbox 1109 5541 1289 5584; x_wconf 90' lang='lat' dir='ltr'><strong>sermo</strong></span> <span class='ocrx_word' id='word_1_761' title='bbox 1320 5535 1423 5594; x_wconf 86' lang='lat' dir='ltr'><strong>est,</strong></span> <span class='ocrx_word' id='word_1_762' title='bbox 1451 5542 1678 5598; x_wconf 84' lang='lat' dir='ltr'><strong>quorum</strong></span> <span class='ocrx_word' id='word_1_763' title='bbox 1707 5528 1821 5596; x_wconf 90' lang='lat' dir='ltr'><strong>alii,</strong></span> <span class='ocrx_word' id='word_1_764' title='bbox 1858 5530 1957 5586; x_wconf 87' lang='lat' dir='ltr'><strong>nisi</strong></span> <span class='ocrx_word' id='word_1_765' title='bbox 2002 5530 2140 5596; x_wconf 77' lang='lat' dir='ltr'><strong>redi.</strong></span> 
     </span>
    </p>
   </div>
   <div class='ocr_carea' id='block_1_100' title="bbox 547 5621 2147 5696">
    <p class='ocr_par' dir='ltr' id='par_1_100' title="bbox 547 5621 2147 5696">
     <span class='ocr_line' id='line_1_100' title="bbox 547 5621 2147 5696; baseline 0.001 -17"><span class='ocrx_word' id='word_1_766' title='bbox 547 5634 824 5680; x_wconf 89' lang='lat' dir='ltr'><strong>merentur</strong></span> <span class='ocrx_word' id='word_1_767' title='bbox 852 5665 868 5690; x_wconf 91' lang='lat'><strong>,</strong></span> <span class='ocrx_word' id='word_1_768' title='bbox 913 5622 1064 5680; x_wconf 89' lang='lat' dir='ltr'><strong>duris</strong></span> <span class='ocrx_word' id='word_1_769' title='bbox 1119 5621 1519 5684; x_wconf 87' lang='lat' dir='ltr'><strong>conditionibus</strong></span> <span class='ocrx_word' id='word_1_770' title='bbox 1575 5623 1962 5696; x_wconf 82' lang='lat' dir='ltr'><strong>premebantur</strong></span> <span class='ocrx_word' id='word_1_771' title='bbox 1990 5665 2003 5689; x_wconf 93' lang='lat'><strong>,</strong></span> <span class='ocrx_word' id='word_1_772' title='bbox 2053 5625 2147 5682; x_wconf 89' lang='lat' dir='ltr'><strong>alii</strong></span> 
     </span>
    </p>
   </div>
   <div class='ocr_carea' id='block_1_101' title="bbox 547 5713 2150 5792">
    <p class='ocr_par' dir='ltr' id='par_1_101' title="bbox 547 5713 2150 5792">
     <span class='ocr_line' id='line_1_101' title="bbox 547 5713 2150 5792; baseline 0.001 -22"><span class='ocrx_word' id='word_1_773' title='bbox 547 5717 711 5772; x_wconf 89' lang='lat' dir='ltr'><strong>etiam</strong></span> <span class='ocrx_word' id='word_1_774' title='bbox 760 5715 920 5772; x_wconf 88' lang='lat' dir='ltr'><strong>editis</strong></span> <span class='ocrx_word' id='word_1_775' title='bbox 970 5713 1227 5771; x_wconf 78' lang='lat' dir='ltr'><strong>feralibus</strong></span> <span class='ocrx_word' id='word_1_776' title='bbox 1279 5713 1500 5784; x_wconf 77' lang='lat' dir='ltr'><strong>obnoxii</strong></span> <span class='ocrx_word' id='word_1_777' title='bbox 1541 5727 1770 5778; x_wconf 85' lang='lat' dir='ltr'><strong>mortem</strong></span> <span class='ocrx_word' id='word_1_778' title='bbox 1822 5717 2150 5792; x_wconf 77' lang='lat' dir='ltr'><strong>cogebantur</strong></span> 
     </span>
    </p>
   </div>
   <div class='ocr_carea' id='block_1_102' title="bbox 553 5805 2146 5887">
    <p class='ocr_par' dir='ltr' id='par_1_102' title="bbox 553 5805 2146 5887">
     <span class='ocr_line' id='line_1_102' title="bbox 553 5805 2146 5887; baseline 0.004 -23"><span class='ocrx_word' id='word_1_779' title='bbox 553 5813 846 5887; x_wconf 81' lang='lat' dir='ltr'><strong>oppetere,</strong></span> <span class='ocrx_word' id='word_1_780' title='bbox 900 5820 956 5866; x_wconf 89' lang='lat' dir='ltr'><strong>ut</strong></span> <span class='ocrx_word' id='word_1_781' title='bbox 992 5807 1190 5874; x_wconf 83' lang='lat' dir='ltr'><strong>ibidem</strong></span> <span class='ocrx_word' id='word_1_782' title='bbox 1248 5805 1302 5876; x_wconf 87' lang='lat' dir='ltr'><strong>in</strong></span> <span class='ocrx_word' id='word_1_783' title='bbox 1342 5808 1782 5878; x_wconf 77' lang='lat' dir='ltr'><strong>annotationibus</strong></span> <span class='ocrx_word' id='word_1_784' title='bbox 1837 5810 2146 5878; x_wconf 82' lang='lat' dir='ltr'><strong>statuimus.</strong></span> 
     </span>
    </p>
   </div>
   <div class='ocr_carea' id='block_1_103' title="bbox 2241 4689 3836 4762">
    <p class='ocr_par' dir='ltr' id='par_1_103' title="bbox 2241 4689 3836 4762">
     <span class='ocr_line' id='line_1_103' title="bbox 2241 4689 3836 4762; baseline -0.003 -19"><span class='ocrx_word' id='word_1_785' title='bbox 2241 4691 2406 4759; x_wconf 80' lang='lat' dir='ltr'><strong>gressi</strong></span> <span class='ocrx_word' id='word_1_786' title='bbox 2427 4699 2548 4746; x_wconf 89' lang='lat' dir='ltr'><strong>sunt</strong></span> <span class='ocrx_word' id='word_1_787' title='bbox 2577 4689 2819 4756; x_wconf 64' lang='lat' dir='ltr'><strong>eiusarie</strong></span> <span class='ocrx_word' id='word_1_788' title='bbox 2843 4705 2932 4760; x_wconf 87' lang='lat' dir='ltr'><strong>per</strong></span> <span class='ocrx_word' id='word_1_789' title='bbox 2959 4689 3170 4755; x_wconf 74' lang='lat' dir='ltr'><strong>Arctoas</strong></span> <span class='ocrx_word' id='word_1_790' title='bbox 3201 4689 3519 4762; x_wconf 72' lang='lat' dir='ltr'><strong>provincias,</strong></span> <span class='ocrx_word' id='word_1_791' title='bbox 3565 4701 3688 4756; x_wconf 83' lang='lat' dir='ltr'><strong>quas</strong></span> <span class='ocrx_word' id='word_1_792' title='bbox 3732 4695 3836 4754; x_wconf 68' lang='lat' dir='ltr'><strong>pef-</strong></span> 
     </span>
    </p>
   </div>
   <div class='ocr_carea' id='block_1_104' title="bbox 2243 4778 3836 4853">
    <p class='ocr_par' dir='ltr' id='par_1_104' title="bbox 2243 4778 3836 4853">
     <span class='ocr_line' id='line_1_104' title="bbox 2243 4778 3836 4853; baseline -0.003 -17"><span class='ocrx_word' id='word_1_793' title='bbox 2243 4798 2482 4853; x_wconf 88' lang='lat' dir='ltr'><strong>agravere</strong></span> <span class='ocrx_word' id='word_1_794' title='bbox 2521 4783 2730 4846; x_wconf 83' lang='lat' dir='ltr'><strong>licenter</strong></span> <span class='ocrx_word' id='word_1_795' title='bbox 2771 4783 3000 4850; x_wconf 83' lang='lat' dir='ltr'><strong>adusque</strong></span> <span class='ocrx_word' id='word_1_796' title='bbox 3039 4781 3242 4844; x_wconf 80' lang='lat' dir='ltr'><strong>radices</strong></span> <span class='ocrx_word' id='word_1_797' title='bbox 3271 4781 3490 4846; x_wconf 78' lang='lat' dir='ltr'><strong>Alpium</strong></span> <span class='ocrx_word' id='word_1_798' title='bbox 3541 4778 3793 4834; x_wconf 84' lang='lat' dir='ltr'><strong>Juliarum</strong></span> <span class='ocrx_word' id='word_1_799' title='bbox 3823 4813 3836 4832; x_wconf 64' lang='grc' dir='ltr'><strong>ν</strong></span> 
     </span>
    </p>
   </div>
   <div class='ocr_carea' id='block_1_105' title="bbox 2244 4869 3839 4952">
    <p class='ocr_par' dir='ltr' id='par_1_105' title="bbox 2244 4869 3839 4952">
     <span class='ocr_line' id='line_1_105' title="bbox 2244 4869 3839 4952; baseline -0.003 -22"><span class='ocrx_word' id='word_1_800' title='bbox 2244 4894 2368 4952; x_wconf 83' lang='lat' dir='ltr'><strong>quas</strong></span> <span class='ocrx_word' id='word_1_801' title='bbox 2410 4876 2649 4938; x_wconf 74' lang='lat' dir='ltr'><strong>Venetias</strong></span> <span class='ocrx_word' id='word_1_802' title='bbox 2693 4876 2986 4949; x_wconf 79' lang='lat' dir='ltr'><strong>appellabat</strong></span> <span class='ocrx_word' id='word_1_803' title='bbox 3035 4877 3358 4944; x_wconf 83' lang='lat' dir='ltr'><strong>antiquitas:</strong></span> <span class='ocrx_word' id='word_1_804' title='bbox 3399 4883 3529 4942; x_wconf 83' lang='lat' dir='ltr'><strong>sunt</strong></span> <span class='ocrx_word' id='word_1_805' title='bbox 3556 4875 3666 4946; x_wconf 88' lang='lat' dir='ltr'><strong>ipsa</strong></span> <span class='ocrx_word' id='word_1_806' title='bbox 3713 4869 3839 4926; x_wconf 75' lang='lat' dir='ltr'><strong>Mar-</strong></span> 
     </span>
    </p>
   </div>
   <div class='ocr_carea' id='block_1_106' title="bbox 2244 4970 3838 5041">
    <p class='ocr_par' dir='ltr' id='par_1_106' title="bbox 2244 4970 3838 5041">
     <span class='ocr_line' id='line_1_106' title="bbox 2244 4970 3838 5041; baseline -0.006 -14"><span class='ocrx_word' id='word_1_807' title='bbox 2244 4973 2427 5028; x_wconf 90' lang='lat' dir='ltr'><strong>cellini</strong></span> <span class='ocrx_word' id='word_1_808' title='bbox 2463 4972 2652 5034; x_wconf 87' lang='lat' dir='ltr'><strong>verba.</strong></span> <span class='ocrx_word' id='word_1_809' title='bbox 2683 4971 2797 5040; x_wconf 85' lang='lat' dir='ltr'><strong>Qua</strong></span> <span class='ocrx_word' id='word_1_810' title='bbox 2831 4981 2910 5028; x_wconf 89' lang='lat' dir='ltr'><strong>tot</strong></span> <span class='ocrx_word' id='word_1_811' title='bbox 2936 4971 3334 5041; x_wconf 79' lang='lat' dir='ltr'><strong>provinciarum</strong></span> <span class='ocrx_word' id='word_1_812' title='bbox 3370 4971 3423 5028; x_wconf 92' lang='lat' dir='ltr'><strong>in</strong></span> <span class='ocrx_word' id='word_1_813' title='bbox 3471 4970 3720 5034; x_wconf 79' lang='lat' dir='ltr'><strong>vastitate</strong></span> <span class='ocrx_word' id='word_1_814' title='bbox 3744 4977 3838 5018; x_wconf 90' lang='lat' dir='ltr'><strong>non</strong></span> 
     </span>
    </p>
   </div>
   <div class='ocr_carea' id='block_1_107' title="bbox 2243 5055 3841 5133">
    <p class='ocr_par' dir='ltr' id='par_1_107' title="bbox 2243 5055 3841 5133">
     <span class='ocr_line' id='line_1_107' title="bbox 2243 5055 3841 5133; baseline -0.005 -13"><span class='ocrx_word' id='word_1_815' title='bbox 2243 5064 2611 5130; x_wconf 87' lang='lat' dir='ltr'><strong>Macedoniam</strong></span> <span class='ocrx_word' id='word_1_816' title='bbox 2641 5065 2816 5120; x_wconf 92' lang='lat' dir='ltr'><strong>solum</strong></span> <span class='ocrx_word' id='word_1_817' title='bbox 2857 5073 3019 5133; x_wconf 91' lang='lat' dir='ltr'><strong>atque</strong></span> <span class='ocrx_word' id='word_1_818' title='bbox 3047 5064 3412 5130; x_wconf 81' lang='lat' dir='ltr'><strong>Thessaliam,</strong></span> <span class='ocrx_word' id='word_1_819' title='bbox 3437 5065 3509 5130; x_wconf 74' lang='lat' dir='ltr'><strong>de</strong></span> <span class='ocrx_word' id='word_1_820' title='bbox 3529 5061 3724 5133; x_wconf 80' lang='lat' dir='ltr'><strong>quibus</strong></span> <span class='ocrx_word' id='word_1_821' title='bbox 3749 5055 3841 5112; x_wconf 87' lang='grc' dir='ltr'><strong>Ζο-</strong></span> 
     </span>
    </p>
   </div>
   <div class='ocr_carea' id='block_1_108' title="bbox 2243 5155 3842 5231">
    <p class='ocr_par' dir='ltr' id='par_1_108' title="bbox 2243 5155 3842 5231">
     <span class='ocr_line' id='line_1_108' title="bbox 2243 5155 3842 5231; baseline -0.006 -18"><span class='ocrx_word' id='word_1_822' title='bbox 2243 5159 2412 5218; x_wconf 88' lang='lat' dir='ltr'><strong>simus</strong></span> <span class='ocrx_word' id='word_1_823' title='bbox 2446 5157 2645 5231; x_wconf 44' lang='grc' dir='ltr'>Ιίιιηιν.</span> <span class='ocrx_word' id='word_1_824' title='bbox 2677 5171 2794 5226; x_wconf 90' lang='lat' dir='ltr'><strong>cap.</strong></span> <span class='ocrx_word' id='word_1_825' title='bbox 2821 5157 2911 5221; x_wconf 79' lang='grc'><strong>51,</strong></span> <span class='ocrx_word' id='word_1_826' title='bbox 2935 5155 3333 5225; x_wconf 83' lang='lat' dir='ltr'><strong>subegere,sed</strong></span> <span class='ocrx_word' id='word_1_827' title='bbox 3377 5165 3582 5227; x_wconf 67' lang='lat' dir='ltr'><strong>praeter</strong></span> <span class='ocrx_word' id='word_1_828' title='bbox 3622 5155 3842 5214; x_wconf 84' lang='lat' dir='ltr'><strong>interne-</strong></span> 
     </span>
    </p>
   </div>
   <div class='ocr_carea' id='block_1_109' title="bbox 2244 5243 3842 5319">
    <p class='ocr_par' dir='ltr' id='par_1_109' title="bbox 2244 5243 3842 5319">
     <span class='ocr_line' id='line_1_109' title="bbox 2244 5243 3842 5319; baseline -0.004 -14"><span class='ocrx_word' id='word_1_829' title='bbox 2244 5249 2457 5312; x_wconf 83' lang='lat' dir='ltr'><strong>cionem</strong></span> <span class='ocrx_word' id='word_1_830' title='bbox 2487 5248 2884 5319; x_wconf 85' lang='lat' dir='ltr'><strong>quamplurium</strong></span> <span class='ocrx_word' id='word_1_831' title='bbox 2909 5249 3224 5312; x_wconf 85' lang='lat' dir='ltr'><strong>innumeros</strong></span> <span class='ocrx_word' id='word_1_832' title='bbox 3246 5264 3310 5308; x_wconf 76' lang='lat' dir='ltr'><strong>ex</strong></span> <span class='ocrx_word' id='word_1_833' title='bbox 3333 5249 3461 5304; x_wconf 91' lang='lat' dir='ltr'><strong>aliis</strong></span> <span class='ocrx_word' id='word_1_834' title='bbox 3485 5263 3698 5318; x_wconf 86' lang='lat' dir='ltr'><strong>quoque</strong></span> <span class='ocrx_word' id='word_1_835' title='bbox 3716 5243 3842 5299; x_wconf 83' lang='lat' dir='ltr'><strong>Mar-</strong></span> 
     </span>
    </p>
   </div>
   <div class='ocr_carea' id='block_1_110' title="bbox 2251 5338 3839 5420">
    <p class='ocr_par' dir='ltr' id='par_1_110' title="bbox 2251 5338 3839 5420">
     <span class='ocr_line' id='line_1_110' title="bbox 2251 5338 3839 5420; baseline -0.003 -22"><span class='ocrx_word' id='word_1_836' title='bbox 2251 5343 2447 5398; x_wconf 91' lang='lat' dir='ltr'><strong>cellino</strong></span> <span class='ocrx_word' id='word_1_837' title='bbox 2500 5341 2811 5396; x_wconf 90' lang='lat' dir='ltr'><strong>memoratis</strong></span> <span class='ocrx_word' id='word_1_838' title='bbox 2843 5340 3134 5412; x_wconf 78' lang='lat' dir='ltr'><strong>provinciis</strong></span> <span class='ocrx_word' id='word_1_839' title='bbox 3174 5340 3526 5406; x_wconf 74' lang='lat' dir='ltr'><strong>deduxerunt</strong></span> <span class='ocrx_word' id='word_1_840' title='bbox 3573 5338 3839 5420; x_wconf 73' lang='lat' dir='ltr'><strong>captivos.</strong></span> 
     </span>
    </p>
   </div>
   <div class='ocr_carea' id='block_1_111' title="bbox 2253 5430 3842 5504">
    <p class='ocr_par' dir='ltr' id='par_1_111' title="bbox 2253 5430 3842 5504">
     <span class='ocr_line' id='line_1_111' title="bbox 2253 5430 3842 5504; baseline -0.011 -8"><span class='ocrx_word' id='word_1_841' title='bbox 2253 5449 2318 5496; x_wconf 73' lang='lat' dir='ltr'><strong>ex</strong></span> <span class='ocrx_word' id='word_1_842' title='bbox 2351 5450 2582 5504; x_wconf 83' lang='lat' dir='ltr'><strong>quorum</strong></span> <span class='ocrx_word' id='word_1_843' title='bbox 2625 5435 2885 5496; x_wconf 87' lang='lat' dir='ltr'><strong>servitute</strong></span> <span class='ocrx_word' id='word_1_844' title='bbox 2917 5476 2932 5500; x_wconf 88' lang='lat'><strong>,</strong></span> <span class='ocrx_word' id='word_1_845' title='bbox 2975 5432 3310 5496; x_wconf 77' lang='lat' dir='ltr'><strong>venditiOne,</strong></span> <span class='ocrx_word' id='word_1_846' title='bbox 3341 5434 3431 5498; x_wconf 77' lang='lat' dir='ltr'><strong>vel</strong></span> <span class='ocrx_word' id='word_1_847' title='bbox 3482 5430 3842 5501; x_wconf 85' lang='lat' dir='ltr'><strong>redemptione</strong></span> 
     </span>
    </p>
   </div>
   <div class='ocr_carea' id='block_1_112' title="bbox 2252 5525 3844 5600">
    <p class='ocr_par' dir='ltr' id='par_1_112' title="bbox 2252 5525 3844 5600">
     <span class='ocr_line' id='line_1_112' title="bbox 2252 5525 3844 5600; baseline -0.001 -18"><span class='ocrx_word' id='word_1_848' title='bbox 2252 5531 2598 5599; x_wconf 79' lang='lat' dir='ltr'><strong>proﬁcerent.</strong></span> <span class='ocrx_word' id='word_1_849' title='bbox 2636 5528 2836 5593; x_wconf 85' lang='lat' dir='ltr'><strong>Horum</strong></span> <span class='ocrx_word' id='word_1_850' title='bbox 2865 5539 3043 5590; x_wconf 87' lang='lat' dir='ltr'><strong>autem</strong></span> <span class='ocrx_word' id='word_1_851' title='bbox 3065 5527 3438 5599; x_wconf 81' lang='lat' dir='ltr'><strong>captivorum,</strong></span> <span class='ocrx_word' id='word_1_852' title='bbox 3463 5530 3554 5600; x_wconf 90' lang='lat' dir='ltr'><strong>qui</strong></span> <span class='ocrx_word' id='word_1_853' title='bbox 3587 5545 3614 5593; x_wconf 80' lang='grc' dir='ltr'><strong>ιι</strong></span> <span class='ocrx_word' id='word_1_854' title='bbox 3638 5525 3745 5590; x_wconf 87' lang='lat' dir='ltr'><strong>suis</strong></span> <span class='ocrx_word' id='word_1_855' title='bbox 3768 5537 3844 5580; x_wconf 84' lang='lat' dir='ltr'><strong>re-</strong></span> 
     </span>
    </p>
   </div>
   <div class='ocr_carea' id='block_1_113' title="bbox 2251 5621 3842 5692">
    <p class='ocr_par' dir='ltr' id='par_1_113' title="bbox 2251 5621 3842 5692">
     <span class='ocr_line' id='line_1_113' title="bbox 2251 5621 3842 5692; baseline -0.003 -17"><span class='ocrx_word' id='word_1_856' title='bbox 2251 5621 2382 5692; x_wconf 81' lang='lat' dir='ltr'><strong>dimi</strong></span> <span class='ocrx_word' id='word_1_857' title='bbox 2407 5636 2511 5676; x_wconf 92' lang='lat' dir='ltr'><strong>non</strong></span> <span class='ocrx_word' id='word_1_858' title='bbox 2549 5623 3112 5690; x_wconf 76' lang='lat' dir='ltr'><strong>[tolerant,ealamitas</strong></span> <span class='ocrx_word' id='word_1_859' title='bbox 3129 5629 3274 5687; x_wconf 79' lang='lat' dir='ltr'><strong>tanta</strong></span> <span class='ocrx_word' id='word_1_860' title='bbox 3299 5631 3445 5687; x_wconf 87' lang='lat' dir='ltr'><strong>erat,</strong></span> <span class='ocrx_word' id='word_1_861' title='bbox 3480 5630 3538 5676; x_wconf 89' lang='lat' dir='ltr'><strong>ut</strong></span> <span class='ocrx_word' id='word_1_862' title='bbox 3560 5621 3706 5675; x_wconf 78' lang='lat' dir='ltr'><strong>dura:</strong></span> <span class='ocrx_word' id='word_1_863' title='bbox 3734 5631 3842 5680; x_wconf 84' lang='lat' dir='ltr'><strong>ser-</strong></span> 
     </span>
    </p>
   </div>
   <div class='ocr_carea' id='block_1_114' title="bbox 2257 5704 3845 5789">
    <p class='ocr_par' dir='ltr' id='par_1_114' title="bbox 2257 5704 3845 5789">
     <span class='ocr_line' id='line_1_114' title="bbox 2257 5704 3845 5789; baseline -0.004 -20"><span class='ocrx_word' id='word_1_864' title='bbox 2257 5717 2414 5770; x_wconf 86' lang='lat' dir='ltr'><strong>vituti</strong></span> <span class='ocrx_word' id='word_1_865' title='bbox 2434 5717 2512 5770; x_wconf 91' lang='lat' dir='ltr'><strong>vel</strong></span> <span class='ocrx_word' id='word_1_866' title='bbox 2536 5712 2705 5789; x_wconf 78' lang='lat' dir='ltr'><strong>[Lvtn]</strong></span> <span class='ocrx_word' id='word_1_867' title='bbox 2723 5716 2882 5770; x_wconf 88' lang='lat' dir='ltr'><strong>morti</strong></span> <span class='ocrx_word' id='word_1_868' title='bbox 2913 5713 3481 5778; x_wconf 84' lang='lat' dir='ltr'><strong>etiamaddicereutur</strong></span> <span class='ocrx_word' id='word_1_869' title='bbox 3502 5731 3515 5768; x_wconf 89' lang='lat'><strong>:</strong></span> <span class='ocrx_word' id='word_1_870' title='bbox 3536 5711 3688 5782; x_wconf 81' lang='lat' dir='ltr'><strong>cujus</strong></span> <span class='ocrx_word' id='word_1_871' title='bbox 3716 5704 3845 5764; x_wconf 84' lang='lat' dir='ltr'><strong>cala-</strong></span> 
     </span>
    </p>
   </div>
   <div class='ocr_carea' id='block_1_115' title="bbox 2259 5807 3848 5881">
    <p class='ocr_par' dir='ltr' id='par_1_115' title="bbox 2259 5807 3848 5881">
     <span class='ocr_line' id='line_1_115' title="bbox 2259 5807 3848 5881; baseline -0.013 -5"><span class='ocrx_word' id='word_1_872' title='bbox 2259 5810 2466 5876; x_wconf 77' lang='lat' dir='ltr'><strong>mitatis</strong></span> <span class='ocrx_word' id='word_1_873' title='bbox 2497 5818 2640 5874; x_wconf 80' lang='lat' dir='ltr'><strong>tanta</strong></span> <span class='ocrx_word' id='word_1_874' title='bbox 2665 5809 2986 5878; x_wconf 79' lang='lat' dir='ltr'><strong>Christianis</strong></span> <span class='ocrx_word' id='word_1_875' title='bbox 3016 5809 3237 5877; x_wconf 83' lang='lat' dir='ltr'><strong>incessit</strong></span> <span class='ocrx_word' id='word_1_876' title='bbox 3279 5807 3591 5877; x_wconf 80' lang='lat' dir='ltr'><strong>miseratio,</strong></span> <span class='ocrx_word' id='word_1_877' title='bbox 3617 5814 3675 5868; x_wconf 88' lang='lat' dir='ltr'><strong>ut</strong></span> <span class='ocrx_word' id='word_1_878' title='bbox 3697 5814 3848 5881; x_wconf 54' lang='lat' dir='ltr'><strong>pecua</strong></span> 
     </span>
    </p>
   </div>
  </div>
