3998 6332
189 326 242 382 lil
932 316 1378 381 DISSERTATIO
1418 322 1457 388 I,
1505 319 1590 389 DE
1631 320 1688 380 S.
1731 317 1778 376 Τ

1886 318 2038 378 )le.
2085 318 2332 378 TnACT.
2380 320 2464 378 ET
2504 320 2782 380 AETATE.
3414 321 3482 380 tis

191 447 269 500 nia
297 442 540 520 undique
569 443 950 508 conferretur,
996 442 1050 500 in
1092 453 1320 513 eamque
1367 453 1483 502 rem
1539 435 1787 504 nonnulli
1813 442 1863 500 Α
1898 435 1964 494 l6
2011 436 2106 502 lib.
2166 452 2205 505 ι,
2257 435 2398 508 quod
2429 440 2665 510 antiquis
2707 439 2832 502 licet
2859 439 3071 503 sarculis
3093 436 3348 512 frequens
3379 435 3490 499 iuc-

190 552 392 611 quoque
407 536 780 607 Ecclesiarum
803 535 1075 602 antistites
1101 531 1215 603 ipsa
1235 546 1385 604 sacra
1401 544 1531 586 vasa
1547 526 1787 594 conﬂare

191 647 285 692 nou
317 629 639 698 dubitarint.
666 645 734 688 ex
771 644 1003 704 quorum
1036 621 1347 696 venditione
1379 626 1662 694 pecuniam
1691 638 1786 682 co-

186 734 365 797 gerent
397 767 414 790 ,
448 726 595 780 unde
642 723 825 794 plures
871 721 1290 780 redimerentur.
1344 716 1638 786 Recitanda
1685 716 1787 778 hoc

184 819 294 888 loco
322 829 450 878 sunt
493 817 604 876 duo
642 817 700 874 S.
748 816 1020 876 Ambrosii
1075 814 1380 874 testimonia
1427 829 1490 880 ex
1527 812 1618 868 lib.
1653 827 1690 867 ιι
1719 811 1787 870 de

184 911 376 968 Oiliciis
393 911 623 968 Ministr.
648 925 770 979 quae
787 910 854 966 de
878 909 981 964 hac
999 908 1368 978 redemptione
1386 913 1538 962 certo
1558 904 1788 975 loquun-

188 1018 298 1078 tur;
327 1015 382 1061 ct
410 1021 482 1061 ex
515 1007 582 1062 iis
631 1005 954 1078 apparebit,
989 1013 1188 1075 quanta
1237 1002 1573 1072 captivorum
1621 996 1785 1054 fuerit

187 1101 478 1157 infelicitas
501 1140 514 1162 ,
545 1109 855 1169 quantaque
893 1097 965 1152 sit
994 1096 1112 1166 eius
1157 1094 1439 1165 scriptoris
1489 1107 1611 1148 cum
1642 1087 1788 1156 Auc-

187 1204 291 1249 tore
317 1202 512 1247 nostro
538 1192 851 1249 consensio.
887 1190 1126 1251 Primum
1171 1189 1348 1257 itaque
1370 1185 1430 1241 S.
1464 1183 1784 1242 Ambrosius

185 1301 292 1356 Cap.
328 1285 399 1342 15
427 1325 446 1352 ,
481 1298 635 1358 num.
688 1283 797 1337 70:
839 1282 1058 1338 Summa
1097 1281 1248 1340 etiam
1283 1277 1564 1334 liberalitas
1609 1286 1784 1349 captas

184 1377 449 1444 redimere,
477 1378 678 1446 eripere
693 1392 758 1432 ea;
786 1374 1005 1430 hostium
1028 1375 1284 1442 manibus,
1307 1371 1630 1426 substrahcre
1673 1367 1784 1436 neci

190 1474 431 1534 beauties,
466 1481 514 1527 et
556 1472 784 1534 maxime
823 1470 1040 1544 feminas
1075 1468 1420 1540 turpitudini;
1447 1467 1661 1522 reddere
1690 1481 1784 1534 pa.-

189 1567 401 1620 rentibus
425 1564 640 1630 liberos,
665 1575 898 1634 parentes
927 1564 1120 1630 liberis,
1151 1563 1283 1618 ciues
1301 1562 1482 1633 patrne
1497 1563 1778 1618 restituere.

193 1658 319 1728 Nota
366 1671 491 1716 sunt
531 1659 646 1714 lucc
682 1660 836 1714 nimis
883 1657 1093 1732 Illyrici
1130 1659 1363 1726 vastitate
1420 1666 1469 1714 et
1517 1655 1784 1722 Thracias:

189 1756 352 1827 ouanti
371 1755 565 1827 ubique
597 1755 801 1810 venales
844 1765 991 1812 erant
1029 1762 1135 1809 toto
1173 1753 1360 1825 captivi
1397 1752 1517 1806 orbe
1543 1793 1556 1817 ,
1580 1764 1707 1823 quos
1738 1751 1783 1808 si

1893 527 1982 596 rit,
2012 543 2119 584 non
2157 536 2334 600 tamen
2365 530 2502 598 ultra
2551 540 2799 600 quartum
2827 530 3082 594 sarculum
3129 531 3266 593 adeo
3294 534 3493 592 acriter

1893 620 2286 690 reprehensum
2341 621 2496 678 facile
2553 623 2814 680 invenies.
2860 623 3066 690 Exinde
3111 625 3302 684 eodem
3354 625 3533 685 libro'

1893 724 2050 782 tract.
2093 717 2148 786 4,
2177 733 2327 782 num,
2364 718 2414 786 1,
2445 725 2498 774 et
2526 726 2682 784 tract.
2721 717 2774 785 5,
2800 735 2948 784 pum.
2978 720 3032 784 6,
3062 719 3324 789 virginum
3346 719 3488 789 apud

1890 809 2136 868 ethnicos
2165 817 2274 864 tum
2295 807 2600 876 florentium
2647 811 2912 877 meminit,
2941 824 3075 881 quas
3101 810 3342 872 Vestales
3369 826 3490 870 esse

1889 901 2021 968 nihil
2054 901 2202 970 dubii
2231 913 2333 958 cst.
2367 903 2473 958 Has
2498 914 2676 960 autem
2707 909 2901 974 quarto
2928 918 3140 974 quoque
3159 905 3366 965 saeculo
3395 904 3490 966 llo,-

1892 1005 2071 1054 rcnles
2101 1011 2164 1058 ex
2192 995 2310 1062 aliis
2353 996 2663 1058 auctoribus
2711 999 2762 1054 in
2806 997 3241 1058 annotationibus
3292 1001 3490 1062 nostris

1887 1090 2250 1158 ostendimus:
2303 1097 2357 1158 at
2394 1091 2582 1160 quinto
2632 1091 2831 1146 saeculo
2878 1090 3040 1146 nulla:
3072 1092 3320 1160 luerunt.
3363 1107 3486 1172 cum

1888 1186 2009 1256 post
2037 1184 2276 1246 Sublatos
2303 1184 2508 1253 eisdem
2535 1183 2798 1250 redditus,
2827 1193 2877 1238 et
2902 1184 3102 1256 prmdia
3127 1187 3252 1244 item
3279 1183 3486 1246 sublata

1887 1292 1916 1342 a
1947 1274 2226 1344 Gratiano,
2252 1288 2372 1350 post
2399 1277 2689 1348 Theodosii
2720 1277 2890 1348 Magni
2916 1277 3191 1340 victoriam
3215 1277 3282 1334 de
3309 1277 3487 1349 Eugee

1887 1374 1978 1440 nio
2009 1373 2232 1430 relatam
2278 1388 2367 1428 an.
2420 1371 2543 1437 394,
2597 1372 2790 1432 eodem
2839 1371 3163 1434 Theodosio.
3188 1371 3486 1442 imperante

1889 1467 2042 1530 unica
2083 1468 2248 1524 vetula
2290 1468 2522 1536 quadam
2560 1483 2624 1526 ea:
2647 1467 2929 1539 virginibus
2968 1467 3254 1526 Vestalibus
3289 1469 3486 1536 reliqua

1887 1570 2217 1628 metueretur
2241 1575 2268 1613 a
2302 1560 2521 1620 Zosimo
2549 1560 2643 1620 lib.
2675 1577 2727 1626 ιν,
2759 1575 2878 1631 cap.
2909 1561 3000 1627 58,
3020 1576 3089 1616 ex
3113 1576 3218 1632 quo
3242 1559 3485 1630 Vestales

1886 1643 2121 1723 animum
2149 1651 2375 1710 traxisse
2402 1653 2466 1716 ad
2493 1653 2741 1718 ultimum
2780 1666 2946 1724 usque
2975 1647 3260 1716 Theodosii
3306 1651 3484 1715 senio:

1887 1751 1960 1806 ris
1987 1761 2159 1828 aevum
2189 1787 2204 1814 ,
2234 1754 2345 1810 tum
2384 1761 2515 1804 vero
2567 1747 2834 1812 extinctas
2890 1745 3049 1816 plane
3098 1745 3263 1804 fuisse
3293 1745 3486 1824 probat

189 1866 398 1914 revoces,
429 1850 586 1906 unius
607 1849 886 1920 prouincia:
915 1864 1182 1910 numerum
1203 1849 1410 1918 explere
1430 1863 1531 1910 non
1555 1845 1785 1916 possint!
1815 1849 1859 1911 Β
1891 1839 2102 1911 Lipsius
2124 1841 2175 1894 in
2221 1840 2499 1911 Syntagm.
2541 1840 2610 1906 de
2649 1838 2979 1905 Vesutlibus,
3009 1854 3129 1909 cap.
3159 1840 3245 1896 14.
3284 1839 3387 1895 Sed
3417 1838 3486 1896 de

188 1941 395 1998 Barbari
427 1942 581 2002 enim
629 1942 998 2014 (prosequitur
1029 1957 1177 1996 num.
1215 1939 1305 2013 7t)
1340 1940 1469 2000 nihil
1491 1940 1783 2011 deferebant

187 2035 516 2100 humanitatis
541 2034 610 2088 ad
638 2034 1083 2106 misericordiam,
1115 2034 1215 2096 nisi
1248 2034 1396 2104 quod
1439 2033 1658 2097 avaritia
1703 2048 1782 2088 re-

184 2138 464 2184 servaverat
497 2128 565 2193 ad
586 2128 1006 2198 redemptionem.
1047 2127 1207 2190 Aliud
1259 2126 1626 2195 testimonium
1657 2142 1778 2195 cap.

185 2221 263 2285 28,
292 2238 446 2288 nutu.
487 2220 612 2288 156,
644 2220 888 2293 ejusdem
935 2221 1055 2280 libri
1084 2237 1143 2288 tt,
1189 2220 1272 2278 his
1294 2221 1473 2278 verbis
1525 2221 1782 2289 exprimi.-

184 2324 290 2371 tnr:
326 2314 445 2370 Nos
474 2316 759 2384 aliquando
782 2314 834 2382 in
864 2315 1110 2374 inuidiam
1139 2315 1413 2370 incidimus
1437 2358 1450 2382 ,
1479 2316 1620 2385 quod
1657 2331 1780 2372 con.-

182 2410 479 2484 [rcgerimus
505 2426 627 2476 vasa
653 2410 869 2480 mystica
889 2451 905 2477 ,
947 2419 1000 2464 ut
1029 2409 1253 2478 captivos
1293 2410 1774 2466 redimeremur”...

185 2503 303 2571 Qui;
335 2512 514 2558 autem
543 2512 615 2557 est
642 2514 746 2569 tam
771 2503 937 2572 durus
960 2544 975 2567 ,
1005 2503 1248 2571 immitis,
1281 2504 1507 2573 ferreus.
1552 2505 1635 2562 cui
1673 2505 1781 2568 dis,-

181 2597 354 2666 pliceat
383 2599 527 2668 quod
551 2596 704 2650 homo
734 2596 1004 2666 redimitur
1033 2613 1065 2652 α
1091 2604 1272 2662 morte,
1307 2598 1498 2670 fentinu
1520 2597 1581 2658 ab
1612 2599 1779 2668 impn-

181 2689 410 2758 ritatibus
438 2691 799 2758 barbarorum,
827 2706 940 2762 qua:
965 2692 1225 2762 graviores
1271 2701 1436 2746 morte
1458 2701 1610 2750 sunt:
1649 2692 1781 2748 ado-

183 2785 468 2840 lescentuli:
493 2784 570 2856 uel
591 2785 792 2856 pueruli
808 2785 885 2842 vel
905 2785 1128 2857 infantes
1149 2783 1210 2840 ab
1231 2785 1488 2848 idolorum
1505 2786 1774 2858 contagiis,

183 2879 355 2950 quibus
408 2880 594 2950 mortis
623 2890 758 2942 metu
801 2879 1239 2949 inquinabantnr?
1281 2879 1640 2946 Advertistin,
1671 2891 1777 2938 tota

183 2973 400 3047 captiuas
426 2972 571 3041 orbe,
601 2986 738 3044 quos
777 2971 867 3042 qui
897 2972 1186 3038 redimeret
1211 3015 1225 3040 ,
1248 2972 1596 3034 subtraheret
1622 2975 1777 3030 neci?

181 3065 309 3133 Quid
339 3080 466 3119 cum
499 3065 752 3120 Auctoris
783 3065 951 3119 nostri
978 3065 1156 3122 verbis
1187 3067 1358 3137 magis
1383 3067 1774 3123 consentiens?

185 3156 338 3228 Igitur
365 3169 425 3218 ut
452 3157 522 3214 ad
554 3160 854 3229 argumenti
891 3172 1154 3216 summam
1188 3159 1404 3215 tandem
1448 3159 1731 3215 redeamus
1754 3202 1768 3227 ,

1890 1933 2225 2006 argumentis
2265 1949 2384 2004 qua:
2408 1949 2506 2004 pro
2535 1933 2842 2000 deﬁnienda
2867 1949 2962 2000 seu
2993 1933 3482 2000 circumscribenda

1887 2026 2141 2094 Aut-toris
2169 2035 2328 2088 aztate
2358 2028 2626 2098 expiscari
2677 2027 2948 2097 potuimus
2970 2067 2986 2093 ,
3011 2026 3120 2096 jam
3177 2027 3334 2084 nimis
3375 2025 3485 2084 lore

1885 2131 2032 2192 laeso
2064 2123 2252 2184 multa.
2282 2123 2363 2181 Ad
2388 2121 2725 2193 objectiones
2752 2123 2932 2183 statim
2971 2120 3310 2182 accedamus.

1883 2257 2017 2335 [clx]
2041 2260 2068 2333 ᾗ
2097 2258 2538 2338 Vill.-—0bjectio
2566 2261 2628 2314 de
2647 2258 3079 2332 persecutionibus
3107 2269 3151 2313 et
3176 2258 3484 2338 martyribus

1910 2353 2182 2426 disjicitnr.
2205 2343 2377 2407 Brevis
2401 2351 2615 2406 historia
2643 2353 3046 2426 persecutionum
3067 2352 3234 2426 quarti
3259 2349 3454 2406 sa'cnli.

1953 2494 2085 2563 Quae
2110 2495 2399 2562 Baronium
2423 2503 2743 2560 moverunt,
2769 2510 2889 2560 cum
2914 2494 2979 2556 ad
3005 2509 3092 2550 res
3114 2493 3484 2564 superioribus

1882 2588 2236 2662 paragrapbis
2257 2590 2486 2660 agitatas
2508 2591 2844 2661 pertineant,
2872 2588 3070 2646 ibidem
3100 2587 3298 2659 rejects
3327 2587 3484 2644 nobis

1879 2694 2004 2751 sunt
2022 2726 2037 2750 ,
2064 2699 2170 2744 uno
2200 2685 2292 2749 illo
2315 2693 2544 2754 excepto
2571 2684 2639 2744 de
2667 2683 2986 2744 idololatriae
3009 2683 3178 2755 signis
3204 2683 3254 2737 in
3272 2678 3486 2738 'numis-

1880 2779 2112 2840 matibus
2134 2820 2150 2843 ,
2181 2777 2323 2849 quod
2365 2788 2541 2838 tanien
2581 2793 2646 2836 ex
2679 2785 2834 2836 tract.
2892 2778 2962 2834 10
3003 2777 3221 2834 ductum
3249 2784 3482 2832 annota-

1880 2869 2024 2926 tionc
2049 2871 2107 2926 ll
2137 2870 2266 2926 satis
2318 2869 2546 2924 dilutum
2574 2871 2843 2930 invenies.
2884 2869 3018 2939 Quae
3057 2884 3217 2942 porro
3243 2869 3482 2926 "editores

1880 2965 2222 3034 Veronenses
2260 2966 2312 3024 in
2357 2965 2725 3036 praelationem
2755 2966 3100 3023 contulerunt
3127 2971 3441 3037 argumenta
3463 3000 3479 3032 ,

1879 3066 1937 3112 ιιι
1977 3055 2267 3130 Auctorem
2327 3050 2756 3129 antiquissimum
2817 3057 3238 3130 persuaderent,
3299 3059 3479 3113 omnia

1877 3166 1989 3212 non
2013 3153 2184 3220 tribus
2206 3152 2380 3210 solum
2406 3153 2593 3221 primis
2619 3152 2873 3210 Ecclesite
2895 3153 3103 3209 stecttlis
3124 3151 3475 3218 conveniunt,

183 3263 295 3306 cum
335 3259 529 3308 uoster
555 3251 764 3308 Aucmr
789 3247 1169 3310 liberalitatem
1197 3266 1416 3311 suorum
1466 3252 1771 3316 auditorum
1802 3238 1847 3306 C
1880 3246 1975 3304 sed
1994 3247 2156 3318 etiam
2183 3257 2395 3316 quarto.
2429 3256 2484 3304 ct
2511 3247 2767 3306 nonnulla
2800 3248 2926 3302 item
2946 3247 3154 3315 quinto,
3181 3244 3324 3316 quod
3354 3260 3482 3315 par-

186 3342 234 3396 io
257 3342 586 3410 redimendis
618 3344 847 3414 captivis
891 3344 1393 3414 muniﬁcentissime
1433 3345 1777 3404 demonstra—

187 3444 281 3489 tam
305 3435 724 3504 commendans,
754 3436 1178 3508 redemptionem
1201 3439 1512 3498 earumdem
1536 3440 1778 3510 captivo-

188 3542 317 3594 tum,
348 3527 418 3584 de
439 3528 641 3598 quibus
667 3529 885 3600 scripsit
911 3529 1250 3596 Ambrosius,
1280 3541 1505 3601 spectet,
1538 3548 1640 3602 qua
1671 3548 1774 3588 una

192 3633 360 3676 rerum
408 3619 527 3678 ﬁeri
559 3623 770 3692 potuit,
811 3631 870 3684 ut
915 3622 966 3677 id
1007 3623 1219 3693 generis
1259 3625 1474 3696 largitas
1504 3628 1778 3696 provinciis

190 3713 407 3775 ontuibus
439 3724 564 3782 nota
591 3725 758 3782 esset,
787 3719 998 3789 ejusque
1030 3719 1118 3786 pia
1145 3720 1340 3774 sentina
1363 3721 1519 3776 totius
1553 3723 1777 3791 quodam

189 3807 325 3860 modo
347 3807 487 3862 orbis
517 3824 612 3878 per
633 3809 857 3880 membra
891 3811 1216 3882 jactarentur
1241 3853 1255 3877 ,
1284 3822 1338 3866 ut
1387 3813 1526 3872 idem
1575 3818 1780 3871 Auctor

193 3903 386 3969 prodit:
417 3902 563 3958 haud
596 3902 758 3958 dubie
789 3893 1049 3974 tractatus
1078 3905 1146 3960 l0
1177 3907 1271 3966 lib.
1301 3921 1338 3962 ιι
1383 3907 1599 3965 habitus
1633 3916 1779 3975 patet

195 4008 297 4064 post
321 4013 524 4066 annum
552 3999 680 4068 378,
705 4013 810 4069 quo
837 3999 1052 4060 barbari
1084 4007 1289 4059 tantum
1320 4001 1654 4068 captivorum
1680 4017 1774 4058 l‘llh

197 4106 384 4146 merum
416 4091 618 4163 partim
642 4107 708 4148 ex
754 4092 1011 4150 Romanis
1055 4093 1316 4152 militibus
1341 4094 1451 4164 jam
1503 4095 1774 4164 devictis,

196 4184 370 4252 partim
401 4199 464 4240 ex
501 4191 584 4244 tot
610 4181 869 4256 Romanis
898 4185 1192 4255 provinciis
1219 4187 1456 4250 subactis
1481 4187 1775 4246 deduxere.

256 4276 358 4333 Sed
397 4292 525 4354 cum
557 4293 656 4349 pro
681 4278 964 4350 statuenda
1008 4280 1258 4348 Auctoris
1299 4291 1458 4340 aetate
1488 4298 1778 4355 argumen-

194 4378 347 4442 torum
383 4371 508 4442 linis
537 4370 754 4444 tandem
796 4372 990 4444 aliquis
1021 4388 1146 4436 esse
1178 4373 1403 4450 debeat,
1431 4391 1592 4446 quam
1639 4379 1779 4440 miri-

196 4463 279 4543 lice
305 4466 484 4541 omnia
518 4480 585 4544 es
609 4466 771 4543 variis
795 4467 920 4534 licet
949 4468 1263 4539 tractatibus
1306 4470 1529 4528 collecta
1573 4478 1780 4542 tempo-

193 4557 256 4612 ris
276 4559 467 4622 indicia
493 4560 546 4616 in
593 4558 850 4632 saculqu
882 4573 1131 4632 quartum
1180 4563 1532 4632 conspirant,
1557 4573 1614 4628 et
1655 4567 1779 4638 qui~

1881 3341 1975 3396 tim
2019 3355 2084 3396 ex
2116 3340 2275 3400 dictis
2317 3341 2378 3398 lit
2413 3349 2690 3410 apertum,
2720 3341 2913 3411 partim
2944 3355 3007 3398 ex
3038 3337 3480 3394 annotationibus

1876 3442 2178 3503 Opportune
2217 3434 2552 3504 apponettdis
2591 3433 2812 3503 patebit.
2859 3431 3032 3490 Unum
3073 3429 3468 3494 tantummodo,

1878 3529 2018 3599 quod
2043 3544 2108 3586 ex
2141 3529 2450 3590 memoratis
2469 3528 2538 3583 ab
2563 3528 2797 3586 Auctore
2824 3523 3290 3597 persecutionibus
3310 3533 3470 3594 atque

1879 3620 2206 3691 martyribus
2236 3620 2467 3683 ducitur,
2502 3619 2874 3676 vehementius
2905 3618 3078 3674 videri
3109 3618 3342 3688 cuipiam
3377 3633 3472 3687 po-

1880 3722 2019 3779 test;
2055 3719 2114 3768 ut
2153 3713 2220 3770 ad
2261 3713 2399 3773 istud
2445 3712 2808 3770 subruendum
2851 3728 2955 3768 non
2995 3713 3128 3768 satis
3165 3713 3310 3779 sint,
3358 3726 3480 3783 qum

1880 3817 2094 3865 nostras
2134 3810 2188 3865 in
2225 3809 2600 3864 annotationes
2640 3807 2996 3878 coniecimus.
3040 3807 3223 3879 Itaque
3268 3807 3337 3862 de
3374 3805 3476 3862 hoc

1881 3905 2157 3960 nonnulla.
2194 3904 2309 3960 Non
2355 3903 2568 3962 duobus
2603 3915 2810 3960 tantum
2864 3919 2981 3974 qua!
3037 3904 3104 3957 ab
3138 3901 3326 3957 iisdem
3366 3903 3480 3957 edi-

1882 4001 2088 4056 toribus
2133 4000 2452 4072 allegantur,
2503 3999 2595 4056 sed
2649 3997 2820 4055 tribus
2868 4001 2919 4054 in
2966 3998 3097 4054 locis
3145 3998 3475 4069 persecutio-

1881 4108 2042 4159 num,
2079 4092 2160 4148 vel
2190 4102 2488 4161 martyrum
2522 4094 2806 4164 praesentis
2836 4103 2945 4148 tum
2977 4093 3234 4163 temporis
3263 4105 3449 4145 occum

1881 4188 2122 4245 bentium
2162 4188 2223 4242 ﬁt
2261 4189 2544 4258 explorata
2584 4188 2804 4243 mentio.
2848 4188 2942 4242 Tr.
2989 4188 3044 4254 6,
3075 4187 3142 4241 de
3181 4184 3479 4253 Patientia,

1884 4284 1974 4339 lib.
2007 4299 2055 4350 ι,
2088 4298 2144 4338 n.
2175 4284 2242 4342 8:
2275 4280 2354 4338 Tu
2383 4283 2683 4355 quotidiana
2711 4293 2999 4355 martyrum
3027 4293 3188 4336 mater
3228 4299 3280 4336 es
3309 4292 3353 4336 et
3394 4297 3481 4334 ro-

1881 4395 2030 4432 rona.
2063 4375 2246 4433 Trent.
2275 4377 2345 4434 97
2373 4376 2467 4436 lib.
2502 4393 2568 4444 II,
2619 4393 2674 4433 ιι.
2705 4377 2758 4443 ὅ,
2789 4377 3188 4450 persecutionem
3217 4374 3316 4430 sub
3364 4372 3480 4429 vin-

1882 4470 2075 4527 demia:
2097 4471 2354 4541 allegoria
2407 4471 2522 4525 tusc.
2547 4470 2789 4541 depingit
2817 4478 2872 4524 et
2899 4479 3161 4540 martyres
3192 4476 3476 4533 memorat,

1883 4565 2074 4635 quibus
2095 4564 2336 4629 uiolenta,
2360 4564 2552 4634 inquit,
2576 4565 2798 4636 infertur
2819 4581 3023 4631 manus,
3048 4562 3248 4646 quique
3269 4563 3337 4617 ad
3356 4580 3480 4631 sup-

192 4649 298 4706 detn
320 4654 392 4712 ita
415 4662 550 4712 utex
572 4653 636 4712 iis
658 4653 762 4730 alia
786 4668 890 4724 non
918 4664 1042 4728 auiti
1066 4655 1302 4722 medium
1326 4658 1467 4716 idem
1489 4661 1768 4730 seculum,
1805 4645 1853 4722 ll.
1878 4659 2025 4729 plicii
2051 4659 2222 4715 locum
2249 4658 2662 4712 deducuntur....
2680 4672 2882 4711 summa
2910 4658 3138 4712 onmium
3169 4658 3480 4711 contumelia

191 4743 278 4797 alia
335 4761 462 4800 vero
517 4762 622 4799 non
678 4748 878 4802 saeculo
931 4750 1217 4817 posteriori
1253 4751 1544 4806 Auctorem
1603 4755 1775 4824 scrip-

191 4839 310 4892 sisse
339 4838 498 4907 plane
528 4840 887 4912 convincunt!
927 4839 984 4904 In
1005 4842 1235 4912 priorem
1269 4853 1476 4914 partem
1508 4887 1523 4909 ,
1573 4845 1640 4902 de
1668 4862 1772 4918 qua

190 4943 281 4986 una
307 4946 428 4985 cttm
460 4932 700 5008 pluribus
722 4932 949 5005 qua-stici
988 4943 1104 5003 est,
1132 4937 1386 5007 pleraque
1426 4955 1492 4994 cx
1527 4923 1776 5011 pluribus

191 5025 490 5090 tractatibus
514 5028 758 5100 conjecta
795 5037 950 5086 sunt:
997 5028 1064 5086 de
1094 5030 1332 5098 secunda
1361 5041 1541 5091 autem
1566 5073 1579 5097 ,
1613 5048 1770 5104 quam

189 5131 334 5180 nemo
363 5118 737 5188 impugnavit,
771 5127 952 5189 aperta
979 5129 1127 5186 sunt,
1157 5137 1274 5192 quae
1307 5136 1374 5179 ex
1406 5122 1774 5184 Theodosiani

188 5206 385 5282 Codicis
435 5210 642 5284 legibus
675 5211 1028 5282 allegavimus
1061 5211 1091 5285 ﬁ
1129 5214 1163 5268 5
1186 5255 1202 5278 ,
1238 5213 1380 5270 unde
1412 5213 1616 5282 Auctor
1642 5226 1782 5273 trac-

188 5308 341 5358 tatum
371 5306 658 5375 septimum
688 5305 809 5372 libri
842 5306 997 5380 primi
1029 5307 1312 5378 scripsisse
1338 5309 1622 5376 statuimus
1649 5322 1779 5370 ante

186 5408 370 5456 annum
399 5398 497 5464 391
533 5439 548 5460 ,
578 5399 718 5470 quod
765 5400 1129 5462 testimonium
1161 5402 1263 5470 etsi
1308 5402 1359 5460 in
1387 5419 1447 5468 re
1474 5408 1774 5474 praesertim

186 5490 396 5568 minime
414 5494 752 5569 contentiosa
782 5495 914 5567 satis
961 5509 1231 5568 superque
1274 5511 1397 5558 inse
1423 5496 1651 5564 debeat:
1696 5501 1778 5558 ni-

187 5584 285 5638 hilo
323 5596 501 5646 tamen
530 5588 706 5664 minus
732 5587 868 5644 duas
903 5589 1409 5660 animadversiones
1439 5595 1621 5668 paucis
1649 5609 1775 5666 sug-

179 5694 358 5746 gerere
383 5681 561 5749 placet
587 5697 652 5737 ex
676 5681 794 5742 aliis
815 5683 1151 5748 tractatibus,
1183 5691 1242 5740 ut
1262 5684 1538 5751 cohaerere.
1583 5702 1774 5746 omnes

181 5768 418 5840 idemque
463 5782 674 5857 tempus
710 5789 898 5834 omnes
939 5784 1188 5848 spectare
1223 5791 1539 5849 cognoscas.
1591 5779 1775 5848 Primo

177 5863 433 5930 secundas
463 5867 677 5942 nuptias
714 5868 918 5940 Auctor
964 5870 1307 5948 persequitur
1349 5873 1544 5953 acerbe
1568 5883 1635 5936 tr.
1661 5877 1695 5940 ὅ
1718 5885 1775 5956 et

1879 4753 2023 4807 illusi
2053 4769 2085 4805 a
2133 4751 2541 4822 persecutoribus
2562 4753 2895 4824 jugulantur,
2918 4759 3024 4807 etc.
3051 4751 3286 4806 Tandem
3318 4757 3472 4828 tract.

1881 4845 1950 4902 45
1989 4845 2230 4915 ejusdem
2253 4846 2373 4900 libri
2397 4841 2413 4898 ε’
2436 4848 2724 4902 Autumnus
2742 4863 2943 4919 quoque
2960 4847 3195 4918 martyrii
3218 4847 3361 4900 locus
3383 4855 3476 4910 est,

1879 4943 1935 4993 in
1958 4955 2058 5006 quo
2079 4956 2180 4994 non
2202 4941 2342 5004 uitis,
2369 4941 2459 4995 sed
2481 4944 2693 5013 fossoris
2714 4944 2925 5015 sanguis
2945 4941 3248 5009 e/funditur.
3273 4939 3482 5008 Quibus

1880 5031 1935 5086 in
1979 5031 2114 5087 locis
2151 5047 2272 5088 cum
2317 5035 2726 5103 persecutiones
2765 5041 2821 5089 et
2859 5043 3127 5106 martyres
3173 5032 3482 5113 indicentur

1883 5137 2212 5194 praesentes,
2260 5126 2368 5179 imo
2399 5136 2454 5181 et
2483 5126 2815 5196 quotidiani,
2863 5124 2953 5196 qui
3002 5127 3054 5180 in
3085 5135 3335 5196 quartum
3378 5140 3481 5180 su»

1883 5216 2060 5272 culum
2094 5233 2123 5272 a
2149 5218 2472 5273 Christianis
2498 5220 2912 5290 imperatoribus
2939 5230 3263 5291 occupatum
3285 5219 3482 5277 cadere

1881 5327 2219 5383 nequaquam
2274 5314 2602 5380 creduntur;
2658 5314 2913 5372 Auctoris
2952 5323 3083 5372 :rtas
3123 5317 3188 5371 ad
3231 5329 3480 5387 persecuq

1878 5407 2084 5461 tionum
2121 5416 2330 5477 tempus
2359 5407 2635 5468 evehenda
2665 5410 2954 5482 colligitur.

1955 5503 2023 5555 At
2065 5502 2239 5570 primo
2281 5501 2818 5568 animadvertendum
2859 5514 2971 5571 est,
3005 5503 3060 5560 id
3090 5504 3304 5575 generis
3333 5503 3483 5563 locu-2

1883 5591 2059 5652 tiones
2101 5593 2154 5649 in
2197 5594 2316 5650 aliis
2345 5595 2520 5666 quarti
2548 5611 2764 5666 quoque
2792 5597 2975 5651 saeculi
3005 5595 3312 5656 aut-toribus
3343 5594 3483 5666 legi;

1882 5685 2025 5744 inter
2054 5702 2188 5756 quas
2217 5687 2486 5743 audienda
2516 5688 2604 5744 illa
2653 5688 2836 5746 Hilarii
2877 5704 2940 5744 ex
2982 5686 3388 5742 Commentario
3427 5679 3487 5743 in'

1881 5781 2019 5853 psal.
2046 5796 2224 5848 cxxu,
2251 5800 2306 5838 ιι.
2334 5783 2420 5848 ill,
2452 5785 2520 5840 de
2545 5785 2782 5862 ﬁdelium
2812 5784 3020 5853 injuriis
3046 5782 3314 5862 loquentis
3334 5781 3489 5838 :‘Crr-

1883 5878 2082 5961 ditnur,
2107 5879 2484 5960 maledicimur,
2512 5881 2776 5958 fugantur,
2799 5895 3042 5958 necantur
3062 5884 3220 5952 terra,
3244 5868 3493 5957 flammis;
