3952 6320
533 323 605 382 65
1932 315 2463 372 PROLEGOMENA.
3745 318 3790 371 fil

532 444 818 518 profunda,
847 443 1118 499 deswvitur
1137 442 1190 496 in
1211 451 1440 497 nostram
1460 438 1838 506 verecundiam,
1865 437 2137 492 deswvitur
2164 441 2210 503 Α
2242 437 2294 491 in
2322 448 2728 507 persecutarum
2759 440 3060 509 catalogum
3087 437 3208 510 jure
3237 439 3482 496 retulerit
3511 440 3796 512 Augustinus

531 538 586 592 in
629 552 878 608 corpora:
916 535 1062 594 dolor
1097 533 1242 589 nobis
1283 543 1356 590 est
1397 534 1626 604 injuriis.
1670 531 1789 588 Alia
1830 529 2136 586 testimonia

531 629 737 686 videsis
774 637 956 684 annot.
1003 627 1076 683 20
1126 627 1180 682 in
1220 637 1378 684 tract.
1411 627 1481 682 27
1534 627 1626 682 lib.
1658 642 1718 681 ιι.
1772 624 1909 693 Quid
1943 639 2134 696 porro,

531 723 578 780 si
618 724 752 779 falsa
793 723 1017 778 inolevit
1057 722 1245 794 opinio
1269 763 1284 788 ,
1329 722 1507 777 nullas
1547 730 1742 792 quarto
1780 721 1979 774 saeculo
2018 733 2139 789 per-

529 817 872 883 secutiones,
917 824 1184 888 martyres
1223 817 1400 870 nullos
1430 814 1633 870 fuisse?
1659 813 1850 870 Nonne
1873 812 2131 868 Constan-

530 911 606 966 tio
655 910 954 982 imperante
1005 925 1202 981 magno
1247 911 1568 965 Arianorum
1615 917 1841 978 patrono
1904 905 2022 959 dira
2085 905 2135 959 in

527 1003 840 1061 Catholicos
867 1005 1101 1061 Nicaeum
1131 1004 1254 1061 ﬁdei
1285 1004 1600 1060 defensores
1623 1000 1928 1073 persecutio
1955 1000 2132 1055 desze-

526 1097 626 1155 viit
647 1142 661 1164 ,
693 1114 799 1170 qua
831 1098 924 1155 alii
952 1099 1004 1155 iu
1035 1099 1256 1154 exilium
1285 1099 1576 1169 deportati,
1607 1097 1698 1153 alii
1720 1097 1948 1166 equuleo
1990 1095 2131 1159 torti,

527 1193 621 1248 alii
647 1193 809 1248 etiam
841 1203 1016 1249 morte
1059 1192 1302 1248 moletati
1344 1191 1595 1247 fuerunt?
1634 1188 1770 1244 Hinc
1812 1188 2044 1243 Hilarius
2085 1187 2138 1242 in

530 1285 672 1341 libro
701 1285 960 1341 adversus
989 1286 1359 1342 Constantium
1394 1301 1446 1339 n.
1484 1291 1534 1351 1,
1567 1281 1872 1339 Catholicos
1901 1280 1968 1335 ad
1998 1295 2140 1334 mar-

531 1379 728 1449 tyrium
757 1379 1028 1443 hortatur;
1058 1391 1110 1434 et
1137 1378 1378 1435 Liberius
1408 1379 1459 1432 in
1484 1376 1707 1447 epistola
1729 1375 1794 1430 ad
1813 1372 2140 1446 Confessares

532 1483 660 1528 ante
684 1473 906 1528 exilium
935 1489 1092 1528 suum
1121 1473 1341 1543 scripta,
1366 1488 1486 1540 qua:
1509 1480 1685 1526 exstat
1709 1470 1851 1540 apud
1881 1469 2139 1524 llilarium

533 1563 670 1637 frag.
700 1565 766 1632 6,
802 1566 886 1620 his
915 1564 1094 1621 verbis
1126 1566 1294 1620 utitur
1320 1579 1375 1619 ιι.
1410 1564 1435 1619 1
1464 1580 1476 1617 :
1507 1561 1630 1618 lam
1665 1563 1734 1616 ad
1767 1566 1996 1634 futuram
2025 1563 2140 1634 glo-

529 1658 666 1712 riam
695 1669 946 1730 martyres
973 1674 1060 1712 vos
1085 1658 1392 1729 designarit.
1427 1655 1692 1713 Similiter
1719 1656 2048 1711 Athanasius
2086 1655 2138 1710 in

533 1747 762 1821 Apolog.
792 1749 859 1805 ad
889 1749 1173 1805 Constant.
1204 1767 1260 1805 n.
1291 1751 1386 1816 32,
1422 1764 1542 1821 pag.
1575 1749 1712 1805 516:
1753 1747 1892 1804 Nam
1918 1751 1962 1803 si
1988 1750 2026 1802 ii
2056 1750 2142 1819 qui

2241 529 2341 584 lib.
2374 545 2510 586 xvttt
2536 531 2604 586 de
2626 532 2745 586 Civ.
2779 531 2896 597 Dei,
2941 547 3062 602 cap.
3091 530 3179 587 52.
3209 530 3424 587 Juliano
3449 532 3795 588 interfectos".

2240 620 2376 685 363,
2409 631 2526 692 post
2554 623 2717 678 breve
2737 623 2948 679 Joviani
2980 624 3262 694 imperium
3293 623 3688 679 Valentinianus
3708 641 3798 681 suc-

2239 715 2436 782 cessit,
2467 718 2556 788 qui
2597 720 2827 775 subinde
2863 719 3138 774 Valentem
3171 719 3390 775 fratrem
3423 722 3474 774 iu
3508 721 3706 787 imperii
3730 739 3798 777 so-

2239 811 2490 864 cietatem
2523 813 2833 879 assumpsit.
2883 812 2980 867 Hic
3001 822 3176 867 autem
3202 824 3509 883 postremus
3527 814 3802 869 Constantio

2241 904 2412 957 multo
2444 904 2818 961 vehementior
2844 906 2940 960 fuit
2967 908 3016 961 in
3049 908 3241 961 tuenda
3267 909 3582 963 Arianorum
3609 909 3798 977 hwresi,

2243 997 2452 1067 fideque
2475 998 2739 1054 catholica
2763 1000 3118 1071 Oppugnanda
3147 1017 3242 1071 per
3263 1001 3534 1056 Orientem
3553 1046 3566 1068 ,
3593 1004 3672 1058 cui
3699 1020 3802 1070 prte-

2241 1100 2392 1154 erat;
2435 1091 2502 1147 de
2541 1108 2645 1163 qua
2685 1095 3068 1163 persecutione
3104 1094 3436 1166 Augustinus
3475 1096 3659 1152 eodem
3696 1097 3803 1153 libro

2242 1199 2363 1253 cap.
2397 1183 2497 1249 5‘2,
2543 1187 2658 1240 haec
2700 1187 2899 1256 scripta
2943 1187 3194 1256 reliquit:
3233 1187 3504 1242 Postrema
3531 1201 3698 1243 nostra
3723 1209 3803 1244 me-

2243 1277 2408 1329 moria
2447 1274 2637 1332 Valens
2666 1317 2678 1330 .
2711 1318 2724 1330 .
2759 1318 2771 1328 .
2804 1279 3028 1332 Arianns
3051 1322 3064 1343 ,
3097 1297 3263 1334 nonne
3291 1298 3475 1352 magna
3506 1284 3806 1351 persecutione

2243 1385 2334 1438 per
2358 1369 2583 1423 0iientis
2607 1381 2778 1442 partes
2820 1372 3127 1426 catholicam
3155 1373 3365 1426 vastavit
3387 1373 3541 1443 ﬁdem
3562 1391 3578 1438 ;
3603 1387 3650 1428 et
3672 1373 3749 1428 lib.
3780 1390 3804 1428 ll

2243 1474 2431 1518 contra
2461 1464 2667 1518 litteras
2693 1465 2936 1520 l’etiliaui
2967 1484 3021 1520 n.
3051 1465 3192 1524 206:
3227 1466 3475 1534 Quaerant
3502 1468 3624 1536 quid
3651 1466 3805 1521 Catho-

2245 1557 2344 1612 lica
2384 1561 2436 1614 in
2465 1558 2673 1614 Oriente
2713 1578 2954 1633 perpessa
2983 1563 3070 1624 sit,
3103 1563 3308 1633 quando
3347 1563 3538 1618 Valens
3568 1566 3808 1632 imperabat

2243 1654 2488 1709 Arianus.
2525 1655 2659 1710 Hinc
2705 1657 2889 1724 procul
2923 1655 3087 1711 dubio
3119 1657 3177 1713 8.
3214 1658 3536 1711 Ambrosius
3567 1658 3658 1712 lib.
3706 1673 3738 1711 lt
3762 1656 3810 1712 de

2244 1746 2398 1812 Fide,
2426 1763 2547 1818 eap.
2580 1747 2670 1814 16,
2696 1749 3100 1819 persecutiones
3121 1750 3401 1820 appellans
3425 1795 3433 1804 .
3461 1766 3590 1820 quas
3613 1751 3674 1804 ab
3695 1751 3811 1804 Aria-

532 1841 778 1896 adversus
808 1859 889 1898 me
911 1833 1226 1898 subscribere
1247 1843 1582 1911 recusabant,
1612 1854 1685 1896 tot
1711 1845 1966 1913 tantisque
1987 1843 2136 1897 malis
2167 1845 2214 1906 Β
2243 1857 2435 1897 norum
2468 1841 2688 1912 perfidia
2708 1885 2724 1909 ,
2759 1843 3010 1898 nimirum
3039 1844 3140 1897 sub
3168 1844 3488 1898 Constantio
3519 1856 3570 1900 et
3606 1843 3811 1906 Valente,

531 1945 649 1989 sunt
675 1934 887 2003 aﬂ'ecti;
913 1937 957 1990 si
987 1937 1135 2003 laici,
1165 1939 1250 2006 qui
1277 1954 1391 1990 cum
1420 1935 1628 1990 Arianis
1651 1937 2026 1990 communicare
2048 1952 2141 1990 no-

533 2028 771 2098 luerunt,
799 2031 983 2098 capitis
1007 2029 1240 2084 damnati
1261 2039 1414 2098 sunt,
1445 2040 1550 2108 etc.
1578 2029 1786 2098 Quibus
1809 2028 2002 2084 similia
2028 2037 2142 2090 tra-

442 2130 445 2132 ·
533 2121 672 2178 dens
704 2120 938 2176 Hilarius
967 2123 1018 2176 in
1048 2122 1184 2177 libro
1215 2121 1476 2178 adversus
1500 2121 1873 2178 ConStantium
1903 2165 1917 2188 ,
1947 2137 2001 2176 ιι.
2038 2122 2097 2176 11
2126 2164 2141 2190 ,

537 2214 827 2270 Τοιοειιιιςιξ
871 2215 1128 2271 Ecclesia:
1175 2216 1386 2272 clericos
1425 2216 1643 2287 fustibus
1681 2232 1874 2282 cauos,
1904 2217 2146 2271 diacones

537 2308 747 2379 plumbo
782 2308 933 2363 elisos
963 2318 1212 2374 testatur.
1245 2309 1360 2366 Huc
1391 2309 1708 2367 revocandae
1749 2311 1852 2366 illa:
1890 2309 2066 2366 etedes
2093 2310 2146 2364 in

536 2399 901 2457 Alexandrina
922 2401 1161 2458 Ecclesia
1179 2402 1412 2474 Georgio
1438 2404 1723 2459 invadente
1742 2412 1992 2475 peractae,
2014 2419 2147 2475 quas

537 2491 867 2548 Athanasius
907 2493 1264 2550 considerans
1302 2495 1354 2550 in
1399 2496 1555 2564 epist.
1587 2495 1653 2550 ad
1683 2494 2056 2559 Ortbodosos,
2087 2512 2150 2550 ne

536 2583 730 2637 multus
774 2585 872 2639 sim
913 2585 968 2638 in
993 2584 1279 2652 scribendo,
1308 2587 1500 2658 inquit,
1525 2589 1808 2658 persecutio
1831 2589 1995 2655 adest,
2022 2605 2150 2658 qua-

537 2675 602 2732 lis
624 2694 901 2749 numquam
922 2690 1075 2735 antea
1099 2681 1341 2736 adversus
1362 2680 1651 2736 Ecclesiam
1673 2683 1848 2738 oborta
1868 2694 1977 2750 est;
2007 2683 2148 2739 unde

537 2771 1002 2828 eminentissimus
1030 2774 1315 2830 Annalium
1346 2791 1542 2846 parens
1568 2775 1858 2832 eardinalis
1888 2778 2148 2833 Bai-anius

538 2866 604 2921 iis
663 2867 849 2922 relatis
887 2883 1009 2938 quae
1047 2868 1116 2924 ad
1164 2867 1465 2926 Constantii
1509 2870 1939 2940 persecutionem
1984 2873 2148 2941 perti-

539 2969 701 3024 nent,
725 2959 848 3026 jure
870 2959 1143 3015 concludit
1169 2977 1222 3015 n.
1251 2962 1342 3025 87,
1391 2961 1458 3015 ad
1510 2977 1600 3016 an.
1629 2962 1770 3017 555:
1803 2961 1886 3016 Ea:
1911 2962 2006 3028 iis,
2033 2979 2149 3034 qua:

540 3050 677 3106 dicta
707 3061 826 3106 sunt
855 3051 918 3106 de
954 3055 1295 3124 quarumdam
1327 3053 1673 3108 Ecclesiarum
1703 3055 1992 3122 vexatione,
2024 3055 2149 3126 quid

541 3155 739 3199 caetera!
776 3161 942 3215 passa:
980 3147 1110 3214 sint,
1165 3148 1279 3202 licet
1311 3148 1481 3216 potius
1509 3149 1796 3202 existimare
1828 3164 1980 3218 quam
2018 3149 2145 3202 scri-

2252 1936 2516 1992 Catholici
2549 1939 2690 2008 passi
2724 1949 2880 2001 sunt,
2926 1955 2980 1991 n.
3016 1938 3120 1993 140
3152 1938 3228 1992 sic
3281 1938 3546 2008 loquitur:
3579 1937 3696 1991 Non
3723 1936 3810 1989 libet

2246 2030 2595 2100 confessorum
2626 2047 2792 2096 neces,
2823 2041 3094 2099 tormenta,
3121 2032 3276 2084 exilia
3301 2033 3594 2098 recordari,
3624 2040 3673 2086 et
3697 2046 3810 2084 num.

2248 2125 2347 2178 Hi
2376 2140 2390 2176 :
2423 2122 2529 2176 Sed
2546 2126 2659 2195 jam
2686 2125 2809 2178 satis
2838 2140 3110 2192 superque,
3139 2124 3459 2195 omnipotens
3489 2121 3644 2188 Deus,
3675 2132 3814 2175 nastro

2247 2217 2402 2272 exitio
2431 2228 2705 2288 nostroque
2727 2219 2977 2289 sanguine
3005 2218 3354 2287 confessorum
3383 2235 3527 2272 neces
3548 2261 3564 2286 ,
3590 2219 3732 2272 exilia
3753 2233 3813 2269 suo

2253 2312 2521 2363 cerdotum
2543 2350 2557 2374 ,
2588 2320 2635 2364 et
2662 2314 2808 2380 nefas
2837 2320 2992 2364 tanta:
3018 2311 3293 2380 impietatis
3317 2311 3557 2374 eluimus,
3587 2310 3720 2365 bello
3741 2311 3816 2363 sci-

2252 2401 2378 2457 licet
2417 2401 2672 2466 Gothico,
2713 2418 2778 2457 ex
2821 2418 2927 2472 quo
2969 2413 3113 2457 tanta
3156 2405 3206 2458 in
3236 2403 3540 2458 Romanum
3573 2404 3813 2474 imperium

2251 2495 2524 2567 pernicies
2549 2497 2816 2558 manavit;
2847 2504 2901 2551 et
2929 2495 3021 2550 lib.
3055 2512 3112 2550 ιιι
3149 2497 3216 2551 de
3242 2496 3398 2563 Fide,
3445 2512 3566 2565 cap.
3595 2497 3676 2561 15,
3701 2513 3815 2551 num.

2250 2587 2385 2644 128:
2426 2586 2638 2641 Librum
2681 2589 3047 2642 sacerdotalem
3093 2588 3178 2660 (id
3222 2597 3305 2645 est
3344 2589 3615 2644 Nicaenam
3659 2587 3814 2651 ﬁdem)

2251 2680 2364 2750 quis
2403 2690 2632 2734 nostrum
2660 2681 2921 2750 resignare
2949 2681 3173 2748 audeat,
3207 2682 3468 2753 signatum
3496 2699 3526 2735 a
3555 2681 3817 2754 confessori-

2253 2773 2366 2841 bus,
2395 2785 2442 2829 et
2470 2777 2747 2829 multorum
2767 2779 2880 2849 jam
2907 2776 3155 2846 martyrio
3180 2775 3570 2829 consecratum?
3595 2791 3814 2845 quem...

2249 2868 2336 2938 qui
2361 2868 2550 2921 uiolare
2576 2885 2677 2922 non
2703 2869 2814 2922 ausi
2841 2877 2987 2930 sunt,
3015 2871 3332 2940 canfessores
3358 2879 3403 2923 et
3429 2879 3672 2940 martyres
3698 2866 3815 2921 exsti-

2251 2968 2438 3012 terunt.
2466 2958 2735 3026 Quomodo
2765 2961 2915 3030 ﬁdem
2939 2977 3112 3015 eorum
3141 2978 3412 3029 possumus
3443 2962 3702 3033 denegare,
3725 2974 3818 3029 quo-

2254 3067 2369 3104 rum
2402 3053 2665 3105 victoriam
2701 3054 3083 3121 pra'dicamus?
3333 3063 3338 3065 ’

2326 3143 2458 3198 Dum
2490 3143 2692 3200 Valens
2734 3145 2966 3200 Ariauus
2997 3148 3048 3200 in
3079 3144 3299 3201 Oriente
3339 3143 3644 3202 Catholicos
3676 3158 3819 3216 purse.

542 3237 696 3292 bere.-
738 3239 784 3293 si
828 3240 961 3294 enim
999 3251 1072 3296 τοι
1109 3251 1350 3310 tantaque
1385 3257 1495 3296 ειςε
1532 3253 1902 3309 τηεηιογαηιιιν,
1947 3259 2061 3313 qua;
2093 3258 2155 3296 επ
2183 3245 2228 3309 C
2258 3237 2544 3308 quebatur.
2594 3238 2940 3294 Atlialarlcus
2981 3239 3282 3295 Gothorum
3330 3257 3422 3296 rex
3475 3241 3528 3294 in
3571 3240 3819 3296 Occidente

542 3329 859 3386 diuersorum
885 3342 1174 3403 temporum
1221 3337 1529 3404 scriptorum
1584 3336 1885 3408 fragmentis
1938 3334 2152 3389 collecta

543 3438 704 3495 nuper
731 3425 1108 3490 recensuimus;
1152 3427 1328 3496 qualia
1356 3439 1608 3497 quantove
1637 3429 1831 3498 reliqua
1863 3427 2023 3497 fuisse
2053 3445 2150 3494 pu-

543 3517 700 3572 tanda
726 3528 845 3573 sunt
887 3535 1004 3590 qua:
1025 3521 1225 3591 sepulta
1251 3523 1454 3577 silentio
1479 3532 1850 3584 remanserunt.
1875 3533 1990 3576 cum
2014 3523 2058 3576 si
2082 3523 2157 3576 vel

543 3609 702 3663 unius
729 3606 998 3674 Ecclesiae,
1026 3613 1107 3665 cui
1135 3608 1418 3668 catholicus
1443 3615 1495 3669 in
1520 3614 1876 3668 communione
1904 3613 2156 3668 catholica

543 3699 667 3754 cleri
681 3698 799 3772 [ιι]
816 3713 969 3773 atque
985 3704 1166 3772 populi
1182 3717 1415 3774 prwesset
1433 3704 1740 3776 Episcopus,
1755 3722 1834 3759 res
1855 3706 2157 3774 conscripta!

552 3792 799 3864 fuissent,
834 3795 1032 3865 grande
1055 3793 1287 3849 volumen
1313 3811 1378 3849 ex
1405 3795 1564 3850 illatis
1593 3797 1657 3850 ab
1686 3796 1895 3851 Arianis
1924 3795 2157 3850 cladibus

547 3867 726 3955 procul
755 3885 910 3940 dubio
940 3885 1158 3958 diligens
1188 3886 1461 3943 historicus
1488 3889 1808 3959 confecisset.

625 3977 828 4034 Deinde
857 3978 1048 4033 eodem
1101 3978 1421 4035 Constantio
1477 3981 1776 4051 imperante
1815 3979 1988 4051 Sapor
2028 3980 2159 4036 Per—

546 4085 729 4125 sarum
758 4087 851 4126 rex
877 4071 1140 4127 Romanis
1166 4071 1392 4128 infestus
1419 4089 1665 4146 magnam
1687 4072 1952 4129 adversus
1973 4074 2160 4128 Chris-

550 4165 726 4219 tianos
755 4166 1188 4234 persecutionem
1217 4168 1545 4234 commovit,
1574 4168 1627 4222 in
1657 4183 1762 4238 qua
1791 4167 1943 4238 plura
1972 4167 2156 4222 Chris-

550 4255 819 4310 tianorum
853 4257 1020 4312 millia
1051 4257 1334 4324 obierunt,
1367 4259 1698 4330 Hieronymo
1739 4269 1876 4315 teste
1905 4260 1958 4314 in
1987 4261 2156 4315 Chro-

549 4348 692 4404 nico.
724 4347 1060 4408 Sozomenus
1090 4353 1183 4408 lib.
1217 4367 1286 4419 ιι,
1316 4369 1348 4409 a
1377 4354 1556 4424 capite
1588 4353 1764 4424 primo
1791 4354 1857 4410 ad
1885 4354 2155 4410 decimum

549 4442 802 4509 tertium,
837 4443 976 4500 hanc
1007 4446 1437 4516 persecutionem
1469 4448 1586 4503 fuse
1614 4447 1906 4514 describit,
1943 4449 2154 4519 plures-

514 4560 518 4564 -
549 4548 655 4605 que
683 4550 713 4589 e
739 4537 1068 4608 martyribus
1097 4537 1370 4603 nominat,
1403 4541 1456 4595 in
1485 4555 1660 4612 eoque
1695 4542 2038 4598 solummodo
2066 4558 2154 4598 er-

2256 3342 2444 3386 contra
2467 3331 2690 3387 eosdem
2716 3333 3005 3404 pugnabat.
3032 3334 3303 3390 Habemus
3330 3335 3494 3389 etiam
3528 3351 3662 3389 nunc
3713 3347 3818 3402 pra--

2258 3425 2622 3479 Stantissimas
2663 3425 2925 3481 Ecclesia:
2962 3425 3207 3482 Gotbicm
3249 3429 3454 3481 litteras
3477 3430 3540 3482 ad
3568 3425 3818 3482 Ecclesium

2257 3517 2631 3588 Cappadocem
2677 3519 2909 3589 scriptas
2948 3535 3090 3572 anno
3129 3520 3270 3585 572,
3312 3519 3362 3574 iu
3394 3522 3586 3590 quibus
3617 3520 3670 3574 S.
3703 3516 3821 3572 Sabtr

2259 3614 2578 3685 martyrium
2601 3614 2945 3670 describitur.
2989 3615 3064 3670 De
3096 3615 3194 3670 hac
3239 3618 3614 3686 persecutione
3641 3632 3667 3669 a
3699 3610 3820 3665 variis

2258 3709 2463 3762 cozevis
2504 3709 2818 3762 auctoribus
2860 3707 3101 3772 ﬁrmata,
3126 3724 3355 3778 quorum
3380 3710 3680 3764 testimonia
3719 3701 3818 3758 Rui-

2263 3801 2469 3855 uartius
2499 3801 2553 3854 in
2579 3811 2698 3854 acta
2726 3801 2784 3855 S.
2811 3801 2966 3856 Sabze
2995 3802 3247 3873 martyris
3274 3802 3505 3873 allegat,
3535 3797 3820 3872 Augustinus

2260 3891 2355 3946 lib.
2407 3908 2542 3948 xvm
2579 3893 2647 3948 de
2667 3892 2897 3950 Civitate
2923 3895 3037 3960 Dei,
3062 3909 3180 3964 cap.
3205 3895 3275 3950 5‘2
3295 3938 3308 3961 ,
3329 3895 3445 3949 hsce
3459 3896 3700 3961 scripsit:
3732 3887 3820 3943 Non

2259 3996 2332 4040 est
2369 3988 2650 4057 persecutio
2690 3989 3073 4060 computanda,
3115 3990 3318 4058 quando
3357 4005 3450 4043 rea:
3489 3988 3754 4044 Gothorum
3785 3981 3820 4032 in

2261 4079 2372 4151 ipsa
2396 4079 2583 4134 Cat/tia
2614 4091 2910 4147 persecutus
2937 4092 3009 4136 est
3031 4081 3355 4136 Christianos
3380 4083 3676 4136 crudelitate
3700 4078 3824 4131 mira-

2259 4173 2384 4240 bili,
2415 4192 2529 4227 cum
2557 4176 2623 4228 ibi
2653 4191 2752 4229 non
2778 4185 2943 4230 essent
2970 4177 3068 4229 nisi
3094 4174 3381 4241 Catholici,
3409 4193 3624 4244 quorum
3649 4167 3824 4248 plurimi

2259 4274 2509 4344 martyrio
2535 4273 2766 4327 coronati
2794 4272 2953 4326 sunt?
2981 4272 3248 4327 Praeterea
3288 4271 3628 4327 Christianos
3663 4265 3821 4325 barba-

2261 4381 2446 4422 rorum
2471 4365 2686 4422 illorum
2709 4367 2950 4437 captivos
2965 4366 3218 4421 idolorum
3240 4369 3512 4438 contagiis,
3537 4379 3665 4422 metu
3680 4357 3824 4417 martis

2259 4460 2552 4531 inquinatas
2577 4461 2865 4517 didicimus
2920 4477 2984 4516 ex
3017 4461 3336 4527 Ambrosio,
3380 4461 3474 4516 lib.
3521 4478 3556 4516 ιι
3587 4461 3651 4516 de
3675 4453 3824 4512 OfﬁC-.

2259 4568 2380 4624 cap.
2412 4553 2504 4619 28,
2533 4565 2589 4609 et
2614 4570 2679 4608 ex
2709 4554 2792 4608 his
2817 4568 2911 4610 eos
2940 4556 3098 4609 tnorli
3127 4551 3347 4610 allectos
3374 4554 3733 4625 intelligimus.
3755 4539 3826 4613 qui

549 4637 664 4693 rat,
687 4629 830 4698 quod
859 4629 1006 4685 illam
1029 4630 1097 4686 ad
1116 4631 1456 4689 Constantini
1485 4649 1658 4691 sevum
1687 4637 1904 4702 referat,
1933 4636 2060 4690 dum
2088 4652 2149 4694 ex

2260 4643 2570 4702 christiana:
2599 4647 2722 4702 ﬁdei
2754 4664 2859 4702 non
2890 4647 3308 4716 valedixisseut,
3341 4662 3443 4702 nec
3486 4647 3642 4702 idolis
3667 4645 3826 4700 immo-

549 4721 838 4790 antiquiori
862 4721 1175 4796 Hieronymi
1205 4728 1516 4782 testimonio
1529 4728 1759 4798 aliisque
1783 4744 1814 4784 a
1839 4727 2052 4785 Valesio
2068 4731 2163 4786 ad-

550 4813 728 4870 ductis
768 4816 822 4871 in
864 4819 1148 4874 notatione
1187 4819 1255 4875 ad
1285 4830 1447 4890 caput
1501 4823 1566 4876 15
1601 4823 1938 4892 exploratum
1967 4833 2078 4888 est,
2111 4825 2163 4880 id

549 4909 766 4980 generis
795 4912 1225 4982 persecutionem
1258 4916 1490 4984 coepisse
1529 4928 1617 4970 an.
1650 4916 1774 4982 547,
1810 4916 2154 4987 productam-

551 5018 658 5073 qne
701 5003 872 5061 fuisse
914 5021 1086 5078 usque
1126 5007 1194 5061 ad
1235 5007 1404 5078 Regis
1440 5007 1561 5078 ejus
1600 5017 1862 5077 mortem,
1890 5011 1980 5080 qui
2009 5010 2155 5066 diem

553 5095 689 5151 obiit
716 5111 807 5152 an.
840 5099 964 5165 380,
995 5100 1073 5154 uti
1105 5099 1418 5156 Ruinartius
1447 5099 1501 5155 in
1533 5101 1671 5155 Actis
1701 5101 1916 5154 sinceris
1957 5104 2153 5157 rectis-

553 5190 690 5245 sime
741 5192 960 5262 probat,
988 5193 1076 5249 ubi
1101 5204 1292 5264 praeter
1320 5204 1616 5251 memorata
1645 5211 1674 5250 a
1700 5195 2004 5252 Sozomeno
2029 5197 2164 5251 alio-

555 5298 672 5339 rum
720 5297 839 5339 aeta
879 5289 1181 5358 martyrum
1225 5303 1288 5344 ea
1331 5289 1384 5344 in
1425 5290 1808 5359 persecutione
1857 5289 2162 5346 functorum

557 5375 893 5446 suppeditat.

623 5478 998 5536 Constantium
1027 5481 1274 5539 Julianus
1301 5485 1546 5557 excepit,
1575 5487 1665 5556 qui
1705 5485 1917 5542 tametsi
1959 5484 2159 5541 nullam

555 5572 608 5630 in
647 5573 992 5632 Christianos
1027 5587 1270 5646 apertam
1312 5581 1747 5649 persecutionem
1788 5581 2013 5647 indixit,
2056 5595 2162 5636 non

556 5669 711 5737 pauci
739 5678 920 5725 tamen
943 5712 958 5736 ,
989 5669 1109 5741 ipso
1135 5671 1474 5742 imperante,
1502 5673 1744 5746 martyrii
1779 5675 2006 5744 palmam
2034 5689 2167 5731 con-

559 5763 726 5819 secuti
767 5764 1066 5833 probantur
1094 5781 1160 5823 ex
1206 5767 1272 5823 iis
1300 5769 1436 5824 actis
1481 5784 1603 5839 quze
1632 5769 1880 5825 laudatus
1932 5767 2165 5824 Ruinar-

559 5853 666 5910 tius
694 5855 834 5914 inter
858 5858 1071 5916 sincera
1097 5860 1298 5932 publici
1321 5862 1464 5932 juris
1491 5861 1654 5931 fecit;
1681 5863 1916 5942 ut'illum
1945 5861 2171 5934 proinde

2268 4737 2496 4794 lassent.

2337 4829 2575 4884 Tandem
2598 4829 2794 4900 Pagani
2817 4845 2937 4885 eum
2960 4830 3045 4884 vel
3072 4831 3456 4901 imperatorum
3482 4831 3741 4892 mandato,
3763 4815 3828 4871 vel

2261 4920 2690 4978 ChriSIianorum
2732 4923 2868 4988 zelo,
2917 4924 3113 4992 templa
3158 4924 3424 4979 idolorum
3468 4925 3664 4990 everti,
3690 4919 3830 4975 simu-

2257 5017 2404 5073 lacra
2431 5020 2756 5086 comminui,
2783 5018 2868 5074 vel
2897 5019 3058 5074 etiam
3092 5021 3423 5089 prapinquos
3457 5021 3624 5076 veteri
3673 5021 3828 5082 supt‘r'

2264 5114 2486 5168 stitione
2515 5114 2699 5168 relicta
2729 5111 2946 5168 Christo
2976 5127 3171 5167 nomen
3202 5112 3332 5166 dare
3353 5157 3366 5180 ,
3396 5112 3608 5184 sibique
3635 5104 3829 5182 quodam

2263 5206 2426 5260 modo
2454 5207 2588 5276 eripi
2622 5205 2906 5272 viderunt,
2951 5220 3130 5260 nonne
3161 5205 3341 5260 furore
3371 5207 3604 5275 quodam
3638 5192 3825 5275 perciti.

2262 5299 2529 5356 seditione
2558 5299 2696 5356 facta
2715 5342 2728 5360 .
2760 5300 2813 5355 in
2842 5300 3180 5355 Christianos
3204 5300 3476 5370 quoslibet
3504 5303 3744 5371 impetum
3767 5286 3828 5342 [θ’

2263 5410 2410 5463 cere,
2441 5396 2730 5467 pluresque
2761 5395 3188 5450 interfecerunt?
3217 5394 3493 5463 Legantur
3517 5405 3631 5449 aeta
3660 5392 3827 5450 marly'

2264 5505 2382 5546 rum
2412 5489 2813 5545 Anaunensium
2843 5487 3131 5558 Vigiliique
3153 5487 3455 5542 Tridentini
3484 5483 3730 5557 episcopi,
3753 5468 3824 5542 ρυί

2265 5583 2367 5638 sub
2385 5582 2541 5640 linem
2557 5597 2769 5652 quoque
2793 5581 2979 5636 saeculi
3005 5581 3181 5651 quarti
3211 5581 3262 5634 in
3289 5580 3521 5636 ﬁnitimo
3547 5570 3824 5634 Tridentino

2267 5693 2398 5749 agro
2420 5693 2449 5732 a
2474 5676 2700 5748 Paganis
2722 5675 2886 5730 occisi
2924 5684 3068 5728 sunt.
3115 5675 3230 5728 Huc
3252 5683 3501 5744 spectant
3531 5673 3615 5728 illa
3636 5671 3686 5726 S.
3716 5666 3824 5720 An“

2276 5767 2606 5843 brosiilut]
2628 5769 2664 5824 I.
2691 5786 2708 5824 t
2738 5768 2806 5824 de
2844 5766 3049 5824 Ofﬁciis
3078 5766 3468 5832 ministrorum,
3496 5784 3545 5822 e.
3574 5763 3722 5826 42m.
3741 5750 3818 5810 l7:

2275 5863 2566 5920 Cavendum
2598 5863 2750 5916 etiam
2779 5876 2915 5928 reor,
2945 5875 3008 5915 ne
3032 5861 3154 5914 dum
3185 5860 3345 5929 aliqui
3376 5861 3532 5914 nimia
3558 5855 3724 5928 gloria’
3744 5852 3817 5900 ταί
