3952 6320
112 331 176 387 bii
853 318 1301 379 DISSERTATIO
1341 319 1382 385 Ι,
1425 318 1514 376 DE
1551 319 1609 374 S.
1654 316 1946 375 ZENONIS
1982 318 2233 376 TRACT.
2278 318 2368 376 ET
2408 317 2685 378 IETATE.

3341 292 3503 380 66’

111 445 331 514 piditirte
349 486 364 507 ,
400 440 693 496 insolentius
716 438 996 493 abutantur
1021 436 1375 510 potestatibus,
1402 445 1450 491 et
1479 435 1706 500 plerum-
1732 435 1781 495 Α
1811 434 2016 489 minum
2041 433 2210 489 movit
2231 434 2446 490 Eusebii
2471 435 2891 507 llieronymique
2930 432 3228 499 silentium,
3259 433 3416 491 facile

109 555 196 605 que
219 551 447 589 aversos
474 553 507 587 a
530 532 664 586 nobis
686 532 879 584 animos
906 529 1185 584 Gentilium
1207 531 1260 582 in
1283 529 1454 582 studia
1481 543 1717 599 persecu-

113 629 260 682 tionis
292 627 527 680 excitent
555 635 696 694 atque
722 625 1042 693 inﬂationem
1069 622 1136 675 ad
1163 621 1501 674 iracundiam.
1535 619 1718 690 Itaque

113 722 187 775 illi
213 729 267 773 ut
301 733 627 789 perseverare
647 718 871 787 possint,
900 727 947 770 et
972 716 1228 787 supplicia
1253 717 1468 779 vincere,
1496 727 1718 787 quantos

117 814 275 885 perire
301 813 509 884 faciunt
523 811 542 864 .'
583 811 663 865 ubi
691 819 1065 880 persecutores
1085 820 1140 864 et
1163 819 1430 882 martyres
1452 809 1718 866 indicatos

119 907 280 962 vides.
307 906 452 974 Quze
476 904 630 960 verba
655 904 837 974 procul
855 903 1024 959 dubio
1049 905 1453 973 persecutiones
1474 911 1720 973 spectant

117 1001 379 1057 excitatas
411 1015 439 1052 a
473 998 746 1052 catholicis
776 998 1097 1068 quibusdam
1129 995 1376 1064 clericis,
1410 995 1494 1052 vel
1526 1011 1715 1050 mona-

119 1095 228 1149 chis
246 1135 259 1159 ,
283 1093 378 1162 qui
409 1092 538 1147 dum
564 1091 724 1147 nimio
748 1089 1072 1146 Christiana:
1104 1090 1380 1162 religionis
1403 1091 1524 1147 zelo
1552 1100 1720 1160 potes-

121 1197 240 1240 tates
269 1185 538 1240 adversus
566 1184 829 1239 idolorum
867 1185 1099 1254 templa,
1135 1184 1188 1239 in
1225 1184 1448 1239 Oriente
1491 1198 1720 1252 pra-ser-

122 1281 210 1336 tim
229 1324 242 1341 .
267 1280 709 1343 commovebant,
732 1277 986 1333 Gentium
1013 1277 1437 1349 indignationem
1458 1275 1719 1332 adversus

121 1371 456 1427 Christianos
477 1371 829 1436 concitarunt,
851 1370 904 1424 in
927 1369 1125 1440 quibus
1149 1369 1360 1438 aliquos
1382 1369 1598 1440 quidem
1625 1383 1720 1438 per

125 1467 230 1521 lucc
267 1475 512 1536 tempora
552 1480 580 1518 a
629 1463 855 1534 Pagauis
900 1465 1226 1519 tumultuose
1266 1463 1721 1519 concurrentibus

124 1561 321 1616 occisos
349 1560 495 1615 sacri
528 1558 760 1614 Annales
795 1566 1080 1613 testantur.
1118 1558 1245 1612 Post
1275 1566 1357 1616 tot
1389 1559 1723 1627 persecutio-

129 1667 239 1707 num
267 1651 446 1722 quarti
475 1650 661 1706 szeculi
692 1651 996 1705 testimonia
1023 1650 1146 1719 quis
1177 1649 1583 1720 persecutiones
1635 1649 1721 1704 vel

128 1754 384 1814 martyres
427 1742 633 1811 aliquot
678 1741 746 1796 in
775 1742 1096 1798 tractatibus
1139 1742 1208 1796 ab
1252 1744 1491 1798 Auctore
1536 1751 1721 1797 nostro

1824 525 1977 601 [mi]
2001 528 2348 598 expungitur.
2385 529 2649 585 Eusebius
2678 529 2821 584 enim
2845 527 2914 584 de
2943 527 3159 582 Zenone
3181 542 3286 582 non
3318 541 3417 598 po-

1822 621 1922 675 tuit
1960 621 2222 687 scribere,
2254 637 2376 677 cum
2411 622 2454 674 is
2477 622 2754 692 aliquanto
2785 633 2908 692 post
2936 621 3151 676 Eusebii
3199 629 3416 675 aetatem

1820 711 2086 768 ﬂoruerit.
2115 713 2236 781 Ipse
2267 727 2396 768 vero
2423 711 2802 785 Hieronymus,
2846 715 2935 786 qui
2965 714 3034 769 de
3060 713 3446 784 scriptoribus.

1821 806 2205 861 ecclesiasticis
2247 805 2550 876 catalogum
2597 807 2768 862 texuit
2797 821 2886 862 an.
2931 807 3056 874 592,
3101 807 3260 879 paulo
3301 815 3422 878 post

1824 900 1992 954 nostri
2031 899 2324 971 Scriptoris
2365 899 2574 955 obitum
2601 941 2616 964 ,
2661 901 3073 970 responsionem
3115 902 3250 958 satis
3298 900 3417 956 ido-

1823 1007 1978 1048 neam
2005 993 2318 1062 suppeditat
2341 993 2395 1047 in
2424 992 2526 1064 eju:
2544 992 2668 1049 dem
2693 993 2876 1064 operis
2909 994 3154 1064 prologo,
3188 993 3279 1049 ubi
3303 993 3421 1063 plu-

1824 1103 1912 1144 res
1943 1089 2240 1158 prmsertim
2284 1089 2335 1143 id
2364 1089 2538 1144 aetatis
2579 1089 2871 1159 scriptores
2899 1088 3160 1144 omissum
3189 1087 3253 1143 iri
3285 1102 3423 1158 prte-

1821 1178 2082 1246 sentiens,
2104 1195 2171 1235 ne
2212 1179 2282 1235 ob
2312 1178 2363 1235 id
2406 1180 2457 1234 in
2491 1179 2744 1234 invidiam
2783 1178 3161 1244 devocaretur,
3208 1179 3290 1234 liis
3329 1194 3418 1234 se-

1821 1287 1880 1328 se
1914 1272 2106 1345 verbis
2135 1282 2396 1328 excusat:
2431 1271 2492 1328 Si
2539 1272 2625 1344 qui
2673 1282 2847 1326 autem
2893 1271 2958 1326 de
3005 1270 3085 1326 his
3129 1272 3218 1341 qui
3265 1287 3421 1342 usque

1823 1367 1976 1422 hodie
2014 1367 2328 1436 scriptitarit,
2377 1385 2409 1421 a
2451 1383 2531 1420 me
2568 1367 2620 1420 in
2650 1365 2747 1422 hoc
2787 1366 3042 1436 uolumine
3093 1365 3425 1439 prwtennissi

1822 1471 1940 1515 sunt
1970 1503 1986 1528 ,
2019 1460 2117 1516 sibi
2147 1461 2312 1534 magis
2349 1477 2503 1530 quam
2551 1461 2678 1515 milii
2722 1461 2974 1516 debebunt
3007 1463 3282 1534 imputare.
3316 1458 3428 1514 Ne-

1823 1572 1921 1627 que
1944 1555 2085 1611 enim
2130 1555 2353 1611 celantes
2381 1556 2574 1628 scripta
2615 1572 2708 1610 sua
2747 1555 2810 1611 de
2853 1555 2956 1622 Itis,
2987 1556 3076 1627 qui
3103 1556 3252 1627 longe
3279 1565 3420 1619 sunt,

1825 1663 1973 1702 nosse
2019 1647 2181 1718 potui,
2215 1658 2262 1701 et
2303 1647 2442 1717 quod
2474 1649 2592 1702 aliis
2615 1650 2834 1719 forsitan
2882 1649 2948 1703 sit
2987 1659 3187 1711 notum,
3217 1647 3343 1702 nti/ti
3371 1648 3427 1701 in

1826 1740 1920 1793 hoc
1947 1750 2199 1794 terrarum
2227 1741 2416 1812 angulo
2445 1741 2598 1812 fuerit
2631 1741 2882 1812 ignotum.
2909 1741 3055 1798 Certe
3081 1758 3198 1796 cum
3223 1741 3428 1811 scriptis

125 1850 444 1895 memoratos
489 1853 682 1908 urgere
721 1837 952 1908 amplius
991 1838 1162 1901 ausit,
1192 1847 1250 1892 ut
1280 1847 1470 1892 contra
1502 1837 1723 1893 eviden-
1751 1843 1798 1906 Β
1827 1832 1937 1886 suis
1963 1833 2268 1899 claruerint,
2299 1849 2405 1887 non
2442 1850 2754 1906 magnopere
2796 1835 2958 1888 nostri
3004 1835 3196 1889 silentii
3217 1833 3430 1903 dispen-

125 1935 321 1988 tissima
353 1942 674 2004 argumenta
716 1932 1090 2001 superioribus
1129 1932 1480 2003 paragraphis
1519 1946 1720 2002 pr0po-

124 2027 217 2083 sita
247 2027 397 2082 illum
425 2043 453 2080 a
487 2036 682 2097 quarto
709 2026 909 2081 saeculo
940 2024 1336 2082 excludendum
1363 2024 1687 2080 contendat?

746 2158 977 2216 CAPUT
1017 2158 1105 2214 Ill.

125 2296 395 2336 I'ROBA‘I'L'R
425 2293 714 2335 AUCTORE!
761 2293 1146 2342 TRACTATUUI,
1195 2293 1337 2342 ρυειι
1381 2289 1587 2332 VIXISSE
1637 2290 1725 2330 OS-

189 2391 452 2432 TENDIMUS
504 2389 721 2429 δέεαι]ιο
752 2388 842 2440 IV,
874 2387 1000 2428 ESSE
1043 2387 1090 2428 S.
1139 2386 1385 2440 ΖΕΝΟΝΕΜ
1431 2385 1724 2427 EPISCOPUI

193 2483 563 2524 VERONENSEI.

132 2583 156 2653 §
187 2583 224 2637 l.
247 2613 316 2622 —
344 2581 659 2636 Memoratos
686 2589 931 2636 tractatus
961 2581 1079 2634 huic
1104 2578 1303 2636 Zenoni
1345 2595 1544 2652 semper
1582 2579 1727 2633 attri-

198 2677 360 2740 butas,
395 2684 442 2730 et
467 2674 755 2741 codicibus,
779 2684 825 2730 et
851 2675 1078 2746 antiquis
1101 2675 1335 2738 testibus,
1363 2684 1408 2727 et
1426 2671 1729 2727 Veronensis

202 2767 440 2822 Ecclesia:
465 2767 749 2822 traditione
779 2767 1086 2822 ostenditur.

205 2861 306 2916 Sed
342 2862 450 2930 jam
493 2870 710 2931 tempus
737 2870 818 2915 est
860 2870 912 2913 ut
952 2860 1018 2914 ad
1074 2859 1290 2915 tertium
1332 2857 1720 2914 controversia:

134 2964 306 3022 caput,
354 2953 496 3026 quod
534 2953 800 3026 propositi
833 2954 1004 3008 nostri
1039 2954 1377 3022 potissimum
1422 2961 1526 3016 est,
1572 2966 1729 3008 acce-

140 3046 368 3100 damus:
411 3047 667 3101 nimirum
715 3063 842 3101 num
893 3048 955 3115 is,
1006 3062 1164 3117 quem
1218 3046 1432 3101 unicum
1487 3045 1728 3100 omnium

147 3137 488 3193 iudicatorum
517 3147 841 3194 tractatuum
873 3150 1146 3192 auctorem
1172 3153 1293 3192 esse
1323 3139 1498 3208 capite
1530 3139 1728 3208 primo,

1827 1926 1915 1979 dia
1938 1927 2289 1998 suspirabunt.
2351 1927 2642 1983 Enimvero
2667 1927 2789 1998 quis
2812 1928 2994 1998 spuria
3020 1941 3274 1996 umquam
3299 1941 3430 1983 ven-

1828 2019 2021 2074 ditavit
2047 2018 2408 2091 Athenagora:
2436 2031 2490 2076 et
2511 2019 2889 2076 Commodiani
2917 2034 3101 2090 opera,
3135 2019 3204 2075 de.
3233 2019 3430 2090 quibus

1840 2113 2203 2186 Hieronymus
2253 2113 2391 2169 nihil
2433 2113 2720 2171 meminit?
2765 2115 2854 2187 qui
2895 2113 3026 2171 Julii
3053 2115 3180 2170 item
3212 2113 3433 2170 Firmici

1826 2206 2050 2262 Materni
2081 2216 2138 2262 et
2166 2205 2446 2263 Philastrii
2476 2207 2644 2264 libros
2669 2208 2739 2262 ob
2775 2209 3055 2264 materlam
3099 2207 3268 2263 multo
3293 2207 3436 2264 cele-

1828 2299 1951 2356 bres
1979 2300 2170 2356 eodem
2204 2302 2441 2356 auctoris
2473 2301 2647 2356 nostri
2677 2302 2877 2358 saeculo
2905 2317 2969 2357 ac
2995 2311 3154 2357 aetate
3197 2300 3434 2371 scriptos

1829 2396 2157 2466 prmterivit,
2192 2407 2250 2452 ut
2289 2412 2451 2454 nemo
2481 2406 2665 2454 tamen
2697 2398 2817 2454 illos
2844 2397 2897 2453 in
2943 2397 3167 2454 dubium
3200 2413 3433 2454 vocave-

1831 2489 1918 2544 rit.
1951 2488 2106 2545 Adde
2133 2487 2277 2561 quod
2308 2498 2634 2545 tractatuum
2689 2505 2786 2546 seu
2824 2490 3149 2546 concionum
3179 2498 3437 2548 auctores

1829 2581 1898 2636 ab
1925 2582 2161 2652 antiquis
2201 2598 2324 2636 raro
2353 2581 2613 2638 nominati
2645 2583 2916 2653 leguntur.
2947 2584 3079 2653 Quis
3105 2589 3436 2641 mentionem

1831 2673 1958 2732 fecit
1985 2677 2043 2731 S.
2077 2675 2390 2742 Gaudentii,
2417 2676 2660 2747 episcopi
2689 2676 2951 2744 Brixiani,
2985 2677 3076 2748 qui
3110 2687 3291 2733 tamen
3320 2676 3438 2748 ipse

1833 2769 2038 2825 Zenoni
2083 2785 2306 2841 suppar,
2365 2778 2625 2826 tractatus
2671 2771 2842 2842 magis
2890 2770 3204 2827 elaboratos
3251 2772 3440 2828 vivens

1832 2863 2051 2934 collegit
2080 2873 2136 2919 et
2161 2861 2368 2919 edidit?
2396 2862 2528 2931 Quis
2567 2879 2822 2936 umquam
2868 2863 3193 2921 meminerat
3227 2879 3438 2920 sermo-

1835 2973 1962 3012 num
1992 2956 2048 3012 S.
2084 2956 2228 3011 Petri
2270 2955 2589 3028 Chrysologi
2609 2999 2624 3022 ,
2650 2966 2942 3027 antequam
2971 2973 3000 3010 a
3030 2955 3086 3012 P.
3122 2956 3282 3013 Pezio
3311 2957 3444 3014 ede-

1834 3059 1988 3104 retur
2013 3053 2329 3120 Auonymus
2368 3048 2715 3112 Mellicensis,
2768 3049 2856 3119 qui
2905 3062 3044 3103 unus
3088 3063 3157 3104 ex
3203 3049 3443 3120 antiquis

1837 3157 1958 3197 eum
2012 3140 2212 3198 idcirco
2261 3142 2401 3196 inter
2444 3142 2847 3198 ecclesiasticos
2874 3142 3168 3214 scriptores
3198 3141 3434 3198 retulit?

140 3242 190 3285 ct
240 3243 506 3287 auctorem
559 3230 777 3302 quidem
828 3231 1004 3300 quarti
1052 3231 1236 3285 saeculi
1276 3231 1451 3300 capite
1493 3229 1731 3284 secundo
1761 3238 1806 3302 (ζ
1838 3237 2172 3302 Gennadius,
2203 3239 2292 3305 qui
2335 3236 2691 3308 epistularum
2721 3235 2781 3292 S.
2826 3234 3026 3292 Leonis
3073 3235 3443 3294 testimonium

143 3321 390 3378 hactenus
442 3323 957 3388 demonstravimus,
1007 3338 1132 3377 nutu
1183 3322 1248 3387 is,
1293 3323 1534 3392 inquam,
1568 3323 1636 3375 sit
1670 3321 1726 3376 S.

144 3416 282 3473 Zeno
309 3419 595 3489 episcOpus
630 3417 979 3474 Veronensis.
1031 3416 1182 3484 Quod
1216 3426 1271 3470 ut
1311 3417 1592 3486 probetur,
1630 3413 1737 3470 duo

151 3511 299 3567 nobis
327 3512 598 3583 probanda
631 3526 753 3566 esse
780 3509 1170 3579 intelligimus;
1216 3510 1448 3577 primum
1494 3506 1739 3562 laudatos

143 3611 396 3659 tractatus
425 3605 548 3659 lmic
573 3605 662 3657 uni
705 3601 911 3657 Zenoni
945 3617 1159 3672 semper
1204 3601 1372 3655 fuisse
1417 3600 1734 3663 attributus,

144 3706 248 3750 tum
285 3712 415 3752 vero
440 3697 555 3765 ejus
575 3705 792 3750 tetatem
823 3695 874 3748 in
901 3704 1148 3764 quartum
1173 3692 1432 3747 Sil'CUlllm
1455 3690 1741 3746 Commode

145 3791 351 3846 cadere.
407 3791 485 3846 Ad
530 3792 764 3861 primum
808 3799 986 3843 autem
1044 3787 1190 3858 quod
1236 3788 1488 3858 pertinet,
1537 3784 1739 3839 Zenoni

146 3886 354 3956 quidem
409 3887 506 3940 hos
539 3895 800 3941 tractatus
831 3884 1147 3938 nominatim
1195 3881 1511 3938 adscribunt
1555 3896 1743 3935 manu-

148 3979 325 4049 scripti
353 3993 542 4034 onmes
570 3977 787 4034 codices
821 3992 925 4030 non
974 3984 1083 4030 tam
1124 3976 1362 4047 generali
1416 3974 1502 4028 illa
1547 3973 1742 4028 inscri—

150 4073 344 4142 ptione,
392 4090 509 4144 qua:
560 4071 838 4127 codicibus
895 4068 1224 4140 pracﬁgitur,
1258 4084 1419 4139 quam
1470 4067 1742 4123 nonnullis

157 4165 396 4222 formulis
440 4167 494 4220 in
535 4164 736 4235 capite,
784 4164 870 4218 vel
919 4164 970 4217 in
1016 4163 1122 4219 line
1169 4155 1372 4230 aliquot
1421 4168 1744 4215 tractatuum

153 4259 634 4330 appositis,quibus
660 4258 849 4312 unicus
877 4257 1118 4312 omnium
1148 4267 1356 4319 auctor,
1387 4269 1544 4324 quem
1576 4250 1740 4322 cap.l

153 4353 428 4408 statuimus
462 4394 476 4419 ,
509 4353 566 4408 S.
623 4351 771 4408 Zeno
801 4363 987 4422 aperte
1015 4349 1342 4417 nominatur,
1386 4356 1444 4403 ut
1477 4363 1544 4404 ex
1588 4344 1747 4402 dictis

157 4447 337 4504 eodem
365 4449 561 4519 capite,
591 4447 620 4520 §
655 4447 710 4513 l,
744 4447 1001 4518 colligere
1031 4444 1384 4501 licet.Solum
1425 4457 1545 4498 cum
1579 4441 1747 4512 prima

157 4540 316 4596 editio
340 4521 372 4596 é
402 4541 626 4598 Guarini
655 4539 874 4596 scliedis
905 4551 1117 4611 sumpta
1141 4537 1434 4610 prodiisset
1459 4552 1550 4590 an.
1583 4536 1745 4602 1508,

1839 3330 2080 3400 locuples
2104 3327 2362 3401 profudit.
2397 3330 2464 3384 de
2484 3329 2829 3386 sermonibus
2853 3343 2920 3384 ne
2943 3327 3166 3384 verbum
3193 3328 3438 3400 quidem.

1841 3423 1959 3478 Alia
2011 3422 2061 3477 id
2113 3423 2327 3493 generis
2376 3423 2543 3476 multa
2586 3421 2926 3489 dimittimus,
2959 3436 3082 3478 cum
3131 3421 3201 3477 ad
3244 3420 3444 3476 similia

1843 3515 2146 3572 refellenda
2180 3516 2422 3586 pluribus
2447 3531 2672 3572 necesse
2697 3531 2803 3571 non
2833 3516 2924 3572 sit.

1919 3613 2110 3668 Mirum
2143 3629 2302 3682 porro
2353 3611 2587 3668 maxime
2629 3611 2827 3668 accidit
2872 3613 3123 3668 inventos
3166 3625 3310 3678 esse,
3354 3611 3450 3683 qui

1843 3705 1913 3761 de
1944 3705 2165 3761 Zenone
2197 3713 2388 3760 nostro
2415 3703 2736 3769 scriberent,
2767 3704 2968 3760 nullam
2997 3720 3308 3761 sermonum
3331 3705 3453 3775 ejus

1847 3796 2042 3852 laetam
2094 3796 2258 3852 luisse
2306 3797 2664 3862 mentionem,
2697 3806 2984 3868 antequam
3035 3797 3111 3852 illi
3155 3795 3455 3854 ederentur

1851 3889 2090 3944 Venetiis
2120 3904 2211 3944 an.
2246 3888 2408 3951 1508,
2437 3903 2559 3945 cum
2592 3905 2621 3944 a
2651 3888 3056 3945 Veroitensibus
3100 3888 3306 3959 jamdiu
3340 3889 3450 3943 ali-

1847 3991 1979 4053 quot
2023 3982 2358 4052 antiquiores
2400 3997 2462 4037 ca
2503 3981 2738 4038 editione
2786 3993 2950 4039 testes
3006 3982 3198 4054 prolati
3231 3983 3452 4039 fuerint.

1849 4077 2091 4148 Baptism
2117 4076 2370 4132 Perettus
2408 4076 2460 4131 in
2507 4076 2688 4131 latinis
2710 4076 2935 4133 scholiis
2963 4076 3030 4131 ad
3067 4075 3239 4131 Vitam
3271 4075 3329 4132 S.
3354 4075 3456 4132 Ze-

1851 4170 2009 4225 nonis
2036 4169 2104 4223 ab
2143 4169 2377 4239 ipsomet
2405 4168 2585 4226 italice
2614 4172 2976 4242 cotiscriptam
3017 4168 3186 4224 edidit
3221 4168 3455 4226 Carmen

1853 4264 2126 4321 Michaelis
2164 4263 2381 4320 Fossati
2430 4264 2769 4322 lucubratum
2820 4266 3107 4335 “.1482,
3157 4265 3210 4322 in
3261 4280 3371 4338 quo
3401 4265 3458 4322 hi

1854 4375 2044 4416 versus
2080 4359 2334 4430 leguntur
2363 4376 2378 4413 :

1948 4474 2089 4525 Zeno
2110 4487 2276 4537 sacer,
2300 4475 2572 4538 patriaeque
2598 4482 2758 4536 pater,
2787 4479 2869 4524 tua
2883 4487 3029 4538 musa
3052 4480 3248 4525 tuorum

2010 4537 2315 4588 Sermouum’
2326 4538 2486 4588 codex
2508 4544 2686 4600 quanta
2709 4538 2856 4587 docet
2873 4537 3043 4587 fuerit.
3107 4539 3113 4544 '

160 4649 250 4689 nec
275 4635 493 4691 codices
523 4645 706 4691 essent
734 4635 966 4706 cogniti;
1023 4634 1289 4701 nonnulli,
1322 4632 1410 4702 qui
1445 4621 1558 4687 non
1599 4628 1735 4684 codi‘

1855 4642 1934 4699 Ne
1960 4641 2255 4712 veroejus
2299 4641 2544 4713 opusculi
2589 4641 2784 4697 raritas
2827 4641 3174 4708 obtrudatur,
3220 4641 3460 4700 editores

163 4742 245 4782 ces
280 4731 462 4793 modo,
487 4728 581 4784 sed
605 4744 708 4785 nec
734 4727 1023 4783 editionem
1051 4727 1220 4797 ipsam
1251 4726 1520 4791 viderunt,
1553 4738 1618 4779 ex
1643 4737 1750 4776 non

162 4823 293 4879 bene
319 4825 608 4881 intellecus
654 4824 791 4880 Sixti
821 4822 1080 4880 Senensis
1109 4819 1289 4877 verbis
1320 4833 1602 4892 perperam
1636 4816 1755 4886 opi-

167 4919 268 4972 nati
311 4928 461 4982 sunt.
511 4917 809 4974 Charinum
867 4917 1042 4987 ipsum
1097 4915 1198 4971 hos
1251 4921 1507 4968 tractatus
1554 4909 1758 4966 Zenoni

167 5011 419 5075 aﬂixisse.
447 5029 739 5083 eorumque
772 5026 1088 5083 procurasse
1131 5009 1452 5075 editionem,
1501 5004 1645 5061 unde
1690 5004 1757 5060 de

171 5103 266 5159 illis
296 5106 444 5159 nulla
469 5116 626 5161 exstet
654 5105 793 5175 apud
824 5117 1010 5160 veteres
1054 5105 1276 5168 mentio;
1317 5115 1438 5172 quae
1484 5109 1757 5170 pastrema

171 5201 555 5256 animadversio
602 5202 860 5257 cardinali
906 5200 1236 5256 Bellarmino
1280 5196 1598 5270 gravissima
1647 5194 1761 5248 visa

171 5302 268 5358 est,
300 5293 609 5349 memoratis
632 5295 772 5350 inter
810 5304 1041 5348 caeteros
1074 5293 1307 5348 Eusebio
1352 5300 1515 5359 atque
1568 5293 1764 5348 Hiero-

176 5401 350 5458 oymo,
399 5387 536 5457 apud
579 5403 713 5459 quos
761 5388 827 5444 de
875 5387 1096 5444 Zenone
1143 5386 1445 5444 Veronensi
1493 5401 1766 5442 summum

178 5478 467 5535 silentium.

248 5573 315 5628 At
344 5575 412 5629 de
442 5576 674 5641 somnio,
703 5591 808 5646 quo
831 5583 1154 5631 tractatuum
1187 5573 1486 5646 suppositio
1515 5584 1569 5630 et
1595 5574 1760 5630 editio

183 5666 414 5724 Guarino
444 5670 779 5741 impingitur,
815 5670 945 5724 nihil
972 5669 1166 5724 attinet
1208 5650 1413 5735 dicere,
1461 5683 1583 5723 cum
1637 5668 1768 5724 illud

101 5751 106 5755 ’
191 5772 377 5830 preter
411 5762 570 5818 tidem
588 5763 832 5819 codicum
853 5763 966 5835 ipsa
989 5762 1242 5818 editionis
1263 5761 1426 5818 verba
1454 5761 1505 5816 in
1528 5761 1769 5832 generali

190 5856 498 5928 pistatione
530 5859 699 5915 relata
729 5859 858 5916 satis
899 5859 1182 5930 disjiciant.
1215 5858 1370 5928 Quod
1412 5873 1542 5916 vero
1569 5857 1773 5916 Bellar-

1861 4737 2203 4794 Veronenses
2241 4734 2294 4790 in
2323 4735 2671 4808 praefatione,
2703 4735 2797 4807 qui
2843 4736 2895 4791 in
2942 4734 3293 4793 Bibliothecis
3318 4752 3455 4808 quo-

1859 4847 1964 4902 que
1993 4831 2209 4886 Patrum
2237 4830 2472 4886 Zenonis
2497 4829 2757 4901 Operibus
2788 4829 3102 4902 pra-ﬂgitur,
3146 4830 3284 4886 duos
3321 4830 3460 4888 alios

1861 4934 2028 4980 testes
2075 4924 2398 4996 allegarunt,
2436 4923 2684 4980 Flavium
2712 4924 2976 4981 Blondem
3007 4923 3190 4980 stt-culi
3223 4941 3294 4980 xv
3320 4927 3460 4983 scri-

1863 5029 2074 5089 ptorem
2121 5019 2173 5073 in
2225 5017 2341 5075 Ital.
2393 5016 2474 5072 Ill.
2505 5033 2620 5089 reg.
2652 5018 2708 5084 9,
2742 5029 2795 5074 et
2822 5017 3040 5075 Petrum
3067 5019 3136 5077 de
3179 5018 3464 5079 Natalibus

1863 5114 2178 5184 episcopum
2227 5115 2550 5183 scriptorem
2594 5113 2782 5169 surculi
2833 5129 2922 5169 xiv
2952 5155 2968 5181 ,
3015 5115 3108 5170 lib.
3159 5131 3174 5170 ι
3217 5113 3459 5190 Catalog.

1871 5207 2190 5264 Sanctorum
2217 5223 2337 5278 cap.
2364 5206 2456 5261 45.
2494 5207 2743 5262 Perettus
2786 5222 2948 5278 porro
2999 5209 3050 5262 in
3101 5208 3325 5265 sclioliis
3354 5226 3466 5266 me-

1871 5298 2096 5353 moratis
2136 5298 2340 5354 addidit
2366 5298 2714 5355 Guillelmum
2748 5298 3121 5371 Pastrengum,
3168 5303 3258 5372 qui
3286 5300 3467 5358 medio

1871 5395 2086 5450 circiter
2125 5394 2326 5450 saeculo
2374 5409 2465 5449 xiv
2513 5392 2714 5449 ﬂoruit.
2771 5394 2868 5450 llic
2913 5407 3092 5449 autem
3135 5394 3191 5451 in
3243 5411 3470 5467 perraro

1875 5503 2039 5560 opere
2081 5489 2132 5542 in
2173 5487 2336 5544 editis
2383 5487 2646 5558 inscripto
2675 5487 2739 5540 de
2781 5487 3082 5558 Originibus
3125 5503 3320 5552 rerum,
3369 5486 3469 5542 sed

1879 5595 2184 5650 perperam,
2216 5579 2342 5636 dum
2368 5581 2453 5647 (ut
2479 5581 2684 5650 optime
2713 5580 3099 5637 animadvertit
3128 5579 3310 5648 Scipio
3334 5578 3470 5634 Mai-

1878 5673 2012 5730 feius
2061 5672 2156 5727 lib.
2184 5688 2225 5728 ιι
2265 5671 2332 5728 de
2377 5671 2747 5743 Scriptoribus
2776 5669 3205 5742 Veronensibus)
3233 5669 3348 5726 haec
3391 5673 3475 5728 in-

1878 5766 2102 5836 scriptio
2128 5765 2195 5820 ad
2223 5765 2518 5822 secundum
2548 5765 2889 5821 solummodo
2915 5762 3197 5833 Pastrcngi
3227 5763 3471 5822 libellum

1884 5859 2147 5932 pertinet;
2197 5859 2401 5931 primus
2444 5869 2624 5916 autem
2673 5857 2752 5915 illi
2798 5853 3114 5929 prtemissus
3140 5872 3210 5914 ex
3236 5859 3475 5921 auctoris
