3952 6320
531 329 598 386 et
1897 315 2429 386 Mutationem.
3736 329 3784 385 tt

530 454 706 500 mente
732 452 785 500 et
814 444 1032 501 materia
1064 445 1173 516 ipsa
1202 444 1265 500 de
1303 441 1439 500 Viris
1470 443 1764 500 illustribus
1811 444 2111 500 inscriben-
2143 451 2194 511 Α
2217 454 2282 496 ex
2312 439 2478 510 ipsius
2506 439 2734 494 tractatu
2763 439 2827 493 de
2856 437 3000 492 .lmla
3032 438 3399 495 testimonium
3427 439 3638 506 recitat,
3671 459 3742 511 qui
3761 443 3782 494 ιι

527 539 629 591 dus
678 537 881 604 fuerat;
929 537 1268 609 Pastrengus,
1317 537 1559 608 inquam,
1614 538 1668 592 in
1719 537 1821 593 hoc
1864 534 1933 592 de
1974 535 2120 592 Viris
2228 532 2281 586 in
2311 531 2618 603 coquidem
2651 537 2883 587 tractatu
2910 543 3052 587 nunc
3081 533 3146 587 ii
3176 533 3268 587 lib.
3304 547 3339 588 ιι
3395 531 3702 597 exhibetur;
3745 547 3785 591 et

527 630 830 687 Illustribus
882 630 1063 685 iibetle
1112 643 1234 701 pag.
1282 630 1374 696 77,
1416 631 1475 687 S.
1527 631 1759 686 Zenonis
1803 630 2121 685 tractatibus
2228 625 2317 681 ltie
2366 628 2630 681 tractatus
2669 624 2761 681 ille
2800 635 2882 682 εει
2935 639 3093 696 quem
3142 625 3195 682 in
3243 625 3541 683 Veronensi
3581 623 3784 684 Ecclesia

523 723 822 788 recensitis,
854 723 968 779 hinc
1011 723 1269 792 subiicit:
1307 723 1492 779 Omnia
1514 725 1623 779 hch
1649 726 1897 796 opuscula
1927 737 2118 778 meme~
2225 719 2354 773 olim
2387 719 2598 787 publice
2634 718 2829 774 lectum
2874 719 3142 774 dominica
3186 721 3340 776 tertia
3389 720 3786 791 Quadragesitne

521 816 698 869 rabilis
722 813 951 872 Joannes
984 815 1268 888 presbyter,
1317 819 1532 890 majoris
1558 816 1788 873 ecclesia:
1824 819 2123 872 mansiona-
2226 821 2292 868 ex
2341 811 2602 870 Urbinate
2642 813 2831 870 codice
2875 820 3117 868 annotat.
3171 813 3196 868 i
3242 814 3668 870 observavimus.
3716 813 3787 870 liis

519 911 644 974 rius,
677 923 730 964 se
753 909 943 965 vidisse
988 919 1035 965 et
1081 911 1262 981 legisse
1307 917 1538 966 testatur.
1571 911 1775 968 Prmter
1807 907 1906 967 hes
1937 919 2119 967 autem
2231 913 2410 962 autem
2441 906 2689 962 formulis
2731 906 3004 963 Zenonem
3049 906 3339 964 Rhaterius
3364 907 3620 981 appellat.
3647 908 3788 964 Primo

517 1017 546 1056 a
580 1000 978 1060 Veronensibus
1003 1003 1266 1076 allegatos
1290 1013 1455 1060 testes
1477 1003 1923 1076 aliiantiquiores
1951 1007 2122 1061 multo
2227 1011 2365 1070 part.
2425 1015 2440 1055 t
2492 999 2558 1055 de
2604 1009 2894 1068 contemptu
2937 998 3228 1066 Cononem,
3261 1014 3382 1072 pag.
3457 999 3564 1057 353
3626 1007 3739 1055 tem.
3778 1018 3788 1056 ι

517 1103 573 1151 ct
600 1097 749 1152 omni
780 1099 1099 1169 exceptione
1137 1099 1370 1169 majores
1394 1111 1707 1170 suppetunt.
1742 1097 1936 1156 Petrus
1965 1095 2119 1168 Caio,
2228 1093 2500 1165 Spicilcgii
2551 1093 2842 1149 Acheriani
2885 1094 3194 1150 novissima:
3240 1094 3494 1150 editionis
3539 1111 3552 1146 :
3607 1092 3726 1150 Utar
3754 1105 3790 1146 ut

519 1189 727 1245 ordinis
773 1190 1216 1257 Pra'dicatorum,
1269 1192 1359 1262 qui
1409 1189 1517 1248 duo
1556 1191 1829 1248 volumina
1876 1187 1945 1250 de
1985 1191 2122 1249 Vitis
2228 1191 2311 1246 llic
2361 1189 2665 1246 auctoritate
2703 1188 2928 1246 lenonis
2976 1189 3129 1254 beati,
3178 1191 3232 1244 iu
3278 1201 3514 1245 sermone
3575 1189 3790 1254 videlicet,

523 1285 846 1340 Sanctorum
877 1286 1095 1356 collegit
1140 1286 1359 1341 ineunte
1399 1285 1600 1341 saeculo
1627 1301 1740 1352 ειν,
1771 1303 1799 1340 a
1847 1281 2009 1341 Petro
2055 1285 2123 1341 de
2227 1299 2375 1357 quem
2401 1285 2468 1340 de
2493 1284 2638 1338 Juda
2669 1283 2967 1352 patriarcha
2988 1294 3035 1338 et
3066 1281 3291 1338 Thatnar
3316 1295 3452 1337 nuru
3494 1283 3654 1353 ipsius
3683 1297 3794 1337 more

523 1377 800 1433 Natalibus
834 1377 1070 1447 laudata,
1118 1380 1171 1435 in
1212 1379 1316 1436 iine
1349 1376 1597 1434 ilistorize
1640 1379 1956 1435 cierationls
1997 1393 2121 1434 cor-
2228 1395 2322 1433 suo
2370 1375 2769 1432 luculentissime
2811 1378 2950 1448 fecit,
2976 1375 3216 1442 dicentis,
3269 1385 3412 1444 etc.;
3468 1391 3673 1432 rursum
3702 1385 3792 1446 post

525 1470 672 1541 poris
699 1470 756 1527 8.
794 1469 1046 1538 Zenonis,
1077 1471 1237 1528 edita:
1279 1471 1346 1527 ab
1383 1470 1728 1528 lienscbenio
1758 1483 1824 1528 ex
1858 1487 1958 1526 ms.
1994 1467 2125 1526 Bar—
2229 1479 2420 1541 pauca,
2457 1469 2526 1525 Ut
2557 1469 2698 1525 Zeno
2727 1479 2934 1524 sanctus
2964 1467 3220 1539 aﬂirmat;
3244 1470 3403 1524 tertio
3435 1471 3486 1523 in
3521 1469 3623 1523 line
3656 1483 3790 1522 serta.

525 1562 736 1628 berino,
759 1573 886 1619 tum.
907 1578 967 1631 ιι,
991 1565 1214 1636 Aprilis,
1243 1579 1359 1637 pag.
1391 1565 1483 1633 76,
1517 1579 1621 1619 non
1651 1565 1824 1620 Solum
1857 1571 2125 1620 memorat
2242 1564 2266 1617 1
2302 1561 2370 1618 de
2396 1562 2838 1631 Quadragesima,
2872 1578 2923 1632 p.
2957 1559 3087 1626 591,
3119 1559 3259 1616 Zeno
3306 1561 3483 1616 beatus
3511 1561 3601 1615 ille
3640 1573 3665 1614 ε
3700 1577 3793 1615 catt-

526 1655 761 1714 Zenonis
791 1665 1068 1724 tractatus,
1098 1659 1191 1715 sed
1222 1665 1450 1715 testatur
1480 1661 1644 1716 etiam
1692 1673 1786 1716 eos
1818 1661 2032 1730 puta/iro
2076 1665 2126 1714 et
2230 1658 2393 1710 trario
2435 1658 2552 1720 ait;
2619 1670 2681 1710 ac
2726 1655 2940 1710 tandem
2990 1655 3300 1725 expressius
3349 1657 3402 1710 in
3450 1654 3707 1727 Synodica
3745 1653 3792 1708 ad

522 1751 698 1805 subtili
737 1751 870 1823 style
921 1754 1082 1808 editos
1126 1769 1178 1807 se
1225 1753 1412 1808 vidisse
1454 1753 1508 1808 in
1552 1751 1751 1808 duobus
1779 1751 2125 1808 voluminibus
2237 1749 2601 1822 presbyteros,
2657 1764 2774 1820 pag.
2807 1749 2910 1806 577
2943 1763 2958 1802 :
2992 1748 3119 1802 Cum
3167 1747 3404 1819 specialis
3448 1758 3618 1802 noster
3651 1746 3796 1800 doctor

523 1842 702 1916 (idest
726 1844 935 1900 duobus
960 1845 1109 1901 libris
1139 1845 1474 1917 dispertitos,
1503 1849 1562 1902 ut
1590 1845 1642 1901 in
1677 1859 1808 1902 mss.
1853 1845 2122 1917 visuntur)
2158 1841 2205 1915 Β
2243 1853 2393 1914 atque
2424 1843 2684 1913 provisor,
2716 1842 2888 1896 beatus
2919 1847 3088 1911 utique
3116 1839 3276 1905 Zeno,
3306 1841 3476 1907 dicat,
3509 1851 3614 1897 etc.

521 1935 682 2004 apud.
716 1935 777 1991 S.
809 1935 1068 1992 Zenonem
1115 1936 1180 1993 de
1235 1937 1454 2002 Verona,
1506 1937 1556 1992 id
1581 1946 1664 1994 est
1709 1938 1758 1992 in
1793 1939 2126 1992 monasterio
2306 1936 2414 1993 Sed
2459 1935 2587 2004 quid
2616 1935 2669 1991 in
2708 1933 3059 1990 recensendis
3097 1935 3332 2002 antiquis
3364 1933 3594 1990 testibus
3632 1933 3795 1988 imme-

523 2026 581 2082 δ.
613 2027 844 2084 Zenoiiis
877 2027 1197 2085 Veronensi.
1247 2030 1447 2085 Eodem
1496 2029 1716 2084 ineunte
1763 2031 1965 2084 sarculo
2011 2043 2121 2092 xiv,
2233 2043 2419 2084 ramur
2439 2029 2664 2093 diutius,
2697 2027 2741 2082 si
2770 2025 3013 2081 omnium
3043 2026 3472 2082 vetustissimum
3506 2025 3798 2096 praestantis-

525 2121 859 2190 imperialem
891 2120 1203 2190 Historiam,
1237 2139 1301 2178 ex
1344 2137 1446 2193 qua
1496 2122 1789 2178 Panviuius
1836 2129 2022 2178 noster
2069 2123 2124 2177 in
2231 2126 2541 2195 simumque
2583 2122 2953 2179 testimonium
3003 2124 3242 2193 suppetit
3279 2138 3344 2176 ex
3388 2137 3492 2177 ms.
3542 2119 3794 2182 lieniensi,

523 2212 947 2284 Antiquitatibus
979 2215 1382 2272 Veronensibus
1410 2215 1823 2273 conscribendis
1851 2229 1956 2270 non
1991 2213 2124 2268 nihil
2232 2235 2394 2290 quem
2431 2217 2705 2273 lliucmari
2746 2215 3141 2287 archiepiscopi
3171 2217 3394 2272 nomine
3436 2223 3795 2286 praenotatum,

526 2308 774 2378 profecit,
803 2307 1042 2363 Joannes
1081 2309 1298 2379 quidam
1345 2309 1415 2366 ab
1462 2309 1654 2365 eodem
1701 2308 1962 2364 Panviuio
2008 2307 2125 2362 diit~
2233 2311 2672 2381 monasterioque
2710 2309 2767 2366 S.
2804 2308 3032 2382 Remigii
3079 2307 3224 2365 dono
3257 2305 3513 2363 traditum
3559 2307 3611 2363 in
3643 2304 3798 2377 praeia-

522 2415 693 2457 conus
741 2402 1092 2470 Veronensis,
1139 2418 1168 2458 a
1216 2404 1514 2474 Pastrengo
1556 2413 1735 2460 autem
1779 2403 1894 2460 fere
1939 2416 2126 2460 cova
2235 2404 2378 2460 tione
2417 2403 2686 2460 vidimus?
2732 2401 2822 2459 ubi
2849 2404 3011 2460 etiam
3044 2400 3526 2458 animadvertimus
3559 2397 3695 2455 hunc
3730 2411 3797 2452 co-

523 2497 785 2567 presbyter
809 2497 1188 2552 mansienarius
1211 2508 1570 2568 nuncupatus,
1605 2497 1843 2569 scripsit.
1867 2497 1915 2554 is
1942 2507 2125 2553 autem
2231 2499 2430 2564 dicem,
2457 2509 2744 2568 antequam
2775 2499 2826 2552 in
2857 2498 3129 2554 ilincmari
3162 2512 3353 2552 manus
3382 2495 3610 2562 veniret,
3643 2495 3690 2549 in
3723 2491 3797 2547 Ve-

445 2654 448 2655 ,
525 2586 619 2642 lib.
654 2603 671 2642 I
697 2589 815 2659 ejus
832 2587 1004 2663 [um]
1033 2591 1292 2658 historite,
1319 2607 1384 2648 ex
1418 2607 1520 2663 qua
1551 2593 1727 2648 adhuc
1759 2589 1900 2647 nunc
1931 2607 2122 2647 nianu-
2231 2591 2482 2648 ronensis
2511 2593 2765 2648 Ecclesia:
2788 2599 2945 2648 usum
2971 2592 3176 2661 jamdiu
3205 2592 3374 2648 fuisse
3395 2635 3410 2658 ,
3443 2599 3501 2646 ut
3525 2591 3638 2662 ipsa
3661 2589 3796 2644 Hinc.

524 2684 722 2752 scripta
756 2683 1110 2757 Hieronymus
1133 2684 1466 2741 Tartarotius
1496 2683 1744 2758 quasdam
1771 2693 2023 2755 excerpta
2055 2681 2123 2740 ad
2232 2686 2368 2743 mari
2395 2687 2576 2753 relate,
2614 2685 2664 2742 id
2687 2697 2771 2742 est
2810 2686 3011 2742 sarculo
3039 2701 3090 2741 ιι
3123 2685 3399 2757 antiquior
3437 2683 3704 2756 aliquanto
3727 2679 3797 2735 ha-

523 2789 620 2831 nos
650 2777 1505 2848 perhumanitermisit,eumdem
1534 2789 1859 2836 tractatuum
1886 2780 2123 2836 Zenmiis
2233 2783 2440 2839 bendus
2467 2784 2556 2838 sit.
2587 2783 2642 2837 In
2668 2783 2771 2838 hoc
2799 2793 2978 2838 autent
3013 2783 3320 2854 perspicue,
3353 2793 3459 2837 non
3493 2780 3668 2835 minus
3688 2791 3740 2831 ac
3760 2778 3796 2828 in

522 2873 755 2928 indicem
785 2877 938 2940 teXit,
972 2890 1128 2944 quem
1161 2887 1273 2929 tum
1299 2874 1618 2932 Guillelmus
1641 2877 1988 2946 Pastrengus,
2011 2883 2123 2930 tum
2231 2877 2353 2932 aliis
2384 2877 2699 2946 posterioris
2742 2876 2848 2934 teri
2873 2877 3153 2933 codicibus
3173 2918 3186 2937 .
3231 2888 3286 2932 et
3321 2875 3375 2931 in
3407 2875 3740 2945 inscriptione
3759 2879 3795 2924 ei

525 2966 718 3022 Petrus
782 2967 850 3023 de
893 2965 1170 3023 Natalibus
1221 2969 1440 3023 totidem
1490 2967 1672 3024 verbis
1713 2968 2125 3036 transcripsisse
2235 2969 2287 3025 in
2332 2967 2579 3025 formulis
2611 2972 2770 3040 paulo
2800 2979 2925 3024 ante
2960 2969 3194 3025 laudatis
3221 2965 3278 3026 8.
3310 2968 3461 3024 Zeno
3508 2975 3794 3024 tractatuum

523 3069 845 3124 noscuntur,
875 3070 929 3116 et
975 3059 1160 3116 addit:
1208 3060 1334 3116 Haec
1374 3062 1536 3131 ipsius
1581 3063 1772 3134 scripta
1803 3071 1850 3115 et
1877 3071 2124 3115 tractatus
2232 3073 2422 3120 auctor
2454 3065 2654 3136 pluries
2695 3067 2974 3121 asseritur.
3014 3064 3153 3133 Quid
3195 3064 3335 3136 quod
3369 3059 3457 3120 hic
3496 3063 3633 3120 idem
3661 3059 3795 3117 codex

521 3147 634 3220 ipse
654 3152 755 3225 legi
789 3162 836 3207 et
860 3152 987 3208 vidi.
1021 3153 1061 3208 E
1094 3153 1312 3224 regione
1345 3153 1506 3224 hujus
1551 3154 1748 3212 indicis
1775 3155 1892 3211 haec
1919 3155 2122 3225 margi-
2233 3159 2286 3213 in
2337 3158 2630 3214 Veronensi
2658 3155 2902 3214 Ecclesia
2947 3157 3073 3214 olitn
3104 3151 3380 3213 adhibitus
3405 3199 3419 3224 ,
3450 3155 3688 3228 ejusdem
3721 3151 3798 3208 Ec-

524 3247 662 3302 ualis
711 3248 917 3303 notatio
965 3248 1016 3304 in
1066 3250 1257 3306 eodem
1304 3250 1491 3306 codice
1532 3251 1747 3321 legitur,
1795 3263 1915 3323 qua:
1967 3250 2115 3307 aliud
2144 3243 2190 3307 C
2225 3251 2407 3308 ριρείιυ
2449 3253 2725 3322 antiquam
2771 3251 2840 3307 de
2872 3251 2928 3307 S.
2965 3249 3188 3306 Zenone
3233 3256 3457 3306 auctore
3488 3241 3797 3304 traditionem

522 3342 816 3414 Scriptoris
871 3345 1042 3400 nostri
1096 3345 1460 3402 testimonium
1513 3349 1732 3418 profert.
1785 3345 1897 3402 Hos
1947 3357 2123 3400 omnes
2227 3344 2575 3416 suppeditat?
2599 3345 2657 3401 in
2682 3345 2926 3416 pluribus
2949 3347 3202 3400 nimirum
3233 3343 3353 3414 ejus
3385 3342 3590 3401 codicis
3613 3349 3799 3396 annuta-

523 3447 680 3510 supra
719 3439 938 3510 scriptos
967 3426 1120 3496 libros
1155 3441 1460 3512 (sermones
1491 3443 1548 3499 8.
1578 3443 1813 3499 Zenonis
1843 3459 1872 3496 a
1911 3441 2122 3497 Joanne
2231 3438 2470 3494 tionibus
2511 3439 2736 3510 antiquo
2768 3437 3082 3494 charactere
3105 3437 3171 3492 ad
3205 3438 3505 3509 marginem
3534 3433 3794 3508 appositis,

519 3531 834 3602 presbytero
864 3533 1174 3603 designatus
1222 3533 1493 3606 intelligit)
1544 3551 1637 3608 ego
1683 3533 1985 3590 Leenardus
2019 3533 2122 3587 Ju-
2230 3551 2364 3607 quas
2421 3535 2472 3590 in
2523 3535 2841 3607 praefatione
2896 3533 3284 3604 descripsimus
3343 3531 3530 3602 plures
3576 3535 3799 3585 tractatus

519 3623 619 3679 dea:
645 3625 708 3679 de
735 3625 922 3693 Quinto
953 3626 1016 3681 de
1055 3627 1254 3682 Verona
1286 3630 1465 3694 habeo,
1498 3629 1587 3700 qui
1635 3640 1751 3684 sunt
1793 3630 2120 3701 elegantissi-
2231 3628 2439 3700 jamdiu
2479 3628 2610 3685 olim
2644 3632 2786 3684 inter
2832 3644 2980 3682 sacra
3017 3625 3381 3683 ecclesiastica
3423 3623 3598 3680 officia
3641 3638 3667 3676 a
3703 3631 3800 3675 uos-

520 3726 602 3772 ino
628 3721 780 3790 style.
833 3717 930 3774 Hic
978 3730 1159 3774 autem
1209 3720 1518 3775 Leonardus
1562 3719 1739 3776 Judex
1788 3721 1854 3776 de
1901 3721 2117 3787 Quinto,
2239 3724 2340 3776 tris
2372 3723 2645 3792 episcopis
2695 3720 2779 3776 vel
2815 3719 3131 3776 diaconibus
3169 3735 3234 3774 ex
3279 3717 3473 3773 eodem
3504 3715 3682 3772 codice
3728 3727 3801 3779 pl:-

519 3813 609 3882 qui
637 3813 946 3868 nominatur
973 3813 1025 3867 in
1050 3811 1374 3868 documento
1403 3814 1528 3867 anni
1559 3813 1719 3877 i379,
1751 3814 1891 3882 apud
1919 3813 2121 3883 Ughel—
2229 3813 2373 3872 blice
2414 3815 2536 3871 lecti
2570 3816 2878 3871 tradtfntur.
2909 3816 3040 3885 Quis
3090 3829 3256 3885 porro
3300 3815 3356 3868 in
3401 3823 3510 3869 tam
3539 3813 3743 3882 antiquo
3760 3813 3798 3860 el

518 3903 673 3971 lium,
706 3915 835 3960 tom.
871 3922 920 3972 ν,
958 3920 1078 3976 pag.
1111 3905 1239 3971 885,
1289 3903 1516 3960 Verona:
1557 3905 1994 3960 florentissimam
2040 3905 2121 3960 bi-
2231 3909 2518 3979 explorato
2543 3907 2876 3966 Veronensis
2901 3907 3160 3964 Ecclesiae
3194 3907 3300 3961 ritu
3326 3923 3432 3961 non
3486 3907 3642 3976 plane
3665 3917 3800 3972 agno-

519 3997 844 4054 bliothecam
891 3997 1122 4064 habuit,
1173 4013 1332 4070 quam
1379 3999 1478 4054 sub
1537 4014 1626 4054 au.
1679 3997 1817 4053 1588
1862 3997 2120 4054 Venetias
2231 4012 2383 4068 scat,
2417 4001 2612 4059 borum
2649 4011 2996 4065 tractatuum,
3029 4002 3120 4072 qui
3154 4010 3258 4075 tam
3297 4002 3584 4071 prazeipue,
3621 4005 3798 4053 vetusto

521 4093 863 4148 transmlisse
896 4093 1142 4164 proditur
1166 4106 1194 4147 a
1239 4091 1539 4164 Mazagagia
1589 4092 1640 4147 in
1671 4106 1840 4160 Opere
1869 4106 1972 4146 ms.
2005 4092 2118 4146 Mu-
2228 4112 2293 4150 ac
2320 4097 2548 4152 solemni
2584 4097 2813 4169 liturgiae
2836 4096 3170 4152 Veronensis
3201 4111 3301 4149 usu
3327 4094 3567 4164 adeptati
3596 4095 3798 4152 fuerunt,

520 4184 761 4241 sellianae
808 4185 1151 4242 bibliothecae
1219 4185 1477 4255 inscripto
1533 4184 1598 4240 de
1648 4183 1915 4239 Moderuis
1963 4185 2120 4256 gestis
2228 4201 2507 4246 anetorem
2540 4191 2609 4246 ab
2637 4189 2826 4246 eadem
2858 4187 3098 4244 Ecclesia
3129 4201 3348 4258 semper
3381 4186 3619 4242 habitum
3646 4182 3698 4239 8.
3723 4179 3802 4234 Ze-

521 4277 613 4333 lib.
647 4293 725 4341 ιιι.
757 4294 875 4350 cap.
911 4278 966 4335 8.
998 4279 1140 4335 Ante
1171 4282 1336 4334 hocce
1386 4289 1595 4349 tempus
1635 4279 1687 4332 in
1740 4277 1947 4345 antiqui
1980 4279 2120 4333 sime
2231 4297 2426 4336 nonem
2455 4281 2770 4353 episcopum
2799 4323 2814 4347 ,
2838 4281 2992 4353 cujus
3022 4281 3212 4336 merita
3240 4281 3382 4334 sicut
3407 4293 3531 4334 eum
3565 4278 3680 4331 huic
3706 4271 3800 4328 uilli

521 4370 856 4428 Veronensis
881 4373 1104 4444 capituli
1157 4373 1522 4443 manuscripto
1542 4414 1554 4437 ,
1583 4373 1673 4442 qui
1721 4369 2033 4441 Hieronymi
2065 4381 2121 4427 et
2229 4372 2496 4430 dederunt
2537 4379 2822 4445 patronum
2848 4415 2862 4440 ,
2912 4373 2987 4428 ita
3017 4382 3072 4427 et
3103 4377 3385 4426 sermones
3430 4365 3800 4426 SthceSSOI‘illlls

523 4464 785 4521 Gennadii
846 4466 1150 4538 eatalogum
1198 4467 1440 4520 continet
1483 4465 1549 4518 de
1597 4465 1738 4518 Viris
1792 4463 2112 4530 Illustribus,
2228 4467 2367 4523 adeo
2413 4468 2901 4532 commendarunt,
2946 4475 3005 4522 ut
3033 4475 3097 4521 ex
3142 4465 3206 4520 iis
3249 4465 3437 4537 plures
3485 4466 3538 4520 in
3569 4457 3798 4534 quasdam

522 4557 754 4614 Zenonis
802 4575 995 4616 nomen
1063 4559 1347 4630 posteriori
1411 4567 1568 4614 manu
1609 4556 1852 4613 additum
1897 4557 2116 4628 legitur,
2151 4633 2177 4638 Δ
2229 4579 2512 4619 sacrorum
2556 4566 2937 4638 mysteriorum
2982 4560 3243 4618 formulas
3286 4557 3340 4615 in
3382 4575 3556 4614 annos
3595 4552 3802 4626 singulos

521 4659 803 4723 propterea
837 4653 979 4722 quod
1013 4653 1057 4709 is
1093 4652 1383 4722 scriptores
1415 4651 1554 4708 inter
1597 4650 1998 4707 ecclesiasticos
2033 4653 2113 4707 ’vel
2149 4633 2201 4697 Ῑ)
2232 4660 2388 4713 statis
2413 4633 2943 4715 dicbttsvrecitattdas
2975 4655 3326 4713 transierint?
3359 4655 3510 4713 Sane
3538 4657 3580 4710 si
3610 4647 3802 4709 alteritli

523 4757 634 4802 tum
667 4747 921 4817 temporis
977 4757 1373 4802 recenseretur.
1403 4743 1614 4801 Samnio
1641 4761 1694 4800 xi
1725 4749 1814 4800 atit
1853 4743 1920 4800 ad
1968 4759 2116 4800 sum-
2231 4749 2447 4804 externi
2506 4749 2588 4805 vel
2632 4751 2808 4804 minus
2835 4751 2980 4820 digni
3025 4748 3282 4804 antistitis
3313 4749 3546 4804 fuissent
3576 4739 3798 4802 auctoris,

519 4843 666 4896 mum
715 4855 814 4906 xu,
866 4853 1168 4912 anonymus
1211 4839 1426 4908 quidam
1450 4884 1463 4907 ,
1501 4838 1828 4895 Veronensis
1881 4838 2113 4893 coenobii
2234 4841 2552 4897 incredibile
2592 4843 2753 4914 plane
2783 4853 2866 4898 est
2891 4843 2991 4898 sub
3023 4841 3079 4898 S.
3110 4841 3345 4898 Zen‘onis
3375 4839 3596 4897 tiominc
3626 4841 3674 4893 in
3701 4846 3802 4906 pro-

518 4933 836 4993 monacbus.
865 4935 923 4992 S.
953 4933 1184 5003 Zenonis
1210 4933 1373 4988 vitam
1397 4933 1659 5000 scribens,
1684 4934 1802 5003 ejus
1831 4945 2115 4990 sermones
2233 4935 2403 5003 priam
2434 4933 2832 5006 quodammodo
2857 4933 3020 5007 hujus
3051 4937 3211 4990 unius
3255 4935 3514 4992 Ecclesia:
3558 4929 3800 5001 liturgiam

517 5041 578 5084 se
621 5028 813 5098 legisse
855 5039 1040 5097 aperte
1079 5027 1350 5093 ostendit;
1402 5027 1550 5083 illum
1582 5027 1726 5084 enim
1773 5027 1979 5082 inducit
2026 5025 2110 5082 lo-
2227 5027 2474 5097 potuisse
2511 5029 2870 5099 Commigrarc
2897 5071 2910 5095 ,
2949 5037 3004 5084 et
3039 5027 3245 5084 diutius
3269 5029 3323 5083 in
3354 5027 3546 5085 eadem
3589 5018 3800 5085 Ecclesiil

515 5129 768 5191 quentcm
811 5122 1008 5192 duplici
1035 5121 1322 5188 eoneione,
1351 5133 1576 5191 quarum
1618 5120 1785 5174 altera
1817 5121 2029 5176 initium
2059 5131 2115 5177 et
2225 5122 2438 5190 publice
2489 5122 2620 5193 legi.
2685 5123 2872 5194 itaque
2917 5124 3039 5194 quis
3083 5121 3335 5179 dubitare
3372 5123 3620 5190 amplius
3662 5123 3800 5190 quea!

515 5214 679 5269 ﬁnem
705 5219 862 5271 tract.
895 5215 950 5282 6,
979 5215 1043 5270 de
1071 5213 1353 5283 Patientia,
1382 5213 1475 5270 lib.
1505 5231 1544 5281 ι,
1571 5213 1765 5270 iisdem
1812 5213 1991 5271 verbis
2020 5231 2115 5272 ex-
2226 5221 2484 5270 tractatus
2513 5230 2600 5272 xcr
2629 5209 2798 5288 [utvj
2827 5231 2962 5287 quos
3003 5217 3163 5271 unius
3205 5229 3327 5271 esse
3373 5219 3609 5272 auctoris
3650 5209 3798 5281 capilc

517 5309 718 5380 primit,
748 5307 918 5364 altera
947 5324 1076 5365 vero
1107 5310 1159 5363 in
1191 5307 1435 5364 eamdem
1477 5311 1741 5364 rationem
1781 5317 1997 5380 sumpta
2027 5319 2114 5365 est
2227 5310 2401 5379 primo
2418 5312 2777 5376 ostendimus,
2797 5328 2904 5368 non
2936 5314 3098 5368 alium
3124 5312 3326 5368 habere
3347 5324 3622 5369 auctorem
3660 5317 3797 5379 quam

514 5413 581 5458 cx
612 5408 768 5456 tract.
799 5387 870 5458 32
919 5411 973 5458 et
1001 5400 1072 5456 42
1101 5401 1198 5457 lib.
1227 5417 1284 5456 ιι.
1316 5399 1448 5457 Vide
1479 5405 1826 5457 monumenta
1859 5399 2113 5458 Historia:
2219 5401 2282 5459 8.
2325 5402 2600 5460 Zenonem
2647 5405 2958 5477 episcopum
2987 5406 3380 5474 Veronensem,
3411 5407 3498 5462 cui
3523 5408 3637 5462 illos
3661 5409 3710 5457 et
3733 5401 3798 5452 loi

513 5496 873 5567 diplomaticze
899 5495 1174 5566 subjecta,
1218 5495 1274 5550 ei.
1302 5493 1442 5549 edita
1473 5503 1501 5549 a
1550 5496 1863 5551 marchione
1881 5492 2111 5564 Maffeio,
2221 5502 2494 5556 variarum
2527 5503 2742 5558 urbium
2790 5519 2854 5558 ac
2905 5504 3301 5575 provinciarum
3343 5504 3561 5561 codices
3587 5547 3600 5569 ,
3643 5510 3693 5557 et
3732 5501 3796 5549 ῐοῐ

512 5603 638 5660 pag.
671 5588 797 5646 326.
839 5587 1050 5645 Sarcuio
1079 5588 1291 5644 decimo
1324 5587 1611 5645 Batherius
1638 5586 1969 5646 Veronensis
1994 5591 2109 5662 epi-
2220 5593 2551 5664 scriptorum
2580 5597 2912 5666 testimonia,
2939 5607 2992 5653 ct
3023 5595 3354 5654 Veronensis
3375 5596 3539 5654 etiam
3571 5589 3793 5652 Ecclesim

513 5697 738 5754 scepus,
767 5685 996 5754 plurium
1045 5697 1270 5756 operum
1299 5683 1530 5755 scriptor
1565 5680 1618 5739 id
1659 5683 1923 5754 temporis
1964 5697 2106 5754 ιιι-τεο
2223 5688 2444 5743 traditio
2487 5687 2765 5744 vindicatil

513 5778 912 5845 stantissimus,
977 5776 1035 5836 S.
1103 5775 1377 5836 leuantem
1433 5777 1888 5849 pmdecessorem
1951 5791 2107 5832 suum
2222 5781 2251 5854 §
2291 5779 2356 5836 il.
2395 5813 2466 5823 --
2501 5781 2724 5856 Vulgare
2752 5783 3115 5857 prtejudicium
3150 5787 3213 5842 de
3243 5785 3305 5842 δ,
3346 5785 3569 5842 Zenonis
3594 5793 3692 5838 amo
3716 5771 3790 5830 sub

517 5884 825 5928 sermonm
851 5883 1124 5932 auctorem
1167 5873 1342 5945 palam
1371 5872 1539 5942 novit,
1569 5870 1771 5945 quippe
1797 5872 1886 5945 qui
1918 5881 2109 5944 quater
2295 5874 2555 5947 ﬂailieuo,
2588 5876 2728 5945 quod
2757 5885 2916 5934 unum
2937 5876 3181 5935 hactenus
3210 5880 3501 5936 constitutis
3520 5873 3786 5948 opponitur.
