3998 6332
163 329 224 389 09
867 325 1330 392 υιεεεητΑτιυε
1361 326 1402 394 ι,
1445 325 1535 386 DE
1575 323 1632 386 S-
1674 321 1773 385 2E1

1888 321 1962 382 HS
1999 321 2250 388 TRACT.
2295 327 2382 385 ET
2421 326 2699 390 ᾹΞΤΑΊἙ.

3381 323 3450 385 ’10

221 441 284 496 ad
307 455 522 497 mureti
542 449 828 498 revocatur.
853 435 1066 498 Barom’i
1095 439 1397 514 Ugltelliqne
1421 444 1674 497 sententia
1688 439 1752 495 de
1778 441 1826 502 A
1855 443 2096 514 specialis
2123 444 2300 500 doctor
2329 451 2375 500 et
2397 445 2628 516 provisor
2649 461 2743 500 seu
2777 452 3036 516 patronus
3066 451 3237 499 noster
3271 453 3320 500 et
3357 444 3454 498 fuit

221 536 414 605 duplici
431 536 672 602 Zenone,
706 551 924 607 quorum
953 537 1085 590 alter
1111 539 1204 590 sub
1233 535 1470 590 Gallieno
1491 535 1746 605 ﬂoruerit,

219 629 343 682 alter
381 639 568 698 quarto
600 630 790 684 seculo
838 637 1148 684 tractatuum
1182 636 1362 683 auctor
1403 629 1502 697 sil,
1541 631 1750 683 omnino

220 737 364 779 noua.
399 722 549 781 Unas
592 733 789 778 tutam
819 723 960 780 Zeno
994 723 1264 796 episcopus
1326 721 1606 780 Veronensi
1646 721 1752 778 Era

218 818 382 874 sicsic
407 835 472 874 es
503 821 744 875 omnibus
784 820 1104 875 documentis
1139 821 1373 891 agnitus,
1407 817 1545 873 unde
1585 815 1751 872 Bara-

219 916 329 968 nius
381 916 688 970 sententiam
744 915 1065 970 retractavit.
1130 912 1446 986 Prrrjudicii.
1487 911 1753 968 memorati

223 1008 360 1079 origo
379 1018 430 1061 et
460 1009 872 1078 fundamentum.

221 1099 306 1155 llis
353 1101 702 1171 argumentis
745 1101 973 1157 definito
1017 1101 1258 1158 Auctore
1306 1099 1442 1155 nihil
1485 1095 1552 1155 de
1593 1099 1752 1155 uitale

163 1195 262 1262 ejus
302 1190 513 1248 addere
556 1201 855 1262 oporteret.
914 1193 972 1249 Si
1002 1193 1148 1253 enim
1195 1199 1384 1249 auctor
1428 1199 1751 1247 tractatuum

164 1296 334 1356 quarto
356 1287 570 1342 saculo
606 1285 856 1342 ﬂoruisse
883 1285 1314 1342 demonstratum
1349 1285 1504 1341 nobis
1527 1295 1608 1340 est
1639 1283 1753 1339 evi-

165 1378 332 1436 denter
358 1393 422 1434 ea
433 1397 487 1448 ιι.
516 1379 574 1444 8,
607 1379 788 1450 palam
809 1382 1054 1449 sequitur
1075 1378 1372 1444 Zenonem,
1402 1394 1561 1449 quem
1597 1383 1675 1432 tot
1699 1381 1755 1433 et

166 1472 428 1528 codicibus
455 1483 512 1528 et
556 1473 786 1529 testibus
820 1480 876 1528 et
920 1472 1248 1528 Veronensis
1296 1472 1464 1542 ipsius
1494 1470 1753 1526 Ecclesiae

167 1568 359 1638 antiqua
406 1567 704 1622 traditione
748 1567 1064 1623 earumdem
1095 1575 1420 1622 tractatuum
1473 1571 1753 1620 auctorem

168 1674 268 1716 esse
290 1658 566 1714 hactenus
587 1659 944 1724 ostendimus,
979 1667 1172 1730 quarto
1193 1669 1410 1729 quoque
1438 1655 1636 1712 sucula
1658 1657 1754 1709 llo-

169 1767 271 1808 rere
297 1751 560 1807 debuisse
577 1793 592 1817 ,
623 1766 690 1808 ac
719 1752 860 1808 inter
890 1765 986 1808 eos
1013 1753 1254 1824 profecto
1281 1750 1528 1822 ejusdem
1568 1749 1752 1806 saeculi

1855 553 2090 609 semper,
2121 550 2174 594 et
2207 539 2383 595 adhuc
2431 552 2511 595 est
2563 540 2622 595 S.
2676 539 2842 604 Zeno,
2872 551 3032 610 quem
3065 537 3116 594 id
3164 538 3454 595 Ratherius

1855 631 2017 688 simili
2049 632 2274 687 formula
2309 633 2359 687 in
2391 629 2741 704 Apologetico
2769 648 2818 703 p.
2871 630 2974 687 566
3015 639 3056 686 t.
3099 648 3115 687 ι
3185 619 3457 703 Spicilegii

1856 717 2178 791 Acheriat’ti,
2211 725 2298 780 ubi
2339 725 2602 780 basilicam
2633 723 2752 794 ejus
2801 733 3102 792 memorat,
3146 726 3458 797 peculiarem

1855 828 2088 872 nostrum
2134 827 2410 888 patronum
2452 819 2708 890 appellat.
2761 817 2837 874 Ex
2882 802 3249 891 titanttsrripto
3295 835 3457 889 porro

1857 909 2458 983 Retnensi,quialiquot
2489 919 2747 969 tractatus
2775 903 2915 967 inter
2943 928 3096 968 sacra
3131 909 3459 968 Veronensis

1860 1003 2114 1061 Ecclesiae
2139 1003 2288 1078 [ιη]
2320 1005 2575 1078 mysteria
2607 1007 2674 1061 ab
2710 1005 2997 1076 episcopis,
3028 1003 3114 1060 Vel
3145 996 3462 1060 diaconibus

1859 1095 2030 1154 lectos
2073 1104 2372 1164 memorat,
2403 1105 2581 1154 nonne
2607 1107 2660 1154 et
2695 1089 3064 1154 Veronensem
3108 1096 3420 1168 episc0pum
3444 1139 3461 1166 ,

1859 1200 1915 1248 ct
1942 1190 2198 1250 Sanctum
2219 1234 2233 1258 ,
2264 1203 2323 1247 ut
2354 1193 2550 1248 ibidem
2594 1187 2943 1260 inscribitur,
2975 1204 3250 1249 auctorem
3278 1193 3346 1248 ab
3373 1207 3467 1248 ea-

1858 1284 1983 1340 dem
2026 1277 2268 1340 Ecclesia
2315 1283 2555 1341 habitum
2597 1286 2773 1358 palam
2820 1275 3242 1358 cognoscimus?
3278 1277 3465 1356 Neque

1859 1392 1988 1432 vero
2017 1377 2315 1434 audiendus
2355 1373 2731 1435 Ferdinandus
2761 1377 3040 1452 Ughellius
3067 1422 3080 1445 ,
3120 1379 3212 1452 qui
3252 1389 3308 1434 ut
3345 1377 3463 1435 haec

1862 1467 1998 1524 forte
2028 1469 2374 1532 conciliaret,
2408 1471 2704 1528 secundum
2739 1488 2952 1544 quoque
2988 1465 3296 1540 Zenonem,
3339 1485 3469 1526 auc-

1864 1573 2058 1629 torem,
2094 1564 2168 1618 uti
2208 1575 2458 1633 putatur,
2495 1574 2817 1620 tractatutnn
2848 1607 2863 1631 ,
2899 1563 3100 1620 sanctis
3134 1555 3425 1636 adsmipsit
3452 1607 3468 1630 ,

1867 1667 1988 1712 cum
2019 1671 2182 1711 unum
2214 1665 2420 1712 tantum
2453 1655 2728 1713 Zenonem
2763 1653 2906 1714 inter
2936 1668 3153 1714 sanctus
3182 1657 3468 1729 episcopos

1867 1749 2196 1806 Veronensis
2231 1750 2475 1807 Ecclesia
2518 1754 2853 1808 recensuerit
2877 1768 3093 1824 semper
3124 1794 3138 1819 ,
3181 1764 3341 1822 atque
3382 1766 3468 1806 rc-

171 1849 349 1903 limites
377 1891 391 1908 .
430 1861 572 1919 quos
614 1859 684 1903 ex
725 1850 1042 1905 certissimis
1091 1857 1414 1905 tractatuum
1462 1847 1603 1904 notis
1641 1847 1755 1917 jam
1868 1853 2105 1900 censeat.
2131 1844 2269 1913 Quin
2300 1846 2606 1902 mirandum
2643 1847 2876 1903 maxime
2907 1853 3027 1914 est,
3055 1846 3198 1918 quod
3230 1862 3350 1900 cum
3383 1843 3472 1900 ille

168 1939 558 2009 pmtituimus.
585 1940 654 1996 At
688 1941 811 1997 huic
839 1951 1158 2013 argumento
1176 1942 1303 1998 licet
1321 1940 1761 2011 exploratissimo

169 2047 314 2088 mum
346 2032 491 2088 illud
528 2034 754 2105 vulgare
799 2034 1170 2105 prtejudicium
1197 2035 1488 2104 opponitur
1513 2075 1528 2099 ,
1561 2043 1667 2103 quo
1696 2031 1758 2088 S.

169 2125 320 2195 Zeno,
361 2126 616 2183 Gallieno
647 2129 946 2198 imperante
1000 2141 1096 2183 seu
1135 2131 1292 2183 tertio
1324 2127 1522 2183 saeculo
1562 2127 1762 2182 vixisse

167 2221 426 2285 creditur;
455 2222 544 2276 cui
572 2222 867 2292 pratjudico
895 2221 1201 2276 traditionis
1232 2221 1452 2276 nomine
1485 2219 1763 2275 Veroueua

172 2317 235 2372 sis
256 2317 524 2374 Ecclesiae
562 2333 596 2372 a
629 2318 902 2373 nonnullis
940 2317 1247 2383 divendita,
1283 2329 1350 2372 ne
1376 2331 1436 2371 se
1461 2315 1763 2386 ohjicerent

167 2409 452 2465 carui-alis
495 2409 764 2466 Baronius
803 2412 856 2464 in
885 2412 1059 2481 prima
1082 2409 1320 2465 editione
1362 2407 1762 2480 Martyrologii,

168 2515 214 2560 et
232 2505 616 2562 Ferdinandus
645 2505 928 2574 Ughellius
955 2515 1085 2560 tom.
1119 2519 1148 2557 v
1177 2504 1340 2559 Italiae
1369 2516 1573 2568 sacrm,
1629 2501 1766 2556 duos

169 2598 402 2654 latrones
459 2599 805 2656 Veronenses
863 2600 1146 2670 episcopos
1194 2596 1558 2653 admittendos
1608 2605 1766 2667 puta.

174 2701 306 2759 runt,
327 2707 566 2763 quorum
592 2692 842 2748 altersub
857 2691 1124 2756 Gallieno,
1155 2691 1228 2745 uti
1251 2689 1582 2756 tradebatur,
1611 2688 1766 2744 obie-

171 2789 249 2856 rit,
297 2788 442 2844 alter
502 2801 665 2855 vero,
699 2789 788 2859 qui
815 2795 1137 2842 tractatuum
1162 2786 1235 2839 sit
1273 2793 1480 2848 auctor,
1527 2781 1770 2838 ﬂoruerit

169 2884 360 2939 saeculo
386 2893 605 2954 quarto.
637 2885 708 2938 At
746 2881 793 2937 si
818 2883 1152 2952 exploratum
1182 2881 1404 2935 omnino
1440 2877 1728 2934 fecerimus
1751 2918 1766 2939 ,

173 2976 375 3031 unicum
427 2973 748 3037 Zenonem,
801 2975 886 3029 cui
933 2988 1210 3030 sermones
1255 2973 1512 3028 vindicari
1562 2971 1773 3041 possint

172 3083 228 3121 at:
254 3068 491 3124 debeant
515 3109 531 3135 ,
559 3068 630 3122 ab
655 3067 893 3124 Ecclesia
923 3066 1221 3123 Veronensi
1251 3079 1468 3139 semper
1506 3064 1768 3134 agnitum,

175 3172 227 3216 et
256 3163 398 3220 hunc
423 3163 649 3232 quidem
696 3179 808 3218 non
837 3164 992 3220 tertio
1018 3205 1032 3228 ,
1076 3163 1174 3218 sed
1198 3171 1389 3232 quarto
1417 3162 1614 3216 szeculo
1661 3158 1779 3216 cia-

175 3255 378 3324 ruisse,
408 3255 549 3310 nihil
575 3253 679 3310 erit
707 3255 943 3325 amplius
990 3254 1134 3325 quod
1161 3264 1472 3324 reponatur.

236 3353 375 3407 Ante
422 3350 716 3406 Baronium
763 3350 876 3420 (qui
925 3349 1126 3420 primus
1153 3349 1288 3404 duos
1332 3346 1582 3403 Zenones
1619 3345 1775 3402 nullo

172 3441 498 3501 documento
524 3445 739 3510 intulit,
770 3457 838 3498 eo
863 3443 986 3498 solo
1010 3449 1335 3513 argumento
1358 3427 1550 3496 ductus
1571 3479 1588 3506 ,
1627 3439 1774 3510 quod

173 3554 327 3593 unum
372 3538 652 3594 Zenonem
704 3537 879 3607 quarti
908 3537 1090 3593 sasculi
1133 3543 1408 3590 auctorem
1459 3547 1774 3588 sermonum

172 3634 470 3688 certissime
499 3641 892 3702 cognosceret,
926 3631 1098 3684 atinas
1121 3638 1300 3684 autem
1333 3627 1434 3682 sub
1464 3625 1708 3682 Gallieno
1741 3640 1774 3682 a

171 3724 469 3781 Veronensi
499 3724 746 3780 Ecclesia
777 3724 980 3778 cultum
1007 3724 1074 3780 de
1106 3719 1509 3778 Veronensibus
1534 3718 1774 3790 accepis-

171 3819 268 3890 set)
300 3817 366 3875 de
387 3819 607 3874 duobus
636 3818 944 3874 lenonibus
973 3818 1132 3885 hujus
1155 3817 1298 3871 urbis
1325 3816 1592 3886 episcopis
1615 3828 1778 3870 nemo

170 3926 424 3983 umquam
452 3910 723 3967 audierat.
751 3909 888 3965 Huic
918 3909 1134 3980 quidem
1185 3909 1424 3978 Opinioni
1462 3910 1572 3978 ipsa
1609 3905 1779 3964 Vero-

172 4007 349 4060 nensis
381 4003 650 4060 Ecclesiae
672 4002 892 4082 traditio
939 4001 1238 4072 refragatur
1267 4009 1454 4070 aperte
1476 4041 1490 4066 ,
1519 4016 1636 4070 qua:
1669 4015 1777 4054 non

170 4099 269 4156 nisi
310 4115 479 4156 unum
511 4097 790 4154 Zenonem
825 4093 1047 4167 Semper
1075 4097 1337 4167 agnovit,
1372 4106 1426 4150 et
1454 4096 1524 4149 ita
1555 4091 1777 4165 quidem

171 4203 260 4262 ut,
311 4211 476 4267 quem
517 4203 768 4251 sanctum
810 4202 864 4248 et
892 4207 1145 4263 magnum
1195 4190 1340 4247 urbi.-
1374 4200 1656 4261 patronum
1688 4205 1781 4245 co-

169 4288 285 4354 luit,
327 4290 586 4345 eumdem
637 4301 854 4358 quitque
895 4293 1205 4342 sermonum
1235 4285 1556 4352 scriptorem
1589 4298 1782 4353 perpe-

172 4387 261 4435 tuo
304 4377 582 4436 habuerit.
614 4379 673 4435 Id
701 4378 871 4450 liquet
900 4393 963 4435 ex
1008 4376 1270 4433 universis
1309 4373 1578 4430 variorum
1609 4384 1783 4430 siccu-

170 4473 348 4529 lorum
380 4472 735 4540 auctoribus,
765 4487 902 4542 quos
950 4472 1106 4542 paulo
1136 4477 1263 4524 ante
1305 4467 1655 4538 allegavimus
1680 4509 1694 4531 ,
1728 4476 1786 4522 et

1869 1939 2095 1996 alterum
2123 1940 2265 1996 hunc
2297 1941 2570 1996 Zenonem
2603 1939 2900 1997 Veronensi
2933 1937 3188 1996 Ecclesiae
3219 1933 3466 2009 ineogni-

1872 2043 2006 2102 uim,
2043 2035 2095 2090 in
2134 2035 2513 2105 episeoporum
2543 2031 2932 2090 Veronensium
2967 2035 3163 2089 seriem
3195 2029 3476 2088 intruserit

1872 2123 2106 2182 Baronio
2134 2128 2271 2182 duce
2297 2171 2312 2194 ,
2364 2126 2455 2198 qui
2485 2133 2693 2197 primus
2728 2131 2778 2181 et
2805 2144 2941 2183 unus
2974 2131 3109 2182 hanc
3147 2125 3472 2182 sententiam

1874 2221 1925 2276 in
1960 2221 2127 2291 prima
2156 2221 2519 2292 Martyrologii
2550 2221 2789 2275 editione
2812 2220 3165 2286 indicaverat,
3191 2219 3475 2274 eumdem-

1873 2325 1979 2386 que
2004 2323 2261 2386 praeterea
2295 2309 2408 2387 ipse
2439 2315 2690 2370 Sanctum
2715 2332 2781 2371 ex
2801 2315 3030 2371 arbitrio
3063 2313 3280 2371 finxerit
3307 2332 3318 2368 :
3372 2314 3474 2370 Ba-

1874 2414 2087 2464 ronium
2120 2409 2294 2475 potius
2319 2409 2511 2465 ducem
2543 2414 2760 2466 secutus
2799 2424 2904 2464 non
2935 2407 3036 2475 sit,
3073 2411 3159 2481 qui
3195 2399 3477 2465 Verencn-

1875 2501 1950 2554 sis
1978 2499 2286 2557 traditionis
2307 2501 2614 2558 admonitus
2645 2502 2713 2557 ab
2744 2501 2831 2568 iis,
2855 2501 2944 2573 qui
2977 2499 3345 2558 Veronensem
3375 2497 3478 2556 Ze—

1879 2591 2038 2646 nOuis
2081 2591 2374 2648 editionem
2423 2601 2678 2649 curarunt
2707 2635 2723 2662 ,
2768 2595 3000 2664 priorem
3033 2591 3103 2650 de
3148 2593 3346 2665 duplici
3379 2585 3483 2650 Ze-

1881 2689 2023 2739 none
2069 2686 2390 2740 sententiam
2441 2681 2644 2756 jamdiu
2695 2685 3006 2756 abiecerat,
3052 2695 3107 2743 et
3128 2679 3382 2742 secundis
3420 2689 3473 2742 in

1879 2776 2319 2851 Martyrologium
2365 2781 2511 2834 curis
2556 2781 2941 2835 retractaVerat
2981 2780 3065 2836 his
3111 2778 3287 2835 verbis
3339 2797 3352 2833 :
3396 2771 3478 2834 Ea:

1881 2883 1983 2941 quo
2011 2879 2201 2938 autent,
2231 2880 2284 2925 ut
2314 2872 2633 2942 accepimus,
2673 2889 2774 2928 non
2815 2874 2995 2944 recipit
3037 2869 3347 2928 Veronensis
3383 2871 3486 2929 Ec-

1883 2964 2037 3020 clesia
2066 2964 2198 3019 duos
2227 2961 2478 3035 Zenones,
2512 2984 2544 3020 a
2564 2968 2725 3040 priori
2751 2978 2930 3022 nostra
2956 2967 3207 3022 sententia
3235 2961 3375 3021 haud
3401 2968 3484 3022 in-

1885 3059 1974 3115 viti
2003 3058 2307 3116 recedimus.

1955 3153 2114 3225 Atqui
2171 3155 2295 3212 huic
2327 3155 2624 3214 Veronensi
2668 3157 2980 3223 traditioni,
3028 3176 3186 3229 quam
3230 3159 3493 3216 hactenus

1803 3235 1851 3304 C
1886 3250 2258 3318 ostendimus,
2304 3253 2408 3307 alia
2448 3253 2647 3323 opponi
2698 3253 2906 3310 videtur
2954 3253 3199 3325 ejusdem
3235 3245 3493 3312 Ecclesia:

1882 3344 2127 3416 traditio,
2161 3361 2264 3418 qua
2294 3345 2434 3401 idem
2466 3345 2613 3404 Zeno
2657 3349 2756 3404 sub
2795 3349 3042 3406 Gallieno
3072 3361 3280 3424 martyr
3312 3351 3493 3421 prodi-

1885 3447 2006 3507 tur,
2040 3437 2182 3509 quod
2222 3455 2345 3494 cum
2387 3451 2547 3496 aetate
2577 3441 2822 3496 Auctoris
2863 3457 3174 3498 sermonum
3218 3445 3496 3501 conciliari

1887 3548 1992 3588 non
2027 3539 2218 3602 p0test.
2243 3531 2485 3587 Zenonis
2511 3536 2822 3606 martyrium
2853 3535 2939 3591 hic
2981 3553 3289 3609 expungere
3315 3531 3495 3595 consi-

1887 3625 2020 3681 lium
2066 3637 2308 3680 nostrutn
2357 3642 2461 3681 non
2511 3639 2635 3694 est,
2680 3629 2748 3686 de
2793 3646 2900 3701 quo
2951 3632 3105 3702 plura
3155 3633 3370 3689 dissert.
3422 3636 3493 3700 5,

1887 3735 2010 3790 cap.
2040 3721 2105 3785 2,
2140 3721 2232 3777 sed
2256 3740 2373 3777 eam
2403 3734 2614 3779 aetatem
2640 3769 2656 3790 ,
2689 3742 2810 3794 quae
2840 3727 2904 3780 ad
2937 3713 3166 3784 Gallieni
3210 3731 3497 3799 imperium

1884 3815 2156 3870 evehitur.
2190 3815 2286 3872 Cui
2329 3813 2641 3883 traditioni,
2674 3827 2770 3875 seu
2811 3822 2987 3891 potius
3019 3821 3331 3892 praejudicio
3363 3838 3501 3881 unus

1889 3905 2193 3962 Coronatus
2213 3907 2484 3975 Notarius,
2504 3909 2715 3981 septimi
2739 3913 2823 3966 vel
2841 3914 3014 3968 octavi
3039 3915 3226 3969 saeculi
3247 3917 3501 3985 scriptor,

1893 3999 2301 4055 fundamentum
2334 4003 2543 4072 posuit,
2572 4020 2638 4059 ex
2678 4021 2784 4074 qtto
2827 4006 2914 4059 alii
2957 3993 3185 4063 subinde
3213 4010 3502 4079 antiquita-

1889 4101 2002 4144 tem
2023 4132 2036 4152 ,
2071 4108 2176 4146 non
2209 4092 2410 4148 Zenoni
2439 4093 2610 4149 solum
2631 4137 2645 4161 ,
2670 4095 2764 4150 sed
2793 4093 3091 4152 Veronensi
3125 4101 3285 4154 etiam
3316 4100 3506 4156 Eccle-

1888 4184 1993 4238 siae
2025 4185 2375 4242 honorificam
2407 4186 2792 4258 praedicarunt.
2820 4189 2932 4246 Hoc
2955 4208 3083 4247 vero
3106 4192 3361 4249 Coronati
3387 4195 3504 4250 fun-

1889 4277 2208 4334 damentum
2241 4290 2296 4335 ut
2317 4281 2703 4338 exscindamus
2728 4327 2741 4351 ,
2770 4275 2876 4339 duo
2901 4287 3117 4357 antiqua
3149 4275 3500 4345 monumenta

1891 4372 2048 4426 omni
2075 4372 2393 4445 exceptione
2443 4374 2646 4446 majora
2681 4379 2912 4448 primum
2953 4379 3345 4435 consideranda
3378 4397 3506 4449 pro-

1894 4469 2194 4537 ponemus,
2222 4467 2414 4541 quibus
2455 4461 2602 4527 Zeno
2624 4513 2641 4539 ,
2687 4487 2846 4544 quem
2894 4488 3000 4527 non
3033 4474 3132 4528 nisi
3163 4477 3379 4531 uniCum
3419 4492 3510 4532 ec-

171 4581 236 4620 ex
268 4567 671 4637 manuscriptis
699 4567 824 4620 item
854 4563 1125 4627 omnibus,
1153 4575 1382 4633 quorum
1426 4570 1536 4615 tres
1563 4558 1784 4615 decimo
1811 4633 1862 4638 Δ,
1892 4562 2068 4618 etesia
2097 4561 2426 4621 Veronensis
2455 4567 2703 4637 agnovit,
2736 4567 2935 4624 vixisse
2964 4570 3266 4627 ostenditur
3309 4574 3511 4629 saeculo

171 4664 334 4718 tertio
357 4663 566 4719 sreculo
589 4662 776 4730 scripti
800 4660 1040 4724 fuerunt,
1069 4667 1205 4712 unus
1229 4663 1410 4711 autem
1434 4663 1559 4710 ante
1582 4669 1780 4708 natium
1810 4633 1868 4698 Ῑ)
1892 4671 2096 4729 qluarto
2121 4677 2133 4712 :
2169 4668 2278 4714 tum
2310 4675 2441 4715 vero
2471 4661 2636 4730 ipsius
2666 4661 2920 4718 Coronati
2951 4663 3211 4735 opusculo
3241 4665 3307 4721 ad
3331 4668 3510 4723 cule“-

172 4769 434 4812 exaratos
461 4756 600 4822 fuit,
621 4766 692 4826 lut
731 4752 988 4810 Ecclesia:
1022 4753 1121 4822 ipsi
1150 4751 1444 4805 Veronensi
1474 4751 1524 4804 in
1558 4749 1786 4818 publicis

169 4850 372 4906 officiis
420 4851 552 4906 usui
595 4855 762 4903 esset.
805 4846 950 4900 Inter
993 4843 1110 4900 hate
1159 4842 1486 4899 Veronensis
1533 4841 1787 4898 Ecclesia:

175 4945 497 5000 testimonia
540 4939 1016 4998 animadvertenda
1063 4940 1332 5010 prmcipue
1374 4947 1498 4993 situt
1544 4937 1635 4993 illa
1676 4938 1788 4992 ita-

174 5040 340 5096 therii
395 5045 455 5095 et
491 5051 595 5092 ms.
629 5032 935 5099 Remensis,
968 5049 1090 5104 quae
1117 5033 1378 5102 majorem
1411 5031 1790 5102 antiquitatem

173 5141 226 5186 et
253 5129 655 5186 auctoritatem
700 5125 1013 5199 praeferunt.
1044 5117 1334 5181 Ratherius
1373 5133 1456 5179 ter
1479 5167 1492 5190 ,
1527 5134 1585 5178 ut
1623 5139 1791 5194 supra

170 5227 502 5290 innuimus,
564 5220 839 5278 Zenonem
887 5219 1128 5291 ejusdem
1194 5225 1454 5289 tractants
1511 5226 1791 5271 auctorem

171 5319 402 5390 allegat,
433 5315 719 5386 etedbi‘que
753 5329 876 5370 eum
903 5323 996 5368 aut
1021 5311 1232 5366 Beatum
1253 5352 1266 5375 ,
1297 5319 1390 5365 aut
1419 5309 1670 5366 Sanctum
1695 5325 1796 5380 ap-

173 5416 376 5484 pellat,
412 5411 562 5484 quod
587 5411 633 5466 is
662 5421 772 5466 tum
802 5409 1094 5466 haberetur
1122 5420 1432 5463 sermonum
1460 5412 1672 5470 auctor,
1700 5403 1804 5475 qui"

172 5511 240 5564 ab
271 5510 392 5564 hac
428 5507 673 5563 Ecclesia
699 5506 840 5562 inter
865 5504 1094 5562 Sanctus
1123 5502 1419 5559 colebatur.
1450 5498 1802 5556 Advertenda

172 5613 368 5659 autem
404 5601 750 5671 potissimum
779 5599 870 5654 illa
903 5595 1190 5670 Synodiete
1216 5612 1229 5650 :
1259 5592 1388 5650 Cum
1427 5592 1666 5664 specialis
1689 5608 1806 5648 nos-

176 5711 250 5753 ter
282 5700 486 5753 doctor
511 5703 668 5768 atque
697 5695 950 5766 provisor,
975 5693 1152 5750 beatus
1180 5691 1353 5763 utique
1393 5687 1559 5759 Zeno,
1588 5688 1729 5751 dicat
1747 5689 1804 5744 in

176 5805 436 5848 moue
476 5791 684 5858 utique,
729 5804 878 5861 quem
904 5788 968 5844 de
993 5786 1139 5843 Juda
1168 5786 1277 5856 [illo
1306 5784 1470 5841 Jacob
1501 5791 1546 5841 el
1570 5783 1804 5840 Thamar

179 5903 324 5942 miris
370 5883 542 5955 ipsius
580 5880 951 5955 elegantissime
980 5880 1283 5954 composuit.
1317 5877 1415 5938 Hic
1439 5881 1622 5935 autem
1654 5875 1808 5936 Zeno

1894 4751 2016 4806 inm
2051 4761 2329 4819 revocato,
2363 4769 2426 4809 ex
2462 4754 2703 4824 pluribus
2733 4756 2848 4824 ejus
2877 4755 2976 4812 hac
3007 4758 3057 4812 in
3091 4757 3313 4814 historia
3348 4755 3512 4831 lapsi-

1903 4846 2011 4901 bus
2062 4845 2341 4916 przesentis
2389 4863 2605 4919 quoque
2660 4843 2873 4904 fabella:
2922 4850 3254 4907 elevabimus
3312 4852 3515 4921 fidem,

1902 4940 2133 5010 ejusque
2178 4937 2518 4997 occasionem
2567 4939 2646 4996 vel
2685 4943 2986 5014 originem,
3034 4945 3078 5000 si
3117 4945 3230 5001 ﬁeri
3277 4947 3516 5020 poterit,

1905 5031 2178 5102 cxpiscari
2208 5039 2262 5088 et
2291 5033 2535 5089 indicare
2565 5029 2906 5091 conabimur.

1910 5165 1944 5239 ᾗ
1976 5165 2062 5222 III.
2090 5196 2163 5208 —-
2185 5166 2441 5223 Zenonem
2471 5170 2661 5242 vitiasse
2685 5181 2870 5240 quarto
2896 5175 3088 5228 πίτνω
3117 5177 3435 5235 convincitur
3459 5189 3525 5235 es

1988 5262 2052 5318 S.
2081 5262 2334 5318 Ambrosii
2364 5263 2578 5335 epistola
2605 5264 2673 5319 ad
2703 5265 3004 5337 Syagrium.
3037 5267 3110 5322 lit
3137 5270 3306 5332 ipsum
3343 5273 3522 5328 statuit

1987 5359 2228 5430 antiquus
2271 5357 2403 5412 ordo
2442 5359 2802 5431 episcoporum
2835 5359 3238 5435 Veronensium,-
3267 5373 3417 5439 quem
3462 5381 3527 5423 es

1997 5451 2254 5523 diptgchis
2281 5459 2520 5507 miratae
2543 5452 2716 5523 palam
2742 5461 2836 5511 est.

1997 5589 2241 5646 Primum
2288 5588 2669 5646 documentum
2712 5591 2784 5648 sit
2826 5585 3055 5664 epistola
3098 5587 3131 5650 Β
3166 5583 3224 5651 S.
3255 5595 3532 5655 Ambrosii

1919 5685 1996 5743 ad
2046 5685 2373 5758 Syagrium,
2423 5700 2584 5757 quem
2633 5681 3000 5744 Veronense'm
3047 5683 3360 5764 episcopum
3414 5700 3530 5750 tum

1929 5780 2093 5838 fuisse
2131 5780 2298 5847 ipsius
2329 5778 2572 5851 epistolae
2615 5781 2906 5837 contextus
2936 5781 3095 5852 plane
3145 5785 3435 5843 convincit.
3475 5771 3538 5845 In

1928 5876 2031 5932 hac
2061 5883 2240 5932 autem
2273 5873 2502 5946 epistola
2529 5878 2677 5932 num.
2717 5871 2738 5931 1
2773 5871 3091 5936 Ambrosius
3130 5873 3348 5938 lndiciae
3368 5881 3533 5955 virgi-
