3952 6320
543 297 606 355 ῃ
1917 293 2464 354 ΡιιοιιιοοιιεΝΑ.
3159 279 3174 292 ’
3749 306 3797 360 ’ῖῖ

543 411 626 467 nis
671 411 994 468 mentionem
1027 410 1150 466 facit
1176 451 1189 472 ,
1221 425 1379 481 quam
1423 411 1649 482 puellam
1690 409 1916 467 Zenonis
1938 413 2147 466 'sanctte
2171 417 2224 476 Α
2251 429 2382 468 rona
2411 415 2563 471 exsul
2595 416 2648 471 in
2673 415 2806 473 illud
2831 415 3214 474 monasterium
3236 458 3250 483 ,
3292 416 3435 473 unde
3477 418 3689 486 exierat,
3709 435 3798 478 sese

545 507 804 561 memoria:
831 505 1032 579 judicio
1072 504 1370 576 probatam,
1405 507 1620 578 ejusque
1662 506 2031 576 sanctiﬁcatum
2060 506 2138 559 be-

539 597 828 652 nedictione
864 605 1110 652 testatur.
1145 595 1270 651 Haec
1315 605 1497 652 autem
1539 596 1728 668 virgo,
1766 612 1886 665 qua:
1935 596 2141 670 Syagrii

535 687 900 756 jurisdictioni
951 687 1195 758 subjecta
1239 696 1350 743 tota
1389 688 1616 758 epistula
1668 687 1945 758 proditor,
1975 686 2145 743 Vero-

537 783 721 837 nensis
764 782 946 853 otique
985 782 1138 854 virgo
1179 781 1311 850 fuit;
1352 792 1408 839 et
1454 781 1596 838 Zeno
1625 795 1815 838 sanctte
1845 783 2104 838 memoria:
2128 825 2142 849 ,

536 874 625 945 qui
671 889 788 928 eam
832 874 1080 944 probavit
1105 884 1162 930 et
1188 874 1498 940 benedixit,
1545 883 1629 930 est
1675 874 1862 944 procul
1891 874 2054 929 dubio
2083 873 2141 930 S.

537 966 684 1022 Zeno
749 968 1038 1040 episcopus
1089 966 1458 1034 Veronensis,
1508 983 1629 1023 cum
1694 968 2028 1038 exploratum
2076 966 2146 1022 sit

536 1079 644 1120 nou
675 1063 842 1119 alium
875 1063 927 1120 id
959 1067 1222 1136 temporis
1249 1063 1590 1120 benedixisse
1617 1079 1680 1119 ac
1710 1077 1956 1119 sacrasse
1985 1059 2146 1132 virgi-

538 1172 673 1223 nes,
707 1158 810 1213 nisi
851 1158 942 1228 qui
975 1173 1192 1214 sommo
1236 1156 1542 1214 sacerdotio
1586 1154 1917 1228 fungeretur.
1964 1155 2147 1226 Neque

533 1241 785 1321 'opponat
812 1249 1077 1321 quispiam
1109 1265 1231 1306 cum
1263 1248 1561 1305 editoribus
1593 1247 1994 1303 Veronensibus
2017 1287 2031 1312 ,
2062 1245 2148 1300 ln-

539 1342 736 1400 diciam
761 1344 901 1400 alius
928 1344 1078 1399 urbis
1103 1344 1275 1400 civem
1307 1343 1377 1399 ab
1401 1342 1508 1399 alio
1529 1340 1752 1398 Zenone
1783 1341 1988 1408 velari,
2019 1340 2144 1396 sub-

542 1439 776 1510 indeqoe
827 1437 1096 1495 Veronam
1146 1436 1405 1494 accedere
1449 1437 1686 1508 petuisse
1715 1477 1730 1500 ,
1773 1444 1834 1491 ut
1875 1449 1978 1489 una
2025 1448 2147 1490 cum

539 1545 764 1600 sorore,
787 1547 906 1604 quae
935 1531 1168 1587 Maximo
1199 1530 1501 1589 Veronensi
1529 1539 1819 1600 nupserat,
1852 1529 2015 1584 vitam
2045 1527 2152 1584 exi-

538 1635 712 1696 geret.
745 1624 870 1681 lltec
913 1624 1058 1680 enim
1089 1623 1267 1680 dicere
1316 1623 1472 1678 facile
1515 1631 1639 1692 est,
1689 1623 1920 1693 probare
1969 1630 2147 1675 autem

542 1733 651 1773 non
679 1719 828 1774 item.
860 1717 918 1774 Si
950 1732 1080 1773 vero
1107 1731 1229 1774 cum
1261 1717 1520 1773 adversus
1558 1715 1870 1787 prtejodicia
1901 1713 2147 1786 quaedam

2247 509 2483 582 recepit)
2511 511 2718 581 primus
2746 513 2799 567 in
2841 512 3032 566 solutae
3059 511 3320 566 orationis
3348 512 3604 568 rationem
3643 514 3797 584 publici

2245 600 2379 671 juris
2409 601 2539 658 fecit
2569 602 2905 659 Mabillonios
2936 605 2989 659 itt
3020 604 3318 669 Analectis,
3343 615 3455 660 tum
3495 621 3622 660 vero
3657 618 3800 662 noster

2249 695 2490 750 marehio
2520 696 2764 753 Mall‘eius
2793 698 2846 753 in
2889 697 3129 770 rhythmi
3179 697 3412 754 formam
3465 699 3658 754 recusit
3697 703 3800 756 inter

2246 797 2625 856 monumenta,
2667 804 2786 861 quae
2827 789 2893 844 ad
2940 789 3142 845 calcem
3189 789 3552 860 diplomatica:
3597 790 3800 848 Historia

2247 879 2436 936 edidit.
2468 880 2565 937 llic
2610 882 2897 954 rhythmos
2937 883 3146 953 integer
3175 891 3290 938 erat
3318 868 3482 938 etiam
3515 884 3567 938 in
3605 901 3701 940 ms.
3722 901 3803 942 cte-

2247 973 2392 1028 nobii
2424 975 2782 1031 Ariminensis
2810 975 3225 1033 Ctelestinorum
3249 1019 3264 1042 ,
3313 978 3540 1050 ejusque
3580 979 3798 1052 fragmen.

2249 1077 2360 1124 tum
2401 1068 2499 1140 (ad
2529 1069 2803 1126 Zenonem
2835 1072 3189 1143 ordinemque
3215 1072 3358 1142 quod
3392 1073 3651 1144 pertinet)
3694 1083 3803 1130 tran-

2248 1164 2506 1234 scriptum
2544 1166 2786 1221 cernitor
2828 1167 2880 1221 itt
2929 1167 3036 1222 line
3077 1165 3282 1222 codicis
3324 1168 3636 1222 monasterii
3675 1167 3806 1224 Zeno-
3901 1213 3904 1222 .

2251 1257 2394 1312 niani
2425 1260 2596 1314 sancti
2627 1258 2859 1315 Zenonis
2888 1267 3147 1314 tractatos
3177 1259 3506 1314 continentis
3525 1301 3540 1324 ,
3567 1270 3620 1316 et
3644 1261 3806 1332 integer

2251 1351 2379 1407 item
2408 1351 2637 1408 Veronae
2677 1353 2974 1409 habebatur
3002 1355 3054 1408 in
3081 1355 3188 1409 alio
3211 1355 3400 1411 codice
3441 1356 3582 1424 apud
3606 1355 3804 1413 Jesoatos

2253 1448 2638 1502 monasterium
2668 1448 2726 1503 S.
2758 1447 3138 1504 Bartltolomazi
3169 1451 3220 1503 in
3251 1458 3435 1504 monte
3457 1448 3584 1504 olim
3611 1450 3807 1506 incolun-

2253 1547 2365 1606 tes,
2409 1540 2642 1610 scriptus
2672 1539 2723 1594 in
2771 1538 2879 1596 fine
2925 1539 3317 1606 Pentateoclii,
3363 1557 3526 1612 quem
3573 1545 3622 1597 in
3663 1543 3806 1599 codice

2254 1634 2669 1690 membr-anaceo
2708 1634 2902 1690 litteris
2928 1634 3320 1705 antiquissimis
3344 1646 3627 1690 exaratum
3656 1635 3806 1707 Bagala

2257 1738 2311 1784 et
2357 1728 2604 1784 Pereltus
2647 1737 2915 1784 testantur
2955 1729 3008 1783 itt
3053 1729 3194 1784 libro
3223 1729 3520 1800 inscripto:
3548 1729 3806 1786 Sanctorum

541 1823 790 1883 apertum
832 1812 1048 1884 aliquod
1090 1811 1474 1869 documentum
1523 1810 1858 1883 proferatur,
1905 1809 2148 1880 ejusdem
2179 1823 2228 1884 Β
2254 1820 2611 1892 episcoporum
2659 1817 3026 1875 Veronensium
3065 1822 3277 1889 αηιίιμια
3319 1832 3678 1886 manumanu,
3719 1838 3807 1891 pag.

541 1918 848 1966 commenta
903 1909 956 1964 in
1007 1907 1304 1980 pratjudicii
1334 1907 1563 1981 gratiam
1619 1907 1806 1962 liceret
1856 1905 2144 1975 ingerere,

541 2002 668 2074 quid
693 2002 833 2060 adeo
862 2001 1077 2058 firmum
1107 2011 1164 2058 et
1187 2016 1394 2059 certum
1418 2016 1676 2072 umquam
1700 2008 1878 2066 esset,
1909 2011 1962 2053 ut
1991 1996 2147 2052 evelli

543 2106 598 2152 et
625 2095 771 2152 eludi
801 2097 902 2152 hac
931 2097 1140 2152 ratione
1171 2112 1280 2151 non
1307 2094 1528 2165 posset?
1559 2093 1691 2150 Jure
1721 2094 1900 2163 itaque
1929 2092 2032 2146 hoc
2061 2106 2151 2145 ar-

543 2197 859 2260 gumentum
883 2230 898 2256 ,
928 2187 1074 2260 quod
1104 2204 1170 2245 ex
1199 2188 1472 2244 Ambrosii
1499 2186 1726 2258 epistola
1758 2186 2002 2252 ducitur,
2028 2193 2148 2254 post

546 2281 609 2338 P.
641 2281 918 2339 Lahbeom
955 2284 1179 2339 omnino
1219 2282 1552 2338 convincens
1610 2291 1664 2337 et
1707 2279 1930 2335 evidens
1973 2276 2150 2333 omni-

544 2372 647 2431 bus
676 2376 847 2432 visum
874 2385 991 2446 est,
1023 2385 1082 2432 ut
1109 2375 1257 2432 nihili
1289 2375 1588 2432 faciendam
1611 2375 1852 2447 putarint
1881 2373 2147 2429 editorum

557 2468 724 2544 [ωινι]
760 2469 1150 2527 Veronensium
1172 2469 1584 2542 responsionem
1611 2510 1627 2537 ,
1651 2482 1880 2538 eamque
1902 2483 1968 2522 ne
1992 2482 2148 2521 men-

549 2563 693 2619 tione
713 2562 928 2635 quidem
943 2562 1161 2636 dignam
1190 2563 1384 2620 eruditi
1407 2560 1726 2634 judicarint.
1753 2560 1890 2630 Quid
1919 2561 1963 2616 si
1994 2557 2148 2614 exiis

546 2655 700 2727 ipsis.
747 2673 868 2729 quas
899 2657 950 2712 in
975 2656 1247 2712 Ambrosii
1271 2655 1498 2729 epistola
1523 2663 1843 2720 narrantur,
1890 2652 2146 2708 lndiciam

541 2750 804 2821 virginem
848 2749 1219 2807 Veronensem
1269 2750 1435 2807 fuisse
1484 2749 1809 2805 luculentius
1857 2746 2149 2802 conﬁrme-

545 2846 709 2901 ntus?
755 2844 974 2900 Etenim
1025 2844 1292 2900 Maximus
1337 2843 1544 2899 sororis
1574 2842 1698 2908 vir,
1734 2849 2012 2911 postquam
2056 2838 2149 2894 lite

541 2937 800 2994 adversus
835 2936 1091 2994 Iudiciam
1118 2949 1258 2992 meta
1277 2978 1292 3005 ,
1326 2937 1393 2992 de
1421 2935 1741 3008 quibusdam
1770 2933 1925 2989 bonis
1947 2932 2150 3004 iudicia

540 3041 872 3098 attentasset;
911 3046 1033 3086 cum
1057 3028 1404 3087 vehementer
1439 3037 1748 3100 angeretur,
1764 3026 1903 3097 quod
1925 3027 2067 3098 virgo
2094 3026 2149 3079 in

543 3143 669 3199 agro
697 3125 969 3198 afﬁnitatis
998 3141 1106 3180 sua:
1132 3123 1405 3196 refugisset
1440 3121 1790 3188 consortium,
1817 3135 1964 3174 muro
1990 3120 2137 3174 inter-

2258 1915 2356 1978 M,
2401 1923 2454 1969 et
2497 1929 2560 1969 ex
2590 1913 2780 1969 eodem
2810 1912 3000 1969 codice
3027 1914 3264 1983 priorem
3296 1913 3535 1986 rhythmi
3575 1915 3684 1984 ejus
3718 1931 3804 1983 par-

2250 2013 2358 2061 tem
2403 2004 2764 2078 Hieronymos
2791 2021 2820 2059 a
2865 2003 3031 2062 Curte
3059 2008 3109 2060 in
3141 2006 3393 2064 Historiae
3428 2006 3735 2062 Veronensis
3765 2005 3811 2059 li-

2249 2098 2403 2154 brum
2451 2101 2789 2154 ttranstolit.
2831 2099 2888 2153 In
2933 2115 3036 2154 ms.
3084 2099 3394 2155 Zenoniano
3431 2100 3523 2156 hic
3572 2098 3807 2172 rhythmos

2249 2208 2312 2248 ex
2341 2191 2536 2248 lsidori
2561 2194 2713 2248 dictis
2766 2203 3012 2264 sumptus
3044 2195 3271 2249 traditur
3293 2236 3307 2260 ,
3333 2195 3492 2266 idque
3521 2213 3582 2251 se
3629 2194 3808 2250 credere

2253 2287 2617 2360 Hieronymus
2645 2304 2674 2343 a
2719 2289 2908 2356 Curte,
2959 2305 3059 2345 nec
3108 2305 3215 2345 non
3265 2289 3462 2362 Bagata
3505 2301 3562 2348 et
3601 2290 3803 2346 Perottus

2250 2384 2531 2438 memorati
2555 2383 2686 2438 satis
2712 2386 3017 2450 insinuant;
3046 2386 3130 2440 cui
3155 2386 3330 2441 errori
3359 2386 3491 2442 illud
3519 2386 3807 2442 occasionem

2249 2475 2464 2532 dedisse
2496 2477 2738 2542 videtur,
2763 2477 2906 2549 quod
2936 2477 2991 2532 in
3017 2479 3258 2534 secundo
3286 2477 3530 2552 rhythmi
3557 2495 3704 2536 versu
3730 2477 3804 2532 lsi-

2249 2572 2406 2625 dorus
2453 2571 2778 2626 nominetur.
2813 2572 2882 2626 At
2906 2571 3191 2643 rhythmos
3230 2573 3398 2627 multo
3425 2583 3548 2642 post
3587 2572 3806 2629 Isidorum
3906 2571 3907 2610 l

2249 2663 2481 2734 scriptus
2511 2663 2684 2734 palam
2729 2665 2971 2734 proditor
3012 2680 3079 2720 ex
3122 2676 3379 2720 contexto
3407 2707 3422 2732 ,
3468 2665 3597 2721 dunt
3637 2665 3803 2721 scilicet

2197 2792 2205 2797 -
2252 2757 2483 2814 Veronae
2512 2757 2736 2828 Pipinus
2765 2759 3021 2830 degeret,
3051 2758 3104 2814 id
3147 2768 3232 2815 est
3270 2773 3462 2815 octavo
3502 2760 3691 2816 swculo
3731 2774 3805 2813 ex-

2250 2861 2431 2915 eunte,
2466 2851 2547 2906 vel
2575 2851 2764 2906 saltem
2824 2852 3044 2907 ineunte
3089 2851 3288 2907 saeculo
3328 2869 3382 2910 ix
3412 2853 3660 2926 (Pipinos
3699 2851 3804 2907 enim

2251 2942 2414 2998 Italia:
2441 2959 2536 2999 rex
2567 2943 2744 3000 dictos
2771 2942 2873 3000 fuit
2915 2960 3004 2999 an.
3038 2944 3176 3011 781,
3204 2954 3260 3000 et
3308 2947 3453 3001 diem
3487 2948 3620 3003 obiit
3655 2960 3804 3014 supre-

2253 3053 2397 3092 mum
2427 3053 2518 3096 an.
2547 3037 2710 3109 810),
2741 3038 2881 3094 unde
2925 3039 3266 3110 Anonytnum
3315 3039 3648 3111 Pipinianotn
3687 3037 3804 3105 hujus

2253 3132 2489 3206 rhythmi
2536 3142 2812 3189 auctorem
2845 3134 3173 3188 nominaturi
3215 3134 3472 3203 deinceps
3512 3150 3707 3190 sumus.
3733 3131 3806 3186 lta-
3906 3131 3907 3204 i

535 3221 676 3289 jecto
719 3217 806 3293 (in
846 3217 1035 3276 eadem
1067 3217 1251 3288 utique
1297 3215 1483 3286 domo)
1530 3215 1775 3269 discretas
1812 3213 1947 3268 mdes
1974 3211 2145 3266 uxoris

2253 3243 2358 3299 que
2383 3227 2470 3283 hic
2506 3231 2822 3299 Anonymos
2849 3226 2935 3282 bis
2977 3226 3228 3284 versibus
3257 3238 3382 3284 octo
3415 3229 3649 3299 priorum
3676 3225 3803 3280 Vero-

540 3329 648 3369 stta:
672 3329 734 3368 ac
761 3313 1006 3386 virginis,
1059 3311 1372 3382 divisamque
1415 3307 1766 3380 germanitatis
1796 3306 1928 3360 inter
1951 3319 2151 3361 sorores

536 3407 825 3463 societatem
850 3420 971 3462 esse
987 3403 1246 3476 iusserat,
1273 3403 1347 3458 uti
1377 3401 1607 3457 traditur
1639 3416 1787 3456 nom.
1809 3399 1875 3454 l7
1896 3440 1910 3465 ,
1940 3414 1993 3468 p.
2019 3395 2146 3465 769,

539 3500 681 3570 quod
713 3511 1086 3572 argumentum
1108 3506 1193 3555 est
1216 3497 1445 3554 evidens
1467 3539 1482 3562 ,
1512 3494 1705 3552 medite
1724 3493 1920 3548 domos
1944 3500 2146 3572 partem

537 3567 606 3647 ad
632 3567 889 3646 lndiciam
917 3599 1220 3664 spectasse;
1251 3590 1293 3644 si
1323 3589 1466 3645 enim
1493 3603 1558 3644 ex
1587 3587 1688 3642 alia
1717 3585 1851 3642 urbe
1875 3567 2146 3640 Veronam

540 3682 884 3750 advenisset,
933 3681 1197 3737 Maximos
1241 3697 1339 3750 pro
1369 3679 1550 3735 hostili
1581 3687 1636 3734 et
1671 3693 1864 3733 averso
1907 3677 1957 3731 in
1999 3677 2146 3731 illam

538 3777 721 3832 animo
745 3791 864 3833 eam
885 3775 1049 3832 domo
1071 3785 1127 3832 et
1151 3774 1285 3830 urbe
1308 3774 1511 3845 pellere
1531 3815 1547 3840 ,
1571 3788 1634 3828 ac
1661 3774 1717 3828 in
1744 3787 1892 3828 suam
1917 3771 2146 3842 patriam

541 3869 822 3927 remittere
853 3868 1135 3941 poruisset.
1167 3866 1275 3925 Sed
1308 3878 1646 3923 transeamus
1674 3866 1739 3920 ad
1768 3865 1895 3920 alia.

609 3962 920 4019 Secundum
949 3963 1335 4018 documentum
1362 3958 1632 4030 colligitur
1659 3974 1728 4013 ex
1769 3957 1989 4029 antiqua
2019 3966 2146 4012 octo

540 4059 783 4130 priorum
812 4059 1207 4115 Veronensium
1240 4055 1543 4112 antistitum
1575 4054 1750 4120 serie,
1783 4068 1941 4122 quam
1977 4051 2144 4122 pluri-

537 4151 638 4209 bus
683 4152 1053 4208 monumentis
1095 4150 1420 4208 custoditam
1469 4148 1758 4220 diligenter
1801 4147 2142 4218 accepimus,

537 4245 720 4317 quoad.
757 4260 823 4302 ex
866 4243 1209 4316 praeiudicata
1241 4241 1478 4300 Zenonis
1508 4257 1624 4296 αινο
1672 4239 1938 4298 sententia
1982 4240 2143 4296 aliam

536 4339 733 4394 seriem
786 4336 1118 4394 recentiores
1162 4336 1380 4408 proprio
1425 4343 1596 4391 marte
1641 4333 1992 4404 compingere
2038 4346 2144 4386 non

537 4429 868 4486 dubitarunt.
906 4429 981 4485 Ea
1029 4429 1200 4485 series
1239 4428 1498 4485 Panvinio
1538 4435 1674 4484 teste
1714 4425 1977 4497 Antiquit.
2009 4423 2138 4479 Ver.

537 4522 634 4578 lib.
668 4539 747 4590 tv,
781 4539 900 4595 cap.
925 4518 996 4592 '5,
1028 4523 1306 4594 legebatur
1334 4524 1386 4578 in
1420 4521 1654 4578 Historia
1684 4519 1948 4591 imperiali
1978 4517 2144 4575 Joan-

2253 3321 2498 3376 nensiom
2531 3320 2909 3391 episcoporum
2939 3320 3184 3376 ordinem
3215 3319 3389 3392 prodit
3427 3338 3439 3374 :

2345 3435 2565 3484 Primum
2590 3433 2803 3499 Veronae
2829 3434 3104 3499 przedicavit
3121 3434 3382 3499 Euprepus
3405 3436 3674 3499 episcopus,

2408 3497 2676 3563 Secundus
2687 3498 3040 3563 Dimidrianus,
3069 3497 3251 3549 tertius
3273 3497 3577 3563 Simplicius,

2413 3559 2888 3625 QuartusrProculus
2909 3562 3163 3611 confessor
3187 3569 3351 3625 pastor
3377 3559 3629 3625 egregius,

2287 3679 2302 3692 _
2345 3623 2555 3692 Quintus
2581 3623 3006 3692 fuit_Sattirttintts,
3034 3631 3086 3692 et
3108 3632 3281 3674 sextos
3307 3623 3541 3684 Lucilius,

2405 3686 2657 3750 Septimus
2679 3684 2770 3737 fuit
2792 3685 3020 3750 Gricinus
3040 3687 3211 3750 docto_r
3236 3693 3287 3737 et
3311 3692 3589 3750 episcopus,

2403 3747 2618 3800 Octavus
2641 3757 2804 3812 pastor
2830 3757 2882 3799 et
2904 3749 3152 3800 confessor
3171 3748 3306 3799 Zeno
3331 3747 3512 3814 martyr
3535 3747 3736 3813 inclytus.

2251 3858 2447 3933 [van]
2485 3860 2608 3916 llazc
2634 3861 3009 3931 episcoiiorum
3039 3861 3208 3917 series
3233 3863 3447 3932 plurimi
3475 3859 3702 3919 facienda
3723 3863 3804 3916 est,

2247 3954 2447 4025 quippe
2501 3969 2621 4008 cum
2647 3953 2920 4010 custodire
2967 3955 3254 4026 diligenter
3303 3955 3564 4013 Ecclesiis
3604 3953 3806 4010 maxima:

2251 4045 2372 4114 fuit,
2397 4062 2541 4102 cura:
2559 4062 2682 4103 cum
2713 4048 2835 4103 illos
2855 4047 2908 4102 in
2938 4046 3209 4120 diptyeliis
3229 4064 3292 4104 ex
3310 4049 3501 4104 ordine
3521 4048 3754 4109 scribere,
3769 4047 3807 4095 ει

2249 4142 2388 4197 inter
2404 4141 2690 4198 missarum
2702 4143 2961 4198 solemnia
2976 4143 3042 4198 ad
3060 4144 3354 4200 secundum
3375 4144 3623 4200 Memento
3639 4151 3804 4196 attines,

2248 4239 2410 4292 etiam
2463 4246 2716 4303 sanctos,
2759 4240 2990 4294 recitare
3033 4253 3100 4294 ex
3145 4239 3365 4310 antiqua
3411 4239 3684 4310 disciplina
3720 4244 3807 4288 mos

2250 4329 2412 4386 fuerit
2439 4339 2550 4387 tum
2583 4331 2636 4386 in
2667 4328 2885 4387 Oriente
2906 4372 2919 4396 ,
2952 4342 3065 4386 tum
3096 4332 3147 4387 in
3179 4331 3475 4389 Occidente
3503 4334 3554 4389 in
3590 4345 3697 4388 eam
3723 4325 3807 4379 Γενθ

2247 4425 2552 4492 rationem,
2581 4441 2742 4498 quam
2784 4426 3041 4483 discimus
3083 4444 3150 4485 ex
3196 4427 3335 4483 libro
3379 4427 3804 4484 Sacramcntorum

2247 4520 2304 4576 S.
2340 4519 2582 4593 Gregorii
2606 4520 2753 4577 edito
2792 4536 2823 4575 a
2871 4521 3130 4576 Menardo
3176 4538 3206 4576 e
3254 4537 3360 4577 ms.
3390 4518 3712 4581 Corbeiensi,
3739 4509 3806 4566 ulii

539 4617 654 4684 nis',
681 4618 834 4690 cujus
872 4618 902 4691 §
929 4620 955 4673 l
998 4618 1328 4675 mentionem
1389 4617 1644 4685 fecimus;
1673 4628 1725 4674 et
1769 4632 1896 4690 pars
1925 4615 2142 4688 quidem
2174 4617 2222 4679 ι)
2251 4615 2363 4668 ltzec
2421 4613 2689 4669 habentur
2720 4613 2771 4667 in
2803 4611 2967 4666 Missa
3006 4629 3100 4684 pro
3130 4613 3372 4685 defuncto
3400 4615 3633 4686 episcopo
3653 4652 3665 4676 ,
3694 4607 3802 4674 inim

538 4712 658 4784 ejus
702 4713 755 4769 in
805 4728 922 4770 rem
967 4723 1204 4768 nostram
1252 4714 1520 4784 praecipua
1548 4755 1563 4778 ,
1615 4729 1736 4783 quae
1784 4711 2142 4783 posteriorum

537 4805 774 4879 quinque
801 4807 1177 4879 episcoporum
1210 4806 1454 4863 ordinem
1497 4806 1712 4876 prodit,
1742 4807 2054 4863 continetur
2093 4807 2145 4861 in

539 4917 605 4958 eo
632 4903 933 4974 fragmento
951 4943 964 4968 ,
991 4901 1135 4974 quod
1163 4918 1232 4958 ex
1258 4901 1351 4957 illa
1383 4900 1644 4971 imperiali
1699 4900 1929 4958 Historia
1957 4916 2150 4956 manu-

537 4996 736 5067 scripta
786 4995 940 5052 nobis
983 4994 1254 5065 excerpsit
1302 4993 1668 5065 Hieronymus
1712 4992 2049 5049 Tartarotios
2095 4991 2148 5046 in

539 5084 655 5143 haec
682 5087 845 5144 verba
871 5105 886 5141 ε
911 5084 1102 5142 Beatus
1123 5085 1261 5142 Zeno
1292 5087 1564 5159 episcopus
1596 5084 1902 5142 Veronensis
1921 5127 1935 5150 ,
1967 5086 2149 5140 doctor

537 5181 806 5253 egregius,
857 5190 1065 5236 octavus
1107 5181 1338 5254 ejusdem
1385 5181 1605 5234 civitatis
1656 5181 1949 5250 episcOpus.
2004 5176 2147 5231 Nam

538 5284 650 5341 post
691 5273 752 5330 S.
784 5271 1101 5342 Proculum,
1132 5275 1222 5346 qui
1259 5282 1472 5345 quartus
1515 5273 1613 5342 [uit
1644 5273 1942 5341 episcopus,
1976 5270 2146 5340 ponti-

535 5369 748 5439 ficatum
773 5370 992 5440 suscepit
1019 5369 1082 5426 S.
1113 5369 1430 5426 Saturninus
1447 5411 1461 5435 ,
1488 5367 1572 5422 cui
1600 5366 1834 5421 Lucilius
1860 5365 2138 5430 successit,

535 5453 646 5534 post
668 5480 818 5536 quem
848 5463 908 5520 S.
942 5461 1184 5518 Grieinus
1227 5463 1438 5528 doctor,
1479 5461 1561 5515 cui
1600 5458 1663 5513 Β.
1697 5457 1837 5513 Zeno
1877 5458 2135 5512 successit.

534 5553 688 5612 Hunc
710 5557 962 5614 eumdem
989 5555 1233 5612 ordinem
1258 5557 1313 5611 in
1340 5552 1620 5609 vetustiori
1645 5558 1864 5606 auctore
1887 5550 2136 5619 legimus,

533 5651 622 5720 qui
649 5650 964 5724 rhythmum
992 5648 1061 5706 de
1085 5649 1324 5706 Verona:
1353 5645 1603 5702 laudibus
1644 5646 1880 5715 scripsit.
1913 5643 1972 5699 1d
1999 5660 2137 5715 opu-

534 5745 742 5802 sculum
774 5746 828 5802 in
873 5760 974 5801 nis.
1006 5727 1290 5800 Lobietisis
1334 5738 1649 5797 monasterii
1696 5736 1972 5794 inventum
2002 5739 2021 5811 (
2034 5752 2142 5808 quo

536 5837 758 5898 allatum
787 5840 932 5900 credi
962 5846 1138 5910 potest
1167 5853 1197 5894 a
1229 5831 1490 5892 Ratherio
1513 5832 1768 5904 episcopo
1787 5875 1803 5904 ,
1831 5849 1952 5892 cum
1980 5847 2014 5890 a
2040 5831 2145 5890 Ve-

2250 4706 2500 4760 actionem
2527 4713 2658 4760 tom.
2717 4722 2776 4760 ιιι
2809 4707 3043 4777 Operom
3070 4707 3127 4763 S.
3153 4707 3396 4779 Gregorii
3425 4724 3546 4779 pag.
3568 4707 3666 4762 2l5
3689 4721 3700 4757 :
3727 4700 3807 4755 Su-

2255 4816 2345 4869 per
2369 4802 2634 4872 diptyclta.
2660 4799 2920 4856 Memento
2942 4803 3115 4870 etiam,
3135 4803 3374 4869 Domine,
3401 4805 3696 4875 famulorum
3719 4808 3806 4848 ma-

2252 4910 2370 4948 rum
2402 4893 2496 4948 Ill.
2520 4937 2535 4961 ,
2564 4895 2652 4965 qui
2677 4911 2768 4950 nos
2801 4907 3167 4966 praecesserunt
3211 4906 3257 4952 et
3311 4897 3573 4952 dormiunt
3597 4898 3647 4951 in
3666 4899 3807 4947 somno

2254 4990 2415 5059 pacis.
2448 4988 2579 5045 Post
2613 5006 2731 5059 qua:
2776 4991 2991 5044 nomina
3033 4992 3234 5062 scripta
3265 4991 3321 5047 in
3349 4991 3614 5064 oiptycltis
3651 4983 3804 5042 recita-

2255 5084 2483 5149 bantur;
2508 5085 2649 5140 unde
2676 5085 2955 5156 sequitur:
2989 5084 3013 5138 Ι
3022 5097 3121 5139 tem
3145 5097 3254 5155 post
3277 5088 3543 5143 lectionem
3561 5129 3574 5152 ,
3598 5079 3806 5140 nimirum

2252 5178 2626 5251 diptychorum
2645 5197 2656 5231 :
2678 5177 2824 5246 Istis,
2849 5178 3088 5244 Domine,
3113 5182 3404 5234 etomnibus
3422 5183 3476 5235 in
3492 5179 3680 5236 Christo
3696 5168 3808 5242 quie-

2249 5274 2524 5340 scentibus,
2555 5289 2660 5332 etc.
2690 5275 2786 5331 Hic
2814 5284 2993 5330 autem
3025 5276 3163 5331 ritus
3194 5285 3314 5346 post
3342 5275 3607 5348 Anonymi
3636 5272 3808 5341 (ιιιοιιιιε

2250 5365 2517 5438 Pipiniani
2559 5377 2774 5424 aetatem
2803 5370 3004 5441 viguit,
3039 5378 3099 5424 ot
3134 5384 3200 5423 ex
3231 5370 3556 5424 testimoniis
3584 5368 3728 5436 liquet
3750 5353 3808 5407 al'

2250 5459 2372 5513 latis
2398 5476 2429 5514 a
2459 5459 2518 5514 P.
2549 5460 2823 5524 Martene,
2853 5470 2983 5515 tom.
3012 5477 3050 5525 ι,
3081 5459 3148 5515 de
3178 5462 3413 5532 antiquis
3437 5461 3678 5517 Ecclesiae
3705 5444 3808 5504 ltiti-

2248 5551 2350 5607 bus
2374 5550 2468 5606 lib.
2502 5569 2547 5620 t,
2594 5568 2713 5622 cap.
2744 5554 2809 5620 4,
2840 5560 2946 5606 art.
2985 5554 3047 5620 7,
3090 5570 3241 5607 num.
3268 5553 3373 5619 24,
3402 5569 3521 5626 pag.
3548 5549 3662 5608 408.
3694 5543 3806 5597 Inter

2251 5642 2369 5698 haec
2397 5643 2632 5698 maxime
2663 5644 3072 5700 memorandum
3104 5645 3318 5701 videtur
3347 5646 3475 5702 illud
3501 5661 3568 5702 ex
3605 5639 3805 5698 floruit"0

2250 5736 2444 5793 ordine
2489 5736 2750 5794 Ecclesia:
2785 5735 3167 5795 Ambianensis
3215 5754 3360 5796 anno
3389 5739 3561 5808 ιηο,
3591 5734 3671 5793 ubi
3695 5721 3803 5783 scri-

2252 5842 2401 5903 ptum
2428 5831 2668 5904 legitur:
2719 5831 3006 5902 Memento,
3055 5832 3296 5902 Domine,
3326 5845 3374 5892 ct
3417 5851 3620 5904 eorum,
3664 5825 3805 5890 nemP"
