3998 6332
233 238 295 293 75
961 248 1419 312 DISSERTATIO
1458 254 1501 325 Ι,
1542 256 1632 313 DE
1673 257 1731 316 8.
1774 257 1809 314 Ζ

1920 300 1931 315 .
1975 259 2226 321 TRACT.
2270 265 2360 322 ΕΤ
2397 268 2676 328 ΕΤΑΤΕ.
3458 294 3529 353 Ἱ4

228 349 482 455 Firmani,
517 362 650 424 etc.,
687 355 779 415 ubi
819 374 950 417 xxx:
985 365 1362 437 episcoporum
1395 366 1636 438 ejusdem
1669 370 1819 428 urbis
1846 384 1897 446 Α
1925 371 1977 427 ἱιι
2007 377 2370 434 recentiorum
2402 396 2535 439 vero
2575 386 2883 453 sententia,
2907 397 2967 445 ut
3008 392 3154 450 Zeno
3182 396 3248 453 ad
3297 399 3526 461 Gallieni

224 443 436 500 nomina
468 460 852 518 recensentur;
884 469 985 511 nec
1024 473 1132 514 non
1161 458 1307 515 aliud
1336 476 1401 516 ex
1427 461 1627 519 Missali
1669 464 1816 522 Moz-

223 537 464 593 zarabico
490 540 783 599 cardinalis
806 543 1043 603 Ximenii
1065 590 1081 617 ,
1116 551 1169 606 in
1201 568 1308 623 quo
1339 554 1495 627 longa
1529 556 1820 613 Toletauo-

222 647 327 689 rum
354 635 663 693 antistitum
686 640 860 698 series
883 641 1211 702 describitur
1231 648 1372 718 apud
1403 651 1654 707 eumdem
1680 652 1819 707 Mar-

223 735 355 796 tene,
385 739 493 785 art.
522 732 609 797 12,
640 748 764 806 pag.
796 735 927 793 460.
944 738 1127 811 Neque
1153 740 1523 801 diftlcultatem
1552 746 1743 817 faciat,
1774 746 1819 803 si

220 836 312 877 non
346 823 401 879 in
432 825 687 883 omnibus
713 827 1006 887 Missalium
1037 834 1384 905 antiquorum
1410 836 1719 898 Canouibus
1748 844 1817 901 ad

219 914 470 972 Hemento
506 921 751 977 omnium
787 923 1048 996 cujusque
1087 927 1332 985 ecclesiae
1375 933 1677 991 antistitum
1717 953 1817 993 no-

218 1010 346 1065 mina
368 1010 795 1072 describantur:
826 1034 948 1075 nam
972 1020 1099 1078 alibi
1130 1023 1449 1097 plerumque
1466 1027 1695 1087 aduotas
1719 1030 1813 1088 Ill.

216 1114 260 1160 et
279 1103 367 1158 Ill.
401 1119 664 1164 memento
694 1111 960 1181 insertas,
990 1130 1090 1184 pro
1117 1115 1315 1187 quibus
1365 1126 1509 1177 nunc
1554 1120 1631 1179 N.
1659 1133 1708 1179 et
1736 1124 1813 1182 Ν.

216 1198 491 1256 sullectum
521 1211 644 1270 est,
676 1220 744 1261 ex
770 1205 1037 1280 diptychis
1066 1209 1227 1281 ipsis,
1254 1213 1337 1268 vel
1368 1213 1477 1271 alio
1502 1215 1663 1271 simili
1693 1233 1811 1274 mo—

216 1302 469 1351 uumento
496 1296 917 1354 nominabantur
946 1300 1065 1370 ejus
1091 1302 1193 1358 luci
1238 1319 1430 1361 omnes
1462 1309 1699 1378 propriae
1728 1325 1814 1366 se-

216 1385 285 1440 dis
324 1385 611 1458 episcopi,
660 1390 802 1447 unde
842 1392 895 1446 in
939 1407 1042 1449 ms.
1090 1394 1403 1453 Colberliuo
1444 1395 1623 1468 2585,
1671 1402 1812 1473 apud

216 1480 454 1536 eumdem
497 1481 742 1540 Martene
781 1495 901 1556 post
942 1486 1060 1544 lucc
1104 1489 1303 1557 verba,
1353 1489 1611 1549 Memento
1660 1496 1812 1550 etiam

216 1573 429 1630 Domine
457 1577 778 1648 famulorum
803 1580 1217 1654 fantularumque
1257 1594 1468 1640 tuarum
1496 1586 1589 1643 Ill.
1624 1598 1672 1644 et
1714 1588 1808 1646 Ill.

215 1668 421 1725 additur
441 1713 457 1737 ,
482 1672 845 1744 episcoporum
867 1677 1131 1744 prwsentis
1160 1678 1406 1736 ecclesiw.
1439 1677 1515 1735 Ex
1543 1681 1810 1752 ejusmodi

1923 473 2138 525 malem
2182 472 2475 544 pertingat,
2507 476 2594 533 hic
2629 490 2756 535 ante
2784 479 2845 540 S.
2874 482 3161 544 Proculum
3206 497 3526 555 Statuendus

1920 566 2037 627 est,
2082 576 2201 618 cum
2231 563 2477 623 Gallieno
2509 572 2776 639 posterior
2803 574 2857 631 8.
2895 577 3111 637 Proculi
3143 579 3522 648 mtas'aliunde

1919 663 2209 722 statuatur,
2269 667 2326 714 ut
2364 676 2489 716 mox
2539 663 2859 723 videbimus.
2913 671 3084 730 Porro
3121 676 3522 740 S.,Proculum

1920 759 2046 850 ante
2074 751 2345 850 Zenonem
2376 770 2591 828 semper
2629 764 2869 831 agnitum
2916 766 3157 835 pluribus
3198 773 3322 830 aliis
3360 774 3520 850 hujus

1920 844 2164 900 ecclesia:
2186 850 2554 907 monumentis
2574 852 2776 924 liquet:
2809 858 3008 932 quippe
3035 859 3092 919 S.
3114 863 3375 926 Proculus
3393 844 3519 929 ante

1921 936 1978 994 8.
1998 937 2269 996 Zenonem
2290 954 2620 1002 memoratur
2636 946 2850 1026 [vam]
2872 960 3248 1015 constanteriu
3266 964 3518 1021 omnibus

1917 1033 2154 1102 antiquis
2184 1036 2470 1093 missarum
2500 1039 2828 1113 Canonibus,
2863 1050 3220 1124 orationibus,
3250 1057 3516 1129 epigram-

1918 1126 2077 1181 matis
2101 1141 2165 1182 ac
2192 1127 2414 1186 litaniis.
2470 1132 2544 1188 lta
2576 1151 2661 1191 cx.
2699 1151 2782 1208 gr.
2824 1136 2878 1194 in
2918 1141 3135 1200 Canone
3165 1126 3393 1217 quatuor
3418 1169 3511 1209 ve-

1917 1225 2178 1273 tustorum
2202 1220 2449 1278 codicum
2475 1233 2676 1281 nostra:
2701 1227 3031 1290 Veronensis
3061 1238 3306 1294 ecclesia:
3337 1258 3349 1295 :
3380 1242 3515 1299 Pro-

1914 1308 2020 1363 culi
2047 1320 2092 1364 et
2113 1310 2373 1379 Zenonis;
2401 1315 2453 1370 in
2482 1316 2682 1375 litaniis
2711 1331 2888 1378 autem
2916 1326 3142 1385 alterius
3173 1348 3273 1386 ius.
3302 1337 3514 1408 capitu-

1916 1400 2047 1458 laris
2096 1403 2339 1475 ejusdem
2396 1408 2641 1466 ecclesiae
2674 1430 2687 1466 :
2720 1414 2780 1470 S.
2839 1415 3084 1488 Procule,
3120 1421 3181 1477 S.
3231 1400 3394 1493 Zeno,
3446 1428 3509 1487 S.

1914 1493 2203 1562 Theodore,
2252 1506 2358 1553 etc.
2401 1499 2604 1557 Eodem
2651 1505 2842 1563 ordine
2880 1508 3044 1566 iidem
3093 1517 3264 1571 sancti
3302 1516 3513 1576 descri-

1912 1587 2113 1644 buntur
2134 1589 2187 1645 in
2218 1591 2535 1662 quibusdam
2563 1599 2917 1668 orationibus,
2940 1620 3075 1675 quas
3103 1607 3187 1663 hic
3209 1619 3514 1680 postremus

1912 1685 2221 1757 capitularis
2233 1688 2403 1744 codex
2426 1690 2669 1759 exhibet,
2700 1709 2798 1750 nec
2828 1711 2932 1752 non
2958 1699 3010 1753 in
3038 1699 3283 1760 Romano
3307 1705 3511 1766 Ordine

215 1756 589 1835 diptychorum
614 1765 808 1822 ordine
846 1769 1156 1842 Anonymus
1185 1770 1495 1842 Pipinianus
1519 1776 1807 1845 genuinam
1841 1783 1886 1844 Β
1913 1779 2096 1834 saeculi
2148 1780 2298 1845 noni,
2350 1799 2510 1854 quem
2556 1803 2623 1841 ex
2666 1788 2774 1842 alio
2800 1806 2904 1845 ms.
2933 1793 3151 1863 capituli
3181 1795 3514 1860 Veronensis

214 1858 447 1929 priorum
484 1859 881 1918 Veronensium
932 1864 1231 1922 antistitum
1276 1868 1472 1923 seriem
1519 1870 1721 1927 rescire
1760 1880 1816 1928 et

213 1952 446 2010 scribere
499 1955 715 2025 potuit,
760 1958 902 2013 sicut
948 1957 1092 2013 illam
1141 1958 1499 2032 descripsisse
1540 1963 1813 2021 credimus

213 2044 561 2117 ltampertum
591 2049 905 2121 episcopum
934 2051 1277 2114 Brixianum.
1311 2057 1402 2126 qui
1432 2058 1670 2129 sequiori
1696 2056 1814 2116 alvo

211 2138 259 2196 in
291 2156 559 2198 sermone
587 2141 671 2199 de'
697 2142 1080 2204 Translatione
1104 2146 1162 2203 S.
1207 2148 1482 2206 Pbilastrii
1512 2150 1810 2224 longiorem

211 2237 371 2292 multo
395 2237 781 2308 episcoporum
817 2238 1191 2296 Brixianorum
1221 2240 1470 2298 ordinem
1493 2283 1510 2309 ,
1539 2252 1596 2299 et
1637 2243 1813 2317 dipty—

210 2326 313 2384 cbis
348 2329 542 2400 utique
571 2331 888 2402 cognitum,
921 2333 1052 2389 solis
1073 2333 1381 2392 nominibus
1417 2336 1675 2406 prodidit.
1720 2337 1813 2393 Has

211 2420 360 2492 igitur
388 2422 664 2494 ejusmodi
693 2441 907 2498 quoque
934 2436 1409 2486 monumentorum
1441 2432 1613 2488 series
1632 2473 1648 2501 ,
1691 2447 1813 2503 qua:

208 2530 268 2572 ex
294 2517 403 2572 ritu
432 2526 548 2573 tam
573 2519 796 2590 antiquo
823 2534 887 2575 ac
928 2520 1158 2590 simplici
1205 2521 1654 2592 proficiscuntur.
1703 2539 1811 2582 non

210 2611 278 2668 uti
304 2611 360 2668 in
391 2613 720 2682 pesterioris
748 2613 853 2669 aevi
879 2598 1140 2687 catatogis
1167 2616 1433 2684 inventae,
1460 2617 1556 2674 sed
1589 2618 1813 2689 perinde

207 2718 263 2761 ac
279 2706 322 2760 si
352 2721 424 2761 ex
458 2705 595 2774 ipsis
617 2706 858 2777 antiquis
886 2706 1157 2790 diptychis
1184 2720 1367 2765 essent
1410 2718 1674 2780 sumptae,
1720 2725 1814 2767 ve-

209 2811 315 2852 rum
340 2798 698 2869 antiquorum
725 2814 937 2871 quoque
973 2801 1350 2872 episcoporum
1392 2802 1494 2859 sibi
1516 2803 1813 2861 succeden-

209 2889 328 2945 tium
354 2889 611 2947 ordinem
642 2889 924 2948 continere
950 2891 1234 2948 credenda:
1255 2902 1398 2960 sunt,
1429 2909 1493 2950 ac
1515 2909 1586 2951 ex
1618 2895 1809 2952 iisdem

210 2983 381 3053 plures
425 2997 652 3039 errores
698 2983 899 3054 corrigi
946 2984 1215 3040 tutissime
1268 2995 1534 3055 possunt,
1580 2996 1639 3043 ut
1684 3002 1810 3044 cor—

209 3078 403 3134 rexisse
426 3076 653 3148 quidem
679 3077 832 3134 nobis
861 3075 1109 3133 videmur
1138 3079 1496 3136 recentiorem
1526 3080 1812 3137 Ravenna-

1914 1870 2235 1931 Franciscus
2286 1874 2634 1935 Blancbinius
2681 1881 2852 1939 edidit
2894 1885 2947 1939 in
2992 1886 3395 1962 Prolegomenis
3442 1897 3513 1953 ad

1914 1965 2283 2062 anastasium,
2312 1979 2441 2025 tom.
2473 1986 2551 2040 ιιι,
2585 1988 2708 2045 pag.
2743 1976 2833 2044 5t,
2858 1992 2923 2033 ac
2955 1981 3169 2039 tandem
3198 1984 3253 2041 in
3285 1986 3509 2062 inscrip.

1916 2058 2061 2113 tione
2106 2059 2348 2129 ejusdem
2396 2065 2571 2119 :ctatis
2624 2066 2676 2120 in
2716 2066 2773 2123 8.
2821 2067 3040 2129 Helenae
3084 2077 3286 2147 templo
3334 2058 3516 2142 adhuc

1913 2147 2204 2246 existente,
2237 2168 2397 2225 quam
2424 2156 2567 2227 apud
2598 2158 2901 2228 Ugbellium
2934 2163 3111 2239 legere
3162 2171 3391 2243 quisque
3416 2191 3514 2246 po-

1915 2244 2042 2301 terit
2072 2256 2219 2303 tomo
2235 2250 2426 2320 quinto
2444 2267 2568 2324 pag.
2602 2254 2725 2310 78L
2755 2256 2898 2312 Idem
2925 2261 3060 2317 ordo
3085 2244 3513 2335 deprehenditur

1914 2339 2075 2394 etiam
2108 2340 2159 2395 in
2191 2342 2427 2411 antiquis
2456 2343 2655 2400 litaniis
2689 2363 2720 2402 e
2751 2364 2852 2405 ms.
2911 2350 3237 2414 Floriacensi
3271 2377 3514 2435 nongen-

1915 2438 2089 2530 t_oru-m
2110 2448 2383 2530 annorum
2401 2435 2562 2530 editis
2586 2453 2616 2491 a
2640 2437 2702 2492 P.
2739 2439 2978 2500 Martene
3005 2458 3142 2517 part.
3174 2450 3209 2506 5
3228 2450 3297 2508 de
3324 2456 3505 2530 Antiq.

1914 2522 2172 2579 Ecclesiae
2205 2524 2437 2595 Ritibus,
2467 2528 2561 2583 lib.
2593 2545 2669 2596 tu,
2691 2545 2811 2602 cap.
2839 2532 2924 2601 15,
2956 2552 3076 2609 pag.
3104 2539 3309 2600 592.1d
3330 2522 3512 2605 autem

1911 2629 2009 2671 cur
2051 2615 2247 2671 factum
2294 2618 2473 2683 fuerit,
2513 2621 2657 2676 nulla
2687 2623 2788 2678 alia
2820 2640 3107 2685 occurrere
3138 2645 3316 2703 potest
3347 2642 3507 2709 ratio,

1910 2707 2017 2763 nisi
2038 2708 2181 2779 quod
2210 2708 2268 2764 8.
2295 2709 2552 2767 Proculus
2583 2722 2740 2769 mtate
2766 2721 3107 2784 praecesserit
3130 2723 3188 2781 S.
3213 2707 3510 2799 Zenonem,

1911 2799 2002 2870 qui
2029 2805 2344 2873 caateroqui,
2392 2817 2513 2857 cum
2542 2802 2872 2862 Veronensis
2893 2809 3128 2869 civitatis
3175 2817 3245 2872 sit
3282 2835 3510 2894 magnus

1912 2900 2191 2962 patronus,
2245 2900 2303 2949 et
2349 2894 2598 2950 universa
2641 2896 2695 2950 iu
2728 2896 2969 2956 Ecclesia
3017 2904 3190 2962 multo
3219 2910 3505 2985 celebrior,

1911 2994 1971 3043 ut
2014 2986 2231 3043 dissert.
2281 2988 2317 3044 5
2357 2988 2728 3057 ostendemus,
2756 2992 2802 3047 si
2853 3010 2960 3051 nun
2990 2996 3309 3070 impedisset.
3336 3018 3469 3065 tetas
3494 3053 3509 3078 ,

1911 3078 2179 3136 nominari
2209 3081 2383 3151 primo
2407 3082 2528 3138 loco
2549 3081 2845 3142 debuisset.
2875 3088 2953 3143 Ex
2983 3090 3066 3146 bis
3097 3094 3383 3155 missarum
3414 3102 3514 3158 Ca-

212 3176 310 3224 tum
349 3171 741 3241 episcoporum
781 3170 1062 3235 ordinem,
1114 3178 1247 3227 tom.
1282 3187 1337 3228 tv
1373 3172 1610 3243 Operum
1655 3172 1803 3229 card.
1834 3169 1879 3232 C
1914 3172 2145 3228 nouibus
2188 3180 2242 3228 et
2285 3172 2483 3228 litaniis
2523 3173 2822 3246 fragmenta
2856 3180 3315 3261 buepertineutia
3359 3191 3512 3250 dabi-

210 3259 428 3329 Norisii,
464 3277 589 3335 pag.
617 3261 759 3328 976,
803 3262 1017 3333 aliaque
1058 3263 1265 3335 jamdiu
1304 3266 1713 3322 cmendavimus
1750 3266 1804 3322 in

210 3355 316 3409 aliis
344 3356 587 3411 aliorum
612 3356 990 3427 episcoporum
1015 3356 1297 3413 ordinibus
1319 3358 1374 3414 in
1403 3374 1570 3429 opere
1600 3359 1663 3414 de
1687 3357 1809 3413 Ori-

208 3448 397 3518 ginibus
422 3450 780 3519 antiquiorum
800 3448 977 3504 Italia
992 3450 1319 3505 ecclesiarum
1342 3468 1403 3505 ac
1426 3450 1805 3524 Metropoleon,

208 3542 338 3611 quod
381 3540 589 3597 multos
636 3550 764 3598 ante
805 3556 980 3598 annos
1027 3542 1409 3612 lucubratum,
1458 3559 1580 3599 cum
1626 3542 1809 3598 licebit

207 3634 463 3704 perlicere
482 3675 501 3700 ,
529 3632 728 3705 publici
750 3632 891 3705 juris
916 3632 1208 3702 faciemus,
1240 3634 1422 3707 ibique
1449 3635 1516 3692 de
1542 3634 1807 3707 ejusmodi

205 3727 571 3798 catalogorum
599 3739 662 3781 ac
688 3725 1064 3798 diptycborum
1097 3727 1416 3784 auctoritate
1446 3736 1501 3783 ct
1526 3741 1624 3791 usu
1656 3727 1807 3796 plura

206 3821 313 3879 tusc
339 3824 619 3891 disputata
661 3819 924 3877 invenies.
958 3818 1143 3892 Neque
1170 3821 1363 3876 verosi
1391 3835 1512 3891 qua:
1549 3818 1687 3893 falsa
1714 3833 1809 3889 po-

204 3908 523 3971 sterioribus
550 3911 812 3984 catalogis
834 3913 1035 3968 inserta
1070 3921 1229 3978 sunt,
1271 3911 1624 3983 objiciantur,
1655 3919 1716 3966 ut
1740 3925 1807 3965 ex

204 4007 264 4062 iis
303 4006 521 4063 ordinis
557 4006 719 4061 etiam
760 4004 1137 4076 episcoporum
1180 4003 1314 4060 ﬁdes
1352 4004 1636 4069 elevetur;
1681 4016 1805 4059 nam

205 4102 309 4156 sola
335 4103 726 4173 episcoporum
749 4099 969 4154 nomina
992 4099 1046 4154 in
1073 4098 1318 4154 ordinem
1351 4098 1641 4154 distributa
1666 4097 1806 4153 sumi

206 4204 495 4266 potuerunt
523 4210 589 4251 cx
632 4193 903 4266 diptychis
940 4194 995 4250 in
1017 4193 1214 4265 quibus
1234 4179 1374 4249 nihil.
1393 4203 1591 4264 praeter
1616 4207 1804 4250 eorum

207 4288 415 4344 nomina
449 4287 809 4359 legebantur,
836 4296 895 4342 ut
925 4285 1152 4357 proinde
1180 4285 1298 4342 haec
1337 4286 1509 4342 series
1537 4285 1668 4342 satis
1695 4294 1806 4342 tuta

206 4388 257 4436 et
295 4396 423 4437 vera
466 4378 726 4454 habenda.
762 4379 871 4445 sit;
909 4379 977 4434 ad
1023 4378 1277 4435 historica
1318 4386 1501 4435 autem
1551 4378 1688 4434 facta
1718 4379 1807 4435 vel

206 4476 486 4532 cbronicas
517 4475 679 4531 etiam
704 4482 861 4531 notas
883 4474 1027 4547 quod
1058 4474 1314 4546 pertinet,
1339 4489 1462 4530 cum
1493 4474 1610 4531 haec
1634 4473 1807 4529 aliun-

1914 3278 2035 3321 mus
2055 3265 2242 3320 eadem
2269 3265 2490 3322 dissert.
2520 3267 2576 3333 5,
2600 3282 2720 3338 cap.
2745 3270 2803 3336 4,
2829 3271 2920 3327 ubi
2942 3272 3009 3328 ad
3045 3277 3246 3335 cultum
3279 3281 3512 3344 Zenonis

1913 3357 2303 3413 ostendendum
2334 3362 2689 3429 opportunior
2729 3362 2830 3418 erit
2861 3363 3033 3421 locus.
3074 3367 3188 3426 Hoc
3215 3385 3395 3431 autem
3424 3396 3512 3434 ar-

1911 3458 2250 3520 gumentum,
2281 3449 2423 3521 quod
2473 3465 2544 3506 ex
2588 3453 2805 3523 antiqua
2854 3455 3073 3525 quidem
3124 3462 3414 3523 traditione
3458 3482 3514 3527 et

1913 3558 2043 3599 vero
2068 3544 2259 3599 ordine
2298 3542 2559 3613 originem
2605 3544 2773 3611 ducit,
2818 3547 3093 3621 Anonymi
3122 3568 3335 3627 quoque
3367 3559 3511 3632 Pipi-

1912 3634 2057 3689 niani
2108 3634 2304 3690 seriem
2352 3634 2638 3705 genuinam
2678 3638 2965 3694 conﬁrmat
3006 3644 3265 3716 mirilice,
3310 3659 3366 3706 et
3414 3670 3510 3711 eos

1911 3734 2112 3795 aperta:
2139 3724 2392 3780 novitatis
2420 3734 2475 3781 et
2514 3726 2719 3783 erroris
2761 3731 3027 3803 coarguit,
3060 3736 3170 3805 qui,
3197 3745 3364 3799 veteri
3407 3746 3511 3805 hoc

1912 3818 2103 3874 ordine
2145 3818 2405 3875 derelicto
2470 3820 2554 3875 vel
2605 3831 2937 3894 contempto,
2977 3842 3175 3885 novum
3223 3833 3387 3893 alium
3441 3842 3509 3896 ad

1910 3911 2221 3983 przejudicia
2247 3912 2440 3967 tuenda
2473 3912 2839 3971 invehendum
2871 3927 3145 3988 putarunt.

1985 4005 2155 4061 Porro
2181 4014 2241 4061 ut
2264 4005 2331 4060 ad
2361 4004 2592 4062 Zenonis
2621 4018 2834 4067 aetatem
2857 4026 2923 4066 ex
2955 4013 3055 4070 bac
3075 4012 3341 4092 Anonymi
3370 4027 3512 4084 serie

1911 4099 2251 4155 statuendam
2298 4100 2597 4167 veniamus,
2639 4100 2697 4158 S.
2743 4102 3003 4161 Proculus
3045 4107 3246 4168 ibidem
3286 4130 3510 4187 quartus

1909 4202 2014 4259 est,
2043 4203 2229 4249 sextus
2257 4204 2435 4251 autem
2481 4194 2540 4252 S.
2573 4194 2847 4264 Lucillus,
2888 4214 3116 4270 quorum
3158 4217 3510 4284 utrorumque

1911 4296 2125 4342 aetatem
2156 4302 2222 4343 ex
2264 4286 2388 4343 aliis
2432 4290 2795 4345 monumentis
2839 4293 3174 4363 exploratam
3225 4301 3508 4365 habemus.

1912 4378 1968 4437 S.
2000 4380 2262 4438 Proculus
2287 4392 2479 4453 quarto
2506 4384 2705 4439 saeculo
2735 4385 2954 4443 ineunte
2981 4389 3032 4443 in
3060 4391 3196 4449 vivis
3220 4408 3356 4465 erat,
3382 4417 3504 4459 cum

1911 4472 2235 4529 Maximiano
2264 4475 2565 4545 imperante
2594 4475 2863 4531 Veronam
2900 4479 3045 4536 ducti
3079 4481 3230 4543 fuere
3258 4487 3357 4546 SS.
3389 4493 3510 4551 Fir.

205 4566 266 4623 de
310 4569 453 4624 sumi
503 4567 831 4634 debuerint,
878 4583 974 4638 pro
1017 4573 1492 4622 monumentorum
1527 4581 1559 4622 e
1607 4566 1803 4636 quibus
1829 4571 1883 4633 D
1910 4580 2031 4621 mus
2058 4577 2111 4622 et
2132 4566 2407 4631 Rusticus,
2438 4568 2527 4637 qui
2554 4567 2783 4623 subinde
2807 4574 3067 4643 martyrio
3092 4583 3504 4654 coronatisunt,

206 4673 263 4714 ea
299 4661 473 4731 petita
521 4658 775 4725 fuerunt,
832 4657 1042 4713 ratione
1088 4657 1174 4714 vel
1221 4671 1344 4713 vera
1371 4699 1386 4723 ,
1425 4656 1512 4712 vel
1559 4656 1802 4712 fabulosa

204 4754 585 4825 episcoporum
626 4747 802 4808 ordini
834 4760 1124 4823 potuerunt
1153 4753 1438 4820 interseri,
1469 4761 1525 4808 et
1551 4767 1696 4823 saepe
1735 4766 1803 4808 ex

1912 4666 1970 4713 ut
1997 4659 2170 4727 palam
2202 4659 2261 4712 ﬁt
2294 4673 2362 4712 ex
2387 4656 2621 4728 antiquis
2660 4658 2900 4728 ipsorum
2940 4664 3076 4719 actis
3118 4680 3152 4722 a
3192 4675 3511 4735 marcbione

1910 4749 2119 4805 Malleio
2138 4750 2299 4807 editis
2316 4751 2370 4805 in
2391 4750 2542 4806 calce
2561 4750 2613 4806 di
2622 4753 2918 4820 plomatica:
2948 4755 3206 4829 historia),
3233 4780 3352 4836 pag.
3378 4769 3503 4829 505.

206 4845 454 4915 opinione
480 4845 628 4917 vulgi
655 4844 849 4900 tabulis
879 4845 1068 4901 leviter
1095 4845 1418 4901 adsentienti
1447 4846 1652 4900 intrusa
1680 4851 1808 4899 sunt
1910 4841 1968 4898 In
2000 4843 2272 4898 nonnullis
2301 4843 2520 4914 quidem
2560 4854 2805 4899 actorum
2859 4861 2991 4904 mss.
3042 4865 3140 4920 pro
3183 4854 3507 4922 Maximiano

207 4940 460 4995 nonnulla
480 4980 497 5003 ,
553 4952 675 5009 quas
696 4939 764 4993 ab
784 4938 1008 4994 eruditis
1030 4937 1319 4994 falsissima
1340 4939 1799 4995 demonstrantur.

206 5031 350 5099 Quod
378 5031 655 5088 monitum
684 5032 951 5102 praecipue
979 5032 1229 5087 volumus
1249 5072 1266 5099 ,
1300 5048 1366 5088 ne
1396 5034 1518 5104 quis
1556 5031 1805 5087 omnibus

204 5134 395 5194 praeter
421 5125 808 5196 episcoporum
847 5124 1089 5181 ordinem
1118 5123 1387 5197 Anonymi
1430 5123 1696 5196 Pipiniani
1726 5123 1804 5179 di-

204 5220 298 5273 clis
327 5218 498 5274 tidem
524 5218 1039 5275 accommodandam
1071 5218 1382 5283 existimet;
1409 5234 1531 5274 cum
1581 5233 1643 5273 ea
1684 5232 1804 5289 quae

202 5309 263 5368 de
289 5311 529 5370 Gallieni
554 5313 786 5369 Casaris
830 5314 938 5368 [ilia
979 5312 1246 5382 inseruit,
1276 5311 1408 5368 falsa
1452 5313 1598 5381 sint,
1632 5321 1691 5367 ut
1717 5326 1804 5368 se—

198 5408 377 5474 quenti
406 5406 756 5478 paragrapho
786 5405 1155 5463 ostendemus.

262 5494 539 5554 Caeterum
567 5498 725 5569 hujus
759 5498 1027 5570 Anonymi
1055 5498 1253 5554 seriem
1292 5514 1323 5554 e
1358 5496 1626 5570 diptycbis
1657 5497 1802 5553 deri-

195 5601 367 5647 vatam
410 5607 490 5648 ne
532 5595 655 5664 quis
699 5593 933 5664 amplius
973 5593 1204 5661 dubitet,
1244 5593 1693 5662 luculenti~simo,
1742 5599 1803 5647 ut

196 5686 345 5742 nobis
371 5685 599 5758 quidem
629 5687 865 5756 videtur,
893 5697 1214 5760 argumento
1242 5688 1568 5745 conﬁrmare
1598 5688 1793 5760 placet.

196 5777 248 5836 ln
286 5794 350 5836 ea
390 5778 547 5837 serie
570 5778 628 5836 S.
674 5779 935 5836 Proculus
964 5789 1091 5839 ante
1131 5780 1190 5839 8.
1230 5780 1510 5841 Zenonem
1538 5781 1794 5855 ponitur:

562 5873 837 5937 ΡΛτιιοι..
898 5874 1010 5937 XI.

1911 4935 2230 4992 Maximinus
2276 4936 2487 5007 legitur,
2529 4936 2595 4991 ad
2623 4936 2775 5007 cujus
2806 4939 3034 5008 proinde
3065 4942 3349 5015 imperium
3378 4953 3511 5012 Pro-

1911 5033 2018 5089 culi
2040 5042 2255 5089 tetatcm
2279 5033 2610 5089 evellendam
2639 5032 2855 5103 quidam
2882 5038 3083 5107 Opinati
3113 5054 3236 5105 sunt
3261 5064 3274 5099 :
3308 5058 3361 5103 at
3383 5066 3506 5109 cum

1906 5145 1971 5184 ex
2021 5127 2159 5183 actis
2189 5135 2365 5197 pateat
2409 5124 2788 5196 imperatorem
2837 5127 2889 5182 id
2934 5134 3193 5202 temporis
3219 5136 3505 5201 Mediolani

1908 5218 2096 5285 fuisse,
2119 5219 2437 5275 Maximinus
2461 5228 2639 5274 autem
2672 5234 2735 5274 ea
2762 5218 2814 5273 in
2848 5222 2982 5277 urbe
3021 5240 3293 5298 nunquam
3317 5231 3501 5306 fuerit,

1907 5314 2105 5384 quippe
2133 5311 2223 5383 qui
2254 5313 2339 5366 vix
2372 5310 2578 5366 Italiam
2630 5311 2924 5383 ingressus,
2973 5315 3027 5369 in
3068 5316 3331 5391 Aquileiae
3359 5328 3506 5385 obsi-

1907 5405 2069 5463 di0ne
2108 5414 2335 5460 mortem
2385 5404 2659 5474 oppetiit,
2721 5413 2779 5459 ut
2825 5416 2973 5463 recte
3026 5412 3271 5481 probavit
3318 5430 3503 5481 noster

1908 5498 1969 5554 P.
2003 5498 2193 5553 Petrus
2221 5495 2506 5553 Paduanus
2536 5511 2601 5552 ex
2633 5499 2823 5555 ordine
2863 5499 3329 5576 ConVentualiutn,
3358 5519 3501 5585 apud

1904 5588 2211 5661 Ugbellium
2257 5599 2389 5643 tom.
2439 5604 2467 5643 v
2512 5587 2680 5644 italiae
2701 5605 2893 5660 sacrae,
2946 5609 3062 5664 pag.
3099 5594 3227 5663 685,
3269 5614 3503 5677 cumquo

1903 5683 2147 5757 pluribus
2187 5682 2454 5755 exemplis
2501 5684 2706 5756 liqueat
2743 5684 2862 5742 haec
2902 5688 3010 5743 duo
3056 5695 3272 5750 nomina
3327 5697 3500 5759 Maxi-
3573 5717 3577 5725 '

1898 5779 2065 5837 miani
2108 5785 2166 5835 et
2214 5776 2487 5835 Maximini
2537 5778 2592 5834 in
2643 5776 2946 5837 codicibus
2975 5786 3280 5853 promiscue
3334 5799 3500 5860 scribi

3014 5875 3054 5939 3
