3952 6320
473 288 544 346 rs
1827 277 2367 341 pnouecoueus.
3686 302 3739 359 το

473 403 738 475 facileque
791 399 1080 465 confundi;
1124 397 1297 465 potior
1346 397 1456 453 imo
1485 403 1539 452 et
1583 396 1815 468 genuina
1846 396 2147 469 apparetA
2173 401 2263 472 qui
2291 418 2323 459 a
2364 401 2426 460 S.
2470 402 2759 463 Ambrosio
2803 416 3159 476 memoratur,
3207 418 3262 468 et
3311 424 3433 468 cum
3476 426 3561 479 ea,
3604 427 3737 484 quam

474 494 701 551 aliorum
753 491 998 549 codicum
1044 487 1423 545 Maximianum
1469 488 1818 544 scribentium
1866 487 2064 555 lectio,

475 604 595 659 qua:
623 585 837 659 quidem
875 585 928 640 in
959 584 1193 655 antiquis
1234 564 1365 639 mss.
1411 597 1546 654 quos
1575 582 1833 638 viderunt
1857 590 1913 637 et
1939 580 2069 637 alle-

472 691 665 754 garunt
711 677 955 736 Bollandi
988 678 1120 735 socii
1151 678 1218 733 ad
1263 677 1407 734 diem
1437 675 1507 731 21
1536 677 1711 732 martii
1752 676 1806 731 in
1846 675 1906 732 8.
1939 674 2069 730 Pro-

474 775 603 841 culi,
626 772 840 829 inventa
860 781 973 839 est;
997 770 1379 827 Maximianum
1406 768 1551 826 enim
1571 767 1855 826 Mediolani
1877 766 2066 833 fuisse,

474 864 1014 939 persecutionemque
1074 862 1372 919 intendisse
1426 861 1685 919 adversus
1736 860 2065 917 christianos

473 958 811 1015 notissimqu
840 966 951 1021 est;
1002 970 1066 1012 ac
1106 956 1228 1025 jure
1275 963 1554 1027 propterea
1600 953 1658 1011 8.
1709 953 1969 1010 Proculus
2013 959 2067 1007 et

474 1052 569 1110 88.
631 1052 843 1108 Firmus
889 1066 953 1106 ac
999 1050 1252 1106 Rusticus
1300 1050 1353 1106 in
1392 1050 1628 1121 antiquis
1676 1047 2068 1121 Martyrologiis

471 1146 743 1213 omnibus,
777 1158 986 1208 necnon
1029 1144 1083 1199 in
1126 1141 1392 1211 Romano,
1426 1143 1734 1198 referuntur
1763 1142 1829 1197 ad
1860 1143 2069 1197 Diocle-

472 1241 603 1296 tiani
653 1240 1068 1310 Maximianique
1122 1238 1587 1308 persecutionem,
1635 1253 1756 1310 qua:
1808 1236 2069 1293 desmvire

473 1334 638 1404 coepit
665 1349 753 1389 an.
784 1335 908 1392 303.
940 1335 1177 1405 Quartus
1204 1330 1381 1402 itaque
1428 1331 1755 1390 Veronensis
1785 1332 2070 1405 episcopus

473 1434 666 1499 quarto
696 1428 914 1484 ineunte
940 1432 1137 1487 sreculo
1167 1432 1366 1488 ﬂoruit.

545 1521 880 1579 Accedamus
907 1524 973 1581 ad
1002 1535 1233 1594 sextum,
1264 1526 1345 1582 cni
1379 1539 1571 1581 nomen
1603 1521 1861 1587 Lucilius,
1888 1536 1982 1576 seu
2014 1528 2071 1575 ut

474 1615 531 1670 in
560 1617 717 1673 metri
771 1617 1078 1691 Rhytbmici
1108 1634 1323 1676 causam
1366 1618 1584 1690 scripsit
1629 1615 1946 1689 Anonymus
1976 1612 2069 1669 Pi—

477 1707 726 1777 piniauus
749 1707 1026 1779 Lucillius,
1052 1711 1188 1766 sicut
1214 1709 1471 1766 Isidorius
1499 1723 1597 1781 pro
1621 1707 1855 1762 Isidorus
1880 1705 2069 1763 eadem

2174 500 2496 550 tractatuum
2523 497 2729 551 auctori
2761 498 3027 568 superiori
3057 501 3238 572 capite
3263 501 3611 560 sssaendam
3648 505 3738 561 evi-

2171 584 2487 644 dentissime
2515 586 3036 661 demonstravimus;
3070 607 3134 649 ac
3163 603 3453 665 propterea
3477 610 3628 653 error
3649 612 3743 657 ms-

2172 675 2400 739 nifestus
2429 694 2551 735 esse
2576 683 2920 753 cognoscitur
2944 684 3066 752 ille,
3108 701 3216 757 quo
3253 684 3485 747 Zenonis
3522 685 3742 761 ejuSdetn

2170 781 2304 826 aetas
2327 769 2395 829 ad
2423 769 2653 830 Gallieni
2686 775 2971 848 imperium
2999 778 3269 835 evehitur.
3294 780 3467 848 Quem
3484 796 3741 851 errorem.

2171 876 2293 919 cum
2338 861 2640 922 Coronatus
2668 864 2943 937 Notarius,
2972 884 3038 925 ex
3065 885 3173 941 quo
3201 870 3388 928 caeteri
3417 885 3742 946 acceperunt,

2170 957 2377 1027 primus
2424 959 2714 1027 sparserit,
2746 968 2806 1015 ut
2844 963 3097 1033 superius
3125 964 3467 1037 monuimus;
3514 981 3584 1024 ne
3607 983 3743 1037 quem

2171 1046 2462 1104 auctoritas
2495 1048 2651 1121 hujus
2681 1049 2766 1106 vel
2809 1051 3004 1110 leviter
3032 1064 3274 1127 moveat,
3306 1057 3411 1114 etsi
3466 1059 3598 1117 satis
3642 1074 3744 1118 esse

2172 1141 2454 1211 deberent,
2482 1160 2604 1217 quae
2631 1144 2974 1205 documentis
3000 1150 3267 1207 hactenus
3316 1153 3613 1225 propositis
3635 1168 3745 1213 cou-

2172 1238 2445 1295 stituimus
2462 1282 2477 1307 ,
2505 1240 2729 1312 majoris
2756 1250 2933 1299 tamen
2962 1243 3177 1303 roboris
3204 1245 3376 1318 gratia
3404 1246 3576 1318 ipsius
3600 1246 3746 1304 histo-

2173 1332 2307 1388 riam
2331 1333 2435 1390 hue
2457 1335 2812 1407 pertinentem
2840 1336 2908 1393 ad
2934 1353 3162 1395 examen
3193 1354 3393 1398 vocare
3414 1340 3546 1398 libet
3570 1359 3585 1398 :
3606 1357 3743 1413 quam

2172 1423 2218 1479 si
2249 1425 2370 1481 aliis
2417 1428 2684 1498 capitibus
2727 1427 3025 1485 fabulosam
3057 1440 3112 1486 et
3155 1431 3342 1487 falsam
3370 1432 3644 1491 evidenter
3669 1448 3744 1490 os-

2175 1517 2477 1586 tendemus,
2512 1519 2686 1591 palam
2720 1520 2963 1592 profecto
3001 1522 3092 1579 fiet
3131 1523 3370 1582 ebibisse
3407 1540 3533 1583 eum
3557 1542 3623 1585 ex
3648 1534 3746 1585 ttu-

2175 1609 2301 1666 bido
2326 1611 2506 1683 aliquo
2530 1611 2701 1682 fonte,
2730 1623 2790 1670 ut
2818 1614 2948 1670 nihil
2970 1615 3022 1671 ei
3051 1631 3312 1689 cogamur
3337 1617 3507 1677 fidere
3530 1619 3582 1676 in
3611 1621 3747 1677 chro-

2175 1705 2293 1759 nica
2316 1707 2573 1777 temporis
2601 1708 2900 1776 notatione,
2923 1725 3044 1767 cum
3074 1714 3375 1782 praesertim
3404 1712 3509 1771 hac
3537 1715 3591 1771 in
3618 1724 3748 1788 parts

476 1798 547 1856 de
590 1815 750 1857 causa
807 1802 1147 1860 scribendum
1201 1818 1359 1861 versu
1398 1806 1557 1860 tertio
1602 1799 1844 1858 Malfeins
1890 1811 2074 1858 noster
2103 1797 2152 1860 B
2181 1806 2257 1853 ιοῐ
2298 1798 2517 1871 antiqua
2560 1801 2882 1858 documenta
2927 1804 3038 1876 jam
3084 1806 3424 1865 considerata
3472 1809 3644 1881 palam
3678 1825 3750 1867 re-

476 1892 732 1949 ostendit.
771 1894 928 1969 Apud
977 1897 1035 1952 8.
1085 1895 1346 1952 Hilarium
1379 1895 1430 1952 in
1473 1896 1799 1967 Fragmenta
1841 1893 1897 1960 2,
1945 1907 2067 1964 pag.

471 1987 597 2053 652,
635 2000 757 2060 post
786 1992 1099 2064 synodieam
1135 1991 1513 2049 Sardicensem
1546 1990 1611 2045 ad
1641 1989 1839 2046 iulium
1869 1987 2070 2059 Papam

473 2082 724 2161 leguntur
765 2084 1188 2154 subscriptiones
1236 2086 1612 2156 episcoporum
1654 2082 1843 2150 t.1x,in
1872 2081 2071 2152 quibus

475 2176 736 2248 vigesimo
764 2176 905 2245 loco,
940 2176 1128 2233 Lucius
1151 2176 1213 2232 ab
1241 2175 1399 2232 Italia
1426 2177 1488 2232 de
1532 2176 1759 2231 Verona.
1802 2174 1947 2230 idem
1977 2174 2070 2230 ha-

475 2269 634 2326 betur
673 2270 816 2327 inter
852 2272 1277 2344 subscriptiones
1324 2272 1391 2327 ab
1422 2272 1613 2328 iisdem
1656 2271 2069 2327 Sardicensibus

475 2365 746 2436 episcopis
790 2366 1059 2439 subjectas
1105 2367 1162 2424 8.
1191 2366 1474 2423 Athanasii
1521 2367 1715 2422 litteris
1757 2366 1824 2421 ad
1869 2366 2071 2421 clerum

475 2456 811 2526 Mareotidis,
842 2473 977 2531 quas
1007 2474 1072 2515 ex
1113 2460 1487 2530 antiquissimo
1529 2472 1630 2513 ms.
1661 2457 1882 2529 capituli
1909 2456 2074 2514 Vero-

478 2552 662 2607 nensis
704 2551 1040 2609 clarissimus
1083 2544 1538 2624 doctissimusque
1579 2560 1763 2607 noster
1792 2550 1932 2607 civis
1974 2566 2073 2606 nu-

474 2647 711 2718 perrime
733 2648 980 2720 produxit
1003 2650 1052 2703 in
1075 2648 1271 2717 lucem,
1308 2658 1437 2704 tom.
1460 2664 1516 2704 lii
1542 2647 1826 2703 Observat.
1853 2645 2069 2714 Litter.,

472 2754 595 2813 pag.
643 2742 735 2798 58.
789 2741 940 2797 Lucii
991 2758 1089 2813 pro
1129 2741 1317 2799 Lucilii
1365 2756 1560 2799 nomen
1612 2756 1680 2797 ne
1725 2751 1960 2808 moveat,
2010 2739 2068 2797 8.

473 2837 800 2893 Athanasius
847 2837 1097 2893 eumdem
1149 2838 1245 2906 qui
1287 2837 1342 2893 in
1395 2836 1667 2910 synodicis
1712 2834 2073 2892 subscribitur

474 2929 693 3000 Lucius,
724 2930 935 2987 duobus
955 2932 1005 2985 in
1036 2930 1170 2987 locis
1200 2929 1459 2985 Lucillum
1480 2928 1806 3001 appellavit:
1841 2929 1893 2983 in
1924 2926 2074 2998 Apo-

479 3024 616 3095 logia
645 3025 712 3079 ad
738 3023 1131 3090 Constantium,
1165 3038 1391 3079 numero
1420 3024 1475 3091 5,
1508 3021 1775 3094 pag.297,
1798 3023 2074 3085 Λούκιλλος

477 3117 505 3175 ὁ
543 3120 589 3173 ἐν
617 3121 821 3197 Βερωνὶ,
859 3116 1093 3173 Lucilius
1136 3116 1367 3183 Veronte,
1400 3130 1561 3187 quam
1587 3115 1777 3172 urbem
1809 3113 2071 3184 licetjnon

2177 1902 2433 1965 pugnent.

2179 2031 2207 2105 §
2237 2030 2326 2088 IV.
2365 2063 2437 2076 ——
2465 2031 2708 2091 Caronati
2740 2034 2949 2092 Natarii
2976 2038 3209 2094 narratio
3232 2054 3335 2109 qua
3360 2038 3589 2096 Gallieni
3608 2040 3752 2111 impe-

2245 2126 2431 2182 ratoris
2481 2136 2607 2182 tetas
2659 2125 2858 2185 Zenoni
2910 2130 3226 2201 attribuitur,
3269 2148 3528 2205 experta,
3580 2133 3753 2206 fabulis

2246 2227 2442 2275 scatere
2468 2222 2772 2279 ostenditur.

2245 2352 2574 2413 Coronatum
2612 2357 2892 2417 Notarium
2947 2359 3122 2418 Vitam
3170 2361 3229 2420 8.
3276 2362 3515 2421 Zenonis
3543 2365 3751 2433 septimo

2175 2449 2260 2504 vel
2289 2460 2481 2506 octavo
2511 2454 2713 2509 szeculo
2743 2455 3028 2527 scripsisse
3056 2458 3111 2513 in
3136 2456 3513 2516 admonitione
3548 2458 3613 2514 ad
3644 2458 3750 2514 Ηος

2178 2557 2419 2602 numcnta
2460 2543 2784 2602 videbimus.
2830 2548 2928 2605 llic
2971 2558 3156 2606 autem
3199 2550 3269 2606 de
3300 2550 3362 2609 8.
3398 2550 3638 2608 Zenonis
3665 2553 3754 2608 vita

2177 2642 2398 2712 praprie
2425 2653 2637 2715 sumpta
2669 2643 2804 2699 nihil
2837 2644 2947 2701 fere
2974 2646 3183 2718 prodit,
3217 2647 3358 2703 adeo
3413 2654 3472 2703 ut
3508 2646 3577 2703 de
3601 2646 3755 2703 Zeno-

2178 2735 2263 2791 nis
2286 2735 2456 2806 ipsius
2483 2738 2649 2808 gestis
2681 2738 2815 2794 nihil
2848 2739 3041 2797 litteris
3085 2741 3344 2797 traditum
3384 2742 3657 2811 accepisse
3690 2741 3756 2796 vi-

2177 2828 2388 2885 deatur.
2407 2830 2512 2887 Sed
2539 2832 2998 2903 quemadmodum
3029 2832 3347 2902 Ratherius,
3370 2835 3567 2892 decimi
3593 2832 3756 2890 saeculi

2178 2922 2465 2993 episcopus
2485 2924 2833 2991 Veronensis,
2849 2925 2918 2981 de
2939 2926 2995 2983 8.
3014 2924 3257 2983 Metrone
3283 2926 3488 2999 aliquid
3507 2926 3755 2992 dicturus,

2180 3012 2248 3070 de
2288 3030 2395 3086 quo
2421 3016 2552 3073 nihil
2584 3017 2845 3087 scriptum
2884 3016 3057 3075 fuisse
3084 3020 3463 3092 conqueritur,
3507 3018 3556 3075 id
3595 3019 3758 3074 dicere

2179 3117 2396 3163 coactus
2425 3106 2524 3164 fuit
2545 3150 2560 3178 ,
2591 3108 2731 3180 quod
2759 3110 2900 3181 plebs
2926 3111 3135 3166 indocta
3163 3110 3401 3180 canebat,
3432 3121 3490 3168 ut
3519 3113 3675 3185 liquet
3699 3124 3757 3165 ex

475 3190 721 3285 designet
746 3214 802 3269 in
832 3213 1001 3270 altera
1032 3212 1318 3289 Apologia,
1351 3228 1496 3267 num.
1528 3212 1617 3279 5'0,
1649 3227 1702 3283 p.
1734 3211 1868 3280 i68,
1898 3220 2074 3269 tamen
2101 3190 2151 3258 C
2182 3204 2443 3274 opusculo
2474 3204 2716 3275 ejusdem
2751 3204 2994 3262 Ratherii
3031 3206 3326 3262 novissime
3354 3206 3505 3263 edito
3550 3206 3600 3261 in
3625 3204 3759 3260 calce

476 3305 708 3364 Lucillus
733 3306 935 3364 ibidem
968 3306 1139 3385 [uix]
1161 3321 1305 3364 nouo
1347 3306 1465 3364 loco
1491 3305 1793 3377 appellatus
1819 3306 1961 3363 inter
1980 3321 2077 3364 eos

475 3400 759 3472 episcopos
809 3400 899 3471 qui
950 3399 1256 3457 Sardicensi
1288 3400 1371 3456 vel
1398 3399 1785 3466 interfuerunt,
1836 3400 1919 3456 vel
1946 3415 2078 3457 con-

473 3502 780 3561 senserunt,
804 3492 1134 3550 Veronensis
1158 3508 1280 3549 esse
1325 3493 1690 3564 cognoscitur,
1730 3490 2019 3548 distinctus
2045 3507 2077 3548 a

473 3584 660 3654 Lucio,
690 3587 782 3658 qui
812 3588 1148 3659 sexagesimo
1177 3588 1295 3643 loco
1333 3585 1638 3657 descriptus
1684 3596 1800 3657 est,
1852 3587 2076 3644 alterius

476 3678 627 3733 urbis
638 3679 944 3750 episcopus,
963 3689 1019 3734 ut
1040 3679 1093 3734 in
1116 3680 1228 3752 ipsa
1252 3680 1466 3750 quidem
1492 3680 1748 3753 synodica
1764 3679 2076 3737 Sardicensi

476 3772 615 3827 alter
639 3785 669 3824 a
702 3770 1001 3827 Veronensi
1030 3770 1221 3827 eodem
1257 3772 1474 3828 nomine
1502 3772 1879 3828 subscribitur.
1910 3773 2077 3845 igitur

474 3861 672 3919 Lucius
704 3864 790 3919 hic
814 3862 1075 3936 (Lucilius
1106 3864 1243 3920 forte
1266 3865 1337 3920 ob
1364 3880 1582 3936 parvam
1623 3873 1886 3922 staturam
1912 3867 2075 3923 dimi-

478 3955 662 4013 nutive
690 3955 849 4027 vulgo
874 3955 1076 4029 dictus)
1102 3956 1241 4014 inter
1269 3956 1618 4014 Sardicenses
1645 3957 1832 4013 Patres
1859 3956 1959 4014 fuit
1980 3973 2071 4014 an.

477 4049 602 4118 547,
646 4047 755 4103 imo
797 4064 862 4103 ex
906 4049 1281 4105 Athanasianae
1305 4048 1581 4122 Apologia:
1601 4049 1780 4105 verbis
1822 4052 1888 4105 ad
1932 4049 2075 4106 Con-

480 4144 733 4198 stantium
765 4143 905 4198 inter
934 4144 1086 4199 vivos
1113 4143 1287 4201 adhuc
1314 4144 1476 4199 fuisse
1502 4144 1876 4211 videtur,cum
1904 4143 2074 4201 Atha-

422 4244 425 4245 '
477 4237 796 4293 nasiuseum
814 4235 1007 4293 librant
1026 4237 1262 4308 scripsit,
1288 4237 1433 4294 idest
1456 4253 1599 4293 anno
1621 4237 1749 4305 556,
1777 4238 1858 4294 vel
1880 4239 2075 4295 saltem

476 4329 529 4385 id
561 4329 817 4401 temporis
867 4347 989 4387 eum
1037 4332 1361 4387 Athanasius
1416 4332 1601 4388 vivum
1652 4331 1953 4402 appellans,
2002 4332 2072 4389 de

474 4419 592 4490 ejus
622 4432 794 4479 morte
821 4423 951 4479 nihil
967 4423 1227 4481 audierat.
1249 4422 1480 4498 Hujusce
1500 4424 1571 4478 rei
1591 4424 1729 4478 testis
1746 4433 1839 4491 est,
1868 4423 2061 4493 inquit,

477 4510 885 4571 lv'ortunatianus
935 4517 1180 4587 Aquileiae
1221 4517 1508 4590 episwpus.
1546 4515 1658 4572 Hoc
1687 4516 1857 4588 ipsum
1903 4525 2068 4588 potest

478 4608 638 4675 patris
682 4607 830 4662 [Iasii
860 4610 1144 4665 testimonio
1184 4611 1501 4682 conﬁrmari.
1533 4608 1696 4665 Testis
1726 4610 1844 4665 item
1874 4608 2073 4680 Crispi-
2097 4580 2151 4642 Β

476 4713 570 4752 nus
626 4696 848 4763 Patavii,
902 4698 1132 4756 Lucilius
1171 4700 1399 4766 Veronae,
1443 4700 1724 4774 Dionysius
1778 4700 1973 4768 Leidis,
2023 4710 2070 4756 et

488 4788 785 4846 Vincentius
822 4792 875 4845 in
918 4791 1201 4862 Campania
1243 4792 1531 4864 episwpus.
1579 4792 1645 4846 Et
1682 4794 1803 4861 quia
1842 4791 2070 4864 defuncti

477 4891 592 4934 sunt
627 4880 963 4949 Maximinus,
994 4893 1127 4950 etc.,
1155 4883 1348 4954 quibus
1375 4881 1700 4938 Athanasius
1740 4882 2006 4939 Lucillum
2035 4896 2068 4939 a

478 4971 745 5029 defunctis
765 4974 1121 5046 distinguens,
1154 4975 1331 5031 vivum
1353 4984 1539 5044 aperte
1569 4974 1816 5031 credidit.
1849 4975 2003 5034 Nunc
2025 4976 2071 5032 si

479 5074 701 5134 quartus
717 5066 1040 5123 Veronensis
1065 5068 1349 5148 episcopus
1367 5068 1626 5123 Proculus
1646 5068 1863 5124 ineunte
1878 5076 2071 5140 quarto

479 5158 677 5215 smculo
702 5157 902 5227 ﬂoruit,
935 5171 1117 5217 sextus
1144 5168 1322 5216 autem
1361 5160 1602 5217 Lucilius
1642 5161 1860 5218 vivebat
1896 5163 2073 5219 adhuc

481 5261 601 5323 post
628 5251 863 5307 medium
896 5253 1036 5309 idem
1069 5254 1507 5321 sacculum,anno
1527 5254 1655 5321 556,
1674 5257 1795 5328 quis
1827 5272 1930 5323 non
1955 5266 2072 5313 sta-

481 5349 574 5402 tim
607 5346 866 5418 intelligat
911 5347 1054 5419 (cum
1097 5349 1164 5406 de
1190 5350 1420 5420 catalogi
1462 5349 1653 5406 ordine
1687 5350 2070 5422 ambigendum

481 5454 544 5496 ex
576 5440 733 5496 dictis
763 5454 871 5496 non
902 5438 993 5513 sit)
1033 5440 1325 5507 Zenonem,
1364 5442 1454 5513 qui
1482 5452 1703 5500 octavus
1732 5454 2071 5514 recensetttr,

481 5537 754 5606 aliquanto
792 5544 915 5606 post
941 5536 1085 5591 hunc
1114 5551 1346 5601 annum,
1386 5545 1442 5591 ut
1481 5536 1803 5597 intermedio
1841 5541 2073 5611 septimo

484 5628 718 5683 Antislili
744 5626 963 5685 Gricino
983 5628 1181 5700 aliquid
1210 5627 1469 5700 temporis
1497 5627 1621 5687 licet
1648 5631 1950 5689 brevissimi
1980 5634 2073 5691 tri-

486 5719 694 5786 huatur,
734 5721 786 5776 in
809 5721 1176 5778 Veronenscm
1223 5721 1531 5779 cathedram
1561 5724 1897 5794 ascendisse;
1927 5727 2073 5798 quod

490 5828 619 5871 sine
644 5821 853 5887 tempus
868 5817 1069 5888 Optime
1091 5817 1338 5889 congruit
1359 5832 1480 5873 cum
1499 5825 1656 5875 mtatc
1672 5818 1789 5889 ejus
1818 5818 2071 5889 Zenonis,

2179 3293 2322 3350 Libri
2346 3294 2380 3350 J
2386 3298 2495 3353 uris
2520 3296 2685 3353 civilis
2707 3298 2848 3352 urbis
2867 3296 3088 3353 Verona:
3111 3316 3131 3353 :
3158 3297 3231 3354 ita
3254 3297 3583 3366 Coronatus,
3606 3298 3758 3367 scrip-

2181 3396 2331 3445 turus
2358 3389 2538 3462 aliqua
2567 3390 2636 3446 de
2680 3390 2739 3447 8.
2786 3390 3028 3460 Zenone,
3060 3390 3130 3448 de
3174 3407 3284 3463 quo
3319 3391 3457 3447 nihil
3496 3401 3755 3448 exaratum

2178 3483 2389 3540 calamo
2419 3494 2728 3555 repererat,
2781 3500 2846 3540 ea
2877 3485 3054 3540 solum
3084 3485 3317 3556 prodere
3345 3484 3533 3541 debuit
3561 3500 3673 3557 qua:
3696 3482 3755 3539 ob

2177 3576 2545 3633 celebritatem
2563 3587 2618 3633 et
2639 3576 3054 3633 admirationem
3069 3577 3255 3649 populi
3274 3578 3472 3637 animis
3489 3576 3753 3649 impressa,

2178 3672 2426 3742 populari
2453 3671 2685 3743 quadam
2719 3670 3008 3727 traditione
3037 3670 3353 3727 ferebantur
3388 3671 3633 3743 quaedam
3681 3669 3754 3727 ni-

2178 3765 2377 3819 mirum
2406 3763 2635 3836 insignia
2655 3764 2941 3831 miracula,
2965 3763 3034 3822 de
3053 3764 3250 3834 quibus
3268 3763 3576 3821 diuturnior
3595 3764 3756 3832 vigere

2178 3859 2319 3914 solet
2370 3860 2652 3927 memoria,
2708 3874 2828 3930 quae
2871 3868 3054 3916 tamen
3105 3860 3223 3930 ipsa
3249 3876 3318 3917 ex
3348 3861 3531 3932 populi
3558 3857 3756 3931 ingenio

2180 3952 2363 4008 multis
2411 3952 2629 4021 additis,
2675 3954 2799 4010 aliis
2843 3953 3095 4024 demptis,
3151 3953 3237 4009 vel
3267 3954 3492 4009 mutatis
3535 3969 3565 4008 a
3592 3951 3757 4007 nativo

2178 4053 2325 4101 statu
2379 4045 2608 4102 multum
2653 4045 2911 4115 deiicere,
2949 4055 3007 4102 et
3051 4045 3201 4102 falsis
3240 4046 3518 4105 nonnullis
3563 4044 3757 4102 addita-

2178 4136 2375 4192 mentis
2403 4137 2474 4193 ita
2505 4137 2860 4193 contaminari
2892 4148 3316 4205 consueverunt,
3344 4149 3404 4196 ut
3426 4139 3557 4213 quid
3586 4151 3755 4195 verum

2178 4226 2443 4284 falsumve
2464 4229 2554 4298 sit,
2585 4230 2883 4286 internosci
2910 4239 2966 4286 et
2994 4232 3159 4287 statui
3190 4233 3496 4303 saepissime
3520 4237 3751 4305 nequeat.

2177 4319 2329 4378 Hanc
2358 4322 2617 4379 Coronati
2657 4324 3049 4393 narrationem,
3076 4339 3197 4396 qua:
3226 4323 3532 4382 Gallienum
3569 4322 3755 4396 tangit,

2177 4413 2357 4488 legere
2385 4415 2586 4487 poteris
2612 4432 2763 4471 num.
2788 4415 2823 4471 4
2845 4425 2900 4473 et
2919 4432 3037 4489 seq.
3056 4417 3107 4472 in
3137 4418 3249 4487 ipsa
3273 4416 3417 4486 Vita,
3443 4434 3603 4492 quam
3630 4418 3755 4472 inter

2181 4506 2526 4563 Monumenta
2571 4510 2834 4580 integram
2880 4509 3058 4581 primo
3104 4510 3227 4567 loco
3255 4510 3532 4569 dabimus.
3563 4511 3618 4567 in
3648 4522 3754 4565 eam

2178 4614 2329 4666 vero,
2362 4609 2420 4656 ut
2440 4599 2599 4674 [ιιι]
2650 4616 2810 4672 quam
2844 4602 3225 4672 improbabilia
3255 4602 3423 4660 multa
3470 4604 3752 4666 contineat,

2176 4693 2406 4766 quisque
2432 4695 2743 4765 perSpiciat,
2770 4695 2887 4752 hrec
2913 4711 3055 4752 nunc
3075 4695 3342 4754 adnotare
3372 4698 3570 4769 placet.
3589 4697 3754 4753 Primo

2176 4788 2370 4844 mirum
2401 4788 2532 4843 illud
2564 4790 2759 4844 factum
2807 4805 2916 4859 quo
2939 4791 3096 4846 unica
3126 4789 3360 4848 Gallieni
3393 4792 3524 4861 lilia,
3554 4792 3754 4849 Zenone

2175 4881 2241 4938 ad
2268 4882 2651 4952 imperatorem
2680 4898 2779 4954 per
2815 4884 3033 4940 nuntios
3069 4886 3268 4954 accito,
3301 4902 3329 4940 a
3360 4886 3608 4945 daemone
3635 4886 3754 4942 libe-

2154 4983 2289 5030 -rata
2320 4974 2546 5030 mirifice
2585 4974 2836 5041 traditur,
2863 4975 3001 5032 adeo
3032 4977 3242 5048 insigne
3282 4988 3337 5035 et
3374 4980 3616 5036 solemne
3642 4990 3750 5034 esse

2175 5066 2382 5135 debuit,
2439 5079 2498 5122 ut
2527 5068 2842 5124 incredibile
2885 5067 3047 5140 plane
3090 5070 3161 5124 sit
3198 5070 3343 5141 quod
3394 5088 3492 5142 per
3532 5074 3751 5144 quinque

2177 5161 2393 5216 circiter
2434 5160 2629 5215 sarcula
2661 5158 2795 5215 nihil
2821 5159 2889 5217 de
2922 5159 3014 5215 illo
3045 5161 3245 5218 litteris
3275 5162 3545 5235 quispiam
3584 5159 3749 5235 prodi-

2175 5253 2339 5321 derit,
2370 5255 2684 5325 primusque
2709 5252 2799 5323 qui
2822 5251 2940 5325 ejus
2960 5250 3146 5309 fecerit
3166 5254 3520 5324 mentionem,
3538 5253 3748 5326 septimo

2178 5346 2263 5403 vel
2307 5358 2498 5403 octavo
2538 5347 2736 5413 sacculo
2766 5347 3068 5404 Coronatus
3112 5347 3365 5406 Notarius
3413 5330 3597 5408 fuerit:
3628 5346 3746 5404 Dein

2182 5458 2329 5498 num.
2362 5440 2417 5510 5,
2450 5444 2837 5498 monasterium
2878 5442 2931 5498 in
2965 5458 3072 5514 quo
3100 5442 3158 5500 S.
3187 5444 3333 5501 Zeno
3362 5461 3487 5504 cum
3525 5442 3748 5518 pluribus

2178 5535 2297 5591 aliis
2341 5546 2394 5591 ct
2423 5535 2613 5591 eodem
2662 5535 2881 5606 quidem
2932 5534 3165 5593 Zenonis
3220 5539 3442 5597 nomine
3487 5532 3747 5612 appellatis

2176 5627 2417 5702 degeret,
2462 5629 2688 5684 Veronae
2710 5628 2983 5701 publicum
3017 5628 3185 5685 fuisse
3216 5630 3505 5702 indicatur,
3530 5627 3664 5701 quod
3688 5624 3746 5682 de

2180 5724 2351 5780 tribus
2375 5722 2559 5792 primis
2586 5722 2817 5789 sacculis,
2847 5736 2967 5776 cum
2998 5721 3296 5779 Christiani
3331 5724 3747 5794 persecutionum

2182 5834 2344 5877 causa
2370 5817 2666 5887 latitantes,
2716 5815 2849 5872 nihil
2878 5814 3110 5887 publica:
3163 5816 3542 5881 aedificationis
3578 5813 3746 5889 pra-fe-
