3952 6320
203 310 264 373 ’17
975 306 1425 369 DISSERTATIU
1460 308 1503 378 l,
1546 305 1633 366 DE
1663 305 1720 368 S.

1850 307 1916 365 N.
1943 298 2194 367 TBACT.
2229 308 2319 368 ET
2348 309 2626 371 )ETATE.

3380 300 3449 358 78

196 421 392 487 rebant,
414 418 719 477 incredibile
739 418 957 478 omnino
983 431 1087 480 est.
1112 424 1381 482 Prmtcrea
1406 424 1744 494 imperatoris
1771 425 1819 486 Α
1850 432 2030 495 patum
2063 424 2386 481 certioribus
2414 438 2678 483 annorum
2706 420 2968 481 limitibus
2997 415 3449 477 circumscribere

194 512 397 569 nomine
419 511 563 569 Zeno
608 521 822 585 rogatus
851 522 908 571 ut
936 514 1097 570 tiliam
1130 517 1246 586 ejus
1268 531 1297 572 a
1320 516 1564 573 dmmone
1589 531 1751 573 vexa-

196 615 292 660 tam
318 614 539 671 sanaret,
568 621 685 661 cum
728 621 795 663 eo
825 606 1094 678 profectus
1123 608 1375 679 ejecisset
1400 608 1747 673 daemonium,

191 713 420 753 coronam
472 699 712 768 regalem,
762 716 919 770 quam
968 700 1081 771 ipse
1132 698 1409 757 Gallienus
1459 702 1752 772 imperator

188 789 341 859 capite
386 804 477 842 suo
515 789 761 860 gestabat,
816 789 885 845 ab
926 790 1117 848 eodem
1170 792 1447 861 accepisse
1497 790 1747 859 traditur,

188 896 331 954 quam
361 896 477 937 mox
505 883 823 953 pauperibus
852 883 1127 941 distribuit
1157 902 1171 940 :
1201 901 1323 940 cum
1355 894 1480 941 ante
1507 883 1752 941 Aurelia-

185 988 298 1029 num
328 973 376 1029 id
400 975 609 1045 generis
634 985 1011 1034 ornamentum
1040 976 1302 1034 Romanis
1335 976 1751 1050 imperatoribus

180 1081 276 1121 non
306 1067 457 1121 fuerit
492 1066 545 1121 in
579 1082 700 1121 usu.
734 1067 866 1135 Quis
896 1069 1019 1124 dein
1052 1070 1188 1125 tueri
1218 1070 1570 1141 probabiliter
1601 1080 1750 1142 pote-

178 1161 242 1216 rit
276 1160 541 1217 ethnicum
607 1160 989 1231 imperatorem
1044 1162 1254 1219 Zenoni
1294 1165 1635 1221 concessisse
1691 1170 1752 1219 ut

178 1254 305 1309 idola
330 1256 496 1310 omnia
520 1255 827 1323 destrueret,
874 1266 923 1310 et
957 1258 1012 1311 in
1038 1255 1229 1313 Christi
1261 1259 1464 1313 nomine
1510 1257 1749 1314 ecclesias

179 1348 466 1419 fabricaret;
511 1338 692 1418 idque,
724 1363 846 1403 cum
884 1348 928 1403 is
956 1348 1227 1406 Veronam
1273 1350 1597 1425 repeliisset,
1636 1349 1750 1405 fac-

180 1452 281 1499 tum
320 1442 477 1498 fuisse
497 1441 522 1494 ‘l
546 1440 619 1497 ita
646 1450 703 1496 ut
731 1456 853 1496 cum
887 1456 955 1498 ne
984 1456 1087 1496 uua
1126 1439 1343 1514 quidem
1376 1442 1587 1512 publica
1614 1440 1743 1496 alibi

181 1534 465 1592 cbristianis
516 1533 747 1591 ecclesia
801 1534 995 1601 fuerit,
1046 1533 1274 1591 Veronte
1323 1550 1418 1603 per
1470 1533 1743 1591 Zenonem

181 1627 493 1698 imperatoris
534 1626 650 1697 ejus
680 1625 934 1681 mandato
959 1626 1140 1703 plures
1165 1625 1367 1683 iuerint
1395 1637 1745 1693 constructae,

182 1719 246 1775 uti
284 1718 515 1791 proditur
554 1733 609 1774 n.
641 1718 694 1773 7.
728 1716 836 1776 Sed
886 1720 1040 1790 plura
1065 1718 1193 1790 alia,
1238 1735 1358 1792 quae
1407 1719 1745 1776 considerari

1852 517 1999 574 licet.
2056 518 2278 576 Sextum
2359 520 2727 577 Vcronensem
2805 518 3117 589 episcopum
3176 512 3447 569 Lucillum

1852 608 2054 667 vixisse
2083 626 2174 666 an.
2216 611 2343 678 556,
2367 621 2460 667 aut
2506 613 2695 666 saltem
2729 609 3014 682 (siquidem
3060 605 3259 662 obierit
3285 604 3447 675 paulo

1852 703 1998 774 ante)
2028 702 2205 759 vivum
2237 719 2304 761 eo
2342 718 2485 760 anno
2522 703 2590 759 ab
2617 702 2911 758 Athanasio
2935 698 3233 772 judicatum
3282 695 3451 753 fuisse

1851 794 2157 852 luculenter
2187 796 2533 867 probavimus
2560 794 2587 868 ᾗ
2621 796 2676 851 5.
2701 794 2909 855 Lucilio
2947 803 3127 849 autem
3158 790 3409 861 Gricinus
3431 830 3448 854 ,

1852 903 1947 945 seu
1978 890 2271 948 Gricbinus
2299 906 2365 948 ex
2407 890 2775 959 catalogorum
2814 888 3005 944 ordine
3030 887 3293 957 septimus
3322 897 3448 939 suc-

1851 981 2017 1039 cessit
2048 998 2064 1037 :
2098 980 2241 1038 hunc
2269 991 2451 1038 autem
2484 990 2710 1038 octavus
2756 979 2973 1050 excepit
3000 977 3056 1032 S.
3086 976 3252 1043 Zeno,
3284 990 3445 1046 quem

1851 1073 2068 1143 quidem
2120 1074 2383 1141 Bricbini,
2442 1076 2515 1130 uti
2568 1074 2846 1145 appellat,
2903 1085 3275 1128 successorem
3331 1068 3449 1138 ipse

1852 1165 2014 1223 etiam
2030 1167 2274 1225 Andreas
2290 1168 2569 1225 Dandulus
2598 1169 2649 1223 in
2676 1166 2946 1224 Chronico
2977 1163 3229 1236 prodidit,
3249 1163 3342 1218 lib.
3371 1177 3448 1229 tv,

1852 1271 1972 1330 cap.
2003 1260 2057 1326 5,
2086 1269 2215 1316 tom.
2249 1277 2329 1319 xtt
2368 1260 2569 1317 Rerum
2616 1258 2813 1326 ltalic.,
2842 1274 2966 1331 pag.
3016 1258 3106 1315 55.
3134 1255 3307 1312 Porro
3345 1252 3449 1308 Ze-

1852 1364 2049 1407 nonem
2078 1352 2188 1409 vita
2209 1353 2320 1425 jam
2347 1354 2612 1421 functum,
2651 1367 2773 1411 cum
2814 1352 2873 1411 8.
2906 1350 3224 1408 Ambrosius
3251 1347 3318 1404 ad
3350 1346 3453 1419 Sy-

1851 1448 2059 1520 agrium
2107 1450 2360 1520 scripsit,
2389 1449 2579 1508 eadem
2627 1449 2785 1505 tertio
2824 1445 3165 1520 paragrapho
3209 1441 3452 1501 ostendi-

1852 1558 1995 1599 mus.
2028 1542 2177 1600 Hanc
2197 1554 2375 1600 autem
2404 1543 2674 1601 Ambrosii
2702 1542 2986 1613 epistolam
3013 1539 3250 1599 editores
3276 1538 3452 1595 Bene-

1852 1633 2041 1691 dictini
2086 1634 2312 1708 alligant
2362 1650 2503 1693 anno
2529 1636 2747 1693 circiter
2776 1634 2903 1702 580,
2956 1634 3027 1690 ita
3071 1644 3249 1689 tamen
3288 1642 3346 1687 ut
3393 1632 3448 1687 in

1852 1726 2045 1784 ordine
2070 1727 2452 1800 chronologico
2488 1728 2837 1810 epistol-arum
2874 1728 3161 1785 advertant
3210 1742 3306 1782 eos
3356 1726 3450 1797 qui

179 1820 401 1881 possent,
433 1811 740 1866 omittamus
771 1827 785 1865 :
818 1810 934 1867 inec
962 1812 1107 1868 enim
1136 1812 1202 1867 ad
1234 1813 1557 1868 narrationis
1586 1811 1744 1883 hujus
1770 1819 1821 1881 B
1851 1817 1992 1875 hunc
2019 1836 2222 1877 annum
2264 1821 2515 1893 ingerunt
2543 1833 2594 1877 et
2628 1821 2925 1887 inculcant,
2967 1821 3166 1875 nullam
3195 1819 3454 1891 apiniortis

176 1907 465 1978 ﬁgmentum
490 1906 970 1963 demonstrandum
985 1908 1124 1981 apud
1150 1908 1594 1982 idoneosjutlices
1615 1912 1748 1968 satis

175 2013 424 2071 superque
447 2008 587 2056 sunt.
614 2001 673 2057 Si
695 2016 825 2058 vero
846 2001 1050 2074 aliquid
1072 2004 1181 2058 veri
1208 2002 1349 2058 inter
1371 2002 1745 2075 improbabilia

176 2092 307 2159 latet,
336 2093 460 2149 illud
490 2111 649 2151 unum
682 2094 957 2167 conjicere
1004 2111 1312 2168 possumus,
1346 2099 1463 2153 inec
1504 2096 1747 2154 Corona-

176 2192 272 2240 tum
313 2201 374 2242 ex
416 2188 550 2259 vulgi
604 2188 892 2244 traditione
940 2186 1058 2245 sine
1102 2188 1211 2244 ullo
1254 2188 1504 2250 examine
1551 2189 1747 2247 litteris

172 2278 469 2349 prodidisse.
502 2278 786 2335 Traditum
818 2279 1060 2337 fortassis
1093 2279 1268 2339 fuerat
1321 2282 1613 2354 antiquitus
1644 2280 1749 2338 Ze-

172 2388 348 2429 nonem
381 2373 656 2444 cujusdam
681 2372 912 2430 Gallieni
940 2373 1103 2430 tiliam
1122 2390 1152 2428 a
1178 2376 1423 2431 dthOIte
1449 2376 1710 2431 liberasse
1728 2418 1745 2443 ,

172 2477 219 2521 et
243 2481 353 2521 cum
385 2467 540 2541 vulgo
570 2474 728 2522 notus
753 2476 901 2522 esset
941 2466 1222 2523 Gallienus
1257 2468 1573 2537 imperator,
1615 2466 1747 2523 Gal-

173 2559 283 2615 lieni
336 2561 670 2632 imperatoris
722 2562 888 2615 liliam
939 2575 970 2616 a
1017 2559 1237 2618 Zenone
1279 2561 1557 2616 liberatam
1608 2559 1745 2615 tradi

172 2657 333 2726 capit.
360 2655 415 2711 ln
436 2653 793 2727 scriptoribus
812 2655 911 2710 aevi
935 2655 1256 2726 posterioris
1277 2654 1542 2726 ejusmodi
1568 2655 1748 2727 lapsus

173 2748 453 2820 frequentes
487 2756 801 2818 occurrunt,
833 2758 893 2804 ut
920 2763 1042 2804 cum
1086 2748 1332 2819 quaedam
1368 2765 1454 2803 ex.
1486 2764 1570 2819 gr.
1612 2766 1747 2817 prae-

173 2841 326 2898 sidum
350 2841 563 2898 nomina
591 2842 983 2914 imperatorum
1026 2842 1340 2897 nominibus
1367 2841 1565 2897 similia
1590 2848 1765 2913 repe-'

174 2939 349 3004 rerint,
396 2937 757 3009 imperatores
802 2952 870 2992 ex
920 2937 1239 3007 prmsidibus
1285 2936 1533 2993 fecerint.
1586 2936 1747 2993 Forte

173 3028 422 3085 Gallienus
451 3026 564 3096 ille,
597 3027 753 3099 cujus
793 3029 1003 3083 unicam
1030 3026 1197 3083 tiliam
1240 3026 1297 3084 S.
1333 3027 1477 3085 Zeno
1515 3031 1773 3091 curavit,"

178 3120 541 3193 Palatit(locus
581 3132 665 3178 est
718 3123 860 3179 inter
907 3124 1227 3179 Tridentum
1275 3133 1330 3179 et
1378 3123 1642 3180 Veronam
1691 3123 1744 3178 in

1849 1929 1957 1968 sua:
2006 1914 2254 1969 rationem
2309 1914 2540 1969 reddere.
2591 1911 2701 1971 Nos
2726 1912 2943 1984 quidem
2989 1913 3270 1985 aliquanto
3327 1920 3454 1980 post

1852 2007 1996 2063 hunc
2021 2022 2225 2064 annum
2248 2050 2264 2076 ,
2294 2023 2402 2064 non
2432 2017 2614 2065 autem
2640 2008 2824 2073 citius,
2868 2021 2962 2063 eas
2987 2005 3198 2061 litteras
3225 2004 3293 2060 ab
3324 2006 3454 2058 Am-

1852 2100 2035 2157 brosio
2080 2100 2234 2157 datas
2281 2100 2407 2157 inde
2463 2099 2783 2171 conjicimus
2832 2098 2977 2172 quod
3017 2097 3253 2154 Zenonis
3302 2111 3452 2161 mors

1851 2208 1957 2249 non
2008 2193 2192 2260 citius,
2225 2192 2318 2250 sed
2364 2192 2542 2249 serius
2582 2192 2895 2249 collocanda
2927 2191 3145 2247 aliunde
3181 2190 3450 2246 videatur.

1849 2283 1968 2340 Non
1990 2285 2169 2348 citius,
2195 2293 2255 2340 ut
2280 2284 2534 2343 idoneum
2566 2293 2831 2342 statuatur
2853 2293 3086 2356 tempus,
3109 2299 3216 2355 quo
3248 2283 3307 2340 S.
3347 2281 3457 2353 epi-

1850 2364 2049 2448 scopus
2102 2377 2496 2435 Veronensium
2568 2377 2949 2434 liberalitatem
3007 2377 3060 2432 in
3112 2376 3449 2447 captivorum

1850 2470 2226 2542 redemptione
2268 2471 2534 2543 insignem
2581 2468 2965 2528 commendare
3012 2468 3250 2540 potuerit
3290 2476 3448 2523 tract.

1853 2563 1923 2618 12
1975 2564 2069 2620 lib.
2098 2580 2138 2631 ι,
2187 2579 2306 2636 quze
2333 2564 2548 2634 quidem
2582 2563 2887 2633 redemptio
2911 2569 3015 2617 tam
3044 2560 3281 2618 celebris
3322 2575 3457 2616 exe-

1852 2657 2054 2712 cutioni
2102 2656 2343 2712 mandari
2400 2671 2506 2711 non
2555 2653 2765 2727 potuit,
2817 2654 2925 2711 nisi
2965 2652 3280 2725 aliquandiu
3327 2662 3451 2723 post

1853 2749 2423 2820 lladrianopolitanam
2448 2764 2703 2820 pugnam,
2724 2749 2778 2804 in
2808 2763 2909 2816 qua
2930 2747 3131 2804 Valens
3154 2748 3296 2820 diem
3319 2747 3456 2804 obiit

1855 2857 2043 2897 mense
2063 2841 2306 2912 Augusto
2332 2841 2458 2896 anni
2512 2840 2639 2908 578,
2684 2848 2742 2895 ut
2780 2855 2845 2896 ex
2877 2839 3188 2912 disputatis,
3232 2855 3351 2911 cap.
3384 2839 3452 2908 2,

1853 2935 1881 3006 §
1909 2935 1961 3000 7,
1986 2934 2248 3007 colligere
2269 2934 2501 3006 ,qniSque
2533 2941 2731 3004 potest.
2752 2932 2935 2991 Serius
2954 2947 3084 2990 vero
3111 2948 3178 2990 eo
3200 2948 3288 2989 an.
3322 2933 3450 2999 580,

1855 3032 1938 3088 vel
1983 3047 2127 3089 anno
2176 3030 2445 3102 sequenti,
2491 3029 2724 3087 Zenonis
2754 3039 2983 3085 mortem
3014 3028 3279 3086 accidisse
3320 3029 3453 3086 illud

1841 3142 1963 3182 .non
2020 3124 2447 3195 improbabiliter
2476 3123 2691 3191 suadet,
2721 3126 2861 3195 quod
2908 3124 2962 3179 in
3011 3122 3452 3194 frequentissimo
3520 3125 3531 3129 ’

176 3211 407 3269 Antonini
435 3213 725 3271 ltinerario
750 3214 1110 3286 memoratus)
1142 3215 1389 3287 degebat,
1420 3225 1476 3271 ut
1506 3216 1747 3272 marcbio
1774 3215 1818 3277 C
1854 3219 2162 3276 Occidentis
2211 3216 2443 3275 concilio
2484 3216 2745 3287 Aquileia:
2790 3216 2977 3273 habito
3028 3233 3119 3273 an.
3175 3218 3304 3285 58l,
3357 3219 3448 3275 ubi

171 3305 331 3376 Scipio
354 3305 591 3364 Maﬂeius
622 3308 676 3364 in
705 3308 935 3379 epistola
967 3309 1032 3364 ad
1055 3308 1299 3365 Coletutn
1332 3311 1533 3367 inserta
1560 3320 1688 3366 tom.
1717 3327 1748 3365 v

172 3398 319 3457 italia:
343 3416 506 3458 sacrze
524 3445 540 3470 ,
566 3417 691 3474 pag.
717 3402 847 3469 675,
873 3404 1180 3459 observavit
1210 3422 1223 3458 :
1255 3414 1309 3460 et
1334 3420 1454 3461 cum
1484 3404 1623 3461 idem
1657 3406 1749 3462 ille

170 3494 231 3549 ob
259 3497 479 3552 nominis
508 3496 918 3554 similitudinem
956 3513 1022 3554 ex
1052 3498 1328 3554 additione
1366 3499 1509 3571 vulgi
1551 3500 1603 3553 in
1648 3501 1747 3554 im-

170 3594 447 3656 peratorem
489 3588 803 3662 migrasset,
852 3590 955 3645 alia
1006 3590 1381 3661 improbabilia
1426 3593 1474 3647 ei
1503 3590 1747 3647 historiae

172 3679 385 3737 subinde
412 3683 631 3739 luerunt
659 3682 860 3751 addita,
890 3698 1006 3753 qua!
1040 3700 1067 3737 a
1116 3682 1388 3740 Coronato
1418 3695 1666 3756 suscepta
1694 3694 1748 3741 et

170 3771 351 3842 scripta
372 3771 744 3830 inveniuntur.
768 3773 875 3831 Sed
902 3776 1054 3847 plura
1079 3776 1133 3831 in
1156 3774 1239 3831 bis
1261 3776 1745 3848 conjectationibus

170 3861 441 3927 insumere.
467 3881 663 3922 vanum
707 3867 864 3938 plane
888 3878 941 3923 et
961 3868 1237 3939 indignum
1266 3870 1556 3926 credimus.
1580 3870 1746 3941 Quid-

170 3954 281 4025 quid
311 3958 465 4028 igitur
495 3958 672 4015 estde
698 3960 906 4031 origine
934 3959 1094 4030 hujus
1122 3960 1339 4029 fabulae,
1379 3978 1499 4032 qua:
1546 3961 1747 4018 Gallie-

168 4065 281 4105 num
298 4052 679 4123 imperatorem
702 4054 969 4120 inculcat;
993 4056 1176 4109 caeteri
1204 4070 1392 4111 omnes
1422 4056 1547 4112 licet
1567 4072 1746 4127 quam-

170 4141 356 4212 piures,
385 4155 438 4201 at
460 4161 578 4203 aevo
607 4146 824 4218 quidem
857 4146 1205 4217 pOSIeriores,
1238 4150 1325 4218 qui
1354 4148 1496 4203 illam
1525 4168 1554 4204 e
1578 4146 1745 4205 Coro-

168 4247 283 4293 nato
325 4242 602 4311 excepisse
642 4250 943 4297 noscuntur
971 4242 1063 4314 (ita
1103 4252 1159 4296 ut
1186 4258 1251 4297 ex
1288 4241 1477 4298 eodem
1521 4243 1742 4297 totidem

168 4345 295 4403 stupe
310 4335 480 4391 verbis
496 4342 797 4407 repetatur,
826 4349 889 4391 ac
912 4335 964 4389 in
988 4336 1132 4406 ipsas
1150 4333 1495 4404 antiphonas,
1519 4350 1745 4405 respon-

166 4426 293 4481 suria
325 4436 377 4482 et
427 4427 661 4500 hymnos
705 4427 832 4483 inde
862 4426 1281 4500 immigraverit)
1331 4444 1437 4484 non
1484 4429 1742 4497 majorem

170 4517 314 4576 ﬁdem
344 4533 659 4579 merentur:
692 4532 747 4579 et
788 4523 890 4578 bac
916 4523 1125 4578 ratione
1161 4524 1403 4579 evulsum
1450 4522 1661 4579 tandem
1689 4532 1743 4580 et

165 4624 396 4667 eversum
442 4615 660 4684 penitus
698 4612 846 4669 vides
877 4611 1313 4683 fundamentum,
1362 4613 1448 4668 cui
1490 4612 1736 4669 inclitum
1768 4605 1817 4665 D

166 4703 225 4760 de
267 4703 488 4763 Zenonis
512 4717 674 4763 :etate
700 4706 926 4763 Gallieni
960 4707 1244 4779 imperium
1272 4705 1567 4779 attingente
1597 4722 1733 4778 prm-

164 4796 398 4866 iudicium
420 4800 683 4856 innititur.
712 4799 827 4855 Hoc
847 4808 1025 4855 autem
1054 4801 1251 4871 posito,
1281 4799 1403 4870 quis
1427 4798 1529 4854 hac
1549 4813 1738 4854 narra-

168 4890 299 4946 tione
325 4900 481 4963 atque
518 4891 835 4963 prsejudicio
875 4892 1158 4963 neglec1is,
1208 4906 1315 4945 non
1347 4891 1517 4962 magis
1546 4905 1736 4945 assen-

167 4982 384 5057 tiendum
412 4993 561 5052 putet
605 4983 669 5039 iis
696 4985 1033 5039 documentis
1056 4984 1252 5055 quibus
1274 4981 1331 5039 S.
1361 4982 1512 5038 Zeno
1537 4983 1737 5038 saeculo

167 5087 342 5146 quarto
388 5079 588 5134 vixisse
637 5077 1021 5135 convincitur?
1068 5087 1125 5132 ut
1172 5076 1250 5133 sic
1301 5076 1476 5131 altero
1522 5074 1739 5130 Zenone

167 5172 395 5243 excluso,
423 5188 585 5244 quem
616 5172 945 5229 Veronensis
975 5172 1217 5229 Ecclesia
1263 5185 1534 5243 nunquam
1570 5184 1740 5240 agno-

166 5266 265 5337 vit,
313 5268 403 5326 ille
450 5284 639 5326 eorum
682 5275 1002 5325 tractatuum
1050 5277 1236 5323 auctor
1300 5265 1584 5332 habeatur,
1654 5262 1741 5318 cui

167 5359 245 5415 isti
267 5372 319 5418 et
364 5364 415 5418 in
458 5378 618 5429 mss.,
647 5371 701 5418 et
729 5377 757 5416 a
802 5362 1044 5434 pluribus
1072 5361 1447 5435 scriptoribus,
1487 5368 1542 5415 et
1570 5358 1738 5430 ipsius

168 5451 390 5508 ecclesiae
438 5453 762 5509 Veronensis
810 5453 1099 5510 traditione
1138 5451 1570 5509 constantissime
1600 5449 1731 5521 ‘vin-

167 5547 410 5605 ditantur.

170 5635 319 5715 [uxr]
334 5641 595 5715 5V.—S.
626 5638 845 5698 Zenonis
871 5651 996 5698 tetas
1021 5643 1170 5697 certis
1204 5642 1391 5713 finibus
1425 5641 1620 5708 clausa,
1636 5654 1740 5711 qua

427 5751 546 5790 cum
577 5734 747 5790 omnia
784 5736 1051 5792 convenire
1082 5743 1447 5792 monstrantur.

231 5830 302 5887 Ex
342 5830 607 5888 hactenus
651 5829 956 5887 constitutis
983 5829 1275 5901 Scriptoris
1317 5828 1487 5887 nostri
1530 5830 1740 5900 episco-

1852 3311 2033 3383 plures
2057 3310 2403 3369 ﬁnitimarum
2436 3310 2734 3381 prtesertim
2765 3311 2976 3369 urbium
3008 3311 3247 3381 episcopi
3278 3310 3448 3366 inter-

1852 3406 2072 3464 fuerunt
2094 3446 2110 3474 ,
2146 3405 2475 3462 Veronensis
2515 3420 2620 3460 non
2671 3413 2931 3474 appareat
2966 3402 3153 3474 :quod
3192 3404 3293 3460 etsi
3325 3404 3449 3459 aliis

1850 3500 1918 3557 de
1971 3504 2151 3557 causis
2196 3500 2417 3557 evenire
2447 3499 2615 3569 potuit
2665 3500 2793 3568 quin
2835 3496 2901 3551 ad
2950 3504 3177 3555 mortem
3245 3497 3450 3553 relera-

1850 3609 1970 3650 mus
2024 3593 2139 3665 (alii
2185 3594 2330 3650 enim
2379 3593 2582 3661 aliquot
2626 3591 2875 3647 similiter
2902 3588 3150 3662 abfuere)
3181 3597 3359 3647 tamen
3392 3590 3446 3647 id

1850 3701 1970 3742 eam
2001 3686 2139 3741 forte
2177 3683 2364 3740 habuit
2400 3698 2649 3748 causam,
2684 3681 2828 3750 quod
2858 3681 3078 3739 Zenone
3107 3692 3345 3750 mortuo,
3389 3679 3444 3737 id

1851 3778 2109 3843 temporis
2140 3775 2256 3831 hanc
2282 3774 2443 3832 sedes
2467 3784 2701 3831 vacaret.
2728 3774 2817 3829 Sic
2838 3775 2981 3832 enim
3012 3790 3225 3846 mquum
3250 3789 3451 3830 memo-

1850 3881 1984 3925 rata:
2061 3867 2416 3938 redemptiuni
2489 3876 2699 3937 tempus
2764 3866 3105 3937 relinquitur.
3177 3866 3449 3938 Quidquid

1848 3972 2027 4021 autem
2072 3961 2124 4017 id
2151 3969 2255 4024 est,
2309 3960 2495 4030 procul
2521 3959 2687 4015 dubio
2728 3959 2870 4017 inter
2894 3975 3094 4015 anitum
3124 3957 3230 4015 556
3255 3968 3310 4015 et
3339 3958 3446 4016 580

1847 4055 2065 4110 circiter
2094 4053 2329 4109 Zenonis
2350 4051 2591 4122 episcopi
2613 4062 2745 4107 mtas
2776 4050 3054 4107 statuenda
3086 4059 3187 4107 est.

1918 4146 2056 4203 liuic
2101 4146 2247 4203 aetati
2277 4161 2438 4216 quam
2468 4145 2608 4201 belle
2637 4154 2938 4216 congruant
2957 4145 3136 4200 omnia
3159 4159 3280 4215 qua:
3308 4158 3448 4214 prte-

1847 4241 2035 4297 sertim
2082 4254 2148 4296 ex
2190 4238 2507 4295 tractatibus
2543 4239 2726 4309 aliqua
2773 4238 3031 4308 temporis
3061 4247 3186 4293 nota
3214 4236 3445 4308 signatis

1846 4332 2330 4389 animadvertimus
2359 4331 2537 4401 capite
2567 4330 2838 4395 secundo,
2871 4337 3159 4400 antequam
3190 4327 3446 4385 declara-

1846 4443 1988 4494 mus,
2020 4427 2202 4493 liceat,
2232 4439 2438 4497 quaeso,
2477 4425 2595 4481 sine
2639 4425 2744 4480 ulla
2774 4422 3013 4481 audaciae
3052 4437 3280 4505 censura
3327 4423 3444 4494 epi-

1846 4534 2099 4599 scopatus
2136 4527 2253 4596 ejus
2300 4525 2509 4580 initium
2551 4524 2646 4595 (de
2690 4523 2797 4580 line
2839 4523 2981 4579 enim
3011 4522 3242 4577 certiora
3275 4520 3446 4577 docu-

1847 4630 2026 4676 menta
2085 4615 2499 4690 suggessimus)
2537 4614 2934 4684 conjectatioue
2981 4612 3213 4679 quadam
3242 4653 3259 4680 ,
3317 4628 3441 4683 qua:

1847 4710 2016 4767 menti
2060 4709 2317 4775 occurrit,
2348 4708 2607 4772 indicare,
2637 4707 2708 4762 ita
2743 4716 2919 4763 tamen
2944 4715 3003 4761 ut
3030 4720 3140 4761 non
3166 4702 3441 4760 afﬁrmare

1850 4804 2140 4876 quidquam
2183 4802 2416 4859 velimus
2443 4845 2458 4869 ,
2508 4802 2604 4858 sed
2657 4800 2707 4857 id
2757 4801 2914 4857 unice
2960 4813 3265 4871 proponere
3291 4796 3436 4866 quod

1843 4891 1936 4952 alii
1962 4896 2261 4953 consultius
2311 4894 2625 4952 examinem
2650 4937 2663 4960 ,
2691 4893 3131 4963 melioribusque,
3160 4892 3203 4946 si
3228 4905 3444 4961 repere-

1844 4989 1972 5058 rint,
2002 4988 2177 5047 edocti
2218 4988 2605 5057 monumentis,
2635 4989 2748 5044 sive
2775 4995 3055 5058 respuant,
3088 4986 3203 5042 sive
3242 4984 3441 5041 contir-

1843 5090 2012 5139 ment.
2061 5084 2136 5137 Ex
2174 5090 2472 5139 memorata
2503 5080 2774 5136 Ambrosii
2814 5079 3035 5150 epistola
3064 5092 3214 5133 num.
3245 5076 3308 5131 2i
3347 5092 3440 5147 pa-

1845 5182 1964 5242 tet,
2013 5173 2268 5232 lndiciam
2324 5175 2586 5245 virginetn
2627 5173 2736 5243 jam
2770 5171 3108 5229 benedictam
3149 5185 3177 5223 a
3222 5167 3440 5225 Zenone

1844 5267 2123 5338 episcopo,
2158 5267 2415 5323 habitasse
2438 5283 2544 5323 una
2593 5282 2713 5321 cum
2746 5265 3076 5330 Marcellino,
3106 5260 3271 5337 ipsius
3302 5260 3437 5316 Am-

1845 5359 2013 5417 brosii
2040 5375 2247 5429 sonore,
2292 5361 2471 5416 Romae
2510 5362 2565 5415 in
2586 5360 2737 5415 domo
2775 5368 2969 5426 nostra,
3004 5358 3176 5427 inquit
3199 5356 3431 5410 Ambro-

1842 5451 1979 5520 sius,
2011 5452 2156 5508 nobis
2184 5452 2470 5507 absentibus
2487 5494 2502 5520 ,
2532 5451 2585 5507 id
2609 5460 2690 5507 est
2710 5466 2832 5508 cum
2853 5450 3172 5507 Ambrosius
3190 5444 3430 5502 nondum

1844 5545 2131 5615 episcopus
2160 5543 2433 5599 Romanas
2460 5543 2605 5599 aedes
2634 5543 2855 5599 domum
2885 5557 3036 5599 suam
3072 5545 3431 5609 agnosceret,

1843 5635 1899 5692 in
1922 5638 2114 5709 quibus
2140 5637 2381 5697 habitare
2411 5641 2479 5693 de
2507 5651 2657 5691 more
2687 5636 2923 5699 soleret;
2957 5647 3114 5688 secus
3142 5626 3440 5700 prmteriis—

1846 5739 1930 5788 set
1958 5738 2013 5788 et
2037 5730 2298 5787 formulas
2338 5730 2391 5784 in
2421 5729 2570 5784 domo
2595 5738 2793 5792 nostra,
2820 5741 2941 5781 cum
2973 5724 3167 5779 domus
3195 5720 3435 5792 episcopi

1849 5840 1958 5882 non
2007 5822 2111 5878 alia
2157 5824 2227 5878 sit
2265 5823 2364 5879 nisi
2395 5818 2720 5892 episcopalis
2747 5816 2970 5881 domus;
3004 5822 3062 5870 ct
3097 5813 3217 5870 illas
3241 5813 3432 5868 absen-
