3952 6320
290 261 358 316 79
1657 243 2189 304 pnouaconeus.
3501 255 3562 310 30

288 380 424 436 tibus
467 376 610 432 nobis
634 415 648 442 ,
676 374 868 446 quibus
899 369 1137 426 indicare
1177 365 1388 422 videtur
1428 377 1487 419 se
1519 362 1587 418 ab
1615 377 1679 418 ea
1720 362 1882 417 domo
1910 365 1959 425 Α
1987 361 2129 432 quod
2181 363 2230 417 in
2279 364 2445 418 veteri
2489 363 2625 420 libro
2656 365 3131 423 Sacramentorum
3179 368 3430 425 ecclesia:
3458 372 3574 425 Am-

293 480 407 527 tum
440 469 603 525 veluti
631 481 756 522 casu
801 463 1056 527 abfuisse,
1087 459 1231 531 quod
1281 474 1387 512 non
1438 455 1542 511 nisi
1581 456 1633 510 in
1673 466 1886 525 tempus
1992 459 2280 524 brosianze,
2315 475 2475 530 quem
2521 459 2792 516 Parnelius
2837 461 3027 527 edidit,
3073 479 3194 517 cum
3225 479 3276 516 γι
3325 463 3448 518 idus
3486 463 3576 518 de-

293 575 420 620 ante
473 562 836 633 episcopatum
882 556 998 626 ejus
1046 552 1207 608 cadit.
1264 549 1426 620 Atqui
1467 550 1524 603 8.
1572 546 1888 603 Ambrosius
1991 551 2226 608 cembris
2279 552 2335 607 S.
2382 552 2613 609 Zenonis
2655 553 2819 609 missa
2870 554 3213 623 describam,
3246 568 3359 611 tum
3418 558 3468 611 in
3522 573 3580 611 η

295 661 662 729 episcopatum
711 651 843 706 adiit
885 666 974 704 an.
1008 649 1135 703 574.
1178 645 1343 717 Igitur
1385 652 1509 698 ante
1548 657 1746 696 annum
1785 640 1890 695 574
1993 644 2165 698 oratio
2193 645 2384 714 legitur
2422 661 2543 717 pag.
2571 645 2700 714 458,
2726 662 2848 717 qua:
2878 646 2947 702 de
2978 647 3321 703 ordinatione
3350 647 3584 718 ejusdem

295 753 490 810 Indicia
523 766 551 803 a
579 749 798 804 Zenone
823 745 1083 814 episcopo
1109 748 1448 804 consecrata,
1482 737 1666 791 Romae
1697 734 1889 789 fuerat.

2042 779 2051 792 .
2085 739 2324 808 episc0pi
2349 739 2593 794 meminit
2616 742 2954 812 apertissime
2984 742 3069 796 his
3093 743 3271 798 verbis
3297 761 3310 797 :
3346 742 3589 812 Omnipo-

296 845 479 916 Itaque
511 841 743 897 Zenonis
774 826 1016 909 episc0pi
1049 834 1199 890 initia
1241 842 1367 887 ante
1397 831 1538 886 hunc
1558 843 1756 884 annum
1786 825 1892 882 574
1997 841 2105 885 tens
2140 832 2444 898 sempiterne
2479 832 2615 888 Deus
2637 876 2651 899 ,
2692 835 2779 904 qui
2813 834 3014 888 beatum
3041 834 3298 890 Zenonem
3329 837 3592 906 confesso-

295 934 607 995 collocanda
637 941 797 997 sunt;
829 946 892 986 ac
919 936 1203 1000 praeterea,
1239 935 1294 980 ut
1320 940 1532 994 mquum
1564 932 1771 990 tempus
1796 918 1894 974 de-

2042 941 2106 976 rm
2131 935 2273 978 tuum
2300 923 2696 994 Pontiﬁcalibus
2740 927 2922 998 infulis
2949 927 3224 993 decorasti,
3252 940 3359 984 etc.
3393 927 3596 984 Eodem

296 1042 382 1088 tur
411 1040 466 1087 et
496 1029 742 1084 Romano
789 1024 1009 1081 Indicia:
1050 1021 1231 1077 itineri
1259 1035 1322 1076 ac
1349 1033 1517 1074 morae
1544 1018 1596 1072 in
1625 1013 1896 1070 Ambrosii
1999 1031 2214 1087 quoque
2266 1017 2354 1072 die
2397 1017 2753 1074 ordinationis
2802 1019 2997 1074 festum
3045 1021 3336 1075 notabatur
3392 1023 3445 1076 in
3492 1035 3597 1075 ms.

297 1123 527 1184 aedibus.
552 1130 608 1177 et
640 1121 863 1190 insuper
883 1115 1282 1173 consecratioui
1304 1127 1368 1168 ac
1404 1109 1707 1181 probationi
1747 1107 1898 1178 ejus-
2001 1111 2390 1182 martyrologio
2441 1111 2770 1168 Veronensis
2809 1113 3054 1169 ecclesia:
3107 1128 3197 1168 an.
3247 1113 3410 1180 1274,
3460 1113 3603 1184 quod

297 1214 669 1272 demVeronae
689 1229 784 1283 per
816 1211 1119 1276 Zenonem,
1139 1217 1197 1264 ut
1218 1222 1286 1263 ne
1313 1221 1340 1260 a
1359 1206 1576 1261 Zenone
1599 1205 1686 1258 vix
1715 1211 1899 1258 creato
2002 1203 2202 1275 Bagata
2248 1214 2303 1259 et
2334 1204 2583 1261 Perettus
2609 1206 2846 1278 allegant
2889 1207 2940 1261 in
2972 1209 3340 1263 monumentis
3368 1207 3606 1277 antiquis

299 1308 543 1364 antistite
567 1305 750 1376 paucis
767 1301 960 1377 [Lxxu]
990 1301 1266 1358 mensibus
1297 1299 1540 1369 probata,
1566 1305 1621 1352 et
1651 1293 1901 1368 virginali
2006 1299 2100 1355 SS.
2133 1298 2512 1369 episcoporum
2545 1299 2964 1368 Veronensium,
2996 1317 3115 1373 pag.
3148 1301 3233 1368 l6,
3252 1311 3308 1356 et
3338 1310 3608 1372 praeterea

298 1401 422 1457 velo
453 1398 708 1471 imposito
730 1395 1017 1452 benedicta
1046 1393 1226 1461 fuerit,
1261 1391 1403 1461 quod
1433 1388 1705 1445 Ambrosii
1737 1388 1902 1443 verba

302 1506 605 1564 sensusque
633 1507 738 1546 non
761 1488 1058 1558 recipiunt;
1083 1485 1232 1542 Zeno
1249 1484 1523 1555 aliquanto
1544 1490 1670 1538 ante
1702 1494 1903 1534 annum

2006 1391 2060 1445 in
2106 1392 2237 1462 ipsis
2294 1393 2681 1449 vetustioribus
2727 1393 2886 1465 hujus
2934 1395 3184 1451 ecclesia:
3214 1397 3608 1463 monumentis,

2006 1483 2096 1554 qui
2127 1483 2316 1540 eodem
2371 1484 2460 1539 die
2509 1484 2743 1541 basilica:
2784 1486 3180 1542 dedicationem
3229 1496 3442 1554 notant,
3496 1503 3613 1542 non

302 1606 517 1664 quoque
543 1589 649 1645 575
679 1587 1050 1657 episcopatum
1079 1582 1307 1654 adeptus
1336 1581 1441 1637 dici
1471 1579 1653 1635 debet.
1689 1577 1822 1633 Dein
1852 1576 1905 1630 in
2007 1578 2187 1633 omnia
2215 1578 2266 1632 in
2296 1579 2465 1634 sacris
2491 1578 2684 1634 officiis
2711 1579 2779 1635 de
2810 1582 3054 1638 ecclesia:
3083 1580 3430 1638 dedicatione
3459 1591 3614 1647 sunt,

304 1685 556 1740 omnibus
582 1680 819 1751 antiquis
848 1677 1180 1734 Veronensis
1211 1673 1459 1730 ecclesia:
1483 1672 1638 1726 libris
1669 1680 1778 1726 tres
1801 1685 1902 1723 no-
2008 1684 2068 1728 ut
2099 1673 2212 1729 fere
2241 1673 2416 1729 solent
2467 1675 2518 1729 in
2550 1675 2762 1730 caeteris
2806 1675 2979 1743 libris,
3035 1691 3158 1731 cum
3211 1675 3615 1732 dedicationem

306 1787 489 1832 tantur
509 1775 648 1840 dies,
673 1774 724 1828 in
748 1771 944 1843 quibus
971 1768 1204 1824 Zenonis
1227 1766 1485 1824 memoria
1510 1763 1678 1819 sacris
1707 1761 1902 1817 officiis
1931 1754 1980 1816 B
2009 1769 2238 1840 alicujus
2256 1768 2499 1825 ecclesia:
2520 1768 2899 1826 celebrandam
2921 1769 3226 1842 designant,
3249 1769 3393 1842 quod
3423 1769 3621 1826 videre

305 1868 682 1926 celebrabatur
712 1883 725 1919 :
759 1863 940 1918 Pridie
969 1863 1084 1917 idus
1124 1861 1308 1932 aprilis
1344 1858 1594 1927 depositio
1639 1854 1701 1911 S.
1735 1854 1906 1909 Zeno-
2011 1870 2096 1916 εει
2135 1862 2188 1915 in
2220 1861 2582 1917 monumentis
2604 1877 2634 1916 a
2659 1862 2960 1918 venerabili
3001 1863 3294 1919 Thomasio
3325 1863 3486 1919 editis
3512 1905 3530 1928 ’
3564 1872 3623 1919 et

305 1965 418 2030 nis,
473 1977 549 2017 xu
591 1961 697 2015 kal.
740 1958 882 2032 junii
911 1955 1187 2010 translatio
1231 1954 1292 2010 S.
1325 1951 1574 2016 Ζεηοηίδ,
1623 1965 1674 2003 Vl
1716 1949 1790 2002 id.
1823 1947 1911 2001 dc-
2015 1953 2066 2008 in
2097 1953 2532 2008 Sacramentario
2562 1953 2620 2010 8.
2653 1955 2896 2025 Gregorii
2923 1973 2935 2008 :
2962 1955 3057 2012 sed
3081 1955 3354 2027 pleraque,
3379 1971 3446 2010 ac
3475 1971 3623 2026 prae-

306 2059 520 2113 cembris
550 2054 810 2109 dedicatio
851 2051 1076 2106 ecclesiae
1115 2047 1179 2104 S.
1208 2047 1454 2102 Zenonis.
1483 2045 1541 2100 In
1581 2059 1690 2098 uno
1716 2058 1909 2098 mona-
2014 2048 2200 2103 ser-tim
2232 2047 2387 2102 Missa
2410 2062 2476 2102 eo
2507 2048 2624 2117 ipso
2651 2047 2738 2104 die
2783 2049 2990 2119 signata
3017 2064 3080 2104 ac
3123 2049 3342 2105 recitata
3370 2089 3386 2113 ,
3419 2047 3487 2103 ad
3517 2047 3626 2103 Ze-

307 2147 478 2204 sterio
527 2144 766 2200 basilicae
818 2142 877 2197 S.
907 2139 1146 2195 Zenonis
1177 2145 1525 2192 monumenta
1556 2134 1756 2199 omnia,
1791 2147 1912 2202 quae

309 2242 516 2311 reliqua
547 2247 694 2305 sunt,
718 2237 848 2292 licet
879 2251 986 2290 non
1019 2233 1245 2288 multum
1272 2231 1516 2300 antiqua,
1549 2238 1776 2300 quatuor
1797 2228 1914 2283 dies

315 2336 486 2392 festos
519 2333 815 2397 adnotant;
856 2328 1072 2384 additur
1124 2325 1270 2382 enim
1331 2325 1522 2380 festum
1556 2322 1914 2378 ordinationis

317 2432 377 2490 S.
434 2427 692 2491 Zenonis,
722 2425 824 2480 hoc
868 2438 975 2477 uno
1022 2419 1333 2476 discriminc
1373 2427 1433 2474 ut
1468 2433 1574 2489 quo
1620 2416 1708 2472 die
1737 2432 1791 2471 vr
1837 2414 1912 2469 id.

317 2524 428 2579 dec.
459 2520 578 2576 aliis
623 2520 838 2589 signant
865 2515 1238 2569 dedicationem
1285 2513 1509 2567 ecclesiae
1558 2511 1620 2567 S.
1667 2509 1914 2575 Zenonis,

316 2617 371 2672 lii
405 2615 528 2672 libri
558 2614 648 2684 qui
678 2613 745 2667 ad
786 2611 1031 2667 eamdem
1059 2607 1338 2663 basilicam
1367 2607 1663 2677 pertinent,
1720 2606 1918 2674 majus-

316 2723 420 2780 que
467 2706 536 2762 de
563 2704 682 2776 ejus
703 2701 1045 2759 dedicatione
1077 2697 1313 2756 officium
1353 2698 1653 2761 celebrare,
1681 2695 1921 2751 caeteris-

321 2818 424 2874 que
456 2799 710 2871 przrferre
741 2796 1080 2858 debuissent,
1110 2790 1493 2848 celebrandam
1539 2799 1725 2845 notent
1777 2789 1922 2843 ordi-

321 2895 577 2948 nationem
605 2890 668 2950 S.
696 2888 940 2952 Zenonis,
964 2897 1017 2941 et
1039 2883 1248 2939 duobus
1277 2883 1466 2937 diebus
1499 2891 1641 2952 post,
1677 2881 1727 2935 id
1755 2888 1840 2934 est
1869 2896 1919 2935 IV

323 2986 398 3040 id.
430 2983 729 3044 decembris,
758 2979 994 3034 basilica:
1020 2975 1415 3039 dedicationem
1454 2973 1756 3043 designent.
1785 2969 1923 3026 Vide

323 3075 634 3148 paschalem
660 3071 881 3144 Cyclum
902 3068 1134 3123 solarem
1166 3065 1442 3131 mobilem,
1471 3079 1557 3119 an.
1588 3062 1752 3128 1455,
1772 3078 1924 3118 com-

2017 2142 2173 2215 ponis
2216 2141 2453 2211 episc0pi
2488 2141 2684 2197 festum
2731 2145 3022 2212 pertinent,
3058 2152 3116 2197 ut
3161 2159 3224 2199 ex
3271 2143 3628 2198 documentis

2017 2242 2140 2304 post
2181 2233 2595 2291 dissertationes
2643 2236 2994 2306 subjiciendis
3042 2238 3264 2307 patebit.
3301 2237 3466 2292 Missa
3492 2238 3626 2308 qui-

2019 2327 2140 2386 dem
2171 2331 2231 2387 S.
2256 2332 2479 2388 Zenonis
2497 2332 2580 2402 (S.
2602 2333 2843 2399 Zenonis,
2871 2335 3110 2406 inquam,
3142 2350 3248 2390 non
3280 2335 3631 2390 dedicationis

2019 2423 2403 2497 basilicre)quod
2415 2436 2488 2481 est
2502 2428 2564 2481 de
2579 2444 2747 2483 mense
2757 2428 3052 2493 decembris,
3071 2438 3398 2484 memoratur
3413 2427 3466 2481 in
3481 2428 3624 2482 dua-

2021 2515 2121 2571 bus
2145 2518 2344 2574 chartis
2361 2536 2452 2596 an.
2472 2519 2596 2580 922.
2616 2520 2832 2594 [Lxxtn]
2850 2537 2967 2592 pag.
2985 2522 3110 2589 752,
3125 2521 3269 2593 apud
3285 2521 3628 2592 Ughellium,

2025 2620 2155 2666 tom.
2185 2629 2235 2674 v.
2267 2624 2320 2669 et
2345 2629 2434 2668 an.
2470 2615 2630 2680 1058,
2667 2632 2786 2686 pag.
2813 2615 2940 2684 754,
2971 2627 3025 2673 et
3047 2618 3292 2688 festivitas
3313 2617 3376 2673 S.
3397 2617 3634 2672 Zenonis

2023 2720 2194 2758 mense
2227 2705 2479 2761 decembri
2503 2708 2554 2761 in
2572 2708 2674 2763 alia
2697 2707 2881 2763 charta
2897 2724 2985 2762 an.
3009 2708 3136 2773 865,
3178 2724 3297 2780 pag.
3322 2709 3448 2765 72L
3473 2709 3636 2765 Tan-

2024 2794 2168 2863 dem,
2184 2799 2323 2868 quod
2339 2799 2508 2868 pluris
2523 2803 2879 2867 estomnium,
2897 2802 2948 2856 in
2974 2801 3109 2857 libro
3123 2802 3632 2867 Sacramentorum,

2026 2904 2183 2957 quem
2213 2891 2312 2946 sub
2342 2892 2538 2948 Otone
2569 2909 2695 2964 rege
2735 2894 2998 2964 scriptum
3043 2896 3096 2950 in
3154 2895 3516 2950 Admonitione
3561 2896 3637 2951 ad

2026 2994 2352 3038 tnonumenta
2372 2986 2695 3055 videbimus,
2718 3003 2816 3044 nec
2839 3005 2945 3044 non
2975 2989 3026 3044 in
3048 2989 3156 3043 alio
3177 2989 3438 3046 Vaticano
3460 2989 3638 3056 5806,

2027 3075 2211 3128 διεοιιιί
2244 3076 2459 3133 circiter
2486 3095 2564 3142 ιχ,
2593 3079 2660 3136 de
2711 3096 2819 3150 quo
2868 3081 3066 3138 ibidem
3112 3084 3216 3138 erit
3256 3097 3437 3138 sermo
3461 3124 3479 3147 ,
3505 3084 3644 3139 dua:

327 3172 584 3243 positum,
613 3168 705 3239 qui
750 3165 805 3219 in
845 3163 1157 3218 ambulacm
1204 3160 1321 3230 eius
1367 3159 1677 3213 ηιοηειείοτίί
1706 3157 1918 3223 ViSilllI‘.
1949 3147 1994 3212 C
2027 3166 2300 3222 orationes
2351 3169 2457 3223 diei
2517 3186 2609 3226 vtn
2658 3171 2962 3230 decembris
3016 3173 3351 3245 adsignatae,
3406 3174 3524 3229 initi
3608 3191 3641 3229 a

326 3281 428 3321 nec
449 3278 556 3319 non
608 3259 933 3317 breviarium
966 3254 1323 3310 monasticum
1349 3267 1451 3307 rns.
1479 3252 1566 3322 qui
1601 3255 1653 3306 in
1683 3250 1923 3320 ejusdem

327 3356 653 3414 bibliotheca
701 3365 969 3417 servatur,
1002 3359 1056 3405 et
1102 3349 1269 3404 libros
1313 3346 1778 3411 membranaceos,
1837 3343 1929 3415 qui

329 3451 498 3508 choro
528 3449 848 3513 inserviunt,
881 3445 1081 3516 quique
1107 3442 1319 3499 caeteris
1348 3440 1713 3496 monumentis
1741 3438 1928 3495 viden.

332 3554 420 3599 tur
447 3542 800 3612 antiquiores.
830 3537 992 3607 Quid,
1023 3535 1237 3600 amabo,
1281 3533 1384 3589 soli
1414 3533 1709 3588 Zeuoniani
1742 3546 1933 3588 mona-

334 3635 421 3691 chi
451 3634 518 3689 ad
545 3647 684 3704 quos
721 3646 784 3686 ea
815 3629 1035 3686 basilica
1087 3626 1410 3696 pertinebat,
1440 3624 1608 3696 ipsius
1634 3623 1932 3680 dedicatio-

337 3733 423 3788 nis
449 3731 664 3795 festum,
693 3725 838 3799 quod
865 3722 1076 3780 caeteris
1104 3721 1499 3791 praeferendum
1538 3729 1674 3784 erat,
1707 3718 1936 3776 transfe-

336 3823 530 3878 rebant
584 3820 639 3874 in
691 3817 851 3872 aliam
909 3813 1074 3877 diem,
1123 3821 1182 3866 ut
1224 3813 1400 3866 locum
1442 3811 1634 3865 darent
1664 3811 1844 3865 officio
1871 3809 1940 3864 de

340 3913 678 3970 ordinatione
702 3908 763 3965 S.
797 3905 1056 3970 Zenonis,
1087 3902 1154 3958 de
1181 3917 1284 3973 qua
1328 3902 1418 3956 alii
1449 3901 1581 3956 nihil
1608 3901 1941 3957 celebritatis

342 4001 699 4076 peragerent?
749 3997 807 4056 Si
851 3995 904 4052 id
935 3995 1156 4065 antiquo
1200 3993 1456 4064 peculiari
1507 3993 1688 4062 aliquo
1719 4009 1788 4047 ex
1835 3993 1943 4047 ritu

342 4097 621 4160 manabat,
673 4107 774 4147 nec
835 4087 1046 4143 noviter
1100 4085 1272 4140 fuerat
1317 4084 1591 4139 inventum
1642 4083 1944 4156 (antiquum

347 4207 478 4248 sane
512 4189 789 4244 insinuant
828 4197 952 4254 qua:
996 4177 1383 4250 subjiciemus),
1419 4175 1667 4247 profecto
1695 4177 1773 4232 ita
1796 4176 1948 4233 dedi-

346 4286 490 4342 catio
527 4282 772 4339 ecclesia:
819 4276 880 4334 S.
932 4273 1166 4330 Zenonis
1218 4287 1270 4326 v1
1321 4271 1395 4327 id.
1437 4271 1739 4328 decembris
1780 4270 1948 4326 collo-

347 4375 520 4433 cauda
549 4381 650 4438 est,
677 4380 735 4426 ut
759 4370 813 4425 in
845 4365 1094 4424 eumdem
1129 4377 1344 4434 quoque
1367 4361 1508 4418 diem
1540 4361 1656 4431 ejus
1681 4360 1950 4418 ordinatio

349 4468 620 4533 inciderit,
636 4481 796 4538 quam
819 4476 950 4518 sane
971 4473 1114 4514 nunc
1134 4472 1200 4513 eo
1219 4455 1308 4512 die
1331 4471 1395 4510 ex
1422 4463 1691 4525 pestrema
1717 4455 1948 4510 Romani

2030 3260 2246 3317 Zenone
2315 3265 2680 3332 pontificatus,
2724 3280 2819 3321 seu
2869 3267 3247 3336 ordinationis,
3301 3267 3644 3325 mentionem

2028 3354 2282 3410 similiter
2344 3356 2576 3423 faciunt;
2637 3358 2689 3413 in
2755 3359 2962 3414 Secreta
3021 3362 3165 3416 enim
3212 3361 3291 3416 sic
3341 3360 3579 3415 habetur
3628 3380 3641 3414 :

2034 3447 2196 3513 Deus,
2225 3451 2307 3517 qui
2338 3452 2648 3523 fulgentibus
2692 3455 2985 3525 margaritis
3024 3457 3223 3510 clarum
3270 3457 3442 3510 lenne.
3472 3453 3646 3527 lhfers

2037 3547 2250 3610 mundo,
2278 3545 2364 3615 qui
2406 3545 2550 3601 beato
2597 3545 2908 3617 Ponti/icato
2936 3547 3038 3622 (sic
3081 3550 3133 3604 in
3186 3549 3416 3604 laudatis
3442 3565 3643 3604 manu-

2039 3641 2276 3709 scriptis,
2329 3641 2383 3696 in
2438 3641 2674 3698 editione
2725 3652 2904 3698 autem
2937 3642 3177 3698 Romana
3219 3643 3649 3699 Sacramentarii

2040 3730 2356 3803 Gregoriaui
2387 3734 2454 3789 ab
2479 3735 2684 3807 Angela
2728 3735 2905 3791 Rocca
2937 3745 3247 3806 procurata,
3276 3738 3365 3793 ubi
3391 3736 3508 3793 haec
3538 3733 3650 3795 ea-

2041 3825 2165 3880 dem
2197 3827 2358 3882 missa
2386 3828 2714 3895 continetur,
2756 3829 3118 3902 Pontificatui)
3147 3830 3368 3887 Zenonis
3393 3840 3655 3886 (sternam

2045 3919 2098 3972 in
2144 3919 2283 3974 caelis
2329 3937 2573 3976 coronam
2607 3923 2799 3993 gloria:
2848 3925 3176 3996 praeparasti,
3215 3932 3345 3989 etc.,
3403 3924 3655 3993 apertius

2045 4019 2222 4066 autem
2269 4012 2323 4068 in
2375 4012 2620 4069 oratione
2645 4015 2714 4068 ad
2743 4013 3166 4088 Communionern
3193 4031 3212 4069 :
3246 4014 3404 4082 Deus,
3433 4014 3522 4084 qui
3553 4016 3660 4069 tali

2047 4103 2272 4158 ecclesia:
2310 4105 2473 4175 fecisti
2496 4107 2810 4177 pontiﬁcem,
2837 4107 3087 4162 nimirum
3117 4107 3179 4164 S.
3204 4106 3478 4163 Zenonem
3510 4122 3657 4176 pon-

2050 4195 2246 4252 tificem
2270 4197 2620 4253 consecrasti.
2647 4197 2890 4270 lntegras
2913 4198 3078 4256 hasce
3089 4199 3365 4256 orationes
3388 4199 3440 4254 in
3467 4198 3662 4262 Missis

2051 4287 2274 4344 inferius
2313 4289 2682 4346 describendis
2733 4291 2898 4364 leges.
2949 4292 3029 4347 Ex
3059 4291 3145 4347 his
3184 4278 3366 4348 autem
3397 4293 3503 4348 erit
3540 4308 3661 4349 non

2053 4395 2234 4448 nemo,
2262 4383 2355 4452 qui
2385 4381 2514 4437 illud
2536 4382 2812 4454 conjiciat,
2841 4385 2983 4456 quod
3007 4385 3134 4441 olim
3163 4385 3328 4450 forte,
3359 4394 3662 4456 antequam

2058 4472 2115 4529 S.
2149 4473 2382 4529 Zenonis
2409 4474 2628 4530 basilica
2655 4474 2999 4532 dedicaretur
3019 4477 3219 4533 saeculo
3251 4493 3416 4544 nono,
3445 4492 3497 4531 vr
3538 4476 3662 4534 kal.

353 4561 718 4634 Martyrologii
742 4549 1401 4613 recensioneVeronensis
1426 4548 1664 4609 Ecclesia
1687 4549 1946 4606 CCICbl'al.
1976 4546 2031 4608 Β
2056 4563 2359 4620 decembris
2408 4565 2766 4623 ordinaﬁonis
2808 4570 3071 4624 memoria
3119 4570 3172 4624 in
3236 4569 3407 4626 sacris
3455 4567 3668 4626 ofﬁciis

351 4654 618 4727 Equidem
649 4652 704 4706 in
747 4650 952 4721 pariete
989 4645 1139 4700 chori
1171 4657 1311 4698 nunc
1339 4657 1506 4713 nuper
1531 4641 1769 4698 demoliti
1809 4643 1950 4697 anti-

351 4765 474 4823 quae
495 4746 717 4818 insignis
742 4741 1012 4815 parochias
1037 4737 1302 4793 Brixianm
1332 4735 1390 4791 8.
1419 4735 1674 4800 Zenonis,
1707 4737 1825 4808 qua:
1853 4737 1956 4792 Pa-

355 4845 500 4900 troni
557 4843 750 4897 festum
794 4837 906 4907 jam
948 4831 1073 4889 inde
1117 4832 1186 4886 ab
1230 4828 1464 4898 antiquis
1510 4832 1845 4898 temporibus
1886 4829 1955 4885 ad

357 4946 664 4992 nostrorum
699 4927 1016 4986 tuemoriam
1046 4923 1327 4979 hominum
1351 4921 1658 4976 celebrabat
1681 4938 1730 4976 vr
1755 4923 1828 4978 id.
1863 4923 1958 4979 de-

359 5031 594 5088 cembris
619 5030 728 5084 ritu
763 5023 1101 5082 Confessoris
1139 5016 1435 5082 Pontificis,
1467 5019 1669 5087 pictura
1698 5020 1960 5075 cerneba-

361 5136 449 5182 tur
474 5123 657 5180 stectili
677 5121 894 5176 circiter
922 5131 1035 5181 xw,
1072 5129 1194 5183 quae
1222 5115 1710 5178 consecrationem,
1743 5127 1836 5168 seu
1869 5128 1959 5167 or-

361 5218 693 5275 dinationem
725 5214 782 5269 8.
812 5207 1046 5266 Zenonis
1076 5205 1344 5262 referebat
1367 5219 1488 5260 cum
1525 5204 1670 5259 hisce
1698 5205 1958 5275 subjectis

365 5309 647 5369 versiculis
681 5326 693 5362 :

457 5427 684 5477 Sacratur
707 5419 862 5481 Zeno,
882 5420 1087 5467 renovat
1108 5414 1344 5481 solemnia
1366 5413 1618 5477 templum.

517 5489 618 5538 Vos
637 5487 753 5536 date
779 5478 905 5544 tura,
920 5481 985 5542 pii
1009 5493 1020 5528 :
1040 5481 1136 5527 sint
1159 5478 1238 5540 pia
1260 5485 1369 5526 tura
1393 5489 1583 5538 preces.

435 5594 640 5664 Quibus
673 5589 882 5647 duobus
931 5585 1154 5657 pictura:
1185 5591 1240 5638 et
1269 5583 1659 5639 versiculorum
1709 5587 1957 5643 tcsdmo-

363 5688 466 5744 uiis
493 5702 610 5743 eam
641 5684 784 5741 diem
817 5681 874 5736 8.
895 5677 1129 5735 Zenonis
1153 5674 1479 5731 ordiuationi
1511 5691 1718 5733 sacram
1749 5689 1960 5737 vetusta

368 5783 654 5839 traditione
701 5778 867 5836 fuisse
916 5773 1154 5831 habitam
1208 5769 1366 5842 plane
1412 5769 1762 5840 significatur.
1820 5774 1960 5844 Quid

2058 4659 2231 4712 fieret.
2265 4659 2334 4712 At
2367 4658 2559 4714 eodem
2597 4661 2684 4716 die
2708 4673 3024 4718 consecrata
3051 4663 3282 4719 subinde
3311 4663 3554 4730 basilica,
3590 4665 3670 4722 de

2059 4764 2162 4818 qua
2197 4749 2434 4805 facienda
2478 4761 2623 4805 esset
2657 4755 2946 4823 quotannis
2985 4754 3189 4810 mentio
3210 4797 3225 4820 ,
3256 4755 3340 4832 ita.
3379 4755 3670 4826 utriusque

2062 4841 2184 4896 festi
2211 4842 2500 4898 celebritas
2525 4843 2710 4915 juncta
2739 4846 2906 4902 fuisse
2932 4847 3164 4914 videtur,
3199 4857 3257 4903 ut
3298 4848 3500 4919 aliquid
3530 4849 3675 4920 qui-

2062 4932 2184 4988 dem
2229 4934 2296 4990 de
2345 4934 2686 4994 dedicatione
2727 4938 2966 4995 basilica:
3014 4940 3287 4996 diceretur
3339 4943 3389 4995 in
3439 4940 3672 5009 officiis,

2065 5025 2324 5096 pleraque
2345 5038 2520 5084 tamen
2548 5029 2726 5085 adhuc
2750 5031 2819 5087 de
2843 5031 3202 5097 ordinatione,
3231 5047 3326 5088 seu
3351 5033 3416 5089 de
3440 5032 3677 5092 Zenone

2068 5120 2140 5174 uti
2185 5123 2438 5192 episcopo
2468 5123 2834 5180 retinerentur
2863 5143 2876 5179 :
2908 5127 3124 5182 interim
3154 5142 3283 5183 vero
3302 5127 3677 5185 dedicationis

2066 5211 2262 5271 festum
2316 5229 2502 5289 utpote
2556 5224 2826 5278 recentius
2868 5223 2922 5279 in
2969 5225 3120 5282 libris
3153 5225 3440 5282 ritualibus
3482 5229 3680 5284 notari

2065 5310 2250 5375 C(Bpil,
2282 5319 2392 5366 uta
2427 5313 2593 5369 titulis
2632 5325 2686 5368 et
2713 5315 3039 5371 calendariis
3067 5315 3424 5372 ordinationis
3452 5317 3679 5374 mentio

2065 5405 2263 5458 sensim
2292 5405 2574 5462 deciderit.
2627 5407 2685 5463 In
2719 5409 2830 5478 ipsa
2857 5417 3040 5464 autem
3094 5409 3317 5465 basilica
3345 5410 3676 5468 Zeuoniana

2063 5511 2185 5551 cum
2229 5499 2558 5568 prmcipunm
2605 5499 2958 5556 dedicationis
2981 5500 3237 5567 officium,
3268 5516 3378 5557 non
3418 5517 3680 5560 comme-

2067 5589 2297 5646 moratio
2341 5591 2566 5660 simplex
2613 5593 2818 5662 agenda
2864 5603 3038 5659 esset;
3071 5604 3286 5650 retento
3326 5608 3394 5650 ea
3437 5596 3683 5668 antiqua

2065 5682 2153 5737 die
2181 5682 2535 5738 ordinationis
2556 5683 2758 5754 officio,
2785 5686 3020 5742 officium
3053 5685 3410 5743 dedicationis
3437 5687 3489 5742 in
3519 5687 3679 5745 diem

2067 5775 2229 5832 aliam
2259 5776 2576 5834 translatum
2607 5776 2727 5845 fuit,
2759 5778 3208 5850 quemadmodum
3237 5780 3358 5836 aliis
3401 5781 3684 5852 exetnplis
