  <div class='ocr_page' id='page_1' title='image "/cluster/home/n/w/nwhite01/storage/ocr_20150623/11/hvd.32044015471287/046.png"; bbox 0 0 3998 6332; ppageno 0'>
   <div class='ocr_carea' id='block_1_1' title="bbox 243 339 3543 458">
    <p class='ocr_par' dir='ltr' id='par_1_1' title="bbox 243 339 3543 458">
     <span class='ocr_line' id='line_1_1' title="bbox 243 339 3543 458; baseline 0.012 -49"><span class='ocrx_word' id='word_1_1' title='bbox 243 354 296 409; x_wconf 76' lang='lat' dir='ltr'><strong>8i</strong></span> <span class='ocrx_word' id='word_1_2' title='bbox 1127 361 1586 456; x_wconf 62' lang='lat' dir='ltr'><strong>DISSERTATIO</strong></span> <span class='ocrx_word' id='word_1_3' title='bbox 1626 364 1689 433; x_wconf 92' lang='lat' dir='ltr'><strong>ll,</strong></span> <span class='ocrx_word' id='word_1_4' title='bbox 1735 365 1822 425; x_wconf 87' lang='lat' dir='ltr'><strong>DE</strong></span> <span class='ocrx_word' id='word_1_5' title='bbox 1862 369 1919 426; x_wconf 90' lang='lat' dir='ltr'><strong>S.</strong></span> <span class='ocrx_word' id='word_1_6' title='bbox 1959 339 2262 434; x_wconf 20' lang='lat' dir='ltr'><strong>&#39;ZENONIS</strong></span> <span class='ocrx_word' id='word_1_7' title='bbox 2304 379 2665 442; x_wconf 80' lang='lat' dir='ltr'><strong>DOC&#39;I‘RINA.</strong></span> <span class='ocrx_word' id='word_1_8' title='bbox 3471 402 3543 458; x_wconf 69' lang='lat'><strong>82</strong></span> 
     </span>
    </p>
   </div>
   <div class='ocr_carea' id='block_1_2' title="bbox 246 473 3541 579">
    <p class='ocr_par' dir='ltr' id='par_1_2' title="bbox 246 473 3541 579">
     <span class='ocr_line' id='line_1_2' title="bbox 246 473 3541 579; baseline 0.011 -53"><span class='ocrx_word' id='word_1_9' title='bbox 246 473 346 576; x_wconf 73' lang='lat' dir='ltr'><strong>fieri</strong></span> <span class='ocrx_word' id='word_1_10' title='bbox 393 473 618 579; x_wconf 47' lang='lat' dir='ltr'><strong>sollitam</strong></span> <span class='ocrx_word' id='word_1_11' title='bbox 666 475 896 578; x_wconf 75' lang='lat' dir='ltr'><strong>probare</strong></span> <span class='ocrx_word' id='word_1_12' title='bbox 947 490 1246 579; x_wconf 46' lang='lat' dir='ltr'><strong>possem-us:</strong></span> <span class='ocrx_word' id='word_1_13' title='bbox 1281 477 1413 579; x_wconf 53' lang='lat' dir='ltr'><strong>Quae</strong></span> <span class='ocrx_word' id='word_1_14' title='bbox 1438 481 1762 551; x_wconf 87' lang='lat' dir='ltr'><strong>conjeclatio</strong></span> <span class='ocrx_word' id='word_1_15' title='bbox 1793 482 1838 537; x_wconf 85' lang='lat' dir='ltr'><strong>si</strong></span> <span class='ocrx_word' id='word_1_16' title='bbox 1864 492 1919 553; x_wconf 82' lang='grc' dir='ltr'><strong>Α</strong></span> <span class='ocrx_word' id='word_1_17' title='bbox 1944 489 2138 548; x_wconf 87' lang='lat' dir='ltr'><strong>cadere</strong></span> <span class='ocrx_word' id='word_1_18' title='bbox 2170 496 2343 563; x_wconf 87' lang='lat' dir='ltr'><strong>potuit</strong></span> <span class='ocrx_word' id='word_1_19' title='bbox 2387 498 2454 553; x_wconf 91' lang='lat' dir='ltr'><strong>ad</strong></span> <span class='ocrx_word' id='word_1_20' title='bbox 2500 514 2700 556; x_wconf 87' lang='lat' dir='ltr'><strong>annum</strong></span> <span class='ocrx_word' id='word_1_21' title='bbox 2751 519 2920 576; x_wconf 90' lang='lat' dir='ltr'><strong>usque</strong></span> <span class='ocrx_word' id='word_1_22' title='bbox 2947 505 3086 574; x_wconf 83' lang='grc'><strong>591,</strong></span> <span class='ocrx_word' id='word_1_23' title='bbox 3115 524 3222 579; x_wconf 92' lang='lat' dir='ltr'><strong>quo</strong></span> <span class='ocrx_word' id='word_1_24' title='bbox 3275 511 3541 569; x_wconf 82' lang='lat' dir='ltr'><strong>idolorum</strong></span> 
     </span>
    </p>
   </div>
   <div class='ocr_carea' id='block_1_3' title="bbox 243 564 1840 639">
    <p class='ocr_par' dir='ltr' id='par_1_3' title="bbox 243 564 1840 639">
     <span class='ocr_line' id='line_1_3' title="bbox 243 564 1840 639; baseline 0.006 -19"><span class='ocrx_word' id='word_1_25' title='bbox 243 565 321 620; x_wconf 88' lang='lat' dir='ltr'><strong>cui</strong></span> <span class='ocrx_word' id='word_1_26' title='bbox 349 564 647 635; x_wconf 75' lang='lat' dir='ltr'><strong>probetur,</strong></span> <span class='ocrx_word' id='word_1_27' title='bbox 671 568 850 638; x_wconf 91' lang='lat' dir='ltr'><strong>posito</strong></span> <span class='ocrx_word' id='word_1_28' title='bbox 875 567 984 636; x_wconf 85' lang='lat' dir='ltr'><strong>jam</strong></span> <span class='ocrx_word' id='word_1_29' title='bbox 1031 569 1172 639; x_wconf 90' lang='lat' dir='ltr'><strong>quod</strong></span> <span class='ocrx_word' id='word_1_30' title='bbox 1211 571 1269 626; x_wconf 87' lang='lat' dir='ltr'><strong>S.</strong></span> <span class='ocrx_word' id='word_1_31' title='bbox 1300 571 1532 627; x_wconf 88' lang='lat' dir='ltr'><strong>Zenonis</strong></span> <span class='ocrx_word' id='word_1_32' title='bbox 1570 572 1840 629; x_wconf 80' lang='lat' dir='ltr'><strong>ordinatio</strong></span> 
     </span>
    </p>
   </div>
   <div class='ocr_carea' id='block_1_4' title="bbox 245 659 1842 731">
    <p class='ocr_par' dir='ltr' id='par_1_4' title="bbox 245 659 1842 731">
     <span class='ocr_line' id='line_1_4' title="bbox 245 659 1842 731; baseline 0.005 -16"><span class='ocrx_word' id='word_1_33' title='bbox 245 661 292 715; x_wconf 91' lang='lat' dir='ltr'><strong>in</strong></span> <span class='ocrx_word' id='word_1_34' title='bbox 318 659 460 716; x_wconf 85' lang='lat' dir='ltr'><strong>diem</strong></span> <span class='ocrx_word' id='word_1_35' title='bbox 495 678 546 715; x_wconf 73' lang='lat' dir='ltr'><strong>va</strong></span> <span class='ocrx_word' id='word_1_36' title='bbox 579 661 652 717; x_wconf 86' lang='lat' dir='ltr'><strong>id.</strong></span> <span class='ocrx_word' id='word_1_37' title='bbox 687 661 1316 731; x_wconf 88' lang='lat' dir='ltr'><strong>decembrisincurrerit,</strong></span> <span class='ocrx_word' id='word_1_38' title='bbox 1343 666 1594 722; x_wconf 89' lang='lat' dir='ltr'><strong>eumdem</strong></span> <span class='ocrx_word' id='word_1_39' title='bbox 1614 684 1701 722; x_wconf 90' lang='lat' dir='ltr'><strong>an.</strong></span> <span class='ocrx_word' id='word_1_40' title='bbox 1735 669 1842 725; x_wconf 75' lang='lat'><strong>362</strong></span> 
     </span>
    </p>
   </div>
   <div class='ocr_carea' id='block_1_5' title="bbox 246 753 1837 829">
    <p class='ocr_par' dir='ltr' id='par_1_5' title="bbox 246 753 1837 829">
     <span class='ocr_line' id='line_1_5' title="bbox 246 753 1837 829; baseline 0.004 -21"><span class='ocrx_word' id='word_1_41' title='bbox 246 753 548 808; x_wconf 90' lang='lat' dir='ltr'><strong>ordinatum</strong></span> <span class='ocrx_word' id='word_1_42' title='bbox 609 753 978 810; x_wconf 83' lang='lat' dir='ltr'><strong>Veronensem</strong></span> <span class='ocrx_word' id='word_1_43' title='bbox 1028 758 1340 827; x_wconf 88' lang='lat' dir='ltr'><strong>episc0pum</strong></span> <span class='ocrx_word' id='word_1_44' title='bbox 1389 759 1645 829; x_wconf 80' lang='lat' dir='ltr'><strong>colligere</strong></span> <span class='ocrx_word' id='word_1_45' title='bbox 1693 759 1837 816; x_wconf 81' lang='lat' dir='ltr'><strong>licet.</strong></span> 
     </span>
    </p>
   </div>
   <div class='ocr_carea' id='block_1_6' title="bbox 246 847 1842 920">
    <p class='ocr_par' dir='ltr' id='par_1_6' title="bbox 246 847 1842 920">
     <span class='ocr_line' id='line_1_6' title="bbox 246 847 1842 920; baseline 0.004 -18"><span class='ocrx_word' id='word_1_46' title='bbox 246 847 536 904; x_wconf 77' lang='lat' dir='ltr'><strong>Enimvero</strong></span> <span class='ocrx_word' id='word_1_47' title='bbox 582 849 960 905; x_wconf 74' lang='lat' dir='ltr'><strong>ordinationes</strong></span> <span class='ocrx_word' id='word_1_48' title='bbox 1000 850 1379 920; x_wconf 85' lang='lat' dir='ltr'><strong>episeoporum</strong></span> <span class='ocrx_word' id='word_1_49' title='bbox 1427 851 1702 906; x_wconf 87' lang='lat' dir='ltr'><strong>Dominica</strong></span> <span class='ocrx_word' id='word_1_50' title='bbox 1752 853 1842 910; x_wconf 85' lang='lat' dir='ltr'><strong>die</strong></span> 
     </span>
    </p>
   </div>
   <div class='ocr_carea' id='block_1_7' title="bbox 245 942 1844 1013">
    <p class='ocr_par' dir='ltr' id='par_1_7' title="bbox 245 942 1844 1013">
     <span class='ocr_line' id='line_1_7' title="bbox 245 942 1844 1013; baseline 0.003 -18"><span class='ocrx_word' id='word_1_51' title='bbox 245 952 480 1013; x_wconf 87' lang='lat' dir='ltr'><strong>peractas</strong></span> <span class='ocrx_word' id='word_1_52' title='bbox 523 942 865 1012; x_wconf 77' lang='lat' dir='ltr'><strong>exploratum</strong></span> <span class='ocrx_word' id='word_1_53' title='bbox 922 953 1027 998; x_wconf 91' lang='lat' dir='ltr'><strong>est.</strong></span> <span class='ocrx_word' id='word_1_54' title='bbox 1084 943 1253 997; x_wconf 85' lang='lat' dir='ltr'><strong>Porro</strong></span> <span class='ocrx_word' id='word_1_55' title='bbox 1306 944 1447 999; x_wconf 91' lang='lat' dir='ltr'><strong>inter</strong></span> <span class='ocrx_word' id='word_1_56' title='bbox 1497 960 1586 999; x_wconf 86' lang='lat' dir='ltr'><strong>an.</strong></span> <span class='ocrx_word' id='word_1_57' title='bbox 1637 944 1745 999; x_wconf 68' lang='lat'><strong>356</strong></span> <span class='ocrx_word' id='word_1_58' title='bbox 1789 954 1844 1000; x_wconf 92' lang='lat' dir='ltr'><strong>et</strong></span> 
     </span>
    </p>
   </div>
   <div class='ocr_carea' id='block_1_8' title="bbox 243 1036 1844 1108">
    <p class='ocr_par' dir='ltr' id='par_1_8' title="bbox 243 1036 1844 1108">
     <span class='ocr_line' id='line_1_8' title="bbox 243 1036 1844 1108; baseline 0.001 -16"><span class='ocrx_word' id='word_1_59' title='bbox 243 1052 432 1092; x_wconf 89' lang='lat' dir='ltr'><strong>annum</strong></span> <span class='ocrx_word' id='word_1_60' title='bbox 463 1037 690 1093; x_wconf 90' lang='lat' dir='ltr'><strong>circiter</strong></span> <span class='ocrx_word' id='word_1_61' title='bbox 733 1036 840 1092; x_wconf 87' lang='lat'><strong>380</strong></span> <span class='ocrx_word' id='word_1_62' title='bbox 863 1078 879 1102; x_wconf 95' lang='lat'><strong>,</strong></span> <span class='ocrx_word' id='word_1_63' title='bbox 911 1052 1020 1108; x_wconf 90' lang='lat' dir='ltr'><strong>quo</strong></span> <span class='ocrx_word' id='word_1_64' title='bbox 1067 1036 1352 1093; x_wconf 83' lang='lat' dir='ltr'><strong>intervallo</strong></span> <span class='ocrx_word' id='word_1_65' title='bbox 1379 1054 1443 1092; x_wconf 80' lang='lat' dir='ltr'><strong>ex</strong></span> <span class='ocrx_word' id='word_1_66' title='bbox 1475 1037 1636 1094; x_wconf 89' lang='lat' dir='ltr'><strong>dietis</strong></span> <span class='ocrx_word' id='word_1_67' title='bbox 1674 1039 1844 1095; x_wconf 85' lang='lat' dir='ltr'><strong>collo-</strong></span> 
     </span>
    </p>
   </div>
   <div class='ocr_carea' id='block_1_9' title="bbox 243 1131 1842 1202">
    <p class='ocr_par' dir='ltr' id='par_1_9' title="bbox 243 1131 1842 1202">
     <span class='ocr_line' id='line_1_9' title="bbox 243 1131 1842 1202; baseline 0 -14"><span class='ocrx_word' id='word_1_68' title='bbox 243 1133 339 1188; x_wconf 86' lang='lat' dir='ltr'><strong>cari</strong></span> <span class='ocrx_word' id='word_1_69' title='bbox 371 1131 613 1186; x_wconf 88' lang='lat' dir='ltr'><strong>Zenonis</strong></span> <span class='ocrx_word' id='word_1_70' title='bbox 651 1131 996 1202; x_wconf 80' lang='lat' dir='ltr'><strong>episcOpatus</strong></span> <span class='ocrx_word' id='word_1_71' title='bbox 1028 1140 1236 1202; x_wconf 91' lang='lat' dir='ltr'><strong>potest,</strong></span> <span class='ocrx_word' id='word_1_72' title='bbox 1267 1132 1318 1188; x_wconf 90' lang='lat' dir='ltr'><strong>in</strong></span> <span class='ocrx_word' id='word_1_73' title='bbox 1343 1148 1394 1188; x_wconf 81' lang='grc' dir='ltr'><strong>νι</strong></span> <span class='ocrx_word' id='word_1_74' title='bbox 1435 1132 1504 1188; x_wconf 88' lang='lat' dir='ltr'><strong>id.</strong></span> <span class='ocrx_word' id='word_1_75' title='bbox 1538 1132 1842 1189; x_wconf 82' lang='lat' dir='ltr'><strong>decembris</strong></span> 
     </span>
    </p>
   </div>
   <div class='ocr_carea' id='block_1_10' title="bbox 247 1224 1839 1299">
    <p class='ocr_par' dir='ltr' id='par_1_10' title="bbox 247 1224 1839 1299">
     <span class='ocr_line' id='line_1_10' title="bbox 247 1224 1839 1299; baseline 0.002 -20"><span class='ocrx_word' id='word_1_76' title='bbox 247 1224 514 1280; x_wconf 83' lang='lat' dir='ltr'><strong>Dominica</strong></span> <span class='ocrx_word' id='word_1_77' title='bbox 547 1225 666 1281; x_wconf 89' lang='lat' dir='ltr'><strong>dies</strong></span> <span class='ocrx_word' id='word_1_78' title='bbox 694 1234 779 1281; x_wconf 89' lang='lat' dir='ltr'><strong>ter</strong></span> <span class='ocrx_word' id='word_1_79' title='bbox 808 1225 1016 1293; x_wconf 88' lang='lat' dir='ltr'><strong>incidit,</strong></span> <span class='ocrx_word' id='word_1_80' title='bbox 1045 1229 1296 1282; x_wconf 88' lang='lat' dir='ltr'><strong>nimirum</strong></span> <span class='ocrx_word' id='word_1_81' title='bbox 1331 1229 1446 1299; x_wconf 92' lang='lat' dir='ltr'><strong>ipso</strong></span> <span class='ocrx_word' id='word_1_82' title='bbox 1472 1244 1559 1284; x_wconf 89' lang='lat' dir='ltr'><strong>an.</strong></span> <span class='ocrx_word' id='word_1_83' title='bbox 1590 1228 1716 1298; x_wconf 82' lang='lat'><strong>556,</strong></span> <span class='ocrx_word' id='word_1_84' title='bbox 1749 1243 1839 1283; x_wconf 87' lang='lat' dir='ltr'><strong>an.</strong></span> 
     </span>
    </p>
   </div>
   <div class='ocr_carea' id='block_1_11' title="bbox 244 1319 1840 1393">
    <p class='ocr_par' dir='ltr' id='par_1_11' title="bbox 244 1319 1840 1393">
     <span class='ocr_line' id='line_1_11' title="bbox 244 1319 1840 1393; baseline 0.002 -19"><span class='ocrx_word' id='word_1_85' title='bbox 244 1319 358 1382; x_wconf 72' lang='lat'><strong>362,</strong></span> <span class='ocrx_word' id='word_1_86' title='bbox 389 1333 485 1374; x_wconf 91' lang='lat' dir='ltr'><strong>an.</strong></span> <span class='ocrx_word' id='word_1_87' title='bbox 524 1319 654 1376; x_wconf 89' lang='lat'><strong>373.</strong></span> <span class='ocrx_word' id='word_1_88' title='bbox 692 1319 838 1376; x_wconf 86' lang='lat' dir='ltr'><strong>Zeno</strong></span> <span class='ocrx_word' id='word_1_89' title='bbox 884 1328 1063 1376; x_wconf 77' lang='lat' dir='ltr'><strong>autem</strong></span> <span class='ocrx_word' id='word_1_90' title='bbox 1113 1321 1353 1377; x_wconf 90' lang='lat' dir='ltr'><strong>ordinari</strong></span> <span class='ocrx_word' id='word_1_91' title='bbox 1399 1323 1686 1393; x_wconf 79' lang='lat' dir='ltr'><strong>episeOpus</strong></span> <span class='ocrx_word' id='word_1_92' title='bbox 1734 1338 1840 1377; x_wconf 90' lang='lat' dir='ltr'><strong>non</strong></span> 
     </span>
    </p>
   </div>
   <div class='ocr_carea' id='block_1_12' title="bbox 244 1415 1839 1485">
    <p class='ocr_par' dir='ltr' id='par_1_12' title="bbox 244 1415 1839 1485">
     <span class='ocr_line' id='line_1_12' title="bbox 244 1415 1839 1485; baseline 0.001 -17"><span class='ocrx_word' id='word_1_93' title='bbox 244 1415 405 1485; x_wconf 91' lang='lat' dir='ltr'><strong>potuit</strong></span> <span class='ocrx_word' id='word_1_94' title='bbox 438 1430 532 1470; x_wconf 91' lang='lat' dir='ltr'><strong>an.</strong></span> <span class='ocrx_word' id='word_1_95' title='bbox 576 1415 716 1478; x_wconf 80' lang='lat'><strong>356,</strong></span> <span class='ocrx_word' id='word_1_96' title='bbox 741 1430 864 1470; x_wconf 88' lang='lat' dir='ltr'><strong>cum</strong></span> <span class='ocrx_word' id='word_1_97' title='bbox 893 1429 961 1472; x_wconf 91' lang='lat' dir='ltr'><strong>eo</strong></span> <span class='ocrx_word' id='word_1_98' title='bbox 984 1430 1128 1470; x_wconf 90' lang='lat' dir='ltr'><strong>anno</strong></span> <span class='ocrx_word' id='word_1_99' title='bbox 1156 1415 1397 1471; x_wconf 86' lang='lat' dir='ltr'><strong>Lucillus</strong></span> <span class='ocrx_word' id='word_1_100' title='bbox 1423 1417 1650 1483; x_wconf 80' lang='lat' dir='ltr'><strong>viveret,</strong></span> <span class='ocrx_word' id='word_1_101' title='bbox 1681 1417 1763 1471; x_wconf 86' lang='lat' dir='ltr'><strong>vel</strong></span> <span class='ocrx_word' id='word_1_102' title='bbox 1788 1415 1839 1471; x_wconf 90' lang='lat' dir='ltr'><strong>ei</strong></span> 
     </span>
    </p>
   </div>
   <div class='ocr_carea' id='block_1_13' title="bbox 243 1509 1839 1576">
    <p class='ocr_par' dir='ltr' id='par_1_13' title="bbox 243 1509 1839 1576">
     <span class='ocr_line' id='line_1_13' title="bbox 243 1509 1839 1576; baseline -0.001 -10"><span class='ocrx_word' id='word_1_103' title='bbox 243 1519 449 1566; x_wconf 88' lang='lat' dir='ltr'><strong>mortuo</strong></span> <span class='ocrx_word' id='word_1_104' title='bbox 497 1510 590 1566; x_wconf 78' lang='lat' dir='ltr'><strong>vix</strong></span> <span class='ocrx_word' id='word_1_105' title='bbox 647 1509 901 1567; x_wconf 81' lang='lat' dir='ltr'><strong>Grieinus</strong></span> <span class='ocrx_word' id='word_1_106' title='bbox 955 1511 1322 1567; x_wconf 86' lang='lat' dir='ltr'><strong>successerit:</strong></span> <span class='ocrx_word' id='word_1_107' title='bbox 1363 1526 1470 1564; x_wconf 92' lang='lat' dir='ltr'><strong>non</strong></span> <span class='ocrx_word' id='word_1_108' title='bbox 1517 1525 1659 1565; x_wconf 91' lang='lat' dir='ltr'><strong>anno</strong></span> <span class='ocrx_word' id='word_1_109' title='bbox 1709 1510 1839 1576; x_wconf 79' lang='lat'><strong>373,</strong></span> 
     </span>
    </p>
   </div>
   <div class='ocr_carea' id='block_1_14' title="bbox 243 1603 1839 1677">
    <p class='ocr_par' dir='ltr' id='par_1_14' title="bbox 243 1603 1839 1677">
     <span class='ocr_line' id='line_1_14' title="bbox 243 1603 1839 1677; baseline -0.001 -17"><span class='ocrx_word' id='word_1_110' title='bbox 243 1606 430 1677; x_wconf 86' lang='lat' dir='ltr'><strong>quippe</strong></span> <span class='ocrx_word' id='word_1_111' title='bbox 484 1620 553 1661; x_wconf 79' lang='lat' dir='ltr'><strong>ex</strong></span> <span class='ocrx_word' id='word_1_112' title='bbox 599 1604 872 1661; x_wconf 84' lang='lat' dir='ltr'><strong>Ambrosii</strong></span> <span class='ocrx_word' id='word_1_113' title='bbox 925 1605 1154 1675; x_wconf 89' lang='lat' dir='ltr'><strong>epistola</strong></span> <span class='ocrx_word' id='word_1_114' title='bbox 1203 1606 1481 1675; x_wconf 91' lang='lat' dir='ltr'><strong>aliquanto</strong></span> <span class='ocrx_word' id='word_1_115' title='bbox 1519 1613 1646 1660; x_wconf 84' lang='lat' dir='ltr'><strong>ante</strong></span> <span class='ocrx_word' id='word_1_116' title='bbox 1694 1603 1839 1659; x_wconf 91' lang='lat' dir='ltr'><strong>hunc</strong></span> 
     </span>
    </p>
   </div>
   <div class='ocr_carea' id='block_1_15' title="bbox 243 1695 1840 1766">
    <p class='ocr_par' dir='ltr' id='par_1_15' title="bbox 243 1695 1840 1766">
     <span class='ocr_line' id='line_1_15' title="bbox 243 1695 1840 1766; baseline 0 -15"><span class='ocrx_word' id='word_1_117' title='bbox 243 1713 434 1752; x_wconf 85' lang='lat' dir='ltr'><strong>annum</strong></span> <span class='ocrx_word' id='word_1_118' title='bbox 457 1695 721 1752; x_wconf 84' lang='lat' dir='ltr'><strong>Indiciam</strong></span> <span class='ocrx_word' id='word_1_119' title='bbox 752 1707 1164 1753; x_wconf 84' lang='lat' dir='ltr'><strong>consecraverat</strong></span> <span class='ocrx_word' id='word_1_120' title='bbox 1187 1737 1203 1761; x_wconf 90' lang='lat'><strong>,</strong></span> <span class='ocrx_word' id='word_1_121' title='bbox 1234 1705 1292 1750; x_wconf 91' lang='lat' dir='ltr'><strong>ut</strong></span> <span class='ocrx_word' id='word_1_122' title='bbox 1321 1696 1571 1766; x_wconf 86' lang='lat' dir='ltr'><strong>superius</strong></span> <span class='ocrx_word' id='word_1_123' title='bbox 1600 1695 1840 1758; x_wconf 91' lang='lat' dir='ltr'><strong>ostendi-</strong></span> 
     </span>
    </p>
   </div>
   <div class='ocr_carea' id='block_1_16' title="bbox 242 1792 1837 1865">
    <p class='ocr_par' dir='ltr' id='par_1_16' title="bbox 242 1792 1837 1865">
     <span class='ocr_line' id='line_1_16' title="bbox 242 1792 1837 1865; baseline -0.001 -16"><span class='ocrx_word' id='word_1_124' title='bbox 242 1809 369 1849; x_wconf 89' lang='lat' dir='ltr'><strong>mus.</strong></span> <span class='ocrx_word' id='word_1_125' title='bbox 394 1792 588 1865; x_wconf 80' lang='lat' dir='ltr'><strong>Itaque</strong></span> <span class='ocrx_word' id='word_1_126' title='bbox 615 1793 736 1849; x_wconf 92' lang='lat' dir='ltr'><strong>solo</strong></span> <span class='ocrx_word' id='word_1_127' title='bbox 755 1808 846 1848; x_wconf 87' lang='lat' dir='ltr'><strong>an.</strong></span> <span class='ocrx_word' id='word_1_128' title='bbox 877 1792 1004 1859; x_wconf 72' lang='lat'><strong>362,</strong></span> <span class='ocrx_word' id='word_1_129' title='bbox 1047 1792 1178 1863; x_wconf 89' lang='lat' dir='ltr'><strong>imp.</strong></span> <span class='ocrx_word' id='word_1_130' title='bbox 1209 1792 1407 1848; x_wconf 81' lang='lat' dir='ltr'><strong>Juliani</strong></span> <span class='ocrx_word' id='word_1_131' title='bbox 1451 1801 1750 1863; x_wconf 87' lang='lat' dir='ltr'><strong>postremo,</strong></span> <span class='ocrx_word' id='word_1_132' title='bbox 1785 1809 1837 1847; x_wconf 80' lang='lat' dir='ltr'><strong>vr</strong></span> 
     </span>
    </p>
   </div>
   <div class='ocr_carea' id='block_1_17' title="bbox 1942 583 3540 673">
    <p class='ocr_par' dir='ltr' id='par_1_17' title="bbox 1942 583 3540 673">
     <span class='ocr_line' id='line_1_17' title="bbox 1942 583 3540 673; baseline 0.015 -33"><span class='ocrx_word' id='word_1_133' title='bbox 1942 583 2144 641; x_wconf 90' lang='lat' dir='ltr'><strong>cultum</strong></span> <span class='ocrx_word' id='word_1_134' title='bbox 2189 590 2551 648; x_wconf 85' lang='lat' dir='ltr'><strong>severissimis</strong></span> <span class='ocrx_word' id='word_1_135' title='bbox 2597 595 2805 667; x_wconf 82' lang='lat' dir='ltr'><strong>legibus</strong></span> <span class='ocrx_word' id='word_1_136' title='bbox 2834 599 3030 672; x_wconf 88' lang='lat' dir='ltr'><strong>ubique</strong></span> <span class='ocrx_word' id='word_1_137' title='bbox 3071 601 3231 673; x_wconf 85' lang='lat' dir='ltr'><strong>plane</strong></span> <span class='ocrx_word' id='word_1_138' title='bbox 3274 606 3540 664; x_wconf 87' lang='lat' dir='ltr'><strong>sublatum</strong></span> 
     </span>
    </p>
   </div>
   <div class='ocr_carea' id='block_1_18' title="bbox 1943 677 3543 758">
    <p class='ocr_par' dir='ltr' id='par_1_18' title="bbox 1943 677 3543 758">
     <span class='ocr_line' id='line_1_18' title="bbox 1943 677 3543 758; baseline 0.018 -28"><span class='ocrx_word' id='word_1_139' title='bbox 1943 677 2178 736; x_wconf 84' lang='lat' dir='ltr'><strong>vidimus</strong></span> <span class='ocrx_word' id='word_1_140' title='bbox 2221 697 2340 754; x_wconf 89' lang='lat' dir='ltr'><strong>cap.</strong></span> <span class='ocrx_word' id='word_1_141' title='bbox 2376 685 2431 751; x_wconf 74' lang='lat'><strong>2,</strong></span> <span class='ocrx_word' id='word_1_142' title='bbox 2459 685 2487 758; x_wconf 83' lang='lat'><strong>§</strong></span> <span class='ocrx_word' id='word_1_143' title='bbox 2521 688 2735 744; x_wconf 77' lang='lat' dir='ltr'><strong>5.-Post</strong></span> <span class='ocrx_word' id='word_1_144' title='bbox 2776 691 2975 749; x_wconf 69' lang='lat' dir='ltr'><strong>Iuliani</strong></span> <span class='ocrx_word' id='word_1_145' title='bbox 3008 707 3236 753; x_wconf 89' lang='lat' dir='ltr'><strong>mortem</strong></span> <span class='ocrx_word' id='word_1_146' title='bbox 3269 700 3371 756; x_wconf 88' lang='lat' dir='ltr'><strong>sub</strong></span> <span class='ocrx_word' id='word_1_147' title='bbox 3399 701 3543 757; x_wconf 87' lang='lat' dir='ltr'><strong>chri-</strong></span> 
     </span>
    </p>
   </div>
   <div class='ocr_carea' id='block_1_19' title="bbox 1944 772 3542 864">
    <p class='ocr_par' dir='ltr' id='par_1_19' title="bbox 1944 772 3542 864">
     <span class='ocr_line' id='line_1_19' title="bbox 1944 772 3542 864; baseline 0.017 -40"><span class='ocrx_word' id='word_1_148' title='bbox 1944 772 2136 828; x_wconf 88' lang='lat' dir='ltr'><strong>stianis</strong></span> <span class='ocrx_word' id='word_1_149' title='bbox 2168 774 2586 843; x_wconf 81' lang='lat' dir='ltr'><strong>imperatoribus</strong></span> <span class='ocrx_word' id='word_1_150' title='bbox 2616 798 2756 838; x_wconf 85' lang='lat' dir='ltr'><strong>nova</strong></span> <span class='ocrx_word' id='word_1_151' title='bbox 2782 786 3013 842; x_wconf 89' lang='lat' dir='ltr'><strong>ecclesia</strong></span> <span class='ocrx_word' id='word_1_152' title='bbox 3043 789 3302 846; x_wconf 65' lang='lat' dir='ltr'><strong>aedificari</strong></span> <span class='ocrx_word' id='word_1_153' title='bbox 3350 802 3406 848; x_wconf 89' lang='lat' dir='ltr'><strong>et</strong></span> <span class='ocrx_word' id='word_1_154' title='bbox 3447 809 3542 864; x_wconf 86' lang='lat' dir='ltr'><strong>pa-</strong></span> 
     </span>
    </p>
   </div>
   <div class='ocr_carea' id='block_1_20' title="bbox 1947 867 3538 964">
    <p class='ocr_par' dir='ltr' id='par_1_20' title="bbox 1947 867 3538 964">
     <span class='ocr_line' id='line_1_20' title="bbox 1947 867 3538 964; baseline 0.015 -46"><span class='ocrx_word' id='word_1_155' title='bbox 1947 873 2062 920; x_wconf 89' lang='lat' dir='ltr'><strong>tere</strong></span> <span class='ocrx_word' id='word_1_156' title='bbox 2081 867 2253 933; x_wconf 85' lang='lat' dir='ltr'><strong>palam</strong></span> <span class='ocrx_word' id='word_1_157' title='bbox 2275 871 2468 964; x_wconf 73' lang='lat' dir='ltr'><strong>pptuit,</strong></span> <span class='ocrx_word' id='word_1_158' title='bbox 2491 872 2543 927; x_wconf 90' lang='lat' dir='ltr'><strong>in</strong></span> <span class='ocrx_word' id='word_1_159' title='bbox 2567 874 2724 945; x_wconf 88' lang='lat' dir='ltr'><strong>cujus</strong></span> <span class='ocrx_word' id='word_1_160' title='bbox 2747 875 3088 935; x_wconf 88' lang='lat' dir='ltr'><strong>dedicatione</strong></span> <span class='ocrx_word' id='word_1_161' title='bbox 3109 882 3191 936; x_wconf 85' lang='lat' dir='ltr'><strong>vel</strong></span> <span class='ocrx_word' id='word_1_162' title='bbox 3211 882 3538 953; x_wconf 84' lang='lat' dir='ltr'><strong>initiatione.</strong></span> 
     </span>
    </p>
   </div>
   <div class='ocr_carea' id='block_1_21' title="bbox 1944 962 3542 1032">
    <p class='ocr_par' dir='ltr' id='par_1_21' title="bbox 1944 962 3542 1032">
     <span class='ocr_line' id='line_1_21' title="bbox 1944 962 3542 1032; baseline 0.014 -23"><span class='ocrx_word' id='word_1_163' title='bbox 1944 962 2530 1031; x_wconf 44' lang='lat' dir='ltr'><strong>qmecmnqne‘l&#39;uerit,</strong></span> <span class='ocrx_word' id='word_1_164' title='bbox 2608 966 2669 1022; x_wconf 90' lang='lat' dir='ltr'><strong>S.</strong></span> <span class='ocrx_word' id='word_1_165' title='bbox 2734 967 2883 1024; x_wconf 86' lang='lat' dir='ltr'><strong>Zeno</strong></span> <span class='ocrx_word' id='word_1_166' title='bbox 2940 979 3226 1028; x_wconf 91' lang='lat' dir='ltr'><strong>tractatum</strong></span> <span class='ocrx_word' id='word_1_167' title='bbox 3281 975 3349 1030; x_wconf 73' lang='lat' dir='ltr'><strong>M</strong></span> <span class='ocrx_word' id='word_1_168' title='bbox 3376 977 3468 1031; x_wconf 90' lang='lat' dir='ltr'><strong>lib.</strong></span> <span class='ocrx_word' id='word_1_169' title='bbox 3525 994 3542 1032; x_wconf 89' lang='grc' dir='ltr'>ι</span> 
     </span>
    </p>
   </div>
   <div class='ocr_carea' id='block_1_22' title="bbox 1948 1048 3544 1124">
    <p class='ocr_par' dir='ltr' id='par_1_22' title="bbox 1948 1048 3544 1124">
     <span class='ocr_line' id='line_1_22' title="bbox 1948 1048 3544 1124; baseline 0.013 -20"><span class='ocrx_word' id='word_1_170' title='bbox 1948 1048 2155 1106; x_wconf 89' lang='lat' dir='ltr'><strong>habuit.</strong></span> <span class='ocrx_word' id='word_1_171' title='bbox 2187 1051 2488 1111; x_wconf 91' lang='lat' dir='ltr'><strong>Potuerunt</strong></span> <span class='ocrx_word' id='word_1_172' title='bbox 2510 1056 2716 1114; x_wconf 85' lang='lat' dir='ltr'><strong>Zenoni</strong></span> <span class='ocrx_word' id='word_1_173' title='bbox 2744 1063 3088 1118; x_wconf 88' lang='lat' dir='ltr'><strong>concionanti</strong></span> <span class='ocrx_word' id='word_1_174' title='bbox 3111 1065 3371 1122; x_wconf 79' lang='lat' dir='ltr'><strong>interes5e</strong></span> <span class='ocrx_word' id='word_1_175' title='bbox 3398 1069 3544 1124; x_wconf 84' lang='lat' dir='ltr'><strong>Gen-</strong></span> 
     </span>
    </p>
   </div>
   <div class='ocr_carea' id='block_1_23' title="bbox 1947 1142 3546 1228">
    <p class='ocr_par' dir='ltr' id='par_1_23' title="bbox 1947 1142 3546 1228">
     <span class='ocr_line' id='line_1_23' title="bbox 1947 1142 3546 1228; baseline 0.013 -33"><span class='ocrx_word' id='word_1_176' title='bbox 1947 1142 2091 1208; x_wconf 86' lang='lat' dir='ltr'><strong>tiles.</strong></span> <span class='ocrx_word' id='word_1_177' title='bbox 2125 1154 2182 1199; x_wconf 92' lang='lat' dir='ltr'><strong>ut</strong></span> <span class='ocrx_word' id='word_1_178' title='bbox 2224 1145 2357 1202; x_wconf 87' lang='lat' dir='ltr'><strong>nihil</strong></span> <span class='ocrx_word' id='word_1_179' title='bbox 2403 1159 2577 1204; x_wconf 91' lang='lat' dir='ltr'><strong>metus</strong></span> <span class='ocrx_word' id='word_1_180' title='bbox 2616 1150 2739 1207; x_wconf 91' lang='lat' dir='ltr'><strong>inde</strong></span> <span class='ocrx_word' id='word_1_181' title='bbox 2767 1153 3116 1224; x_wconf 89' lang='lat' dir='ltr'><strong>injiceretur,</strong></span> <span class='ocrx_word' id='word_1_182' title='bbox 3143 1159 3289 1228; x_wconf 92' lang='lat' dir='ltr'><strong>quod</strong></span> <span class='ocrx_word' id='word_1_183' title='bbox 3327 1169 3485 1217; x_wconf 89' lang='lat' dir='ltr'><strong>tract.</strong></span> <span class='ocrx_word' id='word_1_184' title='bbox 3511 1163 3546 1216; x_wconf 86' lang='lat'><strong>3</strong></span> 
     </span>
    </p>
   </div>
   <div class='ocr_carea' id='block_1_24' title="bbox 1945 1237 3545 1320">
    <p class='ocr_par' dir='ltr' id='par_1_24' title="bbox 1945 1237 3545 1320">
     <span class='ocr_line' id='line_1_24' title="bbox 1945 1237 3545 1320; baseline 0.012 -28"><span class='ocrx_word' id='word_1_185' title='bbox 1945 1237 2189 1306; x_wconf 88' lang='lat' dir='ltr'><strong>ejusdem</strong></span> <span class='ocrx_word' id='word_1_186' title='bbox 2215 1239 2310 1295; x_wconf 91' lang='lat' dir='ltr'><strong>lib.</strong></span> <span class='ocrx_word' id='word_1_187' title='bbox 2342 1256 2360 1295; x_wconf 82' lang='grc' dir='ltr'>ι</span> <span class='ocrx_word' id='word_1_188' title='bbox 2390 1243 2642 1299; x_wconf 85' lang='lat' dir='ltr'><strong>traditum</strong></span> <span class='ocrx_word' id='word_1_189' title='bbox 2677 1246 2932 1302; x_wconf 84' lang='lat' dir='ltr'><strong>vidimus.</strong></span> <span class='ocrx_word' id='word_1_190' title='bbox 2955 1249 3147 1320; x_wconf 87' lang='lat' dir='ltr'><strong>Ingens</strong></span> <span class='ocrx_word' id='word_1_191' title='bbox 3178 1252 3267 1306; x_wconf 87' lang='lat' dir='ltr'><strong>illa</strong></span> <span class='ocrx_word' id='word_1_192' title='bbox 3289 1254 3545 1310; x_wconf 90' lang='lat' dir='ltr'><strong>catechu-</strong></span> 
     </span>
    </p>
   </div>
   <div class='ocr_carea' id='block_1_25' title="bbox 1946 1334 3545 1411">
    <p class='ocr_par' dir='ltr' id='par_1_25' title="bbox 1946 1334 3545 1411">
     <span class='ocr_line' id='line_1_25' title="bbox 1946 1334 3545 1411; baseline 0.011 -26"><span class='ocrx_word' id='word_1_193' title='bbox 1946 1346 2227 1386; x_wconf 90' lang='lat' dir='ltr'><strong>menorum</strong></span> <span class='ocrx_word' id='word_1_194' title='bbox 2260 1334 2520 1406; x_wconf 87' lang='lat' dir='ltr'><strong>cujusque</strong></span> <span class='ocrx_word' id='word_1_195' title='bbox 2547 1343 2742 1402; x_wconf 71' lang='lat' dir='ltr'><strong>aetatis,</strong></span> <span class='ocrx_word' id='word_1_196' title='bbox 2768 1355 2955 1406; x_wconf 77' lang='lat' dir='ltr'><strong>sexus,</strong></span> <span class='ocrx_word' id='word_1_197' title='bbox 2985 1344 3332 1411; x_wconf 86' lang='lat' dir='ltr'><strong>conditionis,</strong></span> <span class='ocrx_word' id='word_1_198' title='bbox 3365 1357 3420 1402; x_wconf 92' lang='lat' dir='ltr'><strong>et</strong></span> <span class='ocrx_word' id='word_1_199' title='bbox 3450 1362 3545 1402; x_wconf 82' lang='lat' dir='ltr'><strong>na-</strong></span> 
     </span>
    </p>
   </div>
   <div class='ocr_carea' id='block_1_26' title="bbox 1945 1417 3548 1498">
    <p class='ocr_par' dir='ltr' id='par_1_26' title="bbox 1945 1417 3548 1498">
     <span class='ocr_line' id='line_1_26' title="bbox 1945 1417 3548 1498; baseline 0.011 -27"><span class='ocrx_word' id='word_1_200' title='bbox 1945 1417 2108 1472; x_wconf 90' lang='lat' dir='ltr'><strong>ti0nis</strong></span> <span class='ocrx_word' id='word_1_201' title='bbox 2135 1419 2311 1488; x_wconf 90' lang='lat' dir='ltr'><strong>copia,</strong></span> <span class='ocrx_word' id='word_1_202' title='bbox 2342 1435 2502 1489; x_wconf 89' lang='lat' dir='ltr'><strong>quam</strong></span> <span class='ocrx_word' id='word_1_203' title='bbox 2533 1425 2822 1492; x_wconf 77' lang='lat' dir='ltr'><strong>quotannis</strong></span> <span class='ocrx_word' id='word_1_204' title='bbox 2849 1426 3257 1498; x_wconf 67' lang='lat' dir='ltr'><strong>baptismi-libus</strong></span> <span class='ocrx_word' id='word_1_205' title='bbox 3281 1431 3437 1487; x_wconf 90' lang='lat' dir='ltr'><strong>undis</strong></span> <span class='ocrx_word' id='word_1_206' title='bbox 3465 1432 3548 1487; x_wconf 91' lang='lat' dir='ltr'><strong>di-</strong></span> 
     </span>
    </p>
   </div>
   <div class='ocr_carea' id='block_1_27' title="bbox 1947 1507 3544 1591">
    <p class='ocr_par' dir='ltr' id='par_1_27' title="bbox 1947 1507 3544 1591">
     <span class='ocr_line' id='line_1_27' title="bbox 1947 1507 3544 1591; baseline 0.01 -28"><span class='ocrx_word' id='word_1_207' title='bbox 1947 1507 2113 1564; x_wconf 92' lang='lat' dir='ltr'><strong>lutam</strong></span> <span class='ocrx_word' id='word_1_208' title='bbox 2149 1511 2331 1582; x_wconf 89' lang='lat' dir='ltr'><strong>plures</strong></span> <span class='ocrx_word' id='word_1_209' title='bbox 2365 1521 2623 1570; x_wconf 86' lang='lat' dir='ltr'><strong>tractatus</strong></span> <span class='ocrx_word' id='word_1_210' title='bbox 2653 1524 2919 1572; x_wconf 86' lang='lat' dir='ltr'><strong>testantur</strong></span> <span class='ocrx_word' id='word_1_211' title='bbox 2939 1561 2956 1587; x_wconf 91' lang='lat'><strong>,</strong></span> <span class='ocrx_word' id='word_1_212' title='bbox 2984 1529 3038 1574; x_wconf 90' lang='lat' dir='ltr'><strong>et</strong></span> <span class='ocrx_word' id='word_1_213' title='bbox 3068 1520 3256 1591; x_wconf 82' lang='lat' dir='ltr'><strong>ingens</strong></span> <span class='ocrx_word' id='word_1_214' title='bbox 3278 1520 3374 1577; x_wconf 92' lang='lat' dir='ltr'><strong>ille</strong></span> <span class='ocrx_word' id='word_1_215' title='bbox 3396 1523 3544 1578; x_wconf 88' lang='lat' dir='ltr'><strong>chri-</strong></span> 
     </span>
    </p>
   </div>
   <div class='ocr_carea' id='block_1_28' title="bbox 1945 1604 3545 1684">
    <p class='ocr_par' dir='ltr' id='par_1_28' title="bbox 1945 1604 3545 1684">
     <span class='ocr_line' id='line_1_28' title="bbox 1945 1604 3545 1684; baseline 0.01 -27"><span class='ocrx_word' id='word_1_216' title='bbox 1945 1604 2242 1658; x_wconf 90' lang='lat' dir='ltr'><strong>stianornm</strong></span> <span class='ocrx_word' id='word_1_217' title='bbox 2285 1607 2529 1676; x_wconf 89' lang='lat' dir='ltr'><strong>quotidie</strong></span> <span class='ocrx_word' id='word_1_218' title='bbox 2569 1614 2999 1668; x_wconf 80' lang='lat' dir='ltr'><strong>excresceutium</strong></span> <span class='ocrx_word' id='word_1_219' title='bbox 3032 1629 3315 1684; x_wconf 91' lang='lat' dir='ltr'><strong>numerus,</strong></span> <span class='ocrx_word' id='word_1_220' title='bbox 3345 1618 3428 1672; x_wconf 90' lang='lat' dir='ltr'><strong>cui</strong></span> <span class='ocrx_word' id='word_1_221' title='bbox 3453 1632 3545 1672; x_wconf 81' lang='lat' dir='ltr'><strong>ca-</strong></span> 
     </span>
    </p>
   </div>
   <div class='ocr_carea' id='block_1_29' title="bbox 1947 1695 3549 1774">
    <p class='ocr_par' dir='ltr' id='par_1_29' title="bbox 1947 1695 3549 1774">
     <span class='ocr_line' id='line_1_29' title="bbox 1947 1695 3549 1774; baseline 0.009 -23"><span class='ocrx_word' id='word_1_222' title='bbox 1947 1695 2148 1766; x_wconf 87' lang='lat' dir='ltr'><strong>piendo</strong></span> <span class='ocrx_word' id='word_1_223' title='bbox 2207 1713 2348 1754; x_wconf 89' lang='lat' dir='ltr'><strong>nova</strong></span> <span class='ocrx_word' id='word_1_224' title='bbox 2391 1700 2516 1756; x_wconf 90' lang='lat' dir='ltr'><strong>licet</strong></span> <span class='ocrx_word' id='word_1_225' title='bbox 2555 1711 2610 1757; x_wconf 90' lang='lat' dir='ltr'><strong>et</strong></span> <span class='ocrx_word' id='word_1_226' title='bbox 2637 1704 2824 1774; x_wconf 89' lang='lat' dir='ltr'><strong>ampla</strong></span> <span class='ocrx_word' id='word_1_227' title='bbox 2877 1706 3144 1774; x_wconf 89' lang='lat' dir='ltr'><strong>ecclesia,</strong></span> <span class='ocrx_word' id='word_1_228' title='bbox 3199 1719 3344 1765; x_wconf 90' lang='lat' dir='ltr'><strong>esset</strong></span> <span class='ocrx_word' id='word_1_229' title='bbox 3389 1709 3549 1765; x_wconf 90' lang='lat' dir='ltr'><strong>nimis</strong></span> 
     </span>
    </p>
   </div>
   <div class='ocr_carea' id='block_1_30' title="bbox 1944 1795 3545 1864">
    <p class='ocr_par' dir='ltr' id='par_1_30' title="bbox 1944 1795 3545 1864">
     <span class='ocr_line' id='line_1_30' title="bbox 1944 1795 3545 1864; baseline 0.009 -20"><span class='ocrx_word' id='word_1_230' title='bbox 1944 1800 2172 1861; x_wconf 86' lang='lat' dir='ltr'><strong>angusta</strong></span> <span class='ocrx_word' id='word_1_231' title='bbox 2207 1807 2270 1847; x_wconf 75' lang='lat' dir='ltr'><strong>ex</strong></span> <span class='ocrx_word' id='word_1_232' title='bbox 2307 1803 2463 1848; x_wconf 91' lang='lat' dir='ltr'><strong>tract.</strong></span> <span class='ocrx_word' id='word_1_233' title='bbox 2491 1795 2553 1850; x_wconf 77' lang='lat' dir='ltr'><strong>M</strong></span> <span class='ocrx_word' id='word_1_234' title='bbox 2600 1795 2693 1852; x_wconf 91' lang='lat' dir='ltr'><strong>lib.</strong></span> <span class='ocrx_word' id='word_1_235' title='bbox 2720 1813 2762 1864; x_wconf 89' lang='grc' dir='ltr'>ι,</span> <span class='ocrx_word' id='word_1_236' title='bbox 2789 1813 2938 1853; x_wconf 90' lang='lat' dir='ltr'><strong>num.</strong></span> <span class='ocrx_word' id='word_1_237' title='bbox 2964 1801 3014 1864; x_wconf 72' lang='lat'><strong>2,</strong></span> <span class='ocrx_word' id='word_1_238' title='bbox 3057 1815 3162 1855; x_wconf 93' lang='lat' dir='ltr'><strong>non</strong></span> <span class='ocrx_word' id='word_1_239' title='bbox 3192 1811 3278 1858; x_wconf 90' lang='lat' dir='ltr'><strong>est</strong></span> <span class='ocrx_word' id='word_1_240' title='bbox 3307 1802 3545 1858; x_wconf 82' lang='lat' dir='ltr'><strong>incredi-</strong></span> 
     </span>
    </p>
   </div>
   <div class='ocr_carea' id='block_1_31' title="bbox 241 1882 3549 1962">
    <p class='ocr_par' dir='ltr' id='par_1_31' title="bbox 241 1882 3549 1962">
     <span class='ocr_line' id='line_1_31' title="bbox 241 1882 3549 1962; baseline 0.002 -19"><span class='ocrx_word' id='word_1_241' title='bbox 241 1889 304 1943; x_wconf 73' lang='lat' dir='ltr'><strong>ill.</strong></span> <span class='ocrx_word' id='word_1_242' title='bbox 354 1889 671 1945; x_wconf 84' lang='lat' dir='ltr'><strong>decembris</strong></span> <span class='ocrx_word' id='word_1_243' title='bbox 710 1888 768 1945; x_wconf 93' lang='lat' dir='ltr'><strong>S.</strong></span> <span class='ocrx_word' id='word_1_244' title='bbox 806 1887 1082 1943; x_wconf 90' lang='lat' dir='ltr'><strong>Zenonem</strong></span> <span class='ocrx_word' id='word_1_245' title='bbox 1124 1887 1436 1958; x_wconf 89' lang='lat' dir='ltr'><strong>episcopum</strong></span> <span class='ocrx_word' id='word_1_246' title='bbox 1468 1897 1840 1942; x_wconf 91' lang='lat' dir='ltr'><strong>consecratum</strong></span> <span class='ocrx_word' id='word_1_247' title='bbox 1874 1894 1923 1954; x_wconf 84' lang='grc' dir='ltr'>Β</span> <span class='ocrx_word' id='word_1_248' title='bbox 1952 1882 2091 1937; x_wconf 87' lang='lat' dir='ltr'><strong>bilis.</strong></span> <span class='ocrx_word' id='word_1_249' title='bbox 2122 1884 2328 1958; x_wconf 77' lang='lat' dir='ltr'><strong>luxtv]</strong></span> <span class='ocrx_word' id='word_1_250' title='bbox 2343 1884 2543 1942; x_wconf 83' lang='lat' dir='ltr'><strong>Confer</strong></span> <span class='ocrx_word' id='word_1_251' title='bbox 2565 1888 2767 1959; x_wconf 85' lang='lat' dir='ltr'><strong>reliqua</strong></span> <span class='ocrx_word' id='word_1_252' title='bbox 2792 1907 2911 1960; x_wconf 74' lang='lat' dir='ltr'><strong>quae</strong></span> <span class='ocrx_word' id='word_1_253' title='bbox 2925 1901 3107 1948; x_wconf 90' lang='lat' dir='ltr'><strong>notam</strong></span> <span class='ocrx_word' id='word_1_254' title='bbox 3129 1893 3363 1962; x_wconf 80' lang='lat' dir='ltr'><strong>aliquam</strong></span> <span class='ocrx_word' id='word_1_255' title='bbox 3380 1893 3549 1951; x_wconf 89' lang='lat' dir='ltr'><strong>chro-</strong></span> 
     </span>
    </p>
   </div>
   <div class='ocr_carea' id='block_1_32' title="bbox 247 1981 986 2037">
    <p class='ocr_par' dir='ltr' id='par_1_32' title="bbox 247 1981 986 2037">
     <span class='ocr_line' id='line_1_32' title="bbox 247 1981 986 2037; baseline 0 -1"><span class='ocrx_word' id='word_1_256' title='bbox 247 1981 405 2036; x_wconf 85' lang='lat' dir='ltr'><strong>fuisse</strong></span> <span class='ocrx_word' id='word_1_257' title='bbox 435 1981 572 2036; x_wconf 86' lang='lat' dir='ltr'><strong>satis</strong></span> <span class='ocrx_word' id='word_1_258' title='bbox 593 1981 853 2037; x_wconf 70' lang='lat' dir='ltr'><strong>credibile</strong></span> <span class='ocrx_word' id='word_1_259' title='bbox 881 1990 986 2036; x_wconf 90' lang='lat' dir='ltr'><strong>est.</strong></span> 
     </span>
    </p>
   </div>
   <div class='ocr_carea' id='block_1_33' title="bbox 303 2073 1841 2144">
    <p class='ocr_par' dir='ltr' id='par_1_33' title="bbox 303 2073 1841 2144">
     <span class='ocr_line' id='line_1_33' title="bbox 303 2073 1841 2144; baseline -0.003 -14"><span class='ocrx_word' id='word_1_260' title='bbox 303 2075 410 2130; x_wconf 86' lang='lat' dir='ltr'><strong>Sed</strong></span> <span class='ocrx_word' id='word_1_261' title='bbox 440 2075 582 2140; x_wconf 66' lang='lat' dir='ltr'><strong>haec,</strong></span> <span class='ocrx_word' id='word_1_262' title='bbox 609 2085 668 2130; x_wconf 91' lang='lat' dir='ltr'><strong>ut</strong></span> <span class='ocrx_word' id='word_1_263' title='bbox 699 2075 858 2144; x_wconf 90' lang='lat' dir='ltr'><strong>paulo</strong></span> <span class='ocrx_word' id='word_1_264' title='bbox 883 2082 1010 2130; x_wconf 88' lang='lat' dir='ltr'><strong>ante</strong></span> <span class='ocrx_word' id='word_1_265' title='bbox 1038 2073 1298 2138; x_wconf 81' lang='lat' dir='ltr'><strong>diximus,</strong></span> <span class='ocrx_word' id='word_1_266' title='bbox 1330 2088 1425 2144; x_wconf 90' lang='lat' dir='ltr'><strong>per</strong></span> <span class='ocrx_word' id='word_1_267' title='bbox 1445 2073 1841 2143; x_wconf 85' lang='lat' dir='ltr'><strong>conjecturam,</strong></span> 
     </span>
    </p>
   </div>
   <div class='ocr_carea' id='block_1_34' title="bbox 237 2163 1844 2237">
    <p class='ocr_par' dir='ltr' id='par_1_34' title="bbox 237 2163 1844 2237">
     <span class='ocr_line' id='line_1_34' title="bbox 237 2163 1844 2237; baseline -0.001 -16"><span class='ocrx_word' id='word_1_268' title='bbox 237 2182 386 2237; x_wconf 89' lang='lat' dir='ltr'><strong>quam</strong></span> <span class='ocrx_word' id='word_1_269' title='bbox 418 2166 545 2222; x_wconf 87' lang='lat' dir='ltr'><strong>aliis</strong></span> <span class='ocrx_word' id='word_1_270' title='bbox 575 2165 1014 2231; x_wconf 77' lang='lat' dir='ltr'><strong>examinandam,</strong></span> <span class='ocrx_word' id='word_1_271' title='bbox 1039 2176 1094 2221; x_wconf 92' lang='lat' dir='ltr'><strong>et</strong></span> <span class='ocrx_word' id='word_1_272' title='bbox 1117 2165 1500 2236; x_wconf 87' lang='lat' dir='ltr'><strong>respuendam,</strong></span> <span class='ocrx_word' id='word_1_273' title='bbox 1529 2166 1612 2220; x_wconf 88' lang='lat' dir='ltr'><strong>vel</strong></span> <span class='ocrx_word' id='word_1_274' title='bbox 1635 2163 1844 2233; x_wconf 80' lang='lat' dir='ltr'><strong>confir-</strong></span> 
     </span>
    </p>
   </div>
   <div class='ocr_carea' id='block_1_35' title="bbox 240 2259 1840 2332">
    <p class='ocr_par' dir='ltr' id='par_1_35' title="bbox 240 2259 1840 2332">
     <span class='ocr_line' id='line_1_35' title="bbox 240 2259 1840 2332; baseline -0.001 -16"><span class='ocrx_word' id='word_1_275' title='bbox 240 2260 486 2317; x_wconf 86' lang='lat' dir='ltr'><strong>mandam</strong></span> <span class='ocrx_word' id='word_1_276' title='bbox 527 2261 911 2332; x_wconf 88' lang='lat' dir='ltr'><strong>relinquimus.</strong></span> <span class='ocrx_word' id='word_1_277' title='bbox 947 2261 1080 2315; x_wconf 91' lang='lat' dir='ltr'><strong>Dum</strong></span> <span class='ocrx_word' id='word_1_278' title='bbox 1110 2275 1241 2316; x_wconf 90' lang='lat' dir='ltr'><strong>vero</strong></span> <span class='ocrx_word' id='word_1_279' title='bbox 1266 2267 1392 2327; x_wconf 88' lang='lat' dir='ltr'><strong>stet,</strong></span> <span class='ocrx_word' id='word_1_280' title='bbox 1418 2260 1560 2331; x_wconf 91' lang='lat' dir='ltr'><strong>quod</strong></span> <span class='ocrx_word' id='word_1_281' title='bbox 1591 2259 1661 2314; x_wconf 89' lang='lat' dir='ltr'><strong>ab</strong></span> <span class='ocrx_word' id='word_1_282' title='bbox 1687 2259 1840 2315; x_wconf 92' lang='lat' dir='ltr'><strong>initio</strong></span> 
     </span>
    </p>
   </div>
   <div class='ocr_carea' id='block_1_36' title="bbox 240 2355 1837 2427">
    <p class='ocr_par' dir='ltr' id='par_1_36' title="bbox 240 2355 1837 2427">
     <span class='ocr_line' id='line_1_36' title="bbox 240 2355 1837 2427; baseline 0.001 -19"><span class='ocrx_word' id='word_1_283' title='bbox 240 2355 555 2427; x_wconf 78' lang='lat' dir='ltr'><strong>paragraphi</strong></span> <span class='ocrx_word' id='word_1_284' title='bbox 609 2355 769 2425; x_wconf 84' lang='lat' dir='ltr'><strong>hujus</strong></span> <span class='ocrx_word' id='word_1_285' title='bbox 799 2355 1097 2426; x_wconf 73' lang='lat' dir='ltr'><strong>posuimus,</strong></span> <span class='ocrx_word' id='word_1_286' title='bbox 1129 2355 1364 2410; x_wconf 88' lang='lat' dir='ltr'><strong>Zenonis</strong></span> <span class='ocrx_word' id='word_1_287' title='bbox 1406 2364 1625 2410; x_wconf 82' lang='lat' dir='ltr'><strong>tetatem</strong></span> <span class='ocrx_word' id='word_1_288' title='bbox 1671 2355 1837 2426; x_wconf 86' lang='lat' dir='ltr'><strong>pluri-</strong></span> 
     </span>
    </p>
   </div>
   <div class='ocr_carea' id='block_1_37' title="bbox 239 2448 1840 2514">
    <p class='ocr_par' dir='ltr' id='par_1_37' title="bbox 239 2448 1840 2514">
     <span class='ocr_line' id='line_1_37' title="bbox 239 2448 1840 2514; baseline -0.001 -9"><span class='ocrx_word' id='word_1_289' title='bbox 239 2449 327 2505; x_wconf 88' lang='lat' dir='ltr'><strong>bus</strong></span> <span class='ocrx_word' id='word_1_290' title='bbox 350 2449 704 2505; x_wconf 89' lang='lat' dir='ltr'><strong>documentis</strong></span> <span class='ocrx_word' id='word_1_291' title='bbox 738 2450 1028 2514; x_wconf 86' lang='lat' dir='ltr'><strong>firmatam,</strong></span> <span class='ocrx_word' id='word_1_292' title='bbox 1077 2449 1220 2504; x_wconf 87' lang='lat' dir='ltr'><strong>inter</strong></span> <span class='ocrx_word' id='word_1_293' title='bbox 1249 2464 1451 2504; x_wconf 90' lang='lat' dir='ltr'><strong>annum</strong></span> <span class='ocrx_word' id='word_1_294' title='bbox 1479 2449 1584 2504; x_wconf 81' lang='lat'><strong>356</strong></span> <span class='ocrx_word' id='word_1_295' title='bbox 1627 2458 1684 2504; x_wconf 93' lang='lat' dir='ltr'><strong>et</strong></span> <span class='ocrx_word' id='word_1_296' title='bbox 1731 2448 1840 2504; x_wconf 89' lang='lat'><strong>380</strong></span> 
     </span>
    </p>
   </div>
   <div class='ocr_carea' id='block_1_38' title="bbox 236 2542 1836 2612">
    <p class='ocr_par' dir='ltr' id='par_1_38' title="bbox 236 2542 1836 2612">
     <span class='ocr_line' id='line_1_38' title="bbox 236 2542 1836 2612; baseline 0.001 -14"><span class='ocrx_word' id='word_1_297' title='bbox 236 2544 442 2600; x_wconf 87' lang='lat' dir='ltr'><strong>circiter</strong></span> <span class='ocrx_word' id='word_1_298' title='bbox 467 2557 594 2599; x_wconf 88' lang='lat' dir='ltr'><strong>esse</strong></span> <span class='ocrx_word' id='word_1_299' title='bbox 623 2542 1095 2610; x_wconf 88' lang='lat' dir='ltr'><strong>constituendam;</strong></span> <span class='ocrx_word' id='word_1_300' title='bbox 1125 2545 1327 2612; x_wconf 82' lang='lat' dir='ltr'><strong>Optime</strong></span> <span class='ocrx_word' id='word_1_301' title='bbox 1359 2544 1686 2599; x_wconf 86' lang='lat' dir='ltr'><strong>conveniunt</strong></span> <span class='ocrx_word' id='word_1_302' title='bbox 1715 2559 1836 2599; x_wconf 87' lang='lat' dir='ltr'><strong>om-</strong></span> 
     </span>
    </p>
   </div>
   <div class='ocr_carea' id='block_1_39' title="bbox 237 2637 1839 2710">
    <p class='ocr_par' dir='ltr' id='par_1_39' title="bbox 237 2637 1839 2710">
     <span class='ocr_line' id='line_1_39' title="bbox 237 2637 1839 2710; baseline -0.003 -16"><span class='ocrx_word' id='word_1_303' title='bbox 237 2639 436 2704; x_wconf 87' lang='lat' dir='ltr'><strong>nia,ut</strong></span> <span class='ocrx_word' id='word_1_304' title='bbox 479 2637 618 2693; x_wconf 89' lang='lat' dir='ltr'><strong>nihil</strong></span> <span class='ocrx_word' id='word_1_305' title='bbox 666 2637 878 2694; x_wconf 90' lang='lat' dir='ltr'><strong>melius.</strong></span> <span class='ocrx_word' id='word_1_306' title='bbox 911 2637 1111 2692; x_wconf 84' lang='lat' dir='ltr'><strong>Juliani</strong></span> <span class='ocrx_word' id='word_1_307' title='bbox 1149 2637 1436 2708; x_wconf 90' lang='lat' dir='ltr'><strong>imperium</strong></span> <span class='ocrx_word' id='word_1_308' title='bbox 1493 2637 1839 2710; x_wconf 79' lang='lat' dir='ltr'><strong>episcopatus</strong></span> 
     </span>
    </p>
   </div>
   <div class='ocr_carea' id='block_1_40' title="bbox 235 2733 1840 2804">
    <p class='ocr_par' dir='ltr' id='par_1_40' title="bbox 235 2733 1840 2804">
     <span class='ocr_line' id='line_1_40' title="bbox 235 2733 1840 2804; baseline -0.002 -15"><span class='ocrx_word' id='word_1_309' title='bbox 235 2737 341 2804; x_wconf 81' lang='lat' dir='ltr'><strong>ejus</strong></span> <span class='ocrx_word' id='word_1_310' title='bbox 393 2733 576 2791; x_wconf 83' lang='lat' dir='ltr'><strong>initia.</strong></span> <span class='ocrx_word' id='word_1_311' title='bbox 602 2742 898 2804; x_wconf 91' lang='lat' dir='ltr'><strong>potuerunt</strong></span> <span class='ocrx_word' id='word_1_312' title='bbox 938 2733 1226 2802; x_wconf 85' lang='lat' dir='ltr'><strong>attingere,</strong></span> <span class='ocrx_word' id='word_1_313' title='bbox 1257 2745 1365 2803; x_wconf 91' lang='lat' dir='ltr'><strong>quo</strong></span> <span class='ocrx_word' id='word_1_314' title='bbox 1398 2740 1642 2802; x_wconf 90' lang='lat' dir='ltr'><strong>tempore</strong></span> <span class='ocrx_word' id='word_1_315' title='bbox 1693 2740 1840 2800; x_wconf 88' lang='lat' dir='ltr'><strong>pate-</strong></span> 
     </span>
    </p>
   </div>
   <div class='ocr_carea' id='block_1_41' title="bbox 237 2823 1841 2898">
    <p class='ocr_par' dir='ltr' id='par_1_41' title="bbox 237 2823 1841 2898">
     <span class='ocr_line' id='line_1_41' title="bbox 237 2823 1841 2898; baseline -0.002 -16"><span class='ocrx_word' id='word_1_316' title='bbox 237 2828 353 2882; x_wconf 83' lang='lat' dir='ltr'><strong>bant</strong></span> <span class='ocrx_word' id='word_1_317' title='bbox 385 2826 669 2882; x_wconf 88' lang='lat' dir='ltr'><strong>idolorum</strong></span> <span class='ocrx_word' id='word_1_318' title='bbox 713 2826 934 2898; x_wconf 90' lang='lat' dir='ltr'><strong>templa,</strong></span> <span class='ocrx_word' id='word_1_319' title='bbox 969 2835 1024 2882; x_wconf 89' lang='lat' dir='ltr'><strong>et</strong></span> <span class='ocrx_word' id='word_1_320' title='bbox 1051 2825 1119 2881; x_wconf 93' lang='lat' dir='ltr'><strong>de</strong></span> <span class='ocrx_word' id='word_1_321' title='bbox 1144 2825 1265 2896; x_wconf 88' lang='lat' dir='ltr'><strong>jure</strong></span> <span class='ocrx_word' id='word_1_322' title='bbox 1295 2823 1616 2894; x_wconf 91' lang='lat' dir='ltr'><strong>templorum</strong></span> <span class='ocrx_word' id='word_1_323' title='bbox 1646 2824 1841 2879; x_wconf 90' lang='lat' dir='ltr'><strong>licebat</strong></span> 
     </span>
    </p>
   </div>
   <div class='ocr_carea' id='block_1_42' title="bbox 239 2915 1836 2988">
    <p class='ocr_par' dir='ltr' id='par_1_42' title="bbox 239 2915 1836 2988">
     <span class='ocr_line' id='line_1_42' title="bbox 239 2915 1836 2988; baseline -0.002 -13"><span class='ocrx_word' id='word_1_324' title='bbox 239 2919 568 2976; x_wconf 82' lang='lat' dir='ltr'><strong>contendere</strong></span> <span class='ocrx_word' id='word_1_325' title='bbox 594 2960 610 2985; x_wconf 95' lang='lat'><strong>,</strong></span> <span class='ocrx_word' id='word_1_326' title='bbox 641 2927 700 2973; x_wconf 91' lang='lat' dir='ltr'><strong>ut</strong></span> <span class='ocrx_word' id='word_1_327' title='bbox 741 2918 972 2974; x_wconf 86' lang='lat' dir='ltr'><strong>traditur</strong></span> <span class='ocrx_word' id='word_1_328' title='bbox 1017 2926 1231 2973; x_wconf 85' lang='lat' dir='ltr'><strong>tractat.</strong></span> <span class='ocrx_word' id='word_1_329' title='bbox 1266 2917 1335 2972; x_wconf 77' lang='grc'><strong>15</strong></span> <span class='ocrx_word' id='word_1_330' title='bbox 1365 2917 1459 2972; x_wconf 89' lang='lat' dir='ltr'><strong>lib.</strong></span> <span class='ocrx_word' id='word_1_331' title='bbox 1513 2933 1552 2981; x_wconf 89' lang='grc' dir='ltr'>ι,</span> <span class='ocrx_word' id='word_1_332' title='bbox 1583 2915 1725 2988; x_wconf 90' lang='lat' dir='ltr'><strong>quod</strong></span> <span class='ocrx_word' id='word_1_333' title='bbox 1756 2925 1836 2972; x_wconf 91' lang='lat' dir='ltr'><strong>ta-</strong></span> 
     </span>
    </p>
   </div>
   <div class='ocr_carea' id='block_1_43' title="bbox 241 3011 1837 3086">
    <p class='ocr_par' dir='ltr' id='par_1_43' title="bbox 241 3011 1837 3086">
     <span class='ocr_line' id='line_1_43' title="bbox 241 3011 1837 3086; baseline -0.003 -16"><span class='ocrx_word' id='word_1_334' title='bbox 241 3031 348 3071; x_wconf 87' lang='lat' dir='ltr'><strong>men</strong></span> <span class='ocrx_word' id='word_1_335' title='bbox 369 3015 558 3086; x_wconf 89' lang='lat' dir='ltr'><strong>ipsum</strong></span> <span class='ocrx_word' id='word_1_336' title='bbox 595 3014 650 3070; x_wconf 93' lang='lat' dir='ltr'><strong>in</strong></span> <span class='ocrx_word' id='word_1_337' title='bbox 678 3013 910 3070; x_wconf 87' lang='lat' dir='ltr'><strong>aliorum</strong></span> <span class='ocrx_word' id='word_1_338' title='bbox 954 3026 1170 3084; x_wconf 91' lang='lat' dir='ltr'><strong>quoque</strong></span> <span class='ocrx_word' id='word_1_339' title='bbox 1203 3011 1592 3082; x_wconf 88' lang='lat' dir='ltr'><strong>imperatorum</strong></span> <span class='ocrx_word' id='word_1_340' title='bbox 1621 3019 1837 3067; x_wconf 63' lang='lat' dir='ltr'><strong>aetatem</strong></span> 
     </span>
    </p>
   </div>
   <div class='ocr_carea' id='block_1_44' title="bbox 1947 1978 3548 2051">
    <p class='ocr_par' dir='ltr' id='par_1_44' title="bbox 1947 1978 3548 2051">
     <span class='ocr_line' id='line_1_44' title="bbox 1947 1978 3548 2051; baseline 0.007 -19"><span class='ocrx_word' id='word_1_341' title='bbox 1947 1978 2126 2032; x_wconf 88' lang='lat' dir='ltr'><strong>nicam</strong></span> <span class='ocrx_word' id='word_1_342' title='bbox 2157 1978 2414 2048; x_wconf 83' lang='lat' dir='ltr'><strong>praeferre</strong></span> <span class='ocrx_word' id='word_1_343' title='bbox 2459 1991 2693 2051; x_wconf 89' lang='lat' dir='ltr'><strong>queunt.</strong></span> <span class='ocrx_word' id='word_1_344' title='bbox 2727 1992 2782 2038; x_wconf 88' lang='lat' dir='ltr'><strong>et</strong></span> <span class='ocrx_word' id='word_1_345' title='bbox 2829 1983 2874 2037; x_wconf 91' lang='lat' dir='ltr'><strong>si</strong></span> <span class='ocrx_word' id='word_1_346' title='bbox 2925 1998 3032 2040; x_wconf 91' lang='lat' dir='ltr'><strong>non</strong></span> <span class='ocrx_word' id='word_1_347' title='bbox 3063 1986 3239 2041; x_wconf 90' lang='lat' dir='ltr'><strong>omnia</strong></span> <span class='ocrx_word' id='word_1_348' title='bbox 3289 2000 3411 2040; x_wconf 90' lang='lat' dir='ltr'><strong>cum</strong></span> <span class='ocrx_word' id='word_1_349' title='bbox 3443 1985 3548 2044; x_wconf 89' lang='lat' dir='ltr'><strong>hac</strong></span> 
     </span>
    </p>
   </div>
   <div class='ocr_carea' id='block_1_45' title="bbox 1945 2073 3547 2142">
    <p class='ocr_par' dir='ltr' id='par_1_45' title="bbox 1945 2073 3547 2142">
     <span class='ocr_line' id='line_1_45' title="bbox 1945 2073 3547 2142; baseline 0.008 -21"><span class='ocrx_word' id='word_1_350' title='bbox 1945 2077 2108 2123; x_wconf 73' lang='lat' dir='ltr'><strong>mtate</strong></span> <span class='ocrx_word' id='word_1_351' title='bbox 2141 2081 2488 2138; x_wconf 87' lang='lat' dir='ltr'><strong>concurrant,</strong></span> <span class='ocrx_word' id='word_1_352' title='bbox 2520 2087 2641 2126; x_wconf 90' lang='lat' dir='ltr'><strong>cum</strong></span> <span class='ocrx_word' id='word_1_353' title='bbox 2672 2073 2777 2127; x_wconf 90' lang='lat' dir='ltr'><strong>alia</strong></span> <span class='ocrx_word' id='word_1_354' title='bbox 2804 2085 3166 2142; x_wconf 87' lang='lat' dir='ltr'><strong>concurrant;</strong></span> <span class='ocrx_word' id='word_1_355' title='bbox 3197 2088 3435 2133; x_wconf 89' lang='lat' dir='ltr'><strong>nostram</strong></span> <span class='ocrx_word' id='word_1_356' title='bbox 3476 2079 3547 2134; x_wconf 86' lang='lat' dir='ltr'><strong>de</strong></span> 
     </span>
    </p>
   </div>
   <div class='ocr_carea' id='block_1_46' title="bbox 1945 2161 3548 2244">
    <p class='ocr_par' dir='ltr' id='par_1_46' title="bbox 1945 2161 3548 2244">
     <span class='ocr_line' id='line_1_46' title="bbox 1945 2161 3548 2244; baseline 0.008 -29"><span class='ocrx_word' id='word_1_357' title='bbox 1945 2161 2178 2218; x_wconf 88' lang='lat' dir='ltr'><strong>Zenonis</strong></span> <span class='ocrx_word' id='word_1_358' title='bbox 2237 2181 2352 2219; x_wconf 64' lang='lat' dir='ltr'><strong>aevo</strong></span> <span class='ocrx_word' id='word_1_359' title='bbox 2407 2168 2728 2224; x_wconf 90' lang='lat' dir='ltr'><strong>sententiam</strong></span> <span class='ocrx_word' id='word_1_360' title='bbox 2787 2170 3328 2244; x_wconf 89' lang='lat' dir='ltr'><strong>abjicias,aliumque</strong></span> <span class='ocrx_word' id='word_1_361' title='bbox 3372 2173 3443 2228; x_wconf 91' lang='lat' dir='ltr'><strong>ab</strong></span> <span class='ocrx_word' id='word_1_362' title='bbox 3478 2187 3548 2228; x_wconf 91' lang='lat' dir='ltr'><strong>eo</strong></span> 
     </span>
    </p>
   </div>
   <div class='ocr_carea' id='block_1_47' title="bbox 1945 2259 3543 2337">
    <p class='ocr_par' dir='ltr' id='par_1_47' title="bbox 1945 2259 3543 2337">
     <span class='ocr_line' id='line_1_47' title="bbox 1945 2259 3543 2337; baseline 0.006 -25"><span class='ocrx_word' id='word_1_363' title='bbox 1945 2259 2188 2313; x_wconf 91' lang='lat' dir='ltr'><strong>omnium</strong></span> <span class='ocrx_word' id='word_1_364' title='bbox 2232 2267 2556 2317; x_wconf 88' lang='lat' dir='ltr'><strong>tractatuum</strong></span> <span class='ocrx_word' id='word_1_365' title='bbox 2608 2273 2882 2320; x_wconf 88' lang='lat' dir='ltr'><strong>auctorem</strong></span> <span class='ocrx_word' id='word_1_366' title='bbox 2919 2275 3125 2321; x_wconf 86' lang='lat' dir='ltr'><strong>statuas</strong></span> <span class='ocrx_word' id='word_1_367' title='bbox 3147 2281 3241 2337; x_wconf 89' lang='lat' dir='ltr'><strong>per</strong></span> <span class='ocrx_word' id='word_1_368' title='bbox 3269 2281 3370 2323; x_wconf 91' lang='lat' dir='ltr'><strong>nos</strong></span> <span class='ocrx_word' id='word_1_369' title='bbox 3397 2266 3543 2322; x_wconf 89' lang='lat' dir='ltr'><strong>licet.</strong></span> 
     </span>
    </p>
   </div>
   <div class='ocr_carea' id='block_1_48' title="bbox 1945 2350 3544 2426">
    <p class='ocr_par' dir='ltr' id='par_1_48' title="bbox 1945 2350 3544 2426">
     <span class='ocr_line' id='line_1_48' title="bbox 1945 2350 3544 2426; baseline 0.004 -19"><span class='ocrx_word' id='word_1_370' title='bbox 1945 2350 2002 2407; x_wconf 91' lang='lat' dir='ltr'><strong>Si</strong></span> <span class='ocrx_word' id='word_1_371' title='bbox 2034 2367 2164 2407; x_wconf 89' lang='lat' dir='ltr'><strong>vero</strong></span> <span class='ocrx_word' id='word_1_372' title='bbox 2193 2352 2316 2407; x_wconf 83' lang='lat' dir='ltr'><strong>huic</strong></span> <span class='ocrx_word' id='word_1_373' title='bbox 2352 2355 2500 2409; x_wconf 57' lang='lat' dir='ltr'><strong>artati</strong></span> <span class='ocrx_word' id='word_1_374' title='bbox 2543 2356 2875 2412; x_wconf 90' lang='lat' dir='ltr'><strong>conveniant</strong></span> <span class='ocrx_word' id='word_1_375' title='bbox 2916 2358 3121 2426; x_wconf 85' lang='lat' dir='ltr'><strong>omnia,</strong></span> <span class='ocrx_word' id='word_1_376' title='bbox 3143 2358 3239 2414; x_wconf 89' lang='lat' dir='ltr'><strong>alii</strong></span> <span class='ocrx_word' id='word_1_377' title='bbox 3264 2360 3410 2414; x_wconf 77' lang='lat' dir='ltr'><strong>tetati</strong></span> <span class='ocrx_word' id='word_1_378' title='bbox 3438 2375 3544 2414; x_wconf 93' lang='lat' dir='ltr'><strong>non</strong></span> 
     </span>
    </p>
   </div>
   <div class='ocr_carea' id='block_1_49' title="bbox 1943 2448 3548 2524">
    <p class='ocr_par' dir='ltr' id='par_1_49' title="bbox 1943 2448 3548 2524">
     <span class='ocr_line' id='line_1_49' title="bbox 1943 2448 3548 2524; baseline 0.003 -22"><span class='ocrx_word' id='word_1_379' title='bbox 1943 2456 2284 2516; x_wconf 89' lang='lat' dir='ltr'><strong>congruant,</strong></span> <span class='ocrx_word' id='word_1_380' title='bbox 2341 2448 2475 2503; x_wconf 80' lang='lat' dir='ltr'><strong>nihil</strong></span> <span class='ocrx_word' id='word_1_381' title='bbox 2507 2463 2792 2521; x_wconf 89' lang='lat' dir='ltr'><strong>superesse</strong></span> <span class='ocrx_word' id='word_1_382' title='bbox 2835 2451 3184 2524; x_wconf 78' lang='lat' dir='ltr'><strong>intelligimus</strong></span> <span class='ocrx_word' id='word_1_383' title='bbox 3223 2469 3331 2523; x_wconf 90' lang='lat' dir='ltr'><strong>quo</strong></span> <span class='ocrx_word' id='word_1_384' title='bbox 3370 2454 3548 2508; x_wconf 91' lang='lat' dir='ltr'><strong>minus</strong></span> 
     </span>
    </p>
   </div>
   <div class='ocr_carea' id='block_1_50' title="bbox 1947 2539 3549 2614">
    <p class='ocr_par' dir='ltr' id='par_1_50' title="bbox 1947 2539 3549 2614">
     <span class='ocr_line' id='line_1_50' title="bbox 1947 2539 3549 2614; baseline 0.002 -18"><span class='ocrx_word' id='word_1_385' title='bbox 1947 2540 2004 2596; x_wconf 89' lang='lat' dir='ltr'><strong>S.</strong></span> <span class='ocrx_word' id='word_1_386' title='bbox 2035 2539 2312 2596; x_wconf 90' lang='lat' dir='ltr'><strong>Zenonem</strong></span> <span class='ocrx_word' id='word_1_387' title='bbox 2343 2542 2655 2614; x_wconf 86' lang='lat' dir='ltr'><strong>episcopum</strong></span> <span class='ocrx_word' id='word_1_388' title='bbox 2683 2543 3058 2600; x_wconf 78' lang='lat' dir='ltr'><strong>V’eronensem</strong></span> <span class='ocrx_word' id='word_1_389' title='bbox 3085 2588 3099 2613; x_wconf 94' lang='lat'><strong>,</strong></span> <span class='ocrx_word' id='word_1_390' title='bbox 3154 2544 3344 2602; x_wconf 92' lang='lat' dir='ltr'><strong>eadem</strong></span> <span class='ocrx_word' id='word_1_391' title='bbox 3389 2555 3549 2601; x_wconf 61' lang='lat' dir='ltr'><strong>atate</strong></span> 
     </span>
    </p>
   </div>
   <div class='ocr_carea' id='block_1_51' title="bbox 1945 2633 3552 2711">
    <p class='ocr_par' dir='ltr' id='par_1_51' title="bbox 1945 2633 3552 2711">
     <span class='ocr_line' id='line_1_51' title="bbox 1945 2633 3552 2711; baseline 0.005 -24"><span class='ocrx_word' id='word_1_392' title='bbox 1945 2633 2250 2699; x_wconf 73' lang='lat' dir='ltr'><strong>florentem,</strong></span> <span class='ocrx_word' id='word_1_393' title='bbox 2284 2651 2471 2691; x_wconf 89' lang='lat' dir='ltr'><strong>verum</strong></span> <span class='ocrx_word' id='word_1_394' title='bbox 2519 2645 2868 2708; x_wconf 86' lang='lat' dir='ltr'><strong>tractatuum,</strong></span> <span class='ocrx_word' id='word_1_395' title='bbox 2898 2654 3035 2710; x_wconf 90' lang='lat' dir='ltr'><strong>quos</strong></span> <span class='ocrx_word' id='word_1_396' title='bbox 3081 2640 3346 2711; x_wconf 86' lang='lat' dir='ltr'><strong>genuinos</strong></span> <span class='ocrx_word' id='word_1_397' title='bbox 3391 2641 3552 2695; x_wconf 90' lang='lat' dir='ltr'><strong>unius</strong></span> 
     </span>
    </p>
   </div>
   <div class='ocr_carea' id='block_1_52' title="bbox 1946 2728 3547 2803">
    <p class='ocr_par' dir='ltr' id='par_1_52' title="bbox 1946 2728 3547 2803">
     <span class='ocr_line' id='line_1_52' title="bbox 1946 2728 3547 2803; baseline 0.003 -20"><span class='ocrx_word' id='word_1_398' title='bbox 1946 2728 2087 2784; x_wconf 85' lang='lat' dir='ltr'><strong>fetus</strong></span> <span class='ocrx_word' id='word_1_399' title='bbox 2143 2729 2498 2796; x_wconf 91' lang='lat' dir='ltr'><strong>secrevimus,</strong></span> <span class='ocrx_word' id='word_1_400' title='bbox 2557 2746 2820 2803; x_wconf 87' lang='lat' dir='ltr'><strong>agnoscas</strong></span> <span class='ocrx_word' id='word_1_401' title='bbox 2877 2741 2933 2788; x_wconf 94' lang='lat' dir='ltr'><strong>et</strong></span> <span class='ocrx_word' id='word_1_402' title='bbox 2981 2733 3197 2789; x_wconf 90' lang='lat' dir='ltr'><strong>fatearis</strong></span> <span class='ocrx_word' id='word_1_403' title='bbox 3245 2745 3547 2799; x_wconf 89' lang='lat' dir='ltr'><strong>auctorem,</strong></span> 
     </span>
    </p>
   </div>
   <div class='ocr_carea' id='block_1_53' title="bbox 1947 2822 3548 2896">
    <p class='ocr_par' dir='ltr' id='par_1_53' title="bbox 1947 2822 3548 2896">
     <span class='ocr_line' id='line_1_53' title="bbox 1947 2822 3548 2896; baseline 0.003 -20"><span class='ocrx_word' id='word_1_404' title='bbox 1947 2822 2180 2892; x_wconf 85' lang='lat' dir='ltr'><strong>linisque</strong></span> <span class='ocrx_word' id='word_1_405' title='bbox 2209 2823 2428 2879; x_wconf 91' lang='lat' dir='ltr'><strong>tandem</strong></span> <span class='ocrx_word' id='word_1_406' title='bbox 2461 2825 2769 2894; x_wconf 87' lang='lat' dir='ltr'><strong>imponatur</strong></span> <span class='ocrx_word' id='word_1_407' title='bbox 2799 2825 2863 2880; x_wconf 76' lang='lat' dir='ltr'><strong>iis</strong></span> <span class='ocrx_word' id='word_1_408' title='bbox 2890 2825 3298 2890; x_wconf 86' lang='lat' dir='ltr'><strong>controversiis,</strong></span> <span class='ocrx_word' id='word_1_409' title='bbox 3326 2840 3446 2896; x_wconf 80' lang='lat' dir='ltr'><strong>quae</strong></span> <span class='ocrx_word' id='word_1_410' title='bbox 3478 2826 3548 2882; x_wconf 92' lang='lat' dir='ltr'><strong>de</strong></span> 
     </span>
    </p>
   </div>
   <div class='ocr_carea' id='block_1_54' title="bbox 1945 2915 3548 2989">
    <p class='ocr_par' dir='ltr' id='par_1_54' title="bbox 1945 2915 3548 2989">
     <span class='ocr_line' id='line_1_54' title="bbox 1945 2915 3548 2989; baseline 0.002 -19"><span class='ocrx_word' id='word_1_411' title='bbox 1945 2915 2182 2972; x_wconf 91' lang='lat' dir='ltr'><strong>Zenonis</strong></span> <span class='ocrx_word' id='word_1_412' title='bbox 2215 2917 2434 2988; x_wconf 88' lang='lat' dir='ltr'><strong>scriptis</strong></span> <span class='ocrx_word' id='word_1_413' title='bbox 2478 2927 2535 2974; x_wconf 93' lang='lat' dir='ltr'><strong>et</strong></span> <span class='ocrx_word' id='word_1_414' title='bbox 2564 2928 2723 2974; x_wconf 66' lang='lat' dir='ltr'><strong>atate</strong></span> <span class='ocrx_word' id='word_1_415' title='bbox 2748 2927 2827 2974; x_wconf 91' lang='lat' dir='ltr'><strong>tot</strong></span> <span class='ocrx_word' id='word_1_416' title='bbox 2846 2918 2957 2989; x_wconf 89' lang='lat' dir='ltr'><strong>jam</strong></span> <span class='ocrx_word' id='word_1_417' title='bbox 3005 2919 3161 2974; x_wconf 89' lang='lat' dir='ltr'><strong>annis</strong></span> <span class='ocrx_word' id='word_1_418' title='bbox 3187 2917 3548 2974; x_wconf 88' lang='lat' dir='ltr'><strong>litteratorum</strong></span> 
     </span>
    </p>
   </div>
   <div class='ocr_carea' id='block_1_55' title="bbox 1943 3010 2567 3068">
    <p class='ocr_par' dir='ltr' id='par_1_55' title="bbox 1943 3010 2567 3068">
     <span class='ocr_line' id='line_1_55' title="bbox 1943 3010 2567 3068; baseline 0.003 -5"><span class='ocrx_word' id='word_1_419' title='bbox 1943 3010 2152 3066; x_wconf 87' lang='lat' dir='ltr'><strong>animos</strong></span> <span class='ocrx_word' id='word_1_420' title='bbox 2181 3010 2567 3068; x_wconf 89' lang='lat' dir='ltr'><strong>distinuerunt.</strong></span> 
     </span>
    </p>
   </div>
   <div class='ocr_carea' id='block_1_56' title="bbox 1951 3144 3550 3169">
    <p class='ocr_par' dir='ltr' id='par_1_56' title="bbox 1951 3144 3550 3169">
     <span class='ocr_line' id='line_1_56' title="bbox 1951 3144 3550 3169; baseline 0 -5"><span class='ocrx_word' id='word_1_421' title='bbox 1951 3144 3550 3169; x_wconf 47' lang='grc' dir='ltr'>Μ</span> 
     </span>
    </p>
   </div>
   <div class='ocr_carea' id='block_1_57' title="bbox 959 3259 2657 3366">
    <p class='ocr_par' dir='ltr' id='par_1_57' title="bbox 959 3259 2657 3366">
     <span class='ocr_line' id='line_1_57' title="bbox 959 3259 2657 3366; baseline 0 -21"><span class='ocrx_word' id='word_1_422' title='bbox 959 3265 1149 3345; x_wconf 71' lang='grc' dir='ltr'><strong>[ων]</strong></span> <span class='ocrx_word' id='word_1_423' title='bbox 1188 3259 1960 3346; x_wconf 81' lang='lat' dir='ltr'><strong>DISSERTATIO</strong></span> <span class='ocrx_word' id='word_1_424' title='bbox 2041 3259 2657 3366; x_wconf 86' lang='lat' dir='ltr'><strong>SECUNDA,</strong></span> 
     </span>
    </p>
   </div>
   <div class='ocr_carea' id='block_1_58' title="bbox 834 3425 2942 3493">
    <p class='ocr_par' dir='ltr' id='par_1_58' title="bbox 834 3425 2942 3493">
     <span class='ocr_line' id='line_1_58' title="bbox 834 3425 2942 3493; baseline -0 -3"><span class='ocrx_word' id='word_1_425' title='bbox 834 3427 1312 3492; x_wconf 76' lang='lat' dir='ltr'><strong>ZENONIANJE</strong></span> <span class='ocrx_word' id='word_1_426' title='bbox 1379 3425 1812 3491; x_wconf 66' lang='lat' dir='ltr'><strong>DOCTRINIE</strong></span> <span class='ocrx_word' id='word_1_427' title='bbox 1872 3429 2282 3493; x_wconf 85' lang='lat' dir='ltr'><strong>VINDICIAS</strong></span> <span class='ocrx_word' id='word_1_428' title='bbox 2343 3427 2942 3491; x_wconf 88' lang='lat' dir='ltr'><strong>COMPLECTENS.</strong></span> 
     </span>
    </p>
   </div>
   <div class='ocr_carea' id='block_1_59' title="bbox 829 3664 1250 3722">
    <p class='ocr_par' dir='ltr' id='par_1_59' title="bbox 829 3664 1250 3722">
     <span class='ocr_line' id='line_1_59' title="bbox 829 3664 1250 3722; baseline -0.007 -1"><span class='ocrx_word' id='word_1_429' title='bbox 829 3664 1250 3722; x_wconf 65' lang='grc' dir='ltr'><strong>Ρηοοεδιιωι.</strong></span> 
     </span>
    </p>
   </div>
   <div class='ocr_carea' id='block_1_60' title="bbox 242 3800 1842 3874">
    <p class='ocr_par' dir='ltr' id='par_1_60' title="bbox 242 3800 1842 3874">
     <span class='ocr_line' id='line_1_60' title="bbox 242 3800 1842 3874; baseline -0.001 -19"><span class='ocrx_word' id='word_1_430' title='bbox 242 3800 300 3855; x_wconf 80' lang='lat' dir='ltr'><strong>In</strong></span> <span class='ocrx_word' id='word_1_431' title='bbox 325 3820 422 3874; x_wconf 86' lang='lat' dir='ltr'><strong>quo</strong></span> <span class='ocrx_word' id='word_1_432' title='bbox 453 3803 522 3856; x_wconf 82' lang='lat' dir='ltr'><strong>de</strong></span> <span class='ocrx_word' id='word_1_433' title='bbox 550 3801 967 3858; x_wconf 81' lang='lat' dir='ltr'><strong>Zenonianor&#39;um</strong></span> <span class='ocrx_word' id='word_1_434' title='bbox 998 3811 1306 3856; x_wconf 82' lang='lat' dir='ltr'><strong>tractatuum</strong></span> <span class='ocrx_word' id='word_1_435' title='bbox 1353 3800 1649 3873; x_wconf 64' lang='lat' dir='ltr'><strong>praestantia</strong></span> <span class='ocrx_word' id='word_1_436' title='bbox 1678 3815 1842 3872; x_wconf 85' lang='lat' dir='ltr'><strong>pauca</strong></span> 
     </span>
    </p>
   </div>
   <div class='ocr_carea' id='block_1_61' title="bbox 705 3897 1368 3969">
    <p class='ocr_par' dir='ltr' id='par_1_61' title="bbox 705 3897 1368 3969">
     <span class='ocr_line' id='line_1_61' title="bbox 705 3897 1368 3969; baseline 0.002 -18"><span class='ocrx_word' id='word_1_437' title='bbox 705 3897 939 3969; x_wconf 77' lang='lat' dir='ltr'><strong>quwdam</strong></span> <span class='ocrx_word' id='word_1_438' title='bbox 968 3907 1368 3969; x_wconf 68' lang='lat' dir='ltr'><strong>prmmonentur.</strong></span> 
     </span>
    </p>
   </div>
   <div class='ocr_carea' id='block_1_62' title="bbox 307 4035 1839 4102">
    <p class='ocr_par' dir='ltr' id='par_1_62' title="bbox 307 4035 1839 4102">
     <span class='ocr_line' id='line_1_62' title="bbox 307 4035 1839 4102; baseline -0.004 -10"><span class='ocrx_word' id='word_1_439' title='bbox 307 4037 560 4102; x_wconf 85' lang='lat' dir='ltr'><strong>Etiamsi,</strong></span> <span class='ocrx_word' id='word_1_440' title='bbox 602 4051 724 4092; x_wconf 89' lang='lat' dir='ltr'><strong>cum</strong></span> <span class='ocrx_word' id='word_1_441' title='bbox 773 4036 842 4092; x_wconf 91' lang='lat' dir='ltr'><strong>de</strong></span> <span class='ocrx_word' id='word_1_442' title='bbox 880 4035 1098 4092; x_wconf 86' lang='lat' dir='ltr'><strong>Patrum</strong></span> <span class='ocrx_word' id='word_1_443' title='bbox 1145 4036 1500 4092; x_wconf 88' lang='lat' dir='ltr'><strong>concionibus</strong></span> <span class='ocrx_word' id='word_1_444' title='bbox 1529 4048 1711 4090; x_wconf 88' lang='lat' dir='ltr'><strong>sermo</strong></span> <span class='ocrx_word' id='word_1_445' title='bbox 1738 4043 1839 4099; x_wconf 89' lang='lat' dir='ltr'><strong>est,</strong></span> 
     </span>
    </p>
   </div>
   <div class='ocr_carea' id='block_1_63' title="bbox 241 4127 1846 4202">
    <p class='ocr_par' dir='ltr' id='par_1_63' title="bbox 241 4127 1846 4202">
     <span class='ocr_line' id='line_1_63' title="bbox 241 4127 1846 4202; baseline -0.001 -19"><span class='ocrx_word' id='word_1_446' title='bbox 241 4145 366 4200; x_wconf 77' lang='lat' dir='ltr'><strong>Opus</strong></span> <span class='ocrx_word' id='word_1_447' title='bbox 395 4133 615 4202; x_wconf 88' lang='lat' dir='ltr'><strong>concipi</strong></span> <span class='ocrx_word' id='word_1_448' title='bbox 644 4131 820 4186; x_wconf 88' lang='lat' dir='ltr'><strong>soleat</strong></span> <span class='ocrx_word' id='word_1_449' title='bbox 844 4147 947 4186; x_wconf 91' lang='lat' dir='ltr'><strong>non</strong></span> <span class='ocrx_word' id='word_1_450' title='bbox 979 4132 1154 4200; x_wconf 83' lang='lat' dir='ltr'><strong>magni</strong></span> <span class='ocrx_word' id='word_1_451' title='bbox 1185 4131 1466 4196; x_wconf 89' lang='lat' dir='ltr'><strong>momenti,</strong></span> <span class='ocrx_word' id='word_1_452' title='bbox 1497 4143 1594 4185; x_wconf 90' lang='lat' dir='ltr'><strong>nec</strong></span> <span class='ocrx_word' id='word_1_453' title='bbox 1612 4129 1716 4185; x_wconf 88' lang='lat' dir='ltr'><strong>tale</strong></span> <span class='ocrx_word' id='word_1_454' title='bbox 1729 4127 1846 4199; x_wconf 89' lang='lat' dir='ltr'><strong>qui-</strong></span> 
     </span>
    </p>
   </div>
   <div class='ocr_carea' id='block_1_64' title="bbox 241 4221 1846 4286">
    <p class='ocr_par' dir='ltr' id='par_1_64' title="bbox 241 4221 1846 4286">
     <span class='ocr_line' id='line_1_64' title="bbox 241 4221 1846 4286; baseline -0.002 -9"><span class='ocrx_word' id='word_1_455' title='bbox 241 4223 354 4280; x_wconf 87' lang='lat' dir='ltr'><strong>dem</strong></span> <span class='ocrx_word' id='word_1_456' title='bbox 386 4235 445 4280; x_wconf 90' lang='lat' dir='ltr'><strong>ut</strong></span> <span class='ocrx_word' id='word_1_457' title='bbox 503 4230 745 4280; x_wconf 76' lang='lat' dir='ltr'><strong>excitare</strong></span> <span class='ocrx_word' id='word_1_458' title='bbox 773 4223 1108 4280; x_wconf 88' lang='lat' dir='ltr'><strong>eruditorum</strong></span> <span class='ocrx_word' id='word_1_459' title='bbox 1151 4224 1540 4286; x_wconf 89' lang='lat' dir='ltr'><strong>attentionem,</strong></span> <span class='ocrx_word' id='word_1_460' title='bbox 1585 4229 1638 4275; x_wconf 92' lang='lat' dir='ltr'><strong>et</strong></span> <span class='ocrx_word' id='word_1_461' title='bbox 1673 4221 1846 4276; x_wconf 90' lang='lat' dir='ltr'><strong>conti-</strong></span> 
     </span>
    </p>
   </div>
   <div class='ocr_carea' id='block_1_65' title="bbox 245 4316 1844 4387">
    <p class='ocr_par' dir='ltr' id='par_1_65' title="bbox 245 4316 1844 4387">
     <span class='ocr_line' id='line_1_65' title="bbox 245 4316 1844 4387; baseline -0.003 -18"><span class='ocrx_word' id='word_1_462' title='bbox 245 4332 365 4372; x_wconf 81' lang='lat' dir='ltr'><strong>nere</strong></span> <span class='ocrx_word' id='word_1_463' title='bbox 419 4319 672 4387; x_wconf 87' lang='lat' dir='ltr'><strong>ipsorum</strong></span> <span class='ocrx_word' id='word_1_464' title='bbox 726 4317 938 4370; x_wconf 90' lang='lat' dir='ltr'><strong>animos</strong></span> <span class='ocrx_word' id='word_1_465' title='bbox 990 4317 1194 4370; x_wconf 89' lang='lat' dir='ltr'><strong>utiliter</strong></span> <span class='ocrx_word' id='word_1_466' title='bbox 1244 4316 1666 4385; x_wconf 81' lang='lat' dir='ltr'><strong>possitztamen</strong></span> <span class='ocrx_word' id='word_1_467' title='bbox 1723 4327 1844 4367; x_wconf 88' lang='lat' dir='ltr'><strong>cum</strong></span> 
     </span>
    </p>
   </div>
   <div class='ocr_carea' id='block_1_66' title="bbox 243 4407 1845 4480">
    <p class='ocr_par' dir='ltr' id='par_1_66' title="bbox 243 4407 1845 4480">
     <span class='ocr_line' id='line_1_66' title="bbox 243 4407 1845 4480; baseline -0.003 -15"><span class='ocrx_word' id='word_1_468' title='bbox 243 4423 525 4466; x_wconf 82' lang='lat' dir='ltr'><strong>sermones</strong></span> <span class='ocrx_word' id='word_1_469' title='bbox 571 4411 913 4480; x_wconf 82' lang='lat' dir='ltr'><strong>antiquorum</strong></span> <span class='ocrx_word' id='word_1_470' title='bbox 973 4410 1271 4480; x_wconf 52' lang='lat' dir='ltr'><strong>praesertim</strong></span> <span class='ocrx_word' id='word_1_471' title='bbox 1316 4409 1531 4463; x_wconf 88' lang='lat' dir='ltr'><strong>Patrum</strong></span> <span class='ocrx_word' id='word_1_472' title='bbox 1565 4408 1600 4462; x_wconf 91' lang='lat' dir='ltr'><strong>ii</strong></span> <span class='ocrx_word' id='word_1_473' title='bbox 1627 4407 1736 4462; x_wconf 90' lang='lat' dir='ltr'><strong>sint</strong></span> <span class='ocrx_word' id='word_1_474' title='bbox 1792 4407 1845 4461; x_wconf 92' lang='lat' dir='ltr'><strong>in</strong></span> 
     </span>
    </p>
   </div>
   <div class='ocr_carea' id='block_1_67' title="bbox 244 4501 1844 4574">
    <p class='ocr_par' dir='ltr' id='par_1_67' title="bbox 244 4501 1844 4574">
     <span class='ocr_line' id='line_1_67' title="bbox 244 4501 1844 4574; baseline 0.001 -20"><span class='ocrx_word' id='word_1_475' title='bbox 244 4505 430 4574; x_wconf 82' lang='lat' dir='ltr'><strong>quibus</strong></span> <span class='ocrx_word' id='word_1_476' title='bbox 459 4517 520 4560; x_wconf 87' lang='lat' dir='ltr'><strong>et</strong></span> <span class='ocrx_word' id='word_1_477' title='bbox 560 4503 842 4572; x_wconf 83' lang='lat' dir='ltr'><strong>disciplina</strong></span> <span class='ocrx_word' id='word_1_478' title='bbox 887 4515 1072 4569; x_wconf 88' lang='lat' dir='ltr'><strong>vetus,</strong></span> <span class='ocrx_word' id='word_1_479' title='bbox 1110 4513 1164 4558; x_wconf 89' lang='lat' dir='ltr'><strong>et</strong></span> <span class='ocrx_word' id='word_1_480' title='bbox 1210 4518 1420 4558; x_wconf 89' lang='lat' dir='ltr'><strong>morum</strong></span> <span class='ocrx_word' id='word_1_481' title='bbox 1459 4502 1688 4573; x_wconf 78' lang='lat' dir='ltr'><strong>fideique</strong></span> <span class='ocrx_word' id='word_1_482' title='bbox 1713 4501 1844 4556; x_wconf 91' lang='lat' dir='ltr'><strong>doc-</strong></span> 
     </span>
    </p>
   </div>
   <div class='ocr_carea' id='block_1_68' title="bbox 247 4593 1850 4667">
    <p class='ocr_par' dir='ltr' id='par_1_68' title="bbox 247 4593 1850 4667">
     <span class='ocr_line' id='line_1_68' title="bbox 247 4593 1850 4667; baseline 0 -19"><span class='ocrx_word' id='word_1_483' title='bbox 247 4597 373 4651; x_wconf 84' lang='lat' dir='ltr'><strong>trina</strong></span> <span class='ocrx_word' id='word_1_484' title='bbox 414 4597 736 4652; x_wconf 80' lang='lat' dir='ltr'><strong>cliristianis</strong></span> <span class='ocrx_word' id='word_1_485' title='bbox 767 4595 999 4667; x_wconf 82' lang='lat' dir='ltr'><strong>antiquis</strong></span> <span class='ocrx_word' id='word_1_486' title='bbox 1041 4595 1235 4650; x_wconf 90' lang='lat' dir='ltr'><strong>tradita</strong></span> <span class='ocrx_word' id='word_1_487' title='bbox 1276 4594 1577 4650; x_wconf 89' lang='lat' dir='ltr'><strong>custoditur</strong></span> <span class='ocrx_word' id='word_1_488' title='bbox 1615 4593 1850 4665; x_wconf 67' lang='lat' dir='ltr'><strong>(quibus</strong></span> 
     </span>
    </p>
   </div>
   <div class='ocr_carea' id='block_1_69' title="bbox 245 4686 1849 4761">
    <p class='ocr_par' dir='ltr' id='par_1_69' title="bbox 245 4686 1849 4761">
     <span class='ocr_line' id='line_1_69' title="bbox 245 4686 1849 4761; baseline -0.001 -19"><span class='ocrx_word' id='word_1_489' title='bbox 245 4691 400 4746; x_wconf 87' lang='lat' dir='ltr'><strong>rebus</strong></span> <span class='ocrx_word' id='word_1_490' title='bbox 450 4690 816 4759; x_wconf 70' lang='lat' dir='ltr'><strong>prmstabilius</strong></span> <span class='ocrx_word' id='word_1_491' title='bbox 863 4690 993 4744; x_wconf 90' lang='lat' dir='ltr'><strong>nihil</strong></span> <span class='ocrx_word' id='word_1_492' title='bbox 1041 4705 1161 4744; x_wconf 90' lang='lat' dir='ltr'><strong>esse</strong></span> <span class='ocrx_word' id='word_1_493' title='bbox 1192 4688 1411 4761; x_wconf 89' lang='lat' dir='ltr'><strong>potest)</strong></span> <span class='ocrx_word' id='word_1_494' title='bbox 1455 4686 1700 4757; x_wconf 82' lang='lat' dir='ltr'><strong>profecto</strong></span> <span class='ocrx_word' id='word_1_495' title='bbox 1736 4701 1849 4741; x_wconf 90' lang='lat' dir='ltr'><strong>rem</strong></span> 
     </span>
    </p>
   </div>
   <div class='ocr_carea' id='block_1_70' title="bbox 248 4782 1851 4856">
    <p class='ocr_par' dir='ltr' id='par_1_70' title="bbox 248 4782 1851 4856">
     <span class='ocr_line' id='line_1_70' title="bbox 248 4782 1851 4856; baseline -0.001 -19"><span class='ocrx_word' id='word_1_496' title='bbox 248 4784 411 4853; x_wconf 86' lang='lat' dir='ltr'><strong>ipsam</strong></span> <span class='ocrx_word' id='word_1_497' title='bbox 441 4784 766 4856; x_wconf 87' lang='lat' dir='ltr'><strong>diligentius</strong></span> <span class='ocrx_word' id='word_1_498' title='bbox 795 4784 1163 4841; x_wconf 87' lang='lat' dir='ltr'><strong>consideranti</strong></span> <span class='ocrx_word' id='word_1_499' title='bbox 1205 4783 1558 4839; x_wconf 90' lang='lat' dir='ltr'><strong>concionibus</strong></span> <span class='ocrx_word' id='word_1_500' title='bbox 1584 4782 1851 4853; x_wconf 89' lang='lat' dir='ltr'><strong>ejusmodi</strong></span> 
     </span>
    </p>
   </div>
   <div class='ocr_carea' id='block_1_71' title="bbox 250 4874 1852 4947">
    <p class='ocr_par' dir='ltr' id='par_1_71' title="bbox 250 4874 1852 4947">
     <span class='ocr_line' id='line_1_71' title="bbox 250 4874 1852 4947; baseline -0.002 -15"><span class='ocrx_word' id='word_1_501' title='bbox 250 4879 564 4947; x_wconf 55' lang='lat' dir='ltr'><strong>praclarius</strong></span> <span class='ocrx_word' id='word_1_502' title='bbox 587 4877 722 4932; x_wconf 90' lang='lat' dir='ltr'><strong>nihil</strong></span> <span class='ocrx_word' id='word_1_503' title='bbox 757 4893 878 4934; x_wconf 88' lang='lat' dir='ltr'><strong>esse</strong></span> <span class='ocrx_word' id='word_1_504' title='bbox 903 4878 1251 4947; x_wconf 87' lang='lat' dir='ltr'><strong>judicabitur.</strong></span> <span class='ocrx_word' id='word_1_505' title='bbox 1279 4875 1432 4943; x_wconf 81' lang='lat' dir='ltr'><strong>Quod</strong></span> <span class='ocrx_word' id='word_1_506' title='bbox 1459 4877 1503 4931; x_wconf 93' lang='lat' dir='ltr'><strong>si</strong></span> <span class='ocrx_word' id='word_1_507' title='bbox 1529 4875 1768 4930; x_wconf 90' lang='lat' dir='ltr'><strong>omnium</strong></span> <span class='ocrx_word' id='word_1_508' title='bbox 1799 4874 1852 4929; x_wconf 89' lang='lat' dir='ltr'><strong>id</strong></span> 
     </span>
    </p>
   </div>
   <div class='ocr_carea' id='block_1_72' title="bbox 247 4969 1850 5044">
    <p class='ocr_par' dir='ltr' id='par_1_72' title="bbox 247 4969 1850 5044">
     <span class='ocr_line' id='line_1_72' title="bbox 247 4969 1850 5044; baseline -0.004 -14"><span class='ocrx_word' id='word_1_509' title='bbox 247 4991 414 5044; x_wconf 82' lang='lat' dir='ltr'><strong>genus</strong></span> <span class='ocrx_word' id='word_1_510' title='bbox 461 4982 794 5028; x_wconf 89' lang='lat' dir='ltr'><strong>tractatuum</strong></span> <span class='ocrx_word' id='word_1_511' title='bbox 840 4973 956 5026; x_wconf 61' lang='lat' dir='ltr'><strong>haec</strong></span> <span class='ocrx_word' id='word_1_512' title='bbox 995 4972 1131 5026; x_wconf 84' lang='lat' dir='ltr'><strong>ratio</strong></span> <span class='ocrx_word' id='word_1_513' title='bbox 1177 4969 1420 5025; x_wconf 88' lang='lat' dir='ltr'><strong>habenda</strong></span> <span class='ocrx_word' id='word_1_514' title='bbox 1462 4978 1566 5032; x_wconf 89' lang='lat' dir='ltr'><strong>est.</strong></span> <span class='ocrx_word' id='word_1_515' title='bbox 1617 4971 1850 5024; x_wconf 84' lang='lat' dir='ltr'><strong>maxima</strong></span> 
     </span>
    </p>
   </div>
   <div class='ocr_carea' id='block_1_73' title="bbox 1872 3663 3544 3742">
    <p class='ocr_par' dir='ltr' id='par_1_73' title="bbox 1872 3663 3544 3742">
     <span class='ocr_line' id='line_1_73' title="bbox 1872 3663 3544 3742; baseline 0.008 -27"><span class='ocrx_word' id='word_1_516' title='bbox 1872 3663 1918 3725; x_wconf 85' lang='lat' dir='ltr'><strong>C</strong></span> <span class='ocrx_word' id='word_1_517' title='bbox 1951 3676 2060 3717; x_wconf 92' lang='lat' dir='ltr'><strong>non</strong></span> <span class='ocrx_word' id='word_1_518' title='bbox 2105 3664 2320 3734; x_wconf 83' lang='lat' dir='ltr'><strong>scriptae</strong></span> <span class='ocrx_word' id='word_1_519' title='bbox 2337 3706 2352 3732; x_wconf 90' lang='lat'><strong>,</strong></span> <span class='ocrx_word' id='word_1_520' title='bbox 2376 3675 2468 3721; x_wconf 91' lang='lat' dir='ltr'><strong>aut</strong></span> <span class='ocrx_word' id='word_1_521' title='bbox 2507 3681 2535 3721; x_wconf 90' lang='lat' dir='ltr'><strong>a</strong></span> <span class='ocrx_word' id='word_1_522' title='bbox 2559 3666 2783 3723; x_wconf 89' lang='lat' dir='ltr'><strong>notariis</strong></span> <span class='ocrx_word' id='word_1_523' title='bbox 2810 3669 3002 3725; x_wconf 90' lang='lat' dir='ltr'><strong>saltem</strong></span> <span class='ocrx_word' id='word_1_524' title='bbox 3024 3678 3271 3742; x_wconf 63' lang='lat' dir='ltr'><strong>exceptat</strong></span> <span class='ocrx_word' id='word_1_525' title='bbox 3299 3670 3544 3728; x_wconf 90' lang='lat' dir='ltr'><strong>fuerunt:</strong></span> 
     </span>
    </p>
   </div>
   <div class='ocr_carea' id='block_1_74' title="bbox 1946 3755 3544 3832">
    <p class='ocr_par' dir='ltr' id='par_1_74' title="bbox 1946 3755 3544 3832">
     <span class='ocr_line' id='line_1_74' title="bbox 1946 3755 3544 3832; baseline 0.006 -21"><span class='ocrx_word' id='word_1_526' title='bbox 1946 3755 2033 3812; x_wconf 93' lang='lat' dir='ltr'><strong>vel</strong></span> <span class='ocrx_word' id='word_1_527' title='bbox 2063 3757 2109 3812; x_wconf 89' lang='lat' dir='ltr'><strong>si</strong></span> <span class='ocrx_word' id='word_1_528' title='bbox 2153 3758 2280 3828; x_wconf 88' lang='lat' dir='ltr'><strong>quid</strong></span> <span class='ocrx_word' id='word_1_529' title='bbox 2329 3759 2406 3814; x_wconf 94' lang='lat' dir='ltr'><strong>illi</strong></span> <span class='ocrx_word' id='word_1_530' title='bbox 2456 3759 2796 3817; x_wconf 89' lang='lat' dir='ltr'><strong>elaboratum</strong></span> <span class='ocrx_word' id='word_1_531' title='bbox 2842 3763 3135 3818; x_wconf 86' lang='lat' dir='ltr'><strong>attulerunt</strong></span> <span class='ocrx_word' id='word_1_532' title='bbox 3180 3765 3234 3819; x_wconf 92' lang='lat' dir='ltr'><strong>in</strong></span> <span class='ocrx_word' id='word_1_533' title='bbox 3285 3764 3544 3832; x_wconf 89' lang='lat' dir='ltr'><strong>medium,</strong></span> 
     </span>
    </p>
   </div>
   <div class='ocr_carea' id='block_1_75' title="bbox 1947 3850 3549 3926">
    <p class='ocr_par' dir='ltr' id='par_1_75' title="bbox 1947 3850 3549 3926">
     <span class='ocr_line' id='line_1_75' title="bbox 1947 3850 3549 3926; baseline 0.006 -22"><span class='ocrx_word' id='word_1_534' title='bbox 1947 3850 2089 3922; x_wconf 92' lang='lat' dir='ltr'><strong>quod</strong></span> <span class='ocrx_word' id='word_1_535' title='bbox 2112 3853 2290 3924; x_wconf 89' lang='lat' dir='ltr'><strong>colligi</strong></span> <span class='ocrx_word' id='word_1_536' title='bbox 2314 3863 2518 3924; x_wconf 91' lang='lat' dir='ltr'><strong>posset,</strong></span> <span class='ocrx_word' id='word_1_537' title='bbox 2545 3854 2644 3924; x_wconf 90' lang='lat' dir='ltr'><strong>ipsi</strong></span> <span class='ocrx_word' id='word_1_538' title='bbox 2663 3871 2727 3910; x_wconf 84' lang='lat' dir='ltr'><strong>ex</strong></span> <span class='ocrx_word' id='word_1_539' title='bbox 2759 3855 3002 3926; x_wconf 92' lang='lat' dir='ltr'><strong>pluribus</strong></span> <span class='ocrx_word' id='word_1_540' title='bbox 3015 3855 3259 3926; x_wconf 90' lang='lat' dir='ltr'><strong>ejusdem</strong></span> <span class='ocrx_word' id='word_1_541' title='bbox 3282 3859 3549 3914; x_wconf 90' lang='lat' dir='ltr'><strong>sermoni-</strong></span> 
     </span>
    </p>
   </div>
   <div class='ocr_carea' id='block_1_76' title="bbox 1949 3945 3547 4026">
    <p class='ocr_par' dir='ltr' id='par_1_76' title="bbox 1949 3945 3547 4026">
     <span class='ocr_line' id='line_1_76' title="bbox 1949 3945 3547 4026; baseline 0.004 -26"><span class='ocrx_word' id='word_1_542' title='bbox 1949 3945 2069 4012; x_wconf 89' lang='lat' dir='ltr'><strong>bus,</strong></span> <span class='ocrx_word' id='word_1_543' title='bbox 2094 3948 2184 4016; x_wconf 86' lang='lat' dir='ltr'><strong>qui</strong></span> <span class='ocrx_word' id='word_1_544' title='bbox 2224 3947 2442 4016; x_wconf 91' lang='lat' dir='ltr'><strong>aliquod</strong></span> <span class='ocrx_word' id='word_1_545' title='bbox 2463 3960 2835 4019; x_wconf 74' lang='lat' dir='ltr'><strong>argumentum</strong></span> <span class='ocrx_word' id='word_1_546' title='bbox 2869 3959 3199 4021; x_wconf 89' lang='lat' dir='ltr'><strong>spectarent,</strong></span> <span class='ocrx_word' id='word_1_547' title='bbox 3249 3967 3414 4006; x_wconf 89' lang='lat' dir='ltr'><strong>unum</strong></span> <span class='ocrx_word' id='word_1_548' title='bbox 3461 3953 3547 4026; x_wconf 60' lang='grc' dir='ltr'><strong>γει</strong></span> 
     </span>
    </p>
   </div>
   <div class='ocr_carea' id='block_1_77' title="bbox 1949 4041 3542 4113">
    <p class='ocr_par' dir='ltr' id='par_1_77' title="bbox 1949 4041 3542 4113">
     <span class='ocr_line' id='line_1_77' title="bbox 1949 4041 3542 4113; baseline 0.004 -21"><span class='ocrx_word' id='word_1_549' title='bbox 1949 4041 2131 4111; x_wconf 86' lang='lat' dir='ltr'><strong>plures</strong></span> <span class='ocrx_word' id='word_1_550' title='bbox 2155 4041 2319 4096; x_wconf 88' lang='lat' dir='ltr'><strong>libros</strong></span> <span class='ocrx_word' id='word_1_551' title='bbox 2350 4053 2760 4113; x_wconf 90' lang='lat' dir='ltr'><strong>compegerunt,</strong></span> <span class='ocrx_word' id='word_1_552' title='bbox 2789 4055 2847 4099; x_wconf 93' lang='lat' dir='ltr'><strong>ut</strong></span> <span class='ocrx_word' id='word_1_553' title='bbox 2885 4044 3162 4099; x_wconf 89' lang='lat' dir='ltr'><strong>coneionis</strong></span> <span class='ocrx_word' id='word_1_554' title='bbox 3190 4056 3342 4100; x_wconf 83' lang='lat' dir='ltr'><strong>vetus</strong></span> <span class='ocrx_word' id='word_1_555' title='bbox 3369 4044 3542 4100; x_wconf 86' lang='lat' dir='ltr'><strong>forma</strong></span> 
     </span>
    </p>
   </div>
   <div class='ocr_carea' id='block_1_78' title="bbox 1951 4133 3546 4207">
    <p class='ocr_par' dir='ltr' id='par_1_78' title="bbox 1951 4133 3546 4207">
     <span class='ocr_line' id='line_1_78' title="bbox 1951 4133 3546 4207; baseline 0.003 -22"><span class='ocrx_word' id='word_1_556' title='bbox 1951 4133 2112 4203; x_wconf 90' lang='lat' dir='ltr'><strong>plane</strong></span> <span class='ocrx_word' id='word_1_557' title='bbox 2137 4134 2378 4204; x_wconf 91' lang='lat' dir='ltr'><strong>perierit.</strong></span> <span class='ocrx_word' id='word_1_558' title='bbox 2409 4134 2501 4191; x_wconf 89' lang='lat' dir='ltr'><strong>Sic</strong></span> <span class='ocrx_word' id='word_1_559' title='bbox 2528 4134 2822 4192; x_wconf 87' lang='lat' dir='ltr'><strong>Clementis</strong></span> <span class='ocrx_word' id='word_1_560' title='bbox 2868 4136 3215 4197; x_wconf 83' lang='lat' dir='ltr'><strong>Alexandrini</strong></span> <span class='ocrx_word' id='word_1_561' title='bbox 3261 4151 3428 4207; x_wconf 89' lang='lat' dir='ltr'><strong>opera</strong></span> <span class='ocrx_word' id='word_1_562' title='bbox 3481 4152 3546 4192; x_wconf 81' lang='lat' dir='ltr'><strong>ex</strong></span> 
     </span>
    </p>
   </div>
   <div class='ocr_carea' id='block_1_79' title="bbox 1951 4225 3550 4300">
    <p class='ocr_par' dir='ltr' id='par_1_79' title="bbox 1951 4225 3550 4300">
     <span class='ocr_line' id='line_1_79' title="bbox 1951 4225 3550 4300; baseline 0.002 -20"><span class='ocrx_word' id='word_1_563' title='bbox 1951 4227 2134 4282; x_wconf 89' lang='lat' dir='ltr'><strong>multis</strong></span> <span class='ocrx_word' id='word_1_564' title='bbox 2183 4225 2532 4283; x_wconf 79' lang='lat' dir='ltr'><strong>concionibus</strong></span> <span class='ocrx_word' id='word_1_565' title='bbox 2581 4227 2649 4283; x_wconf 89' lang='lat' dir='ltr'><strong>ab</strong></span> <span class='ocrx_word' id='word_1_566' title='bbox 2689 4229 2806 4300; x_wconf 91' lang='lat' dir='ltr'><strong>ipso</strong></span> <span class='ocrx_word' id='word_1_567' title='bbox 2850 4240 3071 4284; x_wconf 91' lang='lat' dir='ltr'><strong>auctore</strong></span> <span class='ocrx_word' id='word_1_568' title='bbox 3118 4228 3278 4283; x_wconf 89' lang='lat' dir='ltr'><strong>simul</strong></span> <span class='ocrx_word' id='word_1_569' title='bbox 3306 4227 3550 4284; x_wconf 90' lang='lat' dir='ltr'><strong>.subinde</strong></span> 
     </span>
    </p>
   </div>
   <div class='ocr_carea' id='block_1_80' title="bbox 1952 4313 3549 4378">
    <p class='ocr_par' dir='ltr' id='par_1_80' title="bbox 1952 4313 3549 4378">
     <span class='ocr_line' id='line_1_80' title="bbox 1952 4313 3549 4378; baseline -0.001 -10"><span class='ocrx_word' id='word_1_570' title='bbox 1952 4313 2221 4368; x_wconf 82' lang='lat' dir='ltr'><strong>contextis</strong></span> <span class='ocrx_word' id='word_1_571' title='bbox 2242 4322 2297 4367; x_wconf 91' lang='lat' dir='ltr'><strong>et</strong></span> <span class='ocrx_word' id='word_1_572' title='bbox 2317 4313 2475 4368; x_wconf 84' lang='lat' dir='ltr'><strong>editis</strong></span> <span class='ocrx_word' id='word_1_573' title='bbox 2497 4323 2782 4378; x_wconf 87' lang='lat' dir='ltr'><strong>constant;</strong></span> <span class='ocrx_word' id='word_1_574' title='bbox 2813 4325 2866 4368; x_wconf 92' lang='lat' dir='ltr'><strong>et</strong></span> <span class='ocrx_word' id='word_1_575' title='bbox 2885 4314 3136 4370; x_wconf 88' lang='lat' dir='ltr'><strong>similiter</strong></span> <span class='ocrx_word' id='word_1_576' title='bbox 3156 4316 3549 4370; x_wconf 88' lang='lat' dir='ltr'><strong>commentaria</strong></span> 
     </span>
    </p>
   </div>
   <div class='ocr_carea' id='block_1_81' title="bbox 1952 4407 3551 4479">
    <p class='ocr_par' dir='ltr' id='par_1_81' title="bbox 1952 4407 3551 4479">
     <span class='ocr_line' id='line_1_81' title="bbox 1952 4407 3551 4479; baseline 0.001 -16"><span class='ocrx_word' id='word_1_577' title='bbox 1952 4407 2012 4464; x_wconf 89' lang='lat' dir='ltr'><strong>S.</strong></span> <span class='ocrx_word' id='word_1_578' title='bbox 2047 4407 2238 4463; x_wconf 84' lang='lat' dir='ltr'><strong>Hilarii</strong></span> <span class='ocrx_word' id='word_1_579' title='bbox 2265 4407 2603 4473; x_wconf 89' lang='lat' dir='ltr'><strong>inPsalmos,</strong></span> <span class='ocrx_word' id='word_1_580' title='bbox 2631 4409 2885 4479; x_wconf 88' lang='lat' dir='ltr'><strong>pleraque</strong></span> <span class='ocrx_word' id='word_1_581' title='bbox 2914 4409 2971 4465; x_wconf 92' lang='lat' dir='ltr'><strong>S.</strong></span> <span class='ocrx_word' id='word_1_582' title='bbox 2999 4409 3266 4464; x_wconf 79' lang='lat' dir='ltr'><strong>Ambrosii</strong></span> <span class='ocrx_word' id='word_1_583' title='bbox 3293 4423 3459 4478; x_wconf 89' lang='lat' dir='ltr'><strong>opera</strong></span> <span class='ocrx_word' id='word_1_584' title='bbox 3482 4407 3551 4464; x_wconf 89' lang='lat' dir='ltr'><strong>de</strong></span> 
     </span>
    </p>
   </div>
   <div class='ocr_carea' id='block_1_82' title="bbox 1954 4501 3551 4578">
    <p class='ocr_par' dir='ltr' id='par_1_82' title="bbox 1954 4501 3551 4578">
     <span class='ocr_line' id='line_1_82' title="bbox 1954 4501 3551 4578; baseline 0 -22"><span class='ocrx_word' id='word_1_585' title='bbox 1954 4501 2323 4556; x_wconf 87' lang='lat' dir='ltr'><strong>ministrorum</strong></span> <span class='ocrx_word' id='word_1_586' title='bbox 2358 4501 2587 4567; x_wconf 83' lang='lat' dir='ltr'><strong>Ofﬁciis,</strong></span> <span class='ocrx_word' id='word_1_587' title='bbox 2622 4501 2690 4556; x_wconf 89' lang='lat' dir='ltr'><strong>de</strong></span> <span class='ocrx_word' id='word_1_588' title='bbox 2725 4501 3014 4573; x_wconf 85' lang='lat' dir='ltr'><strong>Mysteriis,</strong></span> <span class='ocrx_word' id='word_1_589' title='bbox 3053 4510 3158 4578; x_wconf 73' lang='lat' dir='ltr'><strong>etc.</strong></span> <span class='ocrx_word' id='word_1_590' title='bbox 3187 4541 3202 4564; x_wconf 94' lang='lat'><strong>,</strong></span> <span class='ocrx_word' id='word_1_591' title='bbox 3234 4501 3425 4556; x_wconf 86' lang='lat' dir='ltr'><strong>eadem</strong></span> <span class='ocrx_word' id='word_1_592' title='bbox 3463 4517 3551 4556; x_wconf 90' lang='lat' dir='ltr'><strong>ra-</strong></span> 
     </span>
    </p>
   </div>
   <div class='ocr_carea' id='block_1_83' title="bbox 1955 4593 3552 4663">
    <p class='ocr_par' dir='ltr' id='par_1_83' title="bbox 1955 4593 3552 4663">
     <span class='ocr_line' id='line_1_83' title="bbox 1955 4593 3552 4663; baseline -0.001 -13"><span class='ocrx_word' id='word_1_593' title='bbox 1955 4595 2102 4650; x_wconf 91' lang='lat' dir='ltr'><strong>tione</strong></span> <span class='ocrx_word' id='word_1_594' title='bbox 2133 4610 2198 4648; x_wconf 85' lang='lat' dir='ltr'><strong>ex</strong></span> <span class='ocrx_word' id='word_1_595' title='bbox 2234 4595 2394 4649; x_wconf 83' lang='lat' dir='ltr'><strong>variis</strong></span> <span class='ocrx_word' id='word_1_596' title='bbox 2425 4594 2739 4649; x_wconf 90' lang='lat' dir='ltr'><strong>tractatibus</strong></span> <span class='ocrx_word' id='word_1_597' title='bbox 2767 4594 2971 4663; x_wconf 92' lang='lat' dir='ltr'><strong>digesta</strong></span> <span class='ocrx_word' id='word_1_598' title='bbox 3003 4602 3318 4650; x_wconf 90' lang='lat' dir='ltr'><strong>noscuntur.</strong></span> <span class='ocrx_word' id='word_1_599' title='bbox 3354 4593 3418 4648; x_wconf 86' lang='lat' dir='ltr'><strong>Hi</strong></span> <span class='ocrx_word' id='word_1_600' title='bbox 3452 4595 3552 4648; x_wconf 87' lang='lat' dir='ltr'><strong>ita-</strong></span> 
     </span>
    </p>
   </div>
   <div class='ocr_carea' id='block_1_84' title="bbox 1954 4684 3548 4759">
    <p class='ocr_par' dir='ltr' id='par_1_84' title="bbox 1954 4684 3548 4759">
     <span class='ocr_line' id='line_1_84' title="bbox 1954 4684 3548 4759; baseline -0.001 -21"><span class='ocrx_word' id='word_1_601' title='bbox 1954 4702 2059 4759; x_wconf 90' lang='lat' dir='ltr'><strong>que</strong></span> <span class='ocrx_word' id='word_1_602' title='bbox 2091 4686 2324 4741; x_wconf 88' lang='lat' dir='ltr'><strong>Zenonis</strong></span> <span class='ocrx_word' id='word_1_603' title='bbox 2354 4684 2684 4741; x_wconf 83' lang='lat' dir='ltr'><strong>Veronensis</strong></span> <span class='ocrx_word' id='word_1_604' title='bbox 2725 4695 2980 4740; x_wconf 90' lang='lat' dir='ltr'><strong>tractatus</strong></span> <span class='ocrx_word' id='word_1_605' title='bbox 3010 4684 3374 4757; x_wconf 90' lang='lat' dir='ltr'><strong>antiquissimi</strong></span> <span class='ocrx_word' id='word_1_606' title='bbox 3421 4693 3548 4738; x_wconf 90' lang='lat' dir='ltr'><strong>sunt</strong></span> 
     </span>
    </p>
   </div>
   <div class='ocr_carea' id='block_1_85' title="bbox 1955 4775 3550 4857">
    <p class='ocr_par' dir='ltr' id='par_1_85' title="bbox 1955 4775 3550 4857">
     <span class='ocr_line' id='line_1_85' title="bbox 1955 4775 3550 4857; baseline -0.003 -23"><span class='ocrx_word' id='word_1_607' title='bbox 1955 4779 2194 4834; x_wconf 90' lang='lat' dir='ltr'><strong>omnium</strong></span> <span class='ocrx_word' id='word_1_608' title='bbox 2227 4781 2366 4832; x_wconf 91' lang='lat' dir='ltr'><strong>inter</strong></span> <span class='ocrx_word' id='word_1_609' title='bbox 2395 4778 2637 4846; x_wconf 85' lang='lat' dir='ltr'><strong>Latinos,</strong></span> <span class='ocrx_word' id='word_1_610' title='bbox 2676 4793 2848 4849; x_wconf 92' lang='lat' dir='ltr'><strong>eoque</strong></span> <span class='ocrx_word' id='word_1_611' title='bbox 2896 4777 3114 4834; x_wconf 88' lang='lat' dir='ltr'><strong>nomine</strong></span> <span class='ocrx_word' id='word_1_612' title='bbox 3157 4778 3272 4833; x_wconf 76' lang='lat' dir='ltr'><strong>luce</strong></span> <span class='ocrx_word' id='word_1_613' title='bbox 3299 4775 3550 4857; x_wconf 84' lang='lat' dir='ltr'><strong>collectio</strong></span> 
     </span>
    </p>
   </div>
   <div class='ocr_carea' id='block_1_86' title="bbox 1956 4872 3050 4944">
    <p class='ocr_par' dir='ltr' id='par_1_86' title="bbox 1956 4872 3050 4944">
     <span class='ocr_line' id='line_1_86' title="bbox 1956 4872 3050 4944; baseline -0.004 -15"><span class='ocrx_word' id='word_1_614' title='bbox 1956 4882 2151 4944; x_wconf 55' lang='lat' dir='ltr'><strong>prater</strong></span> <span class='ocrx_word' id='word_1_615' title='bbox 2180 4883 2407 4928; x_wconf 81' lang='lat' dir='ltr'><strong>caeteras</strong></span> <span class='ocrx_word' id='word_1_616' title='bbox 2436 4872 2673 4928; x_wconf 82' lang='lat' dir='ltr'><strong>facienda</strong></span> <span class='ocrx_word' id='word_1_617' title='bbox 2703 4873 2920 4927; x_wconf 86' lang='lat' dir='ltr'><strong>maximi</strong></span> <span class='ocrx_word' id='word_1_618' title='bbox 2946 4880 3050 4927; x_wconf 91' lang='lat' dir='ltr'><strong>est.</strong></span> 
     </span>
    </p>
   </div>
   <div class='ocr_carea' id='block_1_87' title="bbox 2031 4963 3554 5038">
    <p class='ocr_par' dir='ltr' id='par_1_87' title="bbox 2031 4963 3554 5038">
     <span class='ocr_line' id='line_1_87' title="bbox 2031 4963 3554 5038; baseline -0.002 -17"><span class='ocrx_word' id='word_1_619' title='bbox 2031 4965 2110 5021; x_wconf 84' lang='lat' dir='ltr'><strong>Ad</strong></span> <span class='ocrx_word' id='word_1_620' title='bbox 2139 4981 2228 5022; x_wconf 89' lang='lat' dir='ltr'><strong>res</strong></span> <span class='ocrx_word' id='word_1_621' title='bbox 2271 4981 2402 5022; x_wconf 90' lang='lat' dir='ltr'><strong>vero</strong></span> <span class='ocrx_word' id='word_1_622' title='bbox 2430 4967 2573 5038; x_wconf 92' lang='lat' dir='ltr'><strong>ipsas</strong></span> <span class='ocrx_word' id='word_1_623' title='bbox 2614 4982 2733 5036; x_wconf 73' lang='lat' dir='ltr'><strong>qua:</strong></span> <span class='ocrx_word' id='word_1_624' title='bbox 2759 4965 2937 5037; x_wconf 90' lang='lat' dir='ltr'><strong>aliquo</strong></span> <span class='ocrx_word' id='word_1_625' title='bbox 2978 4966 3032 5021; x_wconf 90' lang='lat' dir='ltr'><strong>in</strong></span> <span class='ocrx_word' id='word_1_626' title='bbox 3059 4979 3224 5034; x_wconf 91' lang='lat' dir='ltr'><strong>opere</strong></span> <span class='ocrx_word' id='word_1_627' title='bbox 3265 4963 3554 5018; x_wconf 86' lang='lat' dir='ltr'><strong>continen-</strong></span> 
     </span>
    </p>
   </div>
   <div class='ocr_carea' id='block_1_88' title="bbox 251 5055 3550 5136">
    <p class='ocr_par' dir='ltr' id='par_1_88' title="bbox 251 5055 3550 5136">
     <span class='ocr_line' id='line_1_88' title="bbox 251 5055 3550 5136; baseline -0.002 -16"><span class='ocrx_word' id='word_1_628' title='bbox 251 5068 385 5122; x_wconf 85' lang='lat' dir='ltr'><strong>haud</strong></span> <span class='ocrx_word' id='word_1_629' title='bbox 434 5068 606 5123; x_wconf 89' lang='lat' dir='ltr'><strong>dubie</strong></span> <span class='ocrx_word' id='word_1_630' title='bbox 656 5067 916 5122; x_wconf 87' lang='lat' dir='ltr'><strong>habeatur</strong></span> <span class='ocrx_word' id='word_1_631' title='bbox 957 5074 1169 5136; x_wconf 90' lang='lat' dir='ltr'><strong>oportet</strong></span> <span class='ocrx_word' id='word_1_632' title='bbox 1217 5079 1406 5119; x_wconf 93' lang='lat' dir='ltr'><strong>eorum</strong></span> <span class='ocrx_word' id='word_1_633' title='bbox 1448 5063 1540 5133; x_wconf 91' lang='lat' dir='ltr'><strong>qui</strong></span> <span class='ocrx_word' id='word_1_634' title='bbox 1584 5062 1652 5118; x_wconf 87' lang='lat' dir='ltr'><strong>ab</strong></span> <span class='ocrx_word' id='word_1_635' title='bbox 1715 5055 2068 5132; x_wconf 89' lang='lat' dir='ltr'><strong>anti-Dtnr,</strong></span> <span class='ocrx_word' id='word_1_636' title='bbox 2111 5065 2157 5121; x_wconf 92' lang='lat' dir='ltr'><strong>si</strong></span> <span class='ocrx_word' id='word_1_637' title='bbox 2187 5065 2424 5119; x_wconf 87' lang='lat' dir='ltr'><strong>animum</strong></span> <span class='ocrx_word' id='word_1_638' title='bbox 2457 5063 2817 5135; x_wconf 86' lang='lat' dir='ltr'><strong>adjiciendum</strong></span> <span class='ocrx_word' id='word_1_639' title='bbox 2850 5072 3028 5133; x_wconf 88' lang='lat' dir='ltr'><strong>putes,</strong></span> <span class='ocrx_word' id='word_1_640' title='bbox 3060 5070 3115 5116; x_wconf 92' lang='lat' dir='ltr'><strong>ut</strong></span> <span class='ocrx_word' id='word_1_641' title='bbox 3143 5060 3276 5116; x_wconf 89' lang='lat' dir='ltr'><strong>nihil</strong></span> <span class='ocrx_word' id='word_1_642' title='bbox 3308 5061 3550 5117; x_wconf 89' lang='lat' dir='ltr'><strong>dicamus</strong></span> 
     </span>
    </p>
   </div>
   <div class='ocr_carea' id='block_1_89' title="bbox 249 5156 1854 5230">
    <p class='ocr_par' dir='ltr' id='par_1_89' title="bbox 249 5156 1854 5230">
     <span class='ocr_line' id='line_1_89' title="bbox 249 5156 1854 5230; baseline -0.004 -15"><span class='ocrx_word' id='word_1_643' title='bbox 249 5161 421 5230; x_wconf 88' lang='lat' dir='ltr'><strong>quiori</strong></span> <span class='ocrx_word' id='word_1_644' title='bbox 453 5160 727 5228; x_wconf 88' lang='lat' dir='ltr'><strong>scriptore</strong></span> <span class='ocrx_word' id='word_1_645' title='bbox 771 5157 1059 5223; x_wconf 90' lang='lat' dir='ltr'><strong>lucubrati,</strong></span> <span class='ocrx_word' id='word_1_646' title='bbox 1092 5157 1318 5226; x_wconf 86' lang='lat' dir='ltr'><strong>primam</strong></span> <span class='ocrx_word' id='word_1_647' title='bbox 1351 5167 1405 5212; x_wconf 91' lang='lat' dir='ltr'><strong>et</strong></span> <span class='ocrx_word' id='word_1_648' title='bbox 1428 5156 1854 5212; x_wconf 87' lang='lat' dir='ltr'><strong>vetustissimam</strong></span> 
     </span>
    </p>
   </div>
   <div class='ocr_carea' id='block_1_90' title="bbox 250 5249 1854 5323">
    <p class='ocr_par' dir='ltr' id='par_1_90' title="bbox 250 5249 1854 5323">
     <span class='ocr_line' id='line_1_90' title="bbox 250 5249 1854 5323; baseline -0.001 -17"><span class='ocrx_word' id='word_1_649' title='bbox 250 5267 566 5307; x_wconf 84' lang='lat' dir='ltr'><strong>sermonum</strong></span> <span class='ocrx_word' id='word_1_650' title='bbox 597 5249 974 5307; x_wconf 83' lang='lat' dir='ltr'><strong>collectionem</strong></span> <span class='ocrx_word' id='word_1_651' title='bbox 1010 5250 1319 5306; x_wconf 84' lang='lat' dir='ltr'><strong>exhibeant.</strong></span> <span class='ocrx_word' id='word_1_652' title='bbox 1360 5250 1636 5323; x_wconf 88' lang='lat' dir='ltr'><strong>Ejusmodi</strong></span> <span class='ocrx_word' id='word_1_653' title='bbox 1674 5261 1854 5306; x_wconf 91' lang='lat' dir='ltr'><strong>autem</strong></span> 
     </span>
    </p>
   </div>
   <div class='ocr_carea' id='block_1_91' title="bbox 251 5343 1859 5414">
    <p class='ocr_par' dir='ltr' id='par_1_91' title="bbox 251 5343 1859 5414">
     <span class='ocr_line' id='line_1_91' title="bbox 251 5343 1859 5414; baseline -0.001 -16"><span class='ocrx_word' id='word_1_654' title='bbox 251 5358 368 5400; x_wconf 88' lang='lat' dir='ltr'><strong>esse</strong></span> <span class='ocrx_word' id='word_1_655' title='bbox 401 5351 672 5398; x_wconf 86' lang='lat' dir='ltr'><strong>tractatus</strong></span> <span class='ocrx_word' id='word_1_656' title='bbox 723 5358 860 5412; x_wconf 90' lang='lat' dir='ltr'><strong>quos</strong></span> <span class='ocrx_word' id='word_1_657' title='bbox 881 5357 1021 5398; x_wconf 89' lang='lat' dir='ltr'><strong>nunc</strong></span> <span class='ocrx_word' id='word_1_658' title='bbox 1049 5343 1282 5408; x_wconf 89' lang='lat' dir='ltr'><strong>edimus,</strong></span> <span class='ocrx_word' id='word_1_659' title='bbox 1313 5352 1372 5398; x_wconf 92' lang='lat' dir='ltr'><strong>ut</strong></span> <span class='ocrx_word' id='word_1_660' title='bbox 1392 5344 1729 5414; x_wconf 78' lang='lat' dir='ltr'><strong>exploratum</strong></span> <span class='ocrx_word' id='word_1_661' title='bbox 1763 5343 1859 5398; x_wconf 85' lang='lat' dir='ltr'><strong>ba-</strong></span> 
     </span>
    </p>
   </div>
   <div class='ocr_carea' id='block_1_92' title="bbox 251 5436 1860 5508">
    <p class='ocr_par' dir='ltr' id='par_1_92' title="bbox 251 5436 1860 5508">
     <span class='ocr_line' id='line_1_92' title="bbox 251 5436 1860 5508; baseline 0.001 -16"><span class='ocrx_word' id='word_1_662' title='bbox 251 5437 402 5503; x_wconf 84' lang='lat' dir='ltr'><strong>beas,</strong></span> <span class='ocrx_word' id='word_1_663' title='bbox 437 5439 637 5502; x_wconf 89' lang='lat' dir='ltr'><strong>lector,</strong></span> <span class='ocrx_word' id='word_1_664' title='bbox 671 5437 800 5491; x_wconf 89' lang='lat' dir='ltr'><strong>illud</strong></span> <span class='ocrx_word' id='word_1_665' title='bbox 834 5437 1151 5504; x_wconf 87' lang='lat' dir='ltr'><strong>considera,</strong></span> <span class='ocrx_word' id='word_1_666' title='bbox 1183 5437 1324 5506; x_wconf 90' lang='lat' dir='ltr'><strong>quod</strong></span> <span class='ocrx_word' id='word_1_667' title='bbox 1353 5440 1453 5493; x_wconf 89' lang='lat' dir='ltr'><strong>etsi</strong></span> <span class='ocrx_word' id='word_1_668' title='bbox 1496 5437 1606 5508; x_wconf 91' lang='lat' dir='ltr'><strong>jam</strong></span> <span class='ocrx_word' id='word_1_669' title='bbox 1637 5436 1761 5492; x_wconf 90' lang='lat' dir='ltr'><strong>inde</strong></span> <span class='ocrx_word' id='word_1_670' title='bbox 1792 5439 1860 5494; x_wconf 90' lang='lat' dir='ltr'><strong>ab</strong></span> 
     </span>
    </p>
   </div>
   <div class='ocr_carea' id='block_1_93' title="bbox 252 5529 1859 5599">
    <p class='ocr_par' dir='ltr' id='par_1_93' title="bbox 252 5529 1859 5599">
     <span class='ocr_line' id='line_1_93' title="bbox 252 5529 1859 5599; baseline 0.003 -19"><span class='ocrx_word' id='word_1_671' title='bbox 252 5530 523 5599; x_wconf 79' lang='lat' dir='ltr'><strong>apostolis</strong></span> <span class='ocrx_word' id='word_1_672' title='bbox 564 5543 756 5584; x_wconf 90' lang='lat' dir='ltr'><strong>omnes</strong></span> <span class='ocrx_word' id='word_1_673' title='bbox 801 5529 1040 5598; x_wconf 89' lang='lat' dir='ltr'><strong>episcopi</strong></span> <span class='ocrx_word' id='word_1_674' title='bbox 1071 5529 1124 5582; x_wconf 93' lang='lat' dir='ltr'><strong>in</strong></span> <span class='ocrx_word' id='word_1_675' title='bbox 1159 5529 1442 5598; x_wconf 87' lang='lat' dir='ltr'><strong>pascendis</strong></span> <span class='ocrx_word' id='word_1_676' title='bbox 1479 5529 1662 5584; x_wconf 88' lang='lat' dir='ltr'><strong>divino</strong></span> <span class='ocrx_word' id='word_1_677' title='bbox 1690 5529 1859 5585; x_wconf 90' lang='lat' dir='ltr'><strong>verbo</strong></span> 
     </span>
    </p>
   </div>
   <div class='ocr_carea' id='block_1_94' title="bbox 253 5620 1858 5692">
    <p class='ocr_par' dir='ltr' id='par_1_94' title="bbox 253 5620 1858 5692">
     <span class='ocr_line' id='line_1_94' title="bbox 253 5620 1858 5692; baseline 0.002 -17"><span class='ocrx_word' id='word_1_678' title='bbox 253 5621 448 5676; x_wconf 77' lang='lat' dir='ltr'><strong>ovibus</strong></span> <span class='ocrx_word' id='word_1_679' title='bbox 475 5620 720 5676; x_wconf 86' lang='lat' dir='ltr'><strong>sedulam</strong></span> <span class='ocrx_word' id='word_1_680' title='bbox 751 5636 971 5692; x_wconf 89' lang='lat' dir='ltr'><strong>operam</strong></span> <span class='ocrx_word' id='word_1_681' title='bbox 1010 5629 1308 5691; x_wconf 87' lang='lat' dir='ltr'><strong>ponerent,</strong></span> <span class='ocrx_word' id='word_1_682' title='bbox 1343 5621 1485 5677; x_wconf 91' lang='lat' dir='ltr'><strong>nulla</strong></span> <span class='ocrx_word' id='word_1_683' title='bbox 1530 5631 1712 5677; x_wconf 90' lang='lat' dir='ltr'><strong>tamen</strong></span> <span class='ocrx_word' id='word_1_684' title='bbox 1739 5637 1858 5678; x_wconf 88' lang='lat' dir='ltr'><strong>ser-</strong></span> 
     </span>
    </p>
   </div>
   <div class='ocr_carea' id='block_1_95' title="bbox 257 5715 1856 5786">
    <p class='ocr_par' dir='ltr' id='par_1_95' title="bbox 257 5715 1856 5786">
     <span class='ocr_line' id='line_1_95' title="bbox 257 5715 1856 5786; baseline 0.001 -15"><span class='ocrx_word' id='word_1_685' title='bbox 257 5731 482 5771; x_wconf 87' lang='lat' dir='ltr'><strong>monum</strong></span> <span class='ocrx_word' id='word_1_686' title='bbox 517 5715 564 5770; x_wconf 90' lang='lat' dir='ltr'><strong>id</strong></span> <span class='ocrx_word' id='word_1_687' title='bbox 589 5715 805 5786; x_wconf 87' lang='lat' dir='ltr'><strong>generis</strong></span> <span class='ocrx_word' id='word_1_688' title='bbox 832 5715 1082 5771; x_wconf 91' lang='lat' dir='ltr'><strong>collectio</strong></span> <span class='ocrx_word' id='word_1_689' title='bbox 1111 5716 1370 5786; x_wconf 85' lang='lat' dir='ltr'><strong>suppetit,</strong></span> <span class='ocrx_word' id='word_1_690' title='bbox 1394 5731 1554 5786; x_wconf 89' lang='lat' dir='ltr'><strong>quam</strong></span> <span class='ocrx_word' id='word_1_691' title='bbox 1577 5715 1648 5771; x_wconf 90' lang='lat' dir='ltr'><strong>ob</strong></span> <span class='ocrx_word' id='word_1_692' title='bbox 1671 5727 1856 5772; x_wconf 84' lang='lat' dir='ltr'><strong>aucto-</strong></span> 
     </span>
    </p>
   </div>
   <div class='ocr_carea' id='block_1_96' title="bbox 257 5809 1858 5882">
    <p class='ocr_par' dir='ltr' id='par_1_96' title="bbox 257 5809 1858 5882">
     <span class='ocr_line' id='line_1_96' title="bbox 257 5809 1858 5882; baseline 0.004 -20"><span class='ocrx_word' id='word_1_693' title='bbox 257 5809 331 5863; x_wconf 83' lang='lat' dir='ltr'><strong>ris</strong></span> <span class='ocrx_word' id='word_1_694' title='bbox 363 5819 583 5878; x_wconf 87' lang='lat' dir='ltr'><strong>tempus</strong></span> <span class='ocrx_word' id='word_1_695' title='bbox 613 5821 801 5865; x_wconf 87' lang='lat' dir='ltr'><strong>nostra</strong></span> <span class='ocrx_word' id='word_1_696' title='bbox 829 5811 927 5865; x_wconf 88' lang='lat' dir='ltr'><strong>bac</strong></span> <span class='ocrx_word' id='word_1_697' title='bbox 952 5809 1310 5881; x_wconf 90' lang='lat' dir='ltr'><strong>antiquiorem</strong></span> <span class='ocrx_word' id='word_1_698' title='bbox 1341 5810 1629 5865; x_wconf 88' lang='lat' dir='ltr'><strong>ostendere</strong></span> <span class='ocrx_word' id='word_1_699' title='bbox 1662 5812 1858 5882; x_wconf 92' lang='lat' dir='ltr'><strong>possis.</strong></span> 
     </span>
    </p>
   </div>
   <div class='ocr_carea' id='block_1_97' title="bbox 259 5892 1856 5974">
    <p class='ocr_par' dir='ltr' id='par_1_97' title="bbox 259 5892 1856 5974">
     <span class='ocr_line' id='line_1_97' title="bbox 259 5892 1856 5974; baseline 0 -18"><span class='ocrx_word' id='word_1_700' title='bbox 259 5900 572 5958; x_wconf 83' lang='lat' dir='ltr'><strong>Conciones</strong></span> <span class='ocrx_word' id='word_1_701' title='bbox 589 5903 841 5958; x_wconf 89' lang='lat' dir='ltr'><strong>nimirum</strong></span> <span class='ocrx_word' id='word_1_702' title='bbox 862 5912 1104 5958; x_wconf 80' lang='lat' dir='ltr'><strong>veterum</strong></span> <span class='ocrx_word' id='word_1_703' title='bbox 1128 5918 1190 5958; x_wconf 85' lang='lat' dir='ltr'><strong>ex</strong></span> <span class='ocrx_word' id='word_1_704' title='bbox 1217 5914 1458 5974; x_wconf 88' lang='lat' dir='ltr'><strong>tempore</strong></span> <span class='ocrx_word' id='word_1_705' title='bbox 1475 5892 1856 5974; x_wconf 67' lang='lat' dir='ltr'><strong>pronuntiabo,</strong></span> 
     </span>
    </p>
   </div>
   <div class='ocr_carea' id='block_1_98' title="bbox 1960 5155 3554 5229">
    <p class='ocr_par' dir='ltr' id='par_1_98' title="bbox 1960 5155 3554 5229">
     <span class='ocr_line' id='line_1_98' title="bbox 1960 5155 3554 5229; baseline -0.003 -15"><span class='ocrx_word' id='word_1_706' title='bbox 1960 5159 2028 5215; x_wconf 91' lang='lat' dir='ltr'><strong>de</strong></span> <span class='ocrx_word' id='word_1_707' title='bbox 2073 5159 2138 5213; x_wconf 92' lang='lat' dir='ltr'><strong>iis</strong></span> <span class='ocrx_word' id='word_1_708' title='bbox 2179 5175 2300 5229; x_wconf 65' lang='lat' dir='ltr'><strong>quae</strong></span> <span class='ocrx_word' id='word_1_709' title='bbox 2332 5157 2607 5228; x_wconf 83' lang='lat' dir='ltr'><strong>profanam</strong></span> <span class='ocrx_word' id='word_1_710' title='bbox 2650 5157 2716 5212; x_wconf 92' lang='lat' dir='ltr'><strong>ad</strong></span> <span class='ocrx_word' id='word_1_711' title='bbox 2766 5155 3122 5212; x_wconf 91' lang='lat' dir='ltr'><strong>eruditionem</strong></span> <span class='ocrx_word' id='word_1_712' title='bbox 3175 5155 3468 5226; x_wconf 91' lang='lat' dir='ltr'><strong>pertinent,</strong></span> <span class='ocrx_word' id='word_1_713' title='bbox 3521 5168 3554 5209; x_wconf 92' lang='lat' dir='ltr'><strong>e</strong></span> 
     </span>
    </p>
   </div>
   <div class='ocr_carea' id='block_1_99' title="bbox 1960 5245 3550 5323">
    <p class='ocr_par' dir='ltr' id='par_1_99' title="bbox 1960 5245 3550 5323">
     <span class='ocr_line' id='line_1_99' title="bbox 1960 5245 3550 5323; baseline -0.002 -21"><span class='ocrx_word' id='word_1_714' title='bbox 1960 5252 2153 5323; x_wconf 88' lang='lat' dir='ltr'><strong>quibus</strong></span> <span class='ocrx_word' id='word_1_715' title='bbox 2197 5250 2363 5306; x_wconf 84' lang='lat' dir='ltr'><strong>multa</strong></span> <span class='ocrx_word' id='word_1_716' title='bbox 2396 5251 2446 5305; x_wconf 92' lang='lat' dir='ltr'><strong>in</strong></span> <span class='ocrx_word' id='word_1_717' title='bbox 2493 5249 2932 5305; x_wconf 86' lang='lat' dir='ltr'><strong>adnotationibus</strong></span> <span class='ocrx_word' id='word_1_718' title='bbox 2966 5247 3196 5304; x_wconf 89' lang='lat' dir='ltr'><strong>subinde</strong></span> <span class='ocrx_word' id='word_1_719' title='bbox 3237 5245 3550 5304; x_wconf 89' lang='lat' dir='ltr'><strong>considera-</strong></span> 
     </span>
    </p>
   </div>
   <div class='ocr_carea' id='block_1_100' title="bbox 1962 5342 3554 5417">
    <p class='ocr_par' dir='ltr' id='par_1_100' title="bbox 1962 5342 3554 5417">
     <span class='ocr_line' id='line_1_100' title="bbox 1962 5342 3554 5417; baseline -0.006 -14"><span class='ocrx_word' id='word_1_720' title='bbox 1962 5347 2192 5413; x_wconf 89' lang='lat' dir='ltr'><strong>buntnr;</strong></span> <span class='ocrx_word' id='word_1_721' title='bbox 2224 5346 2540 5417; x_wconf 78' lang='lat' dir='ltr'><strong>praeclarum</strong></span> <span class='ocrx_word' id='word_1_722' title='bbox 2581 5345 2778 5400; x_wconf 90' lang='lat' dir='ltr'><strong>veteris</strong></span> <span class='ocrx_word' id='word_1_723' title='bbox 2818 5343 3121 5414; x_wconf 77' lang='lat' dir='ltr'><strong>disciplinae</strong></span> <span class='ocrx_word' id='word_1_724' title='bbox 3164 5342 3448 5413; x_wconf 84' lang='lat' dir='ltr'><strong>imaginem</strong></span> <span class='ocrx_word' id='word_1_725' title='bbox 3489 5353 3554 5394; x_wconf 90' lang='lat' dir='ltr'><strong>ac</strong></span> 
     </span>
    </p>
   </div>
   <div class='ocr_carea' id='block_1_101' title="bbox 1970 5433 3555 5513">
    <p class='ocr_par' dir='ltr' id='par_1_101' title="bbox 1970 5433 3555 5513">
     <span class='ocr_line' id='line_1_101' title="bbox 1970 5433 3555 5513; baseline -0.006 -17"><span class='ocrx_word' id='word_1_726' title='bbox 1970 5440 2196 5513; x_wconf 88' lang='lat' dir='ltr'><strong>insignia</strong></span> <span class='ocrx_word' id='word_1_727' title='bbox 2250 5439 2562 5510; x_wconf 86' lang='lat' dir='ltr'><strong>dogmatum</strong></span> <span class='ocrx_word' id='word_1_728' title='bbox 2618 5439 3189 5510; x_wconf 79' lang='lat' dir='ltr'><strong>prtestantissimorum</strong></span> <span class='ocrx_word' id='word_1_729' title='bbox 3248 5433 3555 5490; x_wconf 88' lang='lat' dir='ltr'><strong>testimonia</strong></span> 
     </span>
    </p>
   </div>
   <div class='ocr_carea' id='block_1_102' title="bbox 1972 5527 3558 5605">
    <p class='ocr_par' dir='ltr' id='par_1_102' title="bbox 1972 5527 3558 5605">
     <span class='ocr_line' id='line_1_102' title="bbox 1972 5527 3558 5605; baseline -0.004 -16"><span class='ocrx_word' id='word_1_730' title='bbox 1972 5535 2120 5590; x_wconf 90' lang='lat' dir='ltr'><strong>hisce</strong></span> <span class='ocrx_word' id='word_1_731' title='bbox 2148 5536 2202 5589; x_wconf 90' lang='lat' dir='ltr'><strong>in</strong></span> <span class='ocrx_word' id='word_1_732' title='bbox 2229 5533 2548 5589; x_wconf 88' lang='lat' dir='ltr'><strong>tractatibus</strong></span> <span class='ocrx_word' id='word_1_733' title='bbox 2561 5542 2824 5605; x_wconf 86' lang='lat' dir='ltr'><strong>prostant,</strong></span> <span class='ocrx_word' id='word_1_734' title='bbox 2845 5547 2875 5588; x_wconf 93' lang='lat' dir='ltr'><strong>e</strong></span> <span class='ocrx_word' id='word_1_735' title='bbox 2891 5532 3086 5603; x_wconf 86' lang='lat' dir='ltr'><strong>quibus</strong></span> <span class='ocrx_word' id='word_1_736' title='bbox 3107 5540 3162 5586; x_wconf 92' lang='lat' dir='ltr'><strong>et</strong></span> <span class='ocrx_word' id='word_1_737' title='bbox 3176 5527 3558 5584; x_wconf 77' lang='lat' dir='ltr'><strong>ecclesiasticae</strong></span> 
     </span>
    </p>
   </div>
   <div class='ocr_carea' id='block_1_103' title="bbox 1969 5623 3558 5698">
    <p class='ocr_par' dir='ltr' id='par_1_103' title="bbox 1969 5623 3558 5698">
     <span class='ocr_line' id='line_1_103' title="bbox 1969 5623 3558 5698; baseline -0.004 -17"><span class='ocrx_word' id='word_1_738' title='bbox 1969 5626 2267 5698; x_wconf 67' lang='lat' dir='ltr'><strong>disciplinae</strong></span> <span class='ocrx_word' id='word_1_739' title='bbox 2294 5626 2618 5698; x_wconf 91' lang='lat' dir='ltr'><strong>scriptores,</strong></span> <span class='ocrx_word' id='word_1_740' title='bbox 2651 5635 2704 5681; x_wconf 91' lang='lat' dir='ltr'><strong>et</strong></span> <span class='ocrx_word' id='word_1_741' title='bbox 2733 5625 2854 5680; x_wconf 83' lang='lat' dir='ltr'><strong>fidei</strong></span> <span class='ocrx_word' id='word_1_742' title='bbox 2880 5625 3116 5680; x_wconf 88' lang='lat' dir='ltr'><strong>vindices</strong></span> <span class='ocrx_word' id='word_1_743' title='bbox 3158 5623 3422 5692; x_wconf 87' lang='lat' dir='ltr'><strong>prolicere</strong></span> <span class='ocrx_word' id='word_1_744' title='bbox 3453 5636 3558 5675; x_wconf 90' lang='lat' dir='ltr'><strong>non</strong></span> 
     </span>
    </p>
   </div>
   <div class='ocr_carea' id='block_1_104' title="bbox 1971 5712 3558 5789">
    <p class='ocr_par' dir='ltr' id='par_1_104' title="bbox 1971 5712 3558 5789">
     <span class='ocr_line' id='line_1_104' title="bbox 1971 5712 3558 5789; baseline -0.003 -16"><span class='ocrx_word' id='word_1_745' title='bbox 1971 5719 2239 5774; x_wconf 90' lang='lat' dir='ltr'><strong>modicum</strong></span> <span class='ocrx_word' id='word_1_746' title='bbox 2273 5719 2501 5789; x_wconf 89' lang='lat' dir='ltr'><strong>possint.</strong></span> <span class='ocrx_word' id='word_1_747' title='bbox 2538 5718 2709 5786; x_wconf 84' lang='lat' dir='ltr'><strong>Quam</strong></span> <span class='ocrx_word' id='word_1_748' title='bbox 2756 5717 2949 5774; x_wconf 82' lang='lat' dir='ltr'><strong>eximia</strong></span> <span class='ocrx_word' id='word_1_749' title='bbox 2991 5715 3080 5769; x_wconf 90' lang='lat' dir='ltr'><strong>illa</strong></span> <span class='ocrx_word' id='word_1_750' title='bbox 3121 5712 3421 5783; x_wconf 67' lang='lat' dir='ltr'><strong>disciplina:</strong></span> <span class='ocrx_word' id='word_1_751' title='bbox 3465 5727 3558 5768; x_wconf 89' lang='lat' dir='ltr'><strong>ca-</strong></span> 
     </span>
    </p>
   </div>
   <div class='ocr_carea' id='block_1_105' title="bbox 1975 5805 3561 5880">
    <p class='ocr_par' dir='ltr' id='par_1_105' title="bbox 1975 5805 3561 5880">
     <span class='ocr_line' id='line_1_105' title="bbox 1975 5805 3561 5880; baseline -0.003 -16"><span class='ocrx_word' id='word_1_752' title='bbox 1975 5812 2102 5880; x_wconf 87' lang='lat' dir='ltr'><strong>pita,</strong></span> <span class='ocrx_word' id='word_1_753' title='bbox 2133 5811 2328 5876; x_wconf 87' lang='lat' dir='ltr'><strong>quibus</strong></span> <span class='ocrx_word' id='word_1_754' title='bbox 2373 5820 2422 5866; x_wconf 89' lang='lat' dir='ltr'><strong>et</strong></span> <span class='ocrx_word' id='word_1_755' title='bbox 2476 5821 2815 5880; x_wconf 71' lang='lat' dir='ltr'><strong>peccatorum</strong></span> <span class='ocrx_word' id='word_1_756' title='bbox 2866 5805 3300 5870; x_wconf 78' lang='lat' dir='ltr'><strong>confessionem,</strong></span> <span class='ocrx_word' id='word_1_757' title='bbox 3348 5809 3561 5875; x_wconf 74' lang='lat' dir='ltr'><strong>necnon</strong></span> 
     </span>
    </p>
   </div>
   <div class='ocr_carea' id='block_1_106' title="bbox 1978 5891 3558 5972">
    <p class='ocr_par' dir='ltr' id='par_1_106' title="bbox 1978 5891 3558 5972">
     <span class='ocr_line' id='line_1_106' title="bbox 1978 5891 3558 5972; baseline -0.003 -16"><span class='ocrx_word' id='word_1_758' title='bbox 1978 5904 2348 5972; x_wconf 72' lang='lat' dir='ltr'><strong>ptruitehtiattt</strong></span> <span class='ocrx_word' id='word_1_759' title='bbox 2398 5903 2627 5972; x_wconf 78' lang='lat' dir='ltr'><strong>aliquam</strong></span> <span class='ocrx_word' id='word_1_760' title='bbox 2679 5901 3012 5970; x_wconf 83' lang='lat' dir='ltr'><strong>baptismatis</strong></span> <span class='ocrx_word' id='word_1_761' title='bbox 3047 5911 3383 5956; x_wconf 76' lang='lat' dir='ltr'><strong>sacramento</strong></span> <span class='ocrx_word' id='word_1_762' title='bbox 3430 5891 3558 5952; x_wconf 77' lang='lat' dir='ltr'><strong>‘olim</strong></span> 
     </span>
    </p>
   </div>
  </div>
