3998 6332
436 311 506 366 {.5
1811 293 2344 353 PROLEGOMENA.
3243 352 3247 359 ,
3664 300 3736 361 Ri

433 420 689 497 praemitti
722 418 936 475 solitam
967 413 1167 487 prodit,
1200 421 1254 467 et
1297 412 1489 483 aquam
1519 408 1771 481 baptismi
1801 372 2031 466 calefac-
2059 413 2109 472 A
2137 420 2398 495 questum
2428 412 2685 479 temporis
2711 410 2842 466 nihil
2873 408 3235 480 offenderent,
3269 421 3393 484 post
3418 422 3573 470 natas
3603 430 3737 470 vero

437 528 571 582 tam,
599 530 661 570 ac
687 528 781 584 per
806 508 1019 567 canales
1049 506 1306 562 continuo
1326 505 1707 567 decurrentem
1737 502 1789 558 in
1820 516 2033 559 sacrum

438 611 678 671 fontem,
731 610 787 659 et
848 599 1129 655 denarium
1199 595 1457 665 singulari
1514 595 1672 665 plane
1726 594 2033 649 teStimonio

441 696 727 771 baptizatis
758 692 1011 749 traditum
1043 689 1264 756 indicat,
1314 694 1512 758 praeter
1538 686 1660 742 alia
1696 687 1862 742 multa
1911 702 2034 758 qua:

439 793 505 849 ad
535 788 1047 847 catechumeuorum
1093 795 1321 847 examen
1366 788 1517 835 certo
1546 778 1755 835 dierum
1806 793 2033 835 numero

438 884 743 948 definitum,
779 879 847 936 ad
876 878 978 943 sal,
1019 876 1219 942 oleum,
1246 875 1346 941 lac,
1392 882 1599 929 vestem
1638 872 1846 949 albam,
1895 872 2031 928 alia-

437 995 542 1050 que
566 974 707 1046 apud
730 974 865 1028 alios
895 970 949 1025 in
973 965 1311 1038 baptismatis
1339 966 1442 1020 ritu
1470 965 1707 1021 celebria
1735 964 2029 1036 pertinent.

439 1067 833 1127 Eucharistiam
859 1063 962 1119 sub
983 1069 1209 1132 utraque
1236 1060 1417 1130 specie
1440 1060 1711 1125 traditam,
1734 1066 1790 1115 et
1810 1060 2032 1114 domum

434 1162 611 1218 adhuc
631 1170 698 1215 eo
713 1156 914 1214 saeculo
934 1154 1275 1225 deportatam
1304 1153 1404 1207 sub
1430 1153 1608 1222 specie
1635 1153 1807 1223 panis,
1836 1152 2035 1208 solem-

437 1255 622 1312 nitatis
653 1250 923 1324 paschalis
951 1247 1303 1303 caeremonias
1341 1245 1544 1303 alfabre
1588 1246 1923 1317 descriptas,
1951 1246 2037 1318 je-

432 1349 708 1421 juniorum
724 1339 1278 1411 Quadragesimalium
1302 1338 1723 1407 observantiam,
1744 1338 2032 1410 conjugum

438 1439 492 1496 id
533 1435 792 1506 temporis
838 1431 1260 1498 continentiam,
1296 1430 1562 1486 cadavera
1611 1429 2034 1486 christianorum

438 1533 492 1588 in
524 1529 771 1587 ecclesiis
800 1526 974 1598 palam
1008 1523 1275 1593 exposita,
1306 1522 1435 1578 dum
1482 1537 1633 1578 sacra
1664 1521 1840 1578 officia
1874 1537 2034 1593 pera-

438 1632 713 1699 gerentur,
766 1631 823 1678 et
875 1621 1026 1692 plura
1080 1618 1130 1674 id
1185 1617 1400 1690 generis
1447 1618 1612 1673 multa
1670 1619 2037 1688 praetermitti-

439 1735 557 1776 mus
600 1733 729 1790 quas
774 1731 841 1771 ex
896 1712 1075 1769 Indice
1126 1710 1381 1767 facillime
1418 1710 1664 1780 colliges.
1719 1710 1854 1767 Vide
1897 1725 2037 1782 prae-

436 1814 623 1871 sertim
651 1823 771 1882 quas
796 1808 863 1865 de
890 1803 1100 1880 [uxvt]
1117 1805 1219 1860 ritu
1241 1802 1524 1858 ordinandi
1548 1803 1843 1872 ministros,
1863 1820 1925 1861 ac
1950 1820 2038 1863 re-

438 1902 759 1962 conciliandi
826 1900 1153 1973 pteuitentes
1227 1897 1280 1952 in
1333 1895 1609 1968 paschate,
1657 1898 2038 1970 antiquissimo

441 1999 598 2070 plane
644 1994 883 2051 omnium
942 1992 1287 2056 testimonio,
1329 1988 1438 2047 imo
1485 2000 1541 2045 et
1577 1993 1738 2045 unico
1794 1991 2040 2061 proditur

443 2099 598 2149 tract.
632 2089 704 2146 ὅθ
750 2088 843 2143 lib.
875 2086 1108 2150 tt.’unde
1134 2086 1311 2156 ignota
1330 2084 1592 2140 hactenus
1621 2084 1917 2155 disciplina:
1950 2101 2039 2142 ec-

440 2185 759 2241 clesiasticae
785 2181 971 2236 notitia
1020 2178 1264 2246 elicitur,
1305 2192 1408 2250 qua
1454 2177 1789 2234 eruditorum
1834 2179 2042 2251 aliquot

441 2288 762 2331 communes
792 2272 1102 2343 caeteroqui
1146 2272 1430 2326 sententias
1459 2279 1799 2341 evertuntur,
1828 2274 1913 2329 vel
1940 2289 2041 2331 ex-

442 2367 693 2439 ceptione
724 2365 903 2436 aliqua
928 2362 1177 2418 notandis
1208 2371 1353 2417 sunt.

514 2459 621 2516 Sed
646 2474 767 2530 qua:
791 2458 858 2511 ad
887 2455 1114 2526 insignia
1146 2454 1397 2527 dogmata
1425 2457 1802 2513 constituenda
1856 2458 2044 2516 confe-

442 2560 588 2619 runt,
624 2550 986 2622 frequentiora
1012 2556 1160 2604 sunt.
1206 2548 1311 2603 Pro
1351 2559 1575 2618 peccato
1604 2549 1853 2620 originali
1895 2564 2045 2606 asse-

442 2644 614 2700 rendo
642 2644 715 2699 ita
740 2654 1027 2713 expresse,
1063 2640 1188 2696 licet
1229 2654 1326 2710 per
1351 2639 1570 2711 figuras,
1604 2641 1864 2713 loquitur,
1912 2644 2043 2700 utsi

443 2740 503 2796 S.
534 2740 864 2810 Augustinus
885 2738 1077 2791 horum
1099 2745 1417 2792 tractatuum
1448 2736 1723 2793 habuisset
1743 2739 2039 2810 exemplar,

444 2831 577 2886 nihil
607 2828 957 2885 dubitandum
1005 2829 1076 2883 sit
1121 2829 1246 2897 quin
1302 2837 1488 2883 contra
1538 2829 1743 2901 Pelagii
1792 2830 2044 2887 haeresim

444 2923 589 2978 hunc
619 2923 831 2978 Patrem
874 2922 1250 2991 gravissimum
1274 2921 1614 2977 auctoritatis
1644 2938 1706 2978 ac
1738 2924 2044 2981 traditionis

443 3017 614 3087 gratia
659 3015 968 3083 ohjccisset.
1015 3012 1150 3068 Vide
1204 3022 1361 3069 tract.
1423 3014 1491 3070 l6
1542 3014 1638 3069 lib.
1687 3031 1729 3083 ι,
1787 3032 1933 3073 num.
1986 3018 2040 3086 5,

443 3107 630 3163 adnot.
662 3107 751 3176 16,
784 3105 875 3160 ubi
905 3104 1148 3159 omnium
1184 3118 1467 3174 poenarum
1512 3107 1889 3176 temporalium
1916 3124 2046 3165 cau-

2064 1800 2113 1861 B

2140 489 2376 559 haereses
2408 502 2647 574 lixasque
2674 500 2935 560 formulas
2963 502 3253 575 displicent
3279 547 3293 571 ,
3325 521 3390 561 ac
3421 505 3738 578 detorqueri

2139 596 2190 651 in
2220 596 2417 651 malum
2450 608 2668 651 sensum
2694 604 2938 666 pOSSunt.
2964 595 3100 652 Hinc
3126 596 3177 651 in
3207 597 3544 653 vindicandis
3572 614 3742 668 expo-

2140 691 2442 761 nendisque
2469 690 2520 745 id
2550 690 2766 761 generis
2797 690 3164 747 locationibus
3189 706 3314 747 cum
3344 691 3739 749 catholicorum

2142 800 2335 857 magna
2361 797 2576 854 semper
2604 795 2735 839 cura
2761 782 2880 848 fuit,
2922 791 3034 839 tum
3064 784 3332 840 editorum
3373 800 3436 839 ea
3482 784 3741 844 censetur

2137 876 2431 948 praecipua,
2463 875 2599 931 adeo
2630 886 2686 930 ut
2730 876 2773 931 si
2811 875 2954 948 quis,
2988 875 3076 932 ubi
3117 876 3186 932 sit
3214 890 3372 948 opus,
3411 877 3478 933 ab
3507 893 3570 934 ea
3602 877 3741 934 defi-

2137 966 2266 1034 ciat,
2296 968 2628 1041 imperfectas
2652 968 2907 1025 editionis
2931 969 3055 1038 jure
3085 970 3389 1026 accusetur.
3421 969 3607 1043 Itaque
3637 973 3740 1029 Ze-

2137 1062 2296 1117 nonis
2321 1062 2624 1119 locutiones
2654 1078 2717 1118 ac
2743 1063 3041 1118 sententias
3070 1062 3279 1133 aliquas
3318 1060 3591 1122 vindicare
3627 1066 3740 1121 dis-

2138 1156 2447 1214 sertationis
2477 1156 2638 1227 hujus
2664 1155 2789 1222 erit,
2816 1171 2975 1228 quam
3006 1170 3107 1228 pro
3148 1154 3592 1217 vindicandarum
3632 1178 3735 1217 nu-

2137 1266 2290 1309 mero
2320 1251 2372 1307 in
2400 1251 2587 1308 decem
2614 1252 2789 1323 capita
2815 1251 3180 1308 distinximus.

2532 1388 2760 1463 [1.“an
2794 1388 3020 1448 CAPUT
3051 1388 3090 1447 I.

2138 1496 2371 1548 QUIEDAI
2396 1497 2464 1537 DE
2496 1497 2724 1538 ΒΤΕΒΝΑ
2750 1498 2905 1540 νειιιιι
2925 1500 3013 1540 DEI
3036 1499 3409 1547 GENBRITIONI
3438 1502 3485 1545 8.
3517 1504 3741 1547 ΖΒΝΟΝΒ

2212 1589 2477 1631 ι-ὀιιιωιιε
2510 1590 2544 1631 Α
2570 1590 2785 1633 ΡΕΤΔἯΙ
2823 1592 3061 1635 εεκειιιιι
3101 1595 3493 1653 νιιωιοιιατυῐι,
3532 1599 3741 1641 sanun-

2212 1683 2423 1733 DEIQUE
2449 1682 2745 1726 SENTENTIA
2770 1685 3091 1728 EXPONITUR.

2415 1784 2443 1857 §
2469 1783 2512 1841 I.
2542 1814 2611 1826 --
2639 1782 2953 1856 Proponitur
2982 1785 3179 1843 Petavii
3202 1804 3438 1846 censura.

2211 1897 2268 1953 Si
2313 1911 2431 1954 eam
2459 1896 2809 1965 locutionem,
2836 1912 2938 1970 qua
2970 1899 3210 1956 divinum
3236 1898 3468 1959 Verbum
3519 1919 3547 1959 a
3580 1903 3743 1961 Patre

2144 2003 2254 2048 tum
2309 1991 2640 2063 processisse
2699 1992 2954 2047 traditum
3005 2002 3111 2061 est,
3158 2009 3279 2050 cum
3324 1994 3395 2051 de
3459 1998 3743 2055 creatione

2143 2083 2329 2139 mundi
2350 2083 2633 2139 consilium
2664 2091 2877 2154 captum
2923 2082 3041 2151 fuit,
3075 2085 3133 2140 P.
3164 2085 3451 2160 Dionysius
3481 2087 3733 2145 Petavius

2144 2176 2432 2233 Societatis
2461 2176 2588 2232 Jesu
2620 2176 2828 2247 insigne
2857 2183 3235 2232 ornamentum
3277 2179 3417 2250 apud
3459 2192 3622 2236 unum
3654 2182 3743 2238 vel

2144 2271 2374 2327 alterum
2398 2283 2464 2324 ex
2487 2267 2853 2323 Antenicaenis
2871 2268 3119 2326 Patribus
3135 2277 3325 2325 nactus
3341 2281 3514 2341 esset;
3539 2271 3743 2342 adhuc,

2144 2365 2318 2438 quoad
2350 2364 2467 2419 fieri
2520 2363 2666 2429 licet,
2697 2362 2885 2419 fuisset
2912 2363 3315 2435 interpretanda
3337 2408 3353 2430 ,
3383 2382 3450 2422 ne
3479 2367 3748 2426 Arianum

2144 2473 2363 2516 sensum
2389 2459 2669 2513 continere
2715 2456 2989 2513 videretur
3014 2476 3027 2512 :
3055 2458 3139 2514 vel
3184 2463 3228 2515 sl
3256 2458 3477 2516 dubium
3500 2475 3621 2518 esse
3650 2478 3755 2533 po-

2145 2553 2356 2617 tnisset,
2393 2564 2462 2605 ne
2505 2549 2723 2605 Ariame
2750 2551 3034 2606 sententiae
3061 2566 3200 2607 unus
3229 2561 3320 2608 aut
3360 2555 3497 2610 alter
3518 2554 3752 2626 quihus-

2145 2646 2269 2701 dam
2302 2644 2663 2700 Iocutionibus
2707 2644 3112 2715 prmcinuisset;
3156 2660 3278 2701 cum
3321 2661 3428 2702 non
3457 2660 3648 2705 omnes
3682 2634 3756 2705 lis

2146 2736 2337 2807 primis
2394 2737 2726 2806 temporibus
2774 2735 3013 2791 definitae
3065 2744 3123 2793 et
3159 2737 3442 2795 enucleate
3484 2742 3755 2811 expositae

2146 2828 2347 2883 fuerint
2416 2827 2661 2883 formulas
2719 2829 2914 2899 quibus
2969 2829 3223 2885 catholici
3274 2830 3343 2887 de
3396 2832 3757 2903 generatione

2149 2921 2312 2977 Verbi
2340 2922 2624 2992 loquentes
2669 2931 2967 2989 uterentur,
3010 2923 3337 2992 parcendum
3376 2924 3597 2981 Petavio
3626 2941 3757 2983 cre-

2146 3015 2422 3081 deremus,
2455 3016 2499 3069 si
2536 3026 2776 3070 errorem
2822 3026 2914 3071 aut
2940 3020 3143 3072 erroris
3172 3018 3469 3087 perieulum
3504 3028 3608 3075 non
3652 3034 3759 3075 cx-

2147 3124 2363 3177 cusans,
2398 3109 2493 3164 sed
2533 3109 2787 3179 prodens,
2815 3110 3112 3165 cavendum
3145 3112 3467 3169 monuisset.
3510 3112 3582 3168 At
3621 3129 3755 3170 enm

444 3222 559 3262 sam
583 3208 636 3260 in
671 3202 906 3274 priorum
938 3209 1216 3273 parentum
1243 3202 1456 3272 culpam
1482 3203 1826 3274 apertissime
1853 3205 2040 3276 refert,
2070 3190 2115 3254 C
2150 3219 2258 3261 non
2290 3219 2430 3261 unus
2460 3212 2554 3258 aut
2583 3204 2739 3269 alter,
2774 3203 2869 3259 sed
2899 3203 3083 3274 plures
3111 3206 3448 3261 Anteuicaeui
3476 3207 3757 3276 iidemque

444 3315 498 3356 et
541 3306 696 3354 tract.
744 3298 809 3353 15
857 3295 1102 3366 ejusdem
1145 3296 1266 3351 libri
1311 3306 1457 3350 num.
1494 3296 1584 3363 12,
1632 3312 1695 3353 ac
1739 3301 2040 3368 praesertim

448 3400 603 3446 tract.
639 3390 707 3445 59
738 3398 791 3444 et
817 3387 888 3441 42
920 3388 1013 3442 lib.
1064 3403 1123 3450 tt,
1159 3389 1246 3444 ubi
1276 3399 1507 3445 mortuos
1532 3390 1784 3460 primum,
1839 3394 1930 3465 qui
1978 3394 2044 3450 ad

444 3484 707 3553 baptisma
740 3481 1023 3547 accedunt,
1055 3476 1179 3536 dein
1208 3497 1338 3536 vero
1369 3483 1504 3537 vivos
1537 3482 1780 3539 redditos
1826 3487 1875 3540 in
1907 3486 2043 3558 bap-

445 3580 662 3633 tismate
681 3574 984 3641 affirmans,
1029 3576 1339 3646 veterisque
1366 3576 1603 3633 hominis
1632 3578 1684 3632 in
1718 3578 2043 3650 baptismate

442 3672 620 3727 necati
648 3670 981 3724 mentionem
1009 3668 1233 3736 faciens,
1259 3670 1329 3726 de
1352 3672 1599 3742 originali
1622 3672 1778 3745 culpa
1807 3675 2040 3732 animam

443 3765 729 3821 occidente
758 3771 945 3833 perte
974 3769 1224 3818 testatur.
1250 3763 1628 3834 Exploratiora
1658 3776 1805 3832 sunt,
1832 3784 1952 3838 qua:
1974 3769 2044 3825 de

442 3855 783 3928 baptismatis
824 3854 1040 3920 virtute,
1098 3853 1149 3907 in
1199 3868 1308 3924 quo
1353 3856 1535 3909 omnia
1580 3856 1783 3926 quasvis
1823 3866 2043 3928 peccata

440 3950 602 4022 plane
639 3947 912 4013 delentur,
938 3945 1007 4002 de
1030 3944 1347 4002 charactere
1365 3947 1457 4017 qui
1478 3946 1533 4001 in
1554 3948 1822 4019 baptismo
1847 3950 2043 4007 anima:

443 4042 793 4114 imprimitur,
837 4054 939 4095 nec
964 4038 1136 4095 deleri
1165 4054 1399 4110 unquam
1430 4049 1608 4111 potest
1639 4041 1658 4116 (
1686 4042 1829 4099 unde
1859 4044 2043 4100 iterari

443 4136 497 4191 id
552 4143 951 4191 sacramentum
1003 4131 1255 4204 nequit),
1283 4132 1351 4188 de
1393 4135 1596 4203 gratia,
1645 4150 1765 4206 quas
1810 4136 1864 4192 in
1910 4138 2043 4208 bap-

441 4229 657 4284 tismate
696 4242 804 4282 non
831 4225 1020 4281 eadem
1053 4225 1336 4290 omnibus,
1368 4225 1463 4281 sed
1505 4241 1603 4298 pro
1644 4229 1795 4285 vario
1823 4231 2044 4286 merito-

441 4339 562 4378 rum
593 4321 907 4378 discrimine
933 4319 1108 4390 major
1128 4328 1183 4374 et
1205 4319 1382 4374 minor
1406 4318 1708 4387 confertur,
1743 4322 1810 4378 de
1840 4338 2041 4394 puero-

435 4399 563 4472 rum
600 4425 656 4472 et
694 4414 979 4470 infantium
1024 4412 1294 4483 baptismo
1316 4455 1331 4477 ,
1362 4413 1430 4469 de
1466 4416 1851 4472 communione
1886 4432 2042 4475 sanc-

441 4518 645 4576 torum,
667 4508 736 4564 de
757 4509 958 4564 virtute
980 4507 1212 4564 elaviutn
1248 4508 1528 4578 Ecclesim,
1558 4511 1627 4569 de
1647 4512 1914 4569 sacrificio
1943 4528 2041 4585 pro

2148 3295 2577 3368 praestantissimi
2613 3290 2804 3350 Patres
2830 3310 2949 3351 eam
2984 3296 3311 3354 locutionem
3344 3313 3636 3370 usurpasse
3665 3302 3761 3356 iu-

2149 3390 2295 3447 venti
2343 3391 2583 3458 fuerint,
2615 3389 2992 3447 abstinendum
3043 3392 3145 3465 ipsi
3172 3395 3395 3449 omnino
3439 3405 3559 3450 erat
3587 3399 3654 3451 ab
3686 3414 3758 3453 ea

2148 3493 2274 3537 nota
2317 3498 2458 3553 quae,
2507 3482 2554 3537 si
2605 3482 2730 3552 quid
2780 3483 3025 3551 valeret,
3080 3486 3384 3541 traditionis
3428 3497 3484 3543 et
3529 3486 3757 3543 Patrum

2147 3572 2456 3629 auctoritati
2490 3574 2781 3644 plurimum
2805 3575 3138 3643 detraheret,
3163 3591 3263 3632 nec.
3282 3578 3612 3648 aperiendus
3634 3578 3759 3633 ha:-

2147 3667 2333 3724 reticis
2374 3666 2551 3722 aditus
2580 3706 2596 3733 ,
2625 3678 2681 3721 ut
2722 3668 2826 3723 hoc
2873 3667 3129 3725 catholici
3158 3669 3564 3742 doctissimique
3592 3672 3762 3728 theo—

2148 3760 2253 3832 logi
2287 3760 2597 3816 testimonio
2639 3760 2899 3817 adversus
2929 3762 3268 3819 traditionem
3314 3774 3368 3821 et
3410 3764 3597 3821 Patres
3641 3784 3756 3823 non

2148 3850 2268 3904 sine
2296 3864 2493 3919 magno
2535 3851 2923 3909 catholicorum
2953 3853 3265 3926 dogmatutn
3301 3857 3617 3927 prtejudicio
3665 3859 3759 3913 in-

2147 3950 2450 4013 surgerent.
2478 3941 2612 3998 Cum
2642 3959 2805 4015 porro
2838 3961 2942 4002 non
2976 3944 3313 4003 Antenicasni
3340 3950 3516 4005 solum
3543 3950 3763 4022 aliquot

2146 4033 2354 4102 Patres,
2383 4034 2480 4090 sed
2510 4036 2751 4092 nonnulli
2780 4037 2945 4094 etiam
2976 4037 3195 4095 Nicaeus
3236 4041 3445 4113 synodo
3471 4048 3745 4113 posterio-

2146 4141 2236 4184 res
2259 4166 2277 4195 ,
2311 4128 2401 4198 qui
2449 4129 2710 4185 adversus
2735 4130 2969 4187 Arianos
3013 4146 3113 4203 pro
3142 4142 3289 4189 recta
3328 4132 3433 4189 ﬁde
3479 4139 3760 4195 acerrime

2147 4220 2493 4287 dimicarunt,
2540 4221 2731 4277 eadem
2769 4223 3022 4291 loquendi
3052 4223 3283 4280 formula
3328 4226 3410 4281 usi
3442 4226 3761 4298 deprehen-

2146 4315 2374 4384 dantur,
2405 4315 2593 4373 videre
2639 4318 2881 4388 profecto
2915 4319 3112 4376 debeat
3159 4322 3209 4376 ei
3250 4323 3504 4379 locutioni
3539 4336 3760 4383 rectum

2146 4409 2585 4482 catholicumque
2607 4425 2829 4467 sensum
2853 4413 3029 4469 inesse
3051 4424 3327 4485 oportere,
3352 4418 3444 4488 qui
3466 4418 3535 4474 ab
3550 4421 3761 4478 Ariana

2148 4504 2341 4560 haeresi
2375 4503 2664 4575 plurimum
2687 4505 2888 4573 distet;
2914 4515 2970 4561 et
2993 4520 3116 4562 cum
3145 4507 3199 4563 in
3220 4523 3287 4564 eo
3309 4508 3562 4569 laborare
3581 4512 3765 4570 debe-

443 4603 693 4671 mortuis,
716 4602 785 4659 de
799 4602 1221 4674 exhomologesi,
1240 4618 1332 4661 seu
1346 4604 1689 4662 confessione
1702 4615 1757 4662 et
1772 4609 2039 4678 paeniten-

2148 4596 2262 4665 bat,
2292 4607 2350 4651 ut
2389 4597 2533 4653 hunc
2571 4610 2814 4663 sensum,
2862 4600 3190 4671 quicumque
3231 4602 3322 4671 sit,
3372 4613 3587 4660 erueret
3632 4615 3758 4664 tum

442 4694 514 4750 tia
547 4703 919 4765 peccatorum,
949 4693 1019 4749 de
1049 4702 1310 4764 perpetua
1346 4694 1407 4750 Β.
1443 4696 1678 4768 Virginis
1717 4698 1898 4755 Maria:
1930 4700 2039 4755 vir-

440 4787 699 4859 ginitate,
732 4785 961 4853 aliisque
994 4783 1049 4839 id
1088 4787 1307 4857 generis
1335 4786 1583 4858 pluribus
1610 4789 1867 4847 Ecclesia:
1909 4793 2041 4865 dog-

444 4878 677 4934 matibus
699 4875 1000 4949 frequentia
1023 4886 1079 4933 et
1099 4876 1368 4932 luculenta
1390 4889 1681 4951 suppetunt
1704 4884 2036 4954 testimonia,

443 4978 502 5024 ut
527 4968 940 5039 recenserejam
968 4968 1163 5040 pigeat.
1186 4968 1294 5025 Sed
1324 4971 1439 5026 haec
1470 4972 1739 5030 indicasse
1762 4975 1997 5034 sufficiat
2023 4996 2038 5034 :

442 5062 600 5133 plura
630 5060 868 5117 inveniet
894 5064 986 5132 qui
1013 5063 1224 5133 legerit.

515 5154 661 5210 Inter
686 5161 767 5209 tot
803 5163 981 5211 autem
1012 5170 1075 5212 ac
1113 5165 1221 5214 tam
1251 5162 1565 5232 prmstantia
1594 5163 1875 5220 catholica:
1917 5166 2042 5225 fidei

446 5246 777 5311 testimonia,
810 5247 993 5316 negari
1028 5262 1133 5303 non
1165 5260 1343 5320 potest
1386 5253 1513 5324 quin
1544 5254 1721 5326 aliqua
1750 5268 2042 5315 occurrant

441 5339 605 5410 paulo
625 5337 861 5402 duriora,
889 5353 1010 5409 quas
1039 5329 1314 5398 offendere
1336 5356 1444 5399 non
1478 5345 1655 5402 nullos
1686 5355 1933 5418 potuere.
1964 5348 2037 5405 At

442 5434 547 5487 hoc
571 5445 694 5487 cum
737 5431 991 5487 omnibus
1017 5434 1256 5505 antiquis
1280 5449 1567 5494 commune
1592 5448 1693 5495 est.
1723 5438 1859 5496 Cum
1889 5443 2035 5498 enim

442 5525 545 5580 alia
595 5525 716 5580 aliis
758 5525 1090 5595 temporibus
1124 5536 1180 5582 et
1216 5528 1351 5585 locis
1392 5532 1553 5588 verba
1604 5546 1669 5589 ac
1733 5534 2037 5595 locutiones

440 5616 849 5691 adhiberentur,
880 5631 982 5673 nec
1010 5628 1218 5675 exortae
1248 5630 1437 5678 essent
1465 5624 1700 5682 haereses
1737 5636 1859 5698 qute
1908 5644 2038 5686 cau-

439 5713 609 5766 tiores
628 5712 983 5770 reddiderunt
1005 5714 1212 5782 Patres,
1240 5714 1477 5789 lixasque
1499 5719 1755 5791 loquendi
1778 5721 2038 5782 formulas

440 5804 726 5873 invexere,
766 5808 990 5889 liberius
1018 5810 1362 5885 loquentibus
1412 5814 1669 5891 nonnulla
1699 5813 2039 5887 exciderunt,

2148 4705 2279 4747 vero
2308 4688 2362 4744 in
2389 4689 2633 4745 eamdem
2679 4693 3004 4746 sententiam
3051 4702 3127 4748 tet
3157 4697 3537 4753 Anteniczenos
3558 4697 3761 4757 Patres

2149 4781 2527 4853 interpretari,
2576 4796 2684 4837 non
2727 4798 2857 4839 vero
2908 4784 3094 4841 Ariani
3145 4788 3313 4845 ferme
3358 4793 3558 4847 erroris
3610 4810 3764 4864 prae-

2147 4883 2396 4928 centores
2445 4882 2635 4928 omnes
2684 4875 2985 4931 traducere.
3037 4881 3103 4932 At
3147 4878 3418 4949 Petavius,
3452 4887 3763 4944 Antenicas-

2146 4967 2231 5022 nis
2281 4967 2490 5037 aliquot
2546 4966 2795 5023 Patribus
2847 4970 2988 5025 male
3049 4970 3347 5043 traductis,
3411 4990 3532 5033 cum
3599 4982 3764 5040 venit

2144 5061 2212 5115 ad
2278 5059 2335 5116 S.
2394 5060 2666 5116 Zenonem
2732 5062 3043 5133 episcOpum
3110 5064 3520 5136 Veronensem,
3576 5084 3702 5127 eum
3733 5116 3755 5143 ,

2143 5168 2303 5225 quem
2373 5163 2494 5226 post
2540 5153 2813 5210 Nicaenam
2858 5156 3121 5228 synodum
3172 5156 3454 5217 ﬂorentem
3496 5162 3756 5221 subiudi-

2143 5254 2263 5315 cat,
2300 5260 2401 5302 nec
2443 5260 2550 5301 non
2604 5247 2861 5302 adversus
2898 5250 3127 5305 Arianos
3168 5252 3533 5310 testimonium
3559 5256 3759 5313 dicen-

2142 5347 2250 5394 tem
2293 5338 2492 5394 alicubi
2522 5339 2741 5410 allegat,
2781 5354 2885 5395 una
2926 5355 3048 5397 cum
3070 5342 3238 5400 Mario
3267 5344 3565 5417 Victorino,
3596 5350 3757 5421 ejus-

2143 5430 2267 5486 dem
2315 5431 2502 5487 Steculi
2547 5434 2832 5502 scriptore,
2865 5432 2937 5489 ob
2979 5435 3186 5505 aliquot
3233 5437 3349 5508 ejus
3395 5443 3608 5511 generis
3666 5445 3755 5499 lo—

2143 5524 2387 5580 cutiones
2432 5525 2486 5580 in
2530 5525 2771 5595 ejusdem
2817 5530 3022 5584 erroris
3068 5529 3432 5605 suspicionem
3481 5535 3753 5596 inducere

2147 5617 2281 5673 nihil
2307 5618 2539 5673 dubitat.
2568 5619 2879 5677 Recitemus
2906 5630 3074 5679 totam
3104 5625 3224 5697 ejus
3269 5626 3569 5699 longiorem
3611 5630 3754 5687 licet

2145 5724 2452 5779 censuram,
2501 5728 2567 5770 ne
2610 5714 2736 5785 quid
2768 5715 3044 5774 videamur
3090 5720 3415 5792 importare,
3447 5734 3570 5778 cum
3598 5736 3752 5794 prae-

2146 5811 2334 5871 sertim
2375 5823 2440 5890 ea
2492 5811 2594 5867 hoc
2641 5814 2819 5888 capite
2859 5813 3156 5895 refellenda
3215 5818 3370 5899 nobis
3416 5819 3506 5901 sit.
3559 5818 3756 5895 Itaque
