3952 6320
102 159 168 175 ρ-

171 309 250 366 85

1042 308 1494 372 DlSSERTATlO
1531 311 1595 381 ll,
1640 312 1729 370 DE
1772 314 1830 372 S.
1873 313 2166 377 ZENONIS
2210 317 2578 381 DOCTRINA.
3419 332 3490 388 86

169 431 542 489 consideratis
566 433 777 490 Patrum
803 431 1185 504 antiquiorum,
1214 432 1408 500 quibus
1436 432 1773 502 succensuit,
1806 438 1859 499 Α
1884 443 2010 490 trem
2033 436 2270 491 arbitrati
2291 449 2432 505 sunt,
2457 457 2516 494 ac
2534 441 2733 496 tametsi
2761 442 2825 496 de
2848 439 3022 497 Patris
3043 457 3150 497 esse
3175 443 3489 515 substantia,

173 523 545 585 testimoniis.
582 526 935 594 Athenagorm
961 566 976 589 ,
1005 523 1238 592 Tatiani,
1268 522 1552 596 Theophili
1594 525 1784 581 Antio-

169 614 364 681 cheni,
411 615 730 671 Tertulliani
773 626 934 687 atque
986 615 1268 684 Lactantii,
1321 616 1435 670 haec
1470 615 1539 671 de
1566 615 1784 675 Zenone

174 708 382 766 similia
441 710 696 782 loquente
754 724 878 765 mox
931 709 1147 780 subjicit
1201 709 1292 764 lib.
1341 725 1358 764 ι
1401 709 1468 766 de
1499 709 1782 780 Trinitate,

168 817 296 872 cap.
323 801 378 866 5,
406 818 558 857 num.
591 801 623 856 7
651 819 664 857 :
691 802 836 857 Acde
853 801 1227 874 antiquioribus
1256 802 1458 873 quidem
1481 803 1590 858 istis
1613 805 1782 860 minus

168 904 245 950 est
293 896 609 962 mirandum,
658 897 732 951 sic
784 913 870 951 eos
915 898 977 950 de
1025 897 1185 951 divini
1239 893 1392 950 Verbi
1440 897 1780 970 productione

167 989 409 1042 sensisse.
461 988 720 1044 Zenonem
758 988 1098 1045 Veronensem
1151 991 1442 1062 episcOpum
1509 994 1637 1046 satis
1687 996 1781 1048 ad-

166 1081 355 1134 mirari
410 1098 639 1150 nequeo,
693 1083 781 1151 qui
828 1099 1058 1137 sermone
1107 1085 1252 1138 tertio
1308 1084 1371 1139 de
1415 1097 1606 1139 aeterna
1651 1084 1778 1141 Filii

172 1173 268 1227 Dei
294 1174 670 1246 generatione(
712 1191 851 1230 nunc
881 1185 1036 1231 tract.
1085 1176 1119 1231 5
1167 1177 1260 1232 lib.
1309 1178 1390 1250 ιι)
1442 1180 1618 1234 eadem
1662 1198 1778 1236 cum

167 1269 360 1337 priscis
401 1268 506 1322 illis
546 1269 869 1325 existimasse
910 1271 1128 1328 videtur.
1161 1270 1512 1342 Principium,
1557 1273 1774 1343 fratres,

164 1361 349 1431 inquit,
411 1359 668 1417 Dominus
713 1369 896 1418 noster
943 1362 1293 1418 incontanter
1346 1375 1428 1419 est
1488 1364 1771 1436 Christus:

164 1468 326 1524 quem
351 1464 480 1508 ante
519 1455 697 1508 omnia
749 1455 946 1510 sa3cula
976 1454 1137 1511 Pater
1175 1457 1353 1513 adhuc
1395 1468 1683 1530 utcumque
1723 1463 1774 1515 iu

166 1561 346 1608 semet
379 1553 499 1620 ipso
532 1551 694 1620 Deus,
722 1552 892 1607 beatae
922 1554 1297 1624 perpetuitatis
1339 1554 1632 1611 indiscreta
1665 1559 1775 1628 spi-

167 1647 308 1700 ritus
343 1645 679 1715 plenitudine
703 1647 885 1702 nescio
907 1662 1011 1718 qua
1038 1663 1130 1701 sua
1161 1649 1493 1705 conscientia
1514 1653 1770 1722 velatum,

168 1735 290 1791 Filii
323 1752 432 1792 non
464 1739 586 1794 siue
613 1737 832 1803 affectu,
867 1739 963 1794 sed
996 1739 1112 1794 sine
1141 1740 1452 1799 discrimine
1478 1745 1774 1815 amplecte—

1890 529 1995 582 sive
2017 539 2220 596 natura,
2257 529 2453 586 Filium
2483 545 2790 603 assererent,
2819 552 2918 607 qua
2946 551 3050 590 una
3080 553 3136 592 re
3163 536 3227 591 ab
3256 540 3451 593 ctetcris
3471 582 3486 602 ,

1891 636 2006 690 qua:
2037 632 2283 676 creatura:
2310 626 2519 696 proprie
2543 636 2807 693 vocantur,
2840 626 2981 681 illius
3019 627 3364 684 conditionem
3403 632 3486 686 di-

1888 729 2084 769 versam
2109 715 2403 786 faciebant;
2446 736 2548 772 non
2597 720 2765 773 minus
2807 730 2974 774 tamen
3018 737 3174 792 quam
3225 734 3489 782 creaturas

1887 806 2088 861 initium
2115 806 2376 874 habuisse,
2408 810 2502 864 hoc
2532 820 2606 864 est
2639 812 2846 865 minime
2871 829 2934 866 ea:
2975 821 3168 868 talento
3192 814 3487 871 distinctam

1888 900 2203 970 bypostasim
2266 902 2424 972 fuisse
2471 911 2850 972 putarunt:ex
2897 903 3092 973 quibus
3140 905 3348 976 antiqui
3402 908 3478 962 illi

1886 989 2096 1056 Patres,
2129 1002 2182 1047 et
2204 991 2352 1047 Zeno
2369 1009 2490 1048 cum
2524 993 2658 1066 ipsis
2685 995 3050 1060 consentiens,
3083 995 3174 1050 Dei
3204 995 3397 1052 Filium
3424 1000 3473 1054 iu

1886 1091 2132 1152 tempore
2160 1085 2423 1154 genitum,
2459 1085 2675 1140 Petavio
2708 1086 3024 1155 interprete,
3059 1087 3430 1156 prodiderunt.

1955 1177 2023 1230 At
2047 1177 2188 1247 quod
2214 1178 2258 1232 is
2281 1177 2468 1233 mirari
2490 1195 2546 1232 se
2569 1177 2806 1233 affirmat
2829 1177 2897 1233 de
2918 1177 3156 1244 Zenone,
3181 1182 3270 1251 qui
3296 1182 3470 1237 eodem

1882 1285 2000 1323 cum
2027 1270 2210 1340 priscis
2239 1273 2557 1328 existimasse
2584 1272 2806 1337 videtur,
2843 1287 2937 1326 seu
2971 1284 3028 1327 ut
3059 1271 3322 1328 Victorini
3356 1275 3472 1330 loca

1881 1361 2322 1418 consideraturus
2353 1366 2427 1418 ait
2461 1380 2608 1418 num.
2637 1364 2692 1430 8,
2723 1380 2832 1418 esse
2857 1366 3009 1419 etiam
3037 1365 3168 1419 inter
3199 1365 3477 1422 catholicos

1881 1458 2284 1529 posterioresque
2333 1459 2547 1513 Nicazna
2605 1458 2802 1530 synodo
2836 1458 3128 1531 Scriptores
3152 1461 3350 1531 aliquos
3393 1463 3481 1532 qui

1879 1549 1932 1603 in
1961 1551 2138 1604 eadem
2166 1568 2272 1606 esse
2320 1568 2476 1607 causa
2506 1552 2781 1619 videntur;
2811 1552 2863 1608 id
2903 1554 3090 1608 mirari
3134 1569 3234 1609 nos
3275 1555 3482 1626 (aquius

1878 1640 2180 1696 dixerimus
2223 1642 2290 1698 de
2337 1643 2580 1712 Petavio,
2626 1643 2718 1714 qui
2765 1643 2955 1700 Patres
3006 1645 3264 1700 Arianam
3314 1647 3478 1703 etiam

1878 1731 2129 1788 heresim
2175 1734 2574 1807 impugnantes,
2608 1736 2852 1806 ejusdem
2899 1738 3125 1807 erroris,
3179 1754 3343 1810 quem
3376 1741 3481 1796 im-

166 1830 343 1886 batur.
381 1831 496 1887 Sed
550 1834 975 1903 excogitatarum
1005 1843 1061 1889 ut
1083 1835 1330 1892 ordinem
1364 1837 1656 1897 instrueret
1688 1858 1769 1898 re-

1880 1836 2139 1896 pugnant,
2170 1840 2293 1880 reos
2325 1827 2639 1882 traduxerit.
2670 1827 2854 1898 Neque
2883 1829 2949 1882 ad
2970 1828 3116 1884 hunc
3150 1839 3231 1886 tot
3257 1831 3479 1888 Patrum

164 1939 312 1989 rum,
343 1923 634 1980 ineffabilis
664 1924 751 1980 illa
779 1927 949 1981 virtus
976 1926 1649 2003 incomprehensibilisque
1679 1953 1772 1993 sa-

169 2014 374 2084 pientia
404 2030 436 2072 e
470 2015 691 2087 regione
712 2016 892 2072 cordis
913 2028 1123 2074 eructat
1151 2023 1398 2090 verbum,
1431 2026 1774 2098 omnipoten-

173 2109 244 2164 tia
275 2124 336 2165 se
365 2120 645 2182 propagat.
681 2110 756 2167 De
786 2111 896 2167 Deo
929 2115 1166 2170 nascitur
1200 2117 1359 2183 Deus,
1395 2127 1564 2175 totum
1597 2121 1773 2181 Patris

171 2202 407 2270 habens,
441 2204 576 2259 nihil
605 2204 875 2276 derogans
905 2206 1084 2273 Patri,
1130 2217 1236 2264 etc.
1276 2211 1560 2278 Quomodo
1590 2227 1771 2274 autem

165 2311 458 2366 generatus
505 2298 572 2354 sit
625 2300 711 2369 qui
755 2302 1033 2369 processit,
1083 2301 1353 2361 dementis
1398 2316 1481 2362 est
1532 2309 1766 2379 opinari.

165 2389 412 2461 Namque
440 2400 704 2461 temperat
735 2406 794 2447 se
827 2404 1049 2464 propter
1082 2410 1261 2450 rerum
1286 2407 1533 2454 naturam
1564 2400 1768 2471 Filius,

172 2499 240 2538 ne
269 2478 490 2539 :elernce
523 2485 822 2554 majestatis
857 2487 1142 2543 Dominum
1177 2491 1347 2558 possit
1394 2493 1577 2548 mundi
1617 2496 1770 2553 istius

170 2575 515 2630 mediocritas
535 2577 821 2632 sustinere.
841 2575 974 2632 Cum
996 2580 1222 2650 imperat
1241 2580 1486 2657 [Lxxvtu]
1505 2584 1663 2642 Pater
1677 2603 1768 2642 or-

171 2668 285 2724 bem
313 2667 456 2736 (ieri,
488 2683 625 2740 opus
639 2684 757 2724 cum
778 2668 923 2725 dicto
938 2673 1247 2743 completur
1273 2689 1302 2728 a
1322 2673 1481 2731 Filio.
1508 2676 1608 2732 llic
1630 2677 1769 2735 Zeno

180 2761 397 2816 Verbum
429 2760 526 2818 Dei
551 2781 615 2819 ex
641 2767 780 2820 omni
804 2770 1087 2823 wternitate
1109 2770 1159 2822 in
1181 2768 1355 2823 Patris
1385 2773 1501 2826 sinu
1528 2783 1574 2827 et
1597 2790 1769 2829 essen-

172 2856 262 2921 tia,
295 2857 431 2912 velut
469 2858 802 2913 indiscretum
837 2871 886 2916 et
915 2863 1133 2932 afﬁxam
1177 2863 1406 2933 harsisse,
1459 2866 1768 2939 latuisseque

171 2951 481 3006 demonstrat
511 2969 531 3006 :
561 2963 735 3024 postea
776 2971 894 3010 vero
939 2973 1054 3009 cum
1091 2957 1406 3028 designatum
1437 2976 1469 3013 a
1511 2975 1565 3014 se
1597 2977 1766 3014 rerum

171 3045 546 3099 universitatem
570 3047 738 3100 moliri
766 3046 933 3116 vellet,
963 3065 1074 3103 eum
1129 3051 1296 3119 ipsum
1338 3067 1402 3106 ea:
1433 3068 1544 3108 sese
1571 3071 1762 3124 prapo-

171 3154 315 3207 gasse
348 3155 410 3194 ac
438 3140 671 3210 genuisse
715 3141 871 3207 dicit;
919 3153 1070 3213 atque
1097 3144 1230 3198 lianc
1265 3146 1485 3216 primam
1514 3164 1540 3201 e
1569 3149 1765 3203 duabus

1879 1931 2163 1972 censorem
2218 1918 2376 1988 plane
2423 1921 2757 1989 purgandum
2803 1936 2867 1976 ea
2915 1921 3210 1979 declaratio
3257 1925 3479 1992 suflicit,

1878 2027 2037 2082 quam
2057 2012 2367 2068 Praelatioui
2398 2014 2622 2068 inseruit
2643 2029 2763 2086 cap.
2787 2015 2839 2080 1,
2859 2031 3006 2070 num.
3040 2016 3128 2084 12,
3156 2017 3243 2072 ubi
3266 2017 3479 2086 Patres,

1877 2122 2012 2177 quos
2063 2107 2134 2161 ita
2182 2104 2516 2179 perstringit,
2575 2123 2681 2163 non
2740 2124 2841 2176 re,
2893 2111 2990 2165 sed
3045 2111 3288 2182 loquendi
3341 2113 3477 2167 dun-

1876 2210 2018 2255 taxat
2051 2203 2203 2255 modo
2227 2201 2476 2257 dissidere
2497 2204 2558 2257 ab
2582 2206 2768 2260 usitata
2786 2205 3170 2277 prwscriptione
3190 2209 3483 2273 contendit;

1874 2294 2016 2366 quod
2047 2295 2186 2350 idem
2242 2296 2411 2352 fusius
2453 2299 2737 2368 profitetur
2781 2299 2874 2355 lib.
2925 2313 2963 2366 ι,
2994 2313 3113 2370 cap.
3147 2302 3202 2367 6,
3234 2316 3383 2355 num.
3416 2302 3476 2356 4.

1875 2388 2012 2453 Quid
2041 2389 2187 2444 enim
2218 2389 2420 2460 profuit
2466 2390 2517 2445 id
2561 2392 2731 2447 semel
2779 2401 2835 2448 et
2884 2392 3079 2447 iterum
3134 2408 3382 2461 monere,
3430 2395 3476 2450 si

1875 2481 1989 2551 ipsa
2025 2482 2235 2536 illorum
2269 2484 2577 2539 testimonia
2611 2487 2850 2556 allcgans
2873 2527 2886 2549 ,
2919 2498 3109 2540 earum
3141 2484 3475 2543 locutionum

1874 2574 2401 2644 interpretandarum
2435 2578 2700 2634 rationem
2745 2593 2852 2633 non
2899 2577 3150 2648 subjicit,
3181 2580 3274 2634 sed
3306 2579 3378 2634 ita
3409 2591 3488 2637 ea‘

1873 2670 2062 2722 recitat
2085 2677 2244 2740 atque
2271 2672 2485 2741 ingerit,
2521 2687 2580 2726 ac
2605 2672 2754 2740 sire,
2785 2687 2894 2728 non
2921 2672 3178 2744 loquendi
3205 2674 3472 2730 duntaxat

1872 2764 2058 2834 modo,
2095 2765 2171 2819 illi
2194 2766 2482 2822 dissentire
2504 2768 2676 2822 videri
2706 2767 2940 2839 possint?
2972 2767 3225 2824 Haeretici
3249 2769 3467 2841 quidem

1872 2857 2206 2913 recentiores
2235 2859 2324 2930 qui
2357 2859 2616 2915 extremis
2647 2860 2798 2916 hisce
2843 2861 3186 2932 temporibus
3215 2863 3472 2918 Arianam

1872 2948 2122 3005 haeresim
2170 2951 2375 3020 jamdiu
2428 2953 2694 3024 sepultam
2742 2955 3174 3023 essuscitarunt,
3222 2971 3331 3012 non
3381 2970 3470 3026 ea,

1871 3058 2031 3114 quam
2086 3042 2220 3098 locis
2272 3043 2502 3100 laudatis
2552 3044 2805 3101 Petavius
2855 3046 3068 3113 indidit,
3103 3046 3472 3104 declaratione

1871 3144 2115 3202 utuntur,
2150 3153 2258 3208 quo
2309 3137 2531 3193 eosdem
2577 3137 2765 3194 Patres
2813 3155 2872 3194 re
2934 3140 3039 3195 sibi
3089 3140 3393 3196 contrarios
3421 3153 3476 3201 et

173 3246 278 3286 esse
343 3232 696 3289 nativitatibus
745 3251 896 3304 quam
973 3237 1026 3289 in
1078 3239 1400 3306 sequentibus
1445 3241 1762 3296 sermonibus

1880 3230 1989 3283 solo
2037 3229 2290 3300 loquendi
2339 3231 2500 3286 modo
2549 3230 2789 3286 faventes
2833 3233 3158 3304 praeferant,
3192 3234 3286 3290 sed
3328 3235 3474 3307 ipsas

175 3325 340 3396 (nunc
374 3335 526 3382 tract.
573 3327 605 3383 7
635 3339 689 3384 et
716 3329 750 3385 8
786 3329 879 3385 lib.
908 3332 1218 3400 tl)e.t:ponit.
1250 3331 1318 3384 ld
1345 3334 1513 3404 ipsum
1540 3346 1585 3389 et
1614 3347 1762 3391 aute-

173 3418 461 3473 cedentibus
486 3420 684 3476 duobus
709 3424 1024 3477 sermonibus
1055 3425 1182 3497 (qui
1216 3440 1357 3479 nunc
1395 3439 1521 3481 sunt
1552 3438 1706 3482 tract.
1732 3429 1766 3484 5

173 3520 225 3566 et
247 3513 281 3568 4
312 3512 556 3582 ejusdem
588 3514 707 3571 Ilbri
741 3533 777 3572 It
802 3515 821 3588 )
848 3520 1033 3588 aperit,
1065 3520 1153 3589 qui
1191 3519 1254 3575 de
1283 3532 1474 3576 (eterna
1514 3523 1639 3577 Filii
1669 3523 1767 3580 Dei

174 3607 495 3677 generatione
510 3608 746 3680 inscripti
762 3621 898 3665 sunt.
921 3611 1057 3666 Nam
1083 3615 1134 3666 in
1152 3616 1318 3684 primo
1338 3617 1504 3689 (nunc
1530 3628 1681 3673 tract.
1709 3619 1763 3690 5)

174 3702 441 3768 paululum
493 3704 773 3759 immutatis
840 3706 1048 3780 verbis,
1108 3719 1378 3779 postquam
1455 3714 1765 3781 principium

174 3793 300 3848 dixit
330 3813 436 3850 esse
464 3795 726 3852 Christum
748 3841 761 3865 ,
790 3800 863 3853 ita
907 3800 1136 3872 loquitur
1161 3819 1179 3857 .'
1208 3803 1376 3872 Quem
1411 3815 1535 3862 ante
1584 3809 1764 3865 omnia

174 3889 366 3943 saecula
395 3890 556 3945 Pater
595 3892 646 3946 in
679 3893 943 3962 profundo
970 3910 1082 3948 suae
1121 3911 1293 3951 sacra:
1326 3900 1524 3954 mentis
1563 3916 1766 3958 arcano

175 3979 559 4050 insuspicabili,
589 3997 652 4038 ac
681 3984 782 4038 soli
815 3984 919 4039 sibi
951 3994 1076 4040 nota
1121 3989 1459 4046 conscientia
1503 3990 1622 4047 Filii
1656 4008 1764 4050 non

177 4074 290 4127 sine
345 4073 556 4143 affectu,
610 4078 704 4132 sed
751 4077 870 4132 sine
925 4081 1260 4137 revelamine
1311 4085 1760 4154 amplectebatur.

177 4164 339 4237 igitur
359 4167 646 4223 ineliabilis
680 4169 768 4224 illa
799 4171 1471 4247 incomprehensibilisque
1501 4180 1763 4248 sapientia

178 4259 488 4329 sapientiam
512 4303 527 4329 ,
561 4263 952 4335 omnipotentia
990 4265 1436 4338 omnipozentiam
1477 4285 1760 4346 propagat.

181 4354 254 4410 De
284 4357 391 4411 Deo
428 4358 666 4414 nascitur
711 4359 870 4425 Deus,
921 4363 988 4416 de
1025 4361 1263 4432 ingenito
1303 4365 1608 4438 unigenitus
1639 4409 1653 4435 ,
1697 4369 1766 4426 de

180 4451 293 4505 solo
323 4453 486 4518 solus,
544 4453 612 4508 de
645 4464 758 4510 toto
803 4464 966 4524 totus,
1025 4456 1092 4512 de
1136 4474 1263 4514 vero
1295 4475 1477 4526 verus,
1538 4462 1605 4518 de
1645 4479 1767 4534 per-

180 4543 319 4600 fecto
352 4547 638 4618 perfectus;
683 4558 852 4604 totum
885 4551 1059 4606 Patris
1085 4551 1311 4621 habens,
1343 4555 1473 4609 nihil
1500 4556 1764 4628 derogans

1871 3337 2058 3378 eorum
2092 3324 2414 3388 locutiones,
2451 3338 2585 3395 quas
2616 3323 2867 3380 Petavius
2901 3333 3012 3380 toto
3051 3326 3104 3381 in
3132 3326 3338 3382 lumine
3369 3343 3461 3382 ex-

1870 3417 2072 3486 posuit,
2106 3432 2240 3471 unas
2272 3417 2573 3488 arripiunt,
2609 3426 2667 3471 ut
2707 3432 2824 3486 eos,
2874 3419 2992 3489 ipso
3041 3419 3262 3474 Petavio
3294 3429 3469 3489 teste,

1868 3524 2053 3565 secum
2086 3512 2324 3565 sensisse
2355 3511 2974 3566 suadeant.Nostrarum
2991 3513 3207 3583 quidem
3238 3515 3468 3586 partium

1871 3603 1922 3658 id
1977 3606 2348 3659 tantummodo
2395 3616 2562 3671 esset,
2619 3621 2784 3660 unum
2834 3605 3105 3661 Zenonem
3155 3612 3226 3662 ab
3276 3611 3466 3664 horum

1869 3697 2118 3751 manibus
2138 3696 2614 3770 eripere,ejusque
2639 3699 2940 3754 locutiones
2971 3698 3279 3764 vindicare;
3312 3700 3473 3772 idque

1870 3791 2045 3863 ipsum
2077 3792 2261 3862 paucis
2307 3808 2613 3863 proponere
2659 3793 2793 3848 satis
2824 3802 2991 3860 esset,
3037 3792 3303 3865 siquidem
3350 3810 3470 3864 qua:

1869 3887 1936 3940 ab
1965 3886 2087 3940 aliis
2117 3886 2169 3940 in
2201 3884 2320 3956 ejus
2351 3875 2613 3941 vindicias
2644 3888 2844 3958 scripta
2876 3898 3036 3954 sunt,
3075 3901 3198 3942 cum
3235 3887 3469 3943 Nicaenae

1870 3980 1997 4036 lidei
2051 3979 2393 4035 traditionem
2445 3981 2840 4046 defenderunt,
2887 3996 2954 4036 ex
2998 3980 3234 4036 Zenonis
3287 3991 3471 4036 mente

1869 4075 2074 4145 scripta
2103 4074 2346 4128 fuissent.
2383 4077 2451 4128 At
2476 4088 2598 4128 cum
2626 4089 2689 4130 ea
2720 4089 2831 4130 non
2861 4074 3190 4133 adamussim
3231 4076 3472 4138 referant

1869 4168 2122 4223 Auctoris
2153 4168 2499 4233 sententiam,
2526 4183 2624 4223 nec
2642 4167 2801 4238 plane
2828 4168 3104 4225 vindicent
3129 4184 3322 4226 omnes
3351 4170 3470 4240 ejus

1871 4259 2193 4325 locutiones,
2237 4258 2464 4329 longiori
2483 4259 2850 4329 disputatione
2870 4261 3024 4315 nobis
3049 4261 3156 4316 erit
3183 4260 3465 4317 utendum.

1869 4353 2004 4407 Cum
2034 4367 2195 4423 porro
2224 4352 2430 4406 emdem
2477 4353 2588 4407 fere
2633 4353 2938 4408 locutiones
2991 4353 3100 4409 sint
3145 4363 3468 4412 cmterorum
3507 4412 3519 4426 ,

1871 4445 2088 4500 Patrum
2125 4460 2258 4518 quos
2304 4446 2556 4501 Petavius
2602 4447 2825 4518 pungit,
2879 4450 2992 4518 jam
3039 4463 3104 4502 ex
3146 4449 3471 4520 interpreta-

1874 4540 2019 4596 tione
2064 4555 2225 4611 quam
2286 4539 2538 4596 dabimus
2569 4583 2584 4609 ,
2643 4541 2864 4598 Zenone
2916 4541 3189 4598 vindicato
3241 4553 3472 4601 caeteros

182 4636 346 4692 Patri.
396 4639 645 4696 Procedit
698 4641 749 4695 in
799 4643 1157 4710 nativitatem,
1192 4644 1282 4715 qui
1315 4657 1428 4701 erat
1478 4659 1767 4718 antequam

1880 4649 2088 4704 quoque
2134 4649 2238 4687 una
2283 4635 2581 4691 vindicatos
2636 4636 2894 4704 habebis;
2946 4636 3104 4709 idque
3163 4646 3223 4693 ut
3272 4638 3472 4698 clarius

184 4743 486 4788 nasceretur
514 4734 564 4788 in
600 4733 780 4789 Patre.
814 4734 955 4805 Ergo
996 4733 1214 4804 Filium,
1248 4749 1518 4810 antequam
1549 4758 1579 4793 a
1610 4737 1770 4794 Patre

183 4827 480 4896 gigneretur,
515 4829 566 4882 in
595 4827 754 4884 Patre
775 4829 1027 4884 exstitisse
1051 4831 1305 4902 signiﬁcat
1326 4872 1340 4898 ,
1367 4832 1627 4902 generatio
1655 4848 1768 4886 vero

184 4928 237 4971 et'
257 4921 487 4975 nativitas
517 4936 623 4975 tum
652 4922 767 4991 fuit,
809 4938 921 4976 cum
949 4939 1028 4976 res
1069 4940 1241 4977 omnes
1283 4940 1554 4992 procreare
1583 4923 1766 4990 voluit,

184 5014 316 5081 quod
345 5014 395 5067 in
436 5016 653 5070 secundo
703 5031 932 5070 sermone
961 5014 1137 5088 (nunc
1179 5026 1338 5072 tract.
1376 5016 1448 5087 4)
1491 5017 1768 5072 declarat:

185 5102 347 5175 Cujus
371 5122 431 5161 ex
462 5123 576 5175 ore,
602 5119 850 5164 utrerum
877 5120 1084 5176 natura,
1111 5124 1229 5180 qum
1253 5124 1358 5163 non
1374 5118 1514 5177 erat,
1534 5108 1765 5179 fingere-

188 5206 290 5262 tur,
325 5199 552 5268 prodivit
594 5201 902 5272 unigenitus
948 5200 1115 5256 Filius
1166 5201 1346 5256 cordis
1398 5201 1517 5271 ejus
1573 5201 1769 5257 nobilis

188 5289 490 5359 inquilinus,
518 5293 712 5348 exinde
753 5293 980 5348 visibilis
1007 5292 1261 5358 ellecms,
1305 5293 1428 5364 quia
1479 5294 1768 5348 humanum

187 5396 352 5451 genus
407 5385 710 5440 visitaturus
738 5395 878 5450 erat,
925 5395 1032 5441 etc.
1085 5383 1394 5456 Cujusmodi
1441 5389 1770 5457 antiquorum

190 5477 284 5541 fuit
313 5493 344 5527 a
369 5477 504 5531 nobis
548 5479 802 5546 explicata
833 5479 928 5533 illa
955 5481 1223 5536 sententia.
1267 5481 1536 5536 Hactenus
1565 5482 1768 5537 Petavii

189 5581 432 5634 censura,
463 5571 702 5640 quicum
746 5574 1032 5642 postremis
1082 5574 1260 5629 verbis
1308 5575 1640 5645 antiquorum
1671 5589 1768 5646 ap-

191 5659 354 5728 pellat
384 5664 720 5727 sententiam,
754 5678 940 5718 eorum
973 5680 1141 5734 nuper
1186 5676 1606 5721 memoratorum
1644 5683 1771 5722 scn-

198 5752 411 5804 tentiam
440 5753 690 5822 appellat,
720 5770 820 5824 qua
853 5755 914 5821 ii,
955 5765 1012 5810 ut
1050 5757 1239 5812 eodem
1284 5773 1429 5811 num.
1468 5759 1497 5812 7
1527 5759 1767 5825 dixerat,

210 5860 332 5910 a’vo,
366 5843 606 5917 dignitate
633 5863 692 5901 ac
741 5850 964 5918 potentia
992 5851 1303 5922 superiorem
1333 5867 1439 5909 esse
1476 5851 1639 5907 Verbo
1666 5851 1768 5908 Pa-

1875 4728 2250 4800 perspiciatur,
2274 4729 2340 4785 de
2366 4729 2591 4801 singulis
2613 4731 2714 4786 sub
2745 4734 2900 4788 tinem
2923 4731 3150 4788 dicenda
3172 4741 3333 4789 erunt
3361 4747 3470 4792 non

1875 4822 2042 4886 nulla,
2091 4832 2148 4876 ut
2194 4823 2484 4879 collatione
2530 4826 2966 4882 testimoniorum
2991 4826 3146 4884 alteri
3189 4841 3255 4884 ex
3286 4824 3471 4882 alteris

1872 4914 2209 4970 illustreutur
2239 4924 2293 4970 et
2319 4918 2724 4972 eonlirmcntur.

1876 5057 2124 5133 [LXXIX]§
2157 5057 2297 5113 ll.—
2414 5056 2635 5111 Zenonis
2656 5056 2964 5123 testimonia,
2993 5057 3172 5127 quibus
3195 5056 3472 5113 Nictenum

1944 5153 2132 5225 dagma
2161 5152 2406 5206 adversus
2436 5150 2684 5204 Arianam
2715 5150 2950 5204 Iucresim
2979 5149 3166 5205 diserte
3191 5153 3439 5206 asseritur
3457 5192 3473 5219 ,

1943 5246 2257 5300 indicantur.

1945 5382 2027 5438 Ad
2072 5381 2346 5436 Zenonem
2406 5380 2564 5449 igitur
2611 5379 2755 5450 quod
2785 5380 3000 5446 attinet,
3032 5377 3162 5435 illud
3205 5378 3469 5449 principio

1873 5476 2148 5532 Petavium
2206 5481 2451 5544 rogatum
2502 5473 2780 5540 volumus,
2819 5473 3004 5544 quidni
3060 5473 3337 5543 explorata
3377 5474 3470 5528 illa

1872 5571 1987 5638 ejus
2018 5567 2320 5623 testimonia
2353 5566 2674 5636 praen‘iiscrit
2696 5608 2711 5634 ,
2745 5568 2938 5635 quibus
2976 5581 3098 5619 eum
3139 5563 3464 5620 catholicam

1873 5663 2173 5718 doctrinam
2209 5661 2445 5713 tenuisse
2477 5657 2650 5725 palam
2683 5665 2786 5724 est,
2820 5656 2910 5709 illa
2934 5666 3109 5709 autem
3138 5654 3235 5706 tria
3262 5663 3470 5712 tantum

1874 5753 2111 5811 attulerit
2137 5755 2186 5807 in
2217 5751 2476 5817 medium,
2501 5765 2622 5819 qua:
2665 5749 3034 5804 dillieultatem
3067 5747 3378 5803 facessunt?
3415 5751 3474 5808 Si

1880 5849 2002 5921 quis
2048 5847 2326 5912 nimirum,
2361 5852 2642 5916 postquam
2689 5841 2853 5896 multa
2909 5837 3036 5906 legit
3083 5837 3329 5906 collecta,
3355 5856 3476 5912 qua:
