3998 6332
486 334 553 390 s7
1885 322 2417 381 rnoLEconENA.
3682 329 3744 387 εδ

484 455 829 513 manifestam
878 454 998 525 ejus
1052 450 1373 508 catholicam
1419 457 1660 506 mentem
1710 445 1981 518 produnt,
2026 444 2079 499 in
2108 444 2163 504 Α
2188 450 2274 511 tur
2298 483 2313 508 ,
2344 456 2566 498 sensum
2609 442 2855 510 subesse,
2895 459 3056 515 quem
3080 458 3224 499 nunc
3255 442 3467 516 quidem
3488 445 3745 516 expiscan-

486 567 653 608 unum
692 549 777 605 vel
817 548 1043 604 alterum
1078 544 1448 601 testimonium
1492 541 1653 615 paulo
1698 538 1971 597 difficilius
2001 540 2085 593 in-
2186 537 2313 594 dum
2338 546 2393 594 et
2417 537 2801 610 exponendum
2828 536 3196 611 aggredimur.

489 651 692 711 currat,
726 639 860 695 nihil
890 637 1217 703 movebitur,
1257 651 1381 693 cum
1423 636 1526 691 hoc
1555 649 1623 691 ex
1671 631 1778 689 illis
1804 632 2082 702 explican-

490 739 617 797 dum
655 736 938 807 intelligat.
972 733 1041 789 At
1070 733 1116 788 si
1142 732 1260 789 huic
1303 733 1403 787 tria
1432 740 1638 786 tantum
1681 728 1950 798 legantur,
1982 740 2087 782 nec

488 832 592 888 alia
620 829 852 885 clariora
880 835 1169 898 suppetere
1202 840 1270 881 ex
1314 825 1608 881 omissione
1638 823 1905 894 quispiam
1937 819 2089 875 colli-

490 934 618 998 gat,
644 923 806 980 dubia
836 921 993 978 valde
1022 919 1275 977 Auctoris
1302 918 1568 975 sententia
1600 915 1782 973 statim
1813 913 2084 981 redditur,

498 1015 820 1082 Arianisque
850 1029 973 1070 eum
1024 1012 1226 1068 favisse
1265 1010 1505 1082 suspicio
1542 1007 1869 1065 obtruditur.
1904 1005 2090 1076 itaque

490 1111 839 1168 obscuriores
883 1106 1120 1164 Zenonis
1162 1105 1460 1162 sententias
1506 1112 1797 1173 antequam
1845 1099 2091 1155 vindice-

492 1223 637 1273 mus,
679 1217 859 1277 aperta
892 1204 1032 1275 ejus,
1053 1201 1383 1264 testimonia,
1426 1198 1623 1269 quibus
1676 1212 1798 1253 cum
1857 1192 2091 1250 Nicmnis

491 1298 744 1355 Patribus
780 1297 984 1368 pariter
1007 1294 1210 1360 sensit,
1242 1291 1399 1347 nobis
1434 1290 1522 1345 hic
1570 1286 1842 1345 recitanda
1888 1284 2089 1341 intelli-

458 1436 464 1443 .
492 1392 687 1463 gimus.
718 1389 789 1445 At
811 1397 1026 1444 :etatem
1055 1385 1307 1441 Auctoris
1321 1384 1624 1456 probaturi,
1649 1381 1906 1451 pleraque
1932 1385 1987 1434 et
2010 1377 2094 1431 in-

491 1484 728 1557 signiora
744 1478 1453 1551 collegimusdisscrtatione
1470 1475 1659 1544 prima,
1675 1489 1793 1541 cap.
1817 1471 1873 1538 2,
1898 1470 1927 1543 ᾗ
1948 1469 2006 1534 2,
2036 1479 2095 1524 ut

494 1579 786 1633 Auctorem
813 1575 1078 1630 adversus
1102 1571 1332 1626 Arianos
1360 1568 1702 1640 apertissime
1719 1564 2091 1629 dimicantem,

492 1680 689 1743 quarto
715 1670 914 1724 saeculo
940 1668 1193 1722 floruisse
1218 1672 1605 1721 statueremus.
1634 1661 1801 1734 Igitur
1828 1675 1895 1715 ne
1914 1668 2093 1714 actum

492 1777 734 1833 agamus,
765 1776 828 1817 ea
853 1768 910 1815 ut
929 1761 1030 1815 hoc
1057 1759 1176 1814 loco
1202 1767 1417 1828 repetas
1438 1772 1500 1811 ac
1525 1754 1755 1826 relegas,
1782 1752 1972 1819 lector,
1998 1750 2096 1806 abs

2190 718 2425 794 [cxxx]§
2467 718 2554 775 Ill.
2585 749 2658 761 —
2688 719 2889 793 Objecti
2914 737 2947 775 a
2978 719 3190 776 Petauio
3215 730 3378 777 textus
3405 723 3744 793 expenduntur.

2398 811 2767 885 Interpretatio
2797 811 2939 869 Balli
2959 814 3223 886 proposita
3252 823 3297 869 et
3322 829 3557 887 expensa.

2264 994 2468 1050 Petavii
2492 994 2801 1051 criminatio
2830 993 2931 1050 fuit
2964 1009 3084 1049 eam
3115 994 3351 1051 Zenonis
3377 994 3536 1051 fuisse
3559 1004 3750 1053 senten-

2194 1088 2320 1142 tiam
2351 1103 2364 1140 :
2409 1084 2629 1140 Verbum
2663 1085 2756 1141 Dei
2780 1102 2844 1141 ea:
2871 1087 3011 1142 omni
3030 1088 3310 1142 teternitate
3356 1088 3412 1141 in
3454 1084 3619 1143 Patris
3650 1089 3750 1143 sinu

2193 1188 2240 1234 et
2268 1179 2487 1235 essentia
2511 1177 2647 1233 velut
2674 1179 3008 1234 indiscretum
3053 1189 3100 1234 et
3130 1179 3349 1251 afﬂatum
3375 1178 3575 1235 haesisse
3597 1180 3751 1236 latuis-

2192 1288 2344 1342 seque
2366 1287 2385 1326 :
2411 1280 2586 1342 postea
2604 1287 2723 1325 vero
2748 1287 2865 1326 cum
2898 1269 3103 1344 (Pater)
3132 1273 3446 1345 designatum
3467 1290 3499 1327 a
3532 1289 3582 1329 se
3605 1290 3753 1329 rerum

2194 1364 2575 1418 universitatem
2601 1362 2795 1417 molliri
2822 1364 2987 1430 uellet,
3019 1380 3133 1418 eum
3159 1364 3325 1434 ipsum
3354 1380 3419 1420 ea:
3440 1380 3543 1419 sese
3583 1382 3752 1438 prepa-

2194 1473 2342 1529 gasse
2390 1466 2437 1513 et
2491 1459 2743 1529 genuisse,
2774 1468 2927 1527 atque
2972 1459 3105 1512 hanc
3145 1459 3368 1528 primam
3406 1475 3433 1514 e
3459 1459 3642 1514 duabus
3663 1476 3754 1516 esse

2195 1550 2533 1615 nativitatem,
2564 1566 2718 1620 quam
2747 1549 2809 1605 S.
2857 1548 2999 1604 Zeno
3046 1551 3098 1604 in
3126 1552 3447 1622 sequentibus
3471 1553 3754 1608 sermonibus

2196 1644 2421 1715 exponit.
2469 1643 2597 1699 llaec
2633 1643 2758 1709 ille;
2798 1660 2917 1715 qua:
2958 1659 3189 1699 censura
3230 1644 3340 1700 duo
3374 1643 3751 1714 complectitur:

2198 1738 2432 1809 primum
2460 1736 2667 1794 Zenoni
2713 1737 2855 1794 haud
2881 1740 3121 1809 agnitam
3153 1740 3318 1796 fuisse
3344 1748 3592 1797 :rternam
3612 1740 3755 1796 divini

496 1830 550 1913 te
579 1856 742 1911 etiam
766 1862 928 1923 atque
954 1853 1117 1907 etiam
1148 1851 1411 1922 petimus;
1451 1863 1559 1904 non
1590 1849 1766 1903 solum
1797 1846 1940 1902 enim
1978 1844 2094 1914 ejus
2126 1834 2173 1894 B
2200 1830 2362 1888 Verbi
2399 1832 2807 1903 generationem
2844 1873 2859 1899 ,
2892 1832 3093 1903 quippe
3134 1833 3222 1902 qui
3256 1832 3438 1907 docuit
3483 1832 3613 1888 idem
3638 1831 3757 1888 Ver-

495 1956 735 2013 setatem,
765 1946 861 2003 sed
891 1944 1215 2000 catholicam
1243 1942 1432 2009 etiam,
1455 1955 1616 2011 quam
1648 1939 1738 1995 hic
1791 1936 2090 1994 defenden-

473 2041 620 2098 ~dam
653 2040 1015 2112 suscepimus,
1040 2037 1285 2109 ejusdem
1314 2036 1637 2113 sententiam
1661 2033 1821 2105 plane
1841 2032 2097 2088 demons-

499 2144 663 2190 trant.
698 2131 921 2187 Videbis
951 2130 1098 2186 enim
1128 2145 1251 2186 eum
1277 2128 1564 2200 praecipuis
1610 2128 1935 2181 Arianorum
1960 2123 2094 2180 ell'a-

499 2226 643 2282 tibus
664 2223 938 2281 contraria
970 2232 1338 2294 opponentem
1359 2262 1372 2287 ,
1412 2220 1555 2276 inter
1578 2234 1700 2290 quas
1745 2218 1834 2274 illa
1868 2231 2100 2286 praeser-

497 2319 594 2375 tim
625 2319 870 2374 invenies
898 2316 1260 2373 disertissime
1288 2315 1588 2385 pr0posita,
1611 2327 1731 2384 qua;
1753 2311 1979 2381 objecta:
2004 2325 2099 2380 per

495 2412 777 2469 Petavium
810 2412 1014 2468 erroris
1041 2409 1337 2482 suspicioni
1357 2424 1389 2464 e
1415 2407 1686 2463 diametro
1716 2405 2096 2470 adversantur,

499 2506 803 2580 cujusmodi
833 2507 1080 2579 profecto
1096 2514 1228 2560 sunt
1258 2518 1321 2559 ea
1354 2503 1551 2574 quibus
1576 2500 1774 2556 Filium
1801 2501 1871 2555 ah
1892 2506 2099 2555 tit-terno

499 2615 531 2655 a
553 2601 715 2657 Patre
730 2600 972 2671 genitum
1003 2597 1324 2662 defendens,
1346 2610 1452 2650 non
1470 2602 1679 2650 tantum
1693 2601 2026 2649 comternum
2045 2600 2100 2646 et

497 2692 830 2764 coaequalem
862 2690 1008 2746 Patri
1042 2688 1332 2746 conﬁtetur
1355 2730 1370 2755 ,
1400 2686 1498 2744 sed
1530 2696 1585 2743 et
1605 2686 1765 2742 unius
1795 2701 1917 2741 cum
1939 2684 2100 2741 Patre

496 2788 848 2852 substantias;
878 2784 1105 2855 haecque
1125 2784 1198 2839 ita
1224 2795 1483 2853 expresse
1510 2795 1573 2835 ac
1599 2795 1668 2835 ex
1697 2779 1978 2851 proposito
1999 2788 2103 2832 sta-

500 2882 635 2948 tuit,
672 2889 731 2935 ut
759 2879 973 2949 objecta
1001 2879 1162 2933 etiam
1212 2875 1281 2931 ab
1313 2874 1528 2930 Arianis
1578 2874 1754 2942 palam
1798 2871 2011 2928 refellat
2036 2886 2102 2927 ac

501 2975 694 3032 diluat.
736 2973 917 3030 Unum
955 2972 1061 3027 hoc
1096 2971 1217 3026 loco
1246 2970 1445 3026 ibidem
1478 2967 1905 3038 praetermissum
1935 2979 2104 3036 appo-

502 3066 1117 3131 netnus-testimonium,
1164 3078 1270 3135 quo
1316 3062 1451 3117 nihil
1494 3057 1755 3116 illustrius
1781 3058 2014 3123 exsistit,
2045 3065 2106 3113 ut

503 3164 778 3220 Zenonem
846 3161 917 3216 ab
966 3162 1198 3231 impacta
1254 3157 1440 3215 Ariani
1479 3155 1749 3228 dogmatis
1793 3150 2132 3225 suSpicione°

2202 1923 2427 1995 bnmab
2456 1936 2661 1980 aeterno
2690 1926 2740 1980 in
2770 1923 2929 1980 Patre
2955 1924 3173 1996 quidem
3198 1926 3384 1992 fuisse,
3406 1926 3497 1981 sed
3529 1927 3593 1981 ita
3621 1926 3760 1981 indis-

2198 2025 2431 2087 cretum,
2467 2027 2524 2072 ttt
2552 2033 2656 2073 una
2683 2032 2804 2073 cum
2831 2019 2989 2073 Patre
3012 2034 3116 2073 non
3147 2019 3322 2076 solum
3350 2019 3657 2087 substantia,
3678 2017 3757 2075 sed

2200 2110 2362 2165 etiam
2418 2124 2650 2182 persona
2706 2108 2868 2166 luerit
2918 2127 3084 2166 unum
3112 2120 3167 2167 et
3196 2111 3339 2167 idetn
3365 2129 3378 2166 ;
3407 2112 3623 2168 alterum
3652 2127 3759 2167 vero

2200 2204 2454 2260 eumdem
2521 2203 2816 2260 Auctorem
2876 2204 3243 2269 existimasse,
3276 2203 3509 2261 Verbum
3542 2204 3758 2259 diiinum

2204 2305 2316 2353 tum
2370 2298 2545 2353 solum
2594 2296 2929 2368 processisse
2977 2312 3045 2352 ex
3076 2296 3261 2364 Patre,
3312 2311 3431 2353 cum
3460 2296 3504 2351 is
3529 2294 3759 2351 mundum

2202 2408 2390 2450 creare
2421 2391 2674 2461 instituit,
2715 2402 2773 2449 ttt
2805 2393 2898 2449 illo
2925 2401 3179 2465 tanquam
3221 2394 3513 2449 creationis
3546 2392 3762 2451 ministro

2201 2496 2478 2557 uteretur,
2528 2503 2649 2559 quae
2679 2488 2791 2543 Arii
2830 2498 2885 2544 et
2928 2487 3254 2544 Arianorum
3284 2489 3543 2545 sententia
3573 2487 3694 2542 fuit:
3718 2496 3759 2541 et

2205 2584 2343 2638 hanc
2373 2580 2724 2652 temporalem
2746 2581 2867 2636 Filii
2892 2581 3298 2652 processionem
3321 2596 3350 2635 a
3375 2580 3543 2649 Patre,
3566 2594 3673 2650 qua:
3690 2592 3766 2635 res

2203 2685 2415 2731 creatas
2453 2682 2661 2730 tantum
2706 2683 2937 2744 spectat,
2969 2689 3090 2731 eam
3136 2672 3261 2728 Filii
3301 2674 3626 2729 nativitatem
3663 2684 3765 2727 esse

2204 2768 2455 2824 Petavius
2495 2769 2768 2824 existimat
2797 2810 2813 2835 ,
2860 2783 3019 2840 quam
3063 2768 3210 2825 Zeno
3240 2775 3470 2824 tractatu
3498 2763 3763 2839 praesertim

2205 2870 2397 2917 octavo
2427 2863 2650 2933 primam
2690 2871 2886 2929 vocat,
2938 2860 3028 2916 ubi
3076 2860 3348 2915 distinctis
3371 2859 3573 2916 duabus
3594 2857 3769 2913 Christi

2206 2958 2580 3014 nativitatibus
2607 2959 2681 3013 ait
2706 2975 2718 3010 :
2751 2956 2945 3013 Prima:
2969 2957 3138 3026 itaque
3159 2955 3439 3011 natiuitatis
3453 2952 3648 3009 Domini
3667 2968 3768 3006 nos-

2207 3055 2275 3109 tri
2318 3054 2372 3108 in
2408 3051 2586 3108 Patris
2615 3061 2660 3107 et
2706 3050 2832 3106 Filii
2877 3060 3075 3106 tantum
3121 3050 3433 3105 conscientia
3472 3055 3771 3102 manet:nec

2206 3147 2484 3220 quidquam
2513 3146 2658 3202 habet
2698 3147 3042 3219 interjectum,
3089 3161 3255 3213 neque
3278 3144 3553 3210 conscium,
3578 3144 3700 3215 quod
3720 3154 3773 3193 ex

500 3255 893 3312 alienissimum
933 3230 1253 3324 cognoscas.
1309 3248 1556 3303 [nouisse
1600 3246 1851 3301 nimirum
1900 3248 2103 3300 Anetor
2128 3230 2173 3293 C
2208 3241 2406 3313 paterni
2432 3240 2538 3295 oris
2566 3237 2757 3311 a/fectu
2786 3238 3031 3310 processit
3055 3253 3155 3291 uno
3181 3252 3452 3291 consensu.
3480 3233 3668 3290 Athaec
3682 3231 3773 3285 duo

503 3346 725 3403 Petavio
754 3344 993 3411 videtur,
1028 3343 1121 3399 Dei
1153 3341 1349 3397 Filium
1381 3356 1487 3395 non
1512 3339 1580 3395 ab
1603 3348 1807 3394 interno
1836 3338 2101 3407 genitum,

502 3439 599 3495 sed
626 3438 681 3493 in
713 3447 981 3508 tempore,
1028 3444 1316 3505 antequam
1339 3432 1547 3489 scilicet
1576 3432 1738 3487 aliam
1769 3431 1932 3485 ullam
1953 3444 2105 3485 crea-

506 3541 680 3586 turam
702 3528 985 3585 conderet.
1009 3527 1080 3582 At
1102 3541 1281 3582 nonne
1306 3536 1465 3580 tract.
1494 3524 1526 3578 7
1558 3524 1650 3580 lib.
1679 3539 1739 3590 tt,
1784 3538 1879 3579 eos
1905 3520 2103 3578 cenfu-

504 3633 737 3686 taturus,
769 3620 862 3691 qui
893 3620 999 3674 hoc
1029 3620 1205 3688 ipsum
1236 3618 1596 3684 tradiderunt,
1619 3615 1711 3686 qui
1732 3615 2018 3681 nimirum,
2046 3626 2100 3670 ut

505 3716 622 3786 ipse
648 3716 881 3768 aitnum.
903 3713 956 3778 i,
1005 3712 1189 3768 Dicunt
1216 3711 1421 3778 quidem
1449 3709 1545 3764 Dei
1577 3708 1777 3764 Filium
1802 3708 1991 3774 Deum,
2014 3709 2106 3763 sed

505 3822 609 3861 non
636 3820 699 3859 ea;
726 3802 886 3859 Patre
915 3803 1196 3858 nobilitatis
1223 3802 1558 3874 perpetuitate
1578 3802 1922 3872 progenitum,
1947 3802 2108 3873 fuisse

505 3907 723 3966 tempus,
752 3894 957 3965 quando
1000 3911 1105 3948 non
1150 3895 1266 3964 fuit,
1297 3909 1458 3964 quam
1497 3893 1821 3948 sententiam
1846 3893 2107 3949 .Iia’reseos

505 4000 691 4062 aperte
720 3999 872 4045 notat
902 4006 915 4043 :
951 4003 1152 4052 nonne,
1183 3988 1429 4058 inquam,
1477 3986 1648 4043 hocce
1695 3996 1916 4057 tempus,
1962 3987 2107 4059 quod

506 4083 774 4140 nativitati
801 4081 924 4137 Filii
966 4081 1255 4148 tribuitur,
1296 4080 1474 4151 palam
1523 4080 1703 4149 rejicit
1751 4096 1900 4134 num.
1935 4080 1990 4144 3,
2025 4079 2109 4134 his

509 4175 732 4232 verbis:
788 4173 1067 4229 Videamus
1104 4190 1240 4227 nunc
1266 4214 1281 4239 ,
1326 4174 1515 4241 optime
1560 4172 1837 4227 christiane
1868 4173 1986 4242 (sic
2014 4187 2110 4243 per

506 4268 736 4325 ironiam
779 4266 1039 4322 Arianum
1069 4264 1341 4336 appellat)
1368 4264 1800 4336 quemadmodum
1840 4267 1971 4319 inter
2003 4263 2111 4321 Pa-

508 4374 635 4419 trem
665 4373 713 4418 et
748 4361 945 4416 Filium
983 4371 1181 4434 tempus
1218 4359 1499 4431 infulcias?
1527 4358 1868 4415 Credibilene
1893 4368 1979 4414 est
2022 4373 2111 4414 as-

506 4468 713 4513 sertum
734 4456 943 4525 usltiam
966 4455 1093 4511 alibi
1115 4471 1144 4510 a
1172 4454 1393 4511 Zenone
1411 4452 1513 4508 hoc
1532 4453 1673 4509 idem
1705 4463 1917 4521 tempus
1933 4495 1947 4518 ,
1965 4454 2112 4524 quod

508 4559 621 4606 tam
650 4564 911 4621 expresse
941 4550 1217 4605 hcereseos
1262 4543 1651 4618 reprehendit?
1698 4544 1854 4614 Quod
1900 4545 1945 4600 si
1987 4545 2111 4600 huic

2206 3350 2455 3393 censura:
2473 3332 2670 3404 capita,
2693 3333 2793 3388 etsi
2816 3331 3068 3387 videntur
3087 3330 3330 3397 diversa,
3359 3345 3418 3386 re
3447 3339 3617 3384 tamen
3636 3325 3771 3381 colli-

2205 3438 2326 3501 gata
2355 3437 2504 3494 sunt,
2535 3427 2876 3496 alterumque
2925 3425 2993 3481 ab
3021 3425 3196 3481 altero
3239 3425 3315 3481 ita
3366 3423 3593 3496 pendet,
3626 3421 3772 3492 utqui

2207 3520 2443 3593 primum
2495 3535 2562 3576 ex
2595 3519 2711 3589 ipso
2737 3516 2961 3573 Zenone
3005 3514 3288 3585 refellerit,
3325 3517 3455 3573 satis
3476 3513 3713 3572 relellerit
3731 3519 3776 3567 et

2207 3616 2482 3677 alterum,
2538 3612 2975 3683 catholicamque
3027 3611 3201 3668 sancti
3257 3610 3528 3666 Antistitis
3566 3614 3775 3663 mentem

2208 3706 2622 3777 doctrinamque
2650 3705 2718 3760 ab
2748 3703 2950 3759 Ariano
2978 3702 3230 3773 dogmate
3253 3700 3572 3758 vindicatam
3595 3696 3778 3770 prznsli-

2211 3800 2354 3855 terit.
2404 3799 2459 3856 Si
2489 3799 2632 3854 enitn
2664 3798 2894 3869 primum
2940 3805 3164 3862 statuas,
3197 3795 3503 3866 probesque
3543 3800 3776 3850 aeternam

2209 3909 2273 3949 ac
2320 3893 2592 3963 propriam
2644 3890 2817 3947 divini
2864 3891 3031 3948 Verbi
3071 3890 3476 3962 generationem
3507 3902 3537 3942 a
3585 3884 3779 3941 Zenone

2212 3987 2346 4044 satis
2375 3986 2733 4053 declarataut,
2763 3985 2892 4040 dum
2926 3984 3090 4040 idem~
3112 3984 3347 4040 Verbum
3390 3983 3563 4038 adhuc
3590 3982 3641 4036 in
3665 3993 3777 4034 con-

2210 4082 2436 4138 scientia
2460 4080 2636 4137 Patris
2654 4080 2888 4136 velatum
2930 4089 2984 4135 et
3005 4078 3244 4135 abditum
3281 4077 3593 4143 allirmavit,
3620 4072 3778 4130 statim

2211 4183 2489 4243 sequetur,
2519 4174 2742 4229 alteram
2772 4174 3197 4244 generationem,
3225 4188 3348 4244 quae
3374 4170 3549 4227 eidem
3577 4166 3779 4224 Verboa

2212 4266 2430 4322 Zenone
2453 4265 2725 4333 tribuitur,
2755 4265 2983 4337 primam
3015 4281 3122 4320 non
3155 4278 3299 4329 esse,
3332 4277 3557 4335 eamque
3585 4255 3782 4332 perinde

2213 4358 2611 4430 explicandam,
2646 4367 2704 4413 ut
2726 4358 2916 4429 primae
2959 4366 3175 4412 :etcrna:
3200 4356 3535 4428 generationi
3566 4350 3685 4409 nihil
3712 4364 3784 4404 rr-

2215 4463 2437 4525 pugnet,
2462 4461 2517 4509 et
2555 4452 2774 4508 Arianis
2800 4451 2933 4507 nihil
2961 4451 3198 4523 suffragii
3222 4452 3380 4507 lerat.

2286 4546 2472 4618 Itaque
2499 4546 2567 4602 ad
2618 4546 2848 4616 primum
2878 4545 3020 4617 quod
3077 4548 3333 4617 pertinet,
3381 4542 3511 4600 illud
3542 4542 3706 4614 ipsum
3740 4536 3783 4590 iu

509 4642 825 4701 testimonio
853 4649 1053 4697 caetera
1090 4640 1257 4695 addas
1298 4617 1351 4694 in
1382 4638 1678 4710 superioris
1706 4636 2109 4693 dissertationis
2135 4617 2188 4680 Ῑ)
2216 4617 2404 4711 primis
2436 4641 2805 4696 testimonium
2832 4655 2901 4696 ex
2932 4648 3161 4695 tractatu
3184 4648 3403 4706 octavo,
3432 4636 3571 4709 quod
3594 4634 3786 4706 primatu

509 4743 675 4806 caput
710 4734 767 4802 ἓ,
790 4731 820 4805 §
847 4732 903 4798 2,
934 4731 1205 4803 conjecta,
1236 4730 1437 4801 quibus
1485 4740 1539 4786 et
1578 4729 1721 4785 hunc
1770 4744 2013 4784 errorem
2055 4738 2111 4784 et

511 4828 646 4883 alias
668 4825 993 4882 Arianorum
1019 4824 1323 4879 locutiones
1338 4822 1542 4877 Auctor
1565 4836 1630 4877 ex
1660 4821 1928 4877 catholico
1949 4835 2113 4876 sensu

511 4921 688 4992 rejicit
707 4964 723 4988 ,
758 4930 870 4975 tum
901 4935 966 4976 ex
990 4918 1243 4974 omnibus
1270 4917 1445 4987 palam
1472 4915 1586 4982 flet,
1611 4930 1732 4971 eum
1757 4915 2110 4971 disertissime

509 5013 832 5071 catholicam
851 5012 1115 5067 adversus
1130 5010 1360 5066 Arianos
1382 5009 1635 5065 docuisse
1656 5025 1717 5064 ac
1744 5024 2111 5081 propugnasse

509 5107 847 5163 doctrinam:
877 5104 989 5174 jam
1023 5104 1087 5158 iis
1117 5104 1168 5158 in
1206 5101 1554 5169 testimoniis,
1575 5118 1697 5172 qua:
1722 5103 1974 5158 Petavius
2005 5119 2107 5158 una

511 5199 819 5263 recensuit,
856 5197 1088 5252 alienam
1118 5203 1173 5250 et
1210 5195 1276 5250 ad
1303 5196 1532 5251 Arianos
1558 5195 1904 5252 accedentem
1934 5196 2109 5252 conti-

509 5293 629 5351 neri
659 5290 985 5348 sententiam
1008 5304 1168 5345 nemo
1190 5290 1451 5360 suspicari
1469 5289 1592 5359 jure
1616 5291 1804 5360 possit,
1836 5290 1939 5345 nisi
1961 5306 2112 5346 eum-

510 5386 635 5442 dem
670 5394 950 5440 auctorem
974 5382 1074 5438 sibi
1114 5382 1216 5452 ipsi
1249 5381 1533 5437 adversum
1559 5391 1613 5437 et
1640 5383 2105 5440 contradicentetn

511 5480 791 5538 existimet
816 5497 829 5532 :
857 5476 953 5533 sed
985 5477 1162 5547 potius
1186 5492 1309 5531 cum
1339 5477 1631 5532 universim
1664 5492 1829 5545 pauca
1855 5478 2105 5549 quaedam

508 5574 739 5629 obscura
792 5572 908 5626 loca
957 5585 1023 5624 ex
1074 5568 1319 5639 pluribus
1366 5582 1430 5622 ac
1457 5566 1757 5623 manifestis
1787 5568 2103 5640 explicanda

511 5665 640 5729 sint,
696 5678 802 5718 non
849 5672 1028 5717 autem
1076 5676 1107 5716 e
1151 5670 1369 5725 contra;
1426 5674 1494 5714 ex
1546 5668 1625 5715 tot
1654 5674 1717 5715 ac
1766 5672 1873 5715 tam
1904 5662 2109 5731 apertis

511 5754 573 5809 S.
606 5754 841 5809 Zenonis
872 5752 1202 5809 testimoniis
1253 5751 1481 5808 evidens
1535 5767 1657 5808 esse
1707 5752 1888 5822 debet,
1939 5754 2105 5808 alium

512 5862 757 5919 prorsus,
789 5861 949 5918 quam
974 5850 1116 5918 quia
1141 5846 1362 5902 Petavio
1394 5844 1565 5902 tribus
1585 5844 1694 5902 illis
1722 5844 1855 5903 locis
1880 5847 2104 5918 subjici-

2212 4730 2412 4787 Christi
2434 4732 2770 4787 nativitatem
2796 4732 3068 4803 ingerens,
3123 4730 3377 4788 Petavius
3405 4744 3502 4801 pro
3530 4719 3785 4796 temporali

2212 4825 2488 4896 allegavit,
2538 4825 2606 4880 ad
2645 4832 2907 4881 mternatn
2957 4824 3303 4880 statuendam
3357 4824 3651 4880 luculenter
3674 4830 3787 4873 con-

2212 4916 2382 4973 ducit.
2416 4918 2547 4973 Cum
2598 4918 2740 4973 enim
2773 4918 2974 4973 ibidem
3022 4920 3190 4989 prima
3215 4918 3416 4975 Christi
3446 4917 3687 4974 nativitas
3711 4911 3785 4963 illa

2216 5027 2339 5069 esse
2367 5012 2599 5077 dicatur,
2630 5028 2748 5083 quas
2768 5014 2821 5067 in
2847 5010 3024 5065 Patris
3053 5024 3099 5067 et
3121 5010 3250 5067 Ftlii
3275 5021 3475 5067 tantum
3504 5002 3787 5064 conscientia

2214 5115 2404 5173 manet,
2436 5120 2527 5159 nec
2546 5104 2824 5177 quidquam
2873 5103 3021 5159 habet
3063 5104 3388 5178 interjectum
3428 5114 3479 5159 et
3522 5096 3787 5155 conscium.“

2215 5199 2471 5254 nativitas
2529 5198 2768 5267 profecto
2832 5197 3098 5253 indicatur
3154 5197 3322 5252 divini
3386 5194 3549 5252 Verbi
3597 5205 3686 5263 pro
3727 5199 3785 5242 eo

2212 5300 2417 5346 :eterno
2464 5300 2630 5356 statu,
2662 5304 2784 5345 cum
2815 5290 2963 5343 illum
2986 5301 3104 5344 ante
3127 5292 3298 5345 omnia
3317 5290 3511 5345 serrula
3543 5285 3690 5341 Pater
3704 5280 3786 5336 ad—

2214 5384 2313 5437 huc
2356 5383 2595 5454 utrinque
2638 5382 2692 5435 in
2739 5382 3007 5454 semetipso
3032 5379 3205 5449 Deus,
3254 5384 3415 5437 beata:
3461 5372 3786 5452 perpetuitatis

2212 5476 2489 5531 indiscreta
2517 5476 2732 5539 spiritus
2762 5476 3099 5547 plenitudine,
3124 5478 3292 5531 nescio
3307 5493 3409 5547 qua
3435 5491 3531 5530 sua
3550 5470 3784 5529 conscien-

2213 5570 2286 5625 tia
2312 5570 2555 5635 uelatum,
2587 5565 2716 5624 Filii
2743 5585 2846 5623 non
2875 5570 2986 5624 sine
3016 5568 3226 5637 alfectu,
3260 5568 3351 5624 sed
3377 5569 3489 5623 sine
3516 5560 3785 5621 discrimine

2212 5660 2633 5731 amplectebatur,
2682 5671 2740 5716 ut
2767 5660 2914 5715 cho
2940 5661 3016 5716 ait
3040 5664 3092 5717 itt
3126 5662 3293 5733 priori
3318 5670 3497 5727 testu,
3527 5670 3677 5731 quem
3699 5652 3784 5708 Pe-

2213 5754 2387 5807 tavius
2410 5753 2611 5823 objecit
2639 5768 2706 5808 ex
2734 5762 2962 5808 tractatu
2995 5754 3054 5821 5,
3074 5770 3189 5822 seu,
3216 5766 3272 5810 ut
3306 5753 3543 5823 loquitur
3566 5742 3784 5805 secundo

2216 5853 2389 5915 textu,
2408 5859 2474 5902 ex
2506 5854 2663 5902 traCt.
2693 5846 2747 5916 4,
2777 5858 2899 5903 cum
2924 5858 3174 5905 eratante
3210 5846 3388 5905 omnia
3416 5859 3620 5901 manens
3645 5854 3780 5902 unus:
