3952 6320
148 369 212 423 8.0
981 354 1434 415 DISSERTATIO
1464 353 1526 416 ll,
1568 351 1655 407 DF.
1694 349 1748 405 S.
1788 348 2082 407 ZENONIS
2120 351 2483 408 DOCTRINA.
3346 353 3416 409 90

148 495 189 537 ct
215 483 343 536 idem
369 479 492 534 alter
518 495 576 531 ex
606 475 871 547 semetipso
902 474 953 527 in
978 473 1300 544 semetipsum
1341 469 1502 533 Deus,
1540 468 1717 521 secreti
1744 467 1800 526 Α
1823 465 1918 523 sed
1958 468 2088 524 illttd
2123 478 2327 526 tantum
2360 473 2610 539 innuunt,
2637 472 2708 528 ita
2739 472 2903 528 luisse
2935 471 3072 527 hanc
3098 471 3217 528 Filii
3254 485 3418 543 geno-

146 575 219 630 sui
245 573 378 627 solus
411 570 677 623 conscius:
709 567 904 638 quibus
935 565 1178 634 utrisque
1221 563 1273 619 in
1307 562 1438 617 locis
1465 559 1712 616 eamdem

146 666 358 723 occultat
403 662 762 735 generationis
787 658 1110 714 sententiam
1168 655 1484 711 inculcatam
1529 653 1712 719 vides,

147 773 257 831 qum
296 759 344 811 in
373 767 590 811 tractatu
624 756 678 820 8,
709 754 798 808 ubi
830 751 1052 822 proinde
1084 749 1222 804 hanc
1254 748 1487 819 priorem
1522 748 1713 801 nativi-

147 862 296 905 tatem
325 850 410 903 tibi
439 865 536 900 non
566 848 677 901 licet
720 861 968 915 quterere,
1003 841 1205 912 inquit;
1236 842 1378 914 quod
1419 840 1623 897 scilicet
1651 855 1713 895 ea

148 943 270 999 Filio
293 944 453 996 Patris
478 941 786 994 conscientia
818 940 982 994 velato
1009 954 1072 994 ex
1105 947 1171 992 tr.
1202 937 1256 1000 5,
1285 937 1501 1000 Deoque
1534 936 1715 990 secreti

147 1039 218 1092 sui
238 1037 339 1092 solo
361 1035 578 1100 conscio,
607 1049 674 1088 ex
723 1042 880 1088 tract.
909 1031 964 1098 4,
996 1032 1049 1085 in
1083 1029 1255 1084 Patris
1285 1040 1332 1084 et
1365 1028 1492 1084 Filii
1515 1038 1713 1082 tantunt

148 1131 430 1186 conscientia
459 1129 719 1193 manserit,
747 1144 812 1184 ex
848 1141 913 1183 tr.
971 1127 1026 1182 8.
1077 1126 1264 1198 Itaque
1315 1126 1372 1183 S.
1428 1126 1578 1182 Zeno
1609 1125 1712 1181 hoc

149 1233 210 1279 tr.
238 1224 268 1278 8
289 1222 554 1292 explicans
580 1221 746 1277 verba
776 1230 1100 1277 tractatuum
1127 1221 1162 1276 4
1184 1230 1239 1277 et
1267 1221 1320 1284 5,
1346 1212 1565 1275 Petavio
1594 1221 1714 1290 ipso

153 1315 609 1392 locumindicante,
637 1315 699 1369 iis
728 1314 777 1368 in
793 1315 971 1371 verbis
985 1316 1202 1388 primam
1226 1313 1344 1370 Filii
1377 1314 1712 1368 nativitatem

149 1409 383 1480 agnoscit,
414 1424 572 1478 quam
616 1407 869 1464 Petavius
895 1425 962 1465 ex
1006 1409 1226 1464 Zenone
1268 1425 1372 1464 non
1405 1408 1585 1472 novit;
1615 1423 1714 1463 nec

150 1503 276 1557 illam
300 1504 504 1573 primani
530 1504 722 1566 innuit,
744 1521 900 1573 quam
916 1504 1167 1559 Petavius
1188 1506 1406 1573 primum
1424 1504 1707 1565 intellexit,

151 1611 255 1650 cum
305 1595 501 1650 scilicet
549 1600 953 1669 excogitatarum
982 1609 1038 1652 ut
1065 1599 1295 1652 ordinem
1323 1599 1591 1652 instrueret
1628 1614 1708 1652 re-

151 1709 264 1756 rum,
279 1689 541 1757 ineﬂabilis
565 1691 656 1743 illa
679 1692 838 1745 virtus
861 1691 1488 1762 incomprehensibilisqrte
1511 1692 1713 1763 sapien-

151 1785 210 1838 tia
251 1801 276 1838 e
301 1786 496 1856 regione
523 1783 697 1838 cordis
724 1796 984 1839 eructasse
1036 1784 1260 1840 Verbum
1307 1785 1571 1854 proditur,
1615 1783 1709 1838 sed

1821 565 2085 618 rationem
2136 564 2376 620 abditam
2419 575 2474 622 et
2526 567 2806 634 velatam,
2838 576 2898 623 ut
2944 582 3043 638 pro
3085 582 3146 622 ea
3190 566 3418 621 rationis

1820 655 2135 726 prioritate,
2175 667 2466 728 antequam
2499 661 2567 715 dc
2601 660 2733 716 orbe
2762 660 3049 717 condendo
3083 659 3415 717 deliberare-

1821 759 1941 814 tur,
1969 750 2138 805 Filius
2177 751 2326 806 nullo
2350 752 2645 806 discrimine
2683 755 3020 810 extrinsecus
3063 753 3280 824 prodire
3324 767 3422 820 po-

1820 841 2018 907 tuerit;
2047 857 2109 897 ac
2137 851 2425 914 pr0pterea
2461 843 2677 912 quidem
2702 885 2719 912 ,
2769 843 2911 916 quod
2961 853 3115 899 tract.
3143 845 3174 899 5
3197 843 3418 898 ellertur

1819 951 1916 1006 per
1966 938 2128 992 verba
2176 938 2284 992 sine
2337 938 2655 1004 discrimine,
2685 938 2735 993 id
2779 939 2954 1008 ipsum
2989 939 3144 1008 plane
3199 946 3356 994 tract.
3383 937 3418 992 5

1817 1030 2104 1100 exponitur
2131 1045 2225 1100 per
2248 1030 2382 1099 haec,
2407 1033 2517 1087 sine
2544 1033 2880 1098 revelamine;
2908 1034 3047 1104 quod
3068 1033 3240 1104 ipsum
3267 1033 3414 1088 locn-

1818 1124 2019 1180 lentius
2070 1124 2423 1182 conﬁrmatur
2458 1142 2524 1182 ex
2579 1135 2810 1182 tractatu
2836 1127 2892 1191 4,
2941 1127 3028 1181 ubi
3067 1141 3181 1181 non
3212 1126 3316 1180 alia
3348 1126 3415 1180 de

1815 1235 1979 1274 causa
2027 1220 2288 1276 latentem
2313 1222 2365 1276 in
2391 1221 2551 1277 Patre
2575 1223 2644 1277 ab
2667 1230 2874 1276 :eterno
2897 1221 2989 1275 illo
3011 1220 3234 1274 rationis
3262 1221 3416 1290 signo

1816 1311 2058 1368 divinum
2105 1312 2297 1368 Filitnn
2343 1314 2610 1384 agnoscit,
2662 1329 2820 1385 quam
2870 1314 3013 1384 quod
3060 1313 3206 1368 nullo
3240 1312 3416 1368 adhuc

1815 1418 2081 1478 concepto
2132 1407 2400 1464 condendi
2449 1409 2596 1463 orbis
2625 1408 2867 1474 decreto,
2901 1408 3129 1464 visibilis
3157 1423 3277 1463 esse
3308 1421 3414 1462 non

1816 1508 2048 1570 poterat,
2099 1501 2172 1554 nti
2220 1516 2350 1555 sane
2395 1516 2465 1554 ex
2512 1515 2580 1555 eo
2628 1500 2850 1556 decreto
2882 1501 3098 1554 visibilis
3125 1501 3414 1554 necessario

1816 1598 1932 1654 ﬁeri
1963 1599 2148 1654 debuit
2176 1618 2188 1653 :
2225 1599 2388 1672 Cujus
2438 1617 2501 1654 ex
2551 1616 2658 1665 ore,
2694 1602 2886 1671 inquit,
2913 1612 2968 1656 ut
2992 1618 3161 1656 rerum
3189 1611 3372 1655 natura
3395 1643 3410 1666 ,

1814 1709 1932 1764 quae
1987 1710 2087 1747 non
2141 1703 2272 1760 erat,
2309 1697 2610 1763 ﬁngeretur,
2633 1695 2854 1765 prodivit
2885 1694 3171 1765 unigenitus
3203 1692 3372 1748 Filius
3396 1733 3411 1758 ,

1815 1787 1985 1840 cordis
2014 1791 2129 1860 ejus
2157 1788 2339 1842 nobilis
2362 1789 2662 1858 inquilinus,
2691 1788 2876 1844 exinde
2898 1788 3104 1843 visibilis
3131 1790 3413 1843 necessario

150 1880 298 1941 illam,
326 1895 422 1950 qua
445 1879 611 1934 Ftlius
641 1880 693 1934 in
739 1878 913 1936 Patris
942 1881 1065 1935 licet
1090 1880 1403 1935 conscientia
1429 1880 1648 1944 velatus,
1680 1893 1706 1930 a
1747 1878 1788 1936 B
1819 1876 2052 1944 effectus,
2084 1880 2205 1948 quia
2247 1880 2418 1933 orbem
2459 1889 2607 1934 terra:
2628 1889 2738 1933 erat
2779 1881 2889 1951 ipse
2937 1884 3195 1950 facturus,
3230 1881 3414 1933 huma-

149 1972 286 2026 Patre
310 1981 477 2028 tamen
509 1971 637 2027 Filii
667 1990 767 2027 non
799 1975 907 2028 sine
945 1973 1131 2042 affectu
1187 1974 1466 2044 amplexus
1506 1974 1706 2036 diserte

150 2065 375 2120 traditur.
428 2064 519 2120 His
569 2081 733 2135 porro
779 2083 846 2121 ex
895 2066 1076 2122 verbis
1105 2077 1485 2138 argumentum
1518 2079 1704 2122 contra

150 2157 395 2213 Petaviutn
439 2157 751 2214 invincibile
790 2159 1026 2234 elicitur.
1087 2159 1222 2217 Cum
1271 2162 1415 2216 enim
1464 2162 1704 2216 divinum

151 2247 355 2304 Verbum
389 2265 481 2320 pro
529 2266 595 2306 eo
623 2262 814 2306 aeterno
841 2261 984 2308 statu
1019 2255 1034 2314 l
1045 2264 1161 2308 ante
1190 2256 1359 2309 omnia
1381 2255 1591 2320 sa'cula,
1625 2256 1705 2308 itt-

149 2342 264 2413 quit)
288 2345 459 2414 utique
485 2355 774 2417 antequam
799 2351 1203 2417 excogitatarum
1226 2353 1354 2404 ortlo
1375 2352 1708 2406 instrueretur

150 2455 312 2500 rerum,
328 2439 374 2495 id
393 2452 469 2496 est
492 2451 777 2511 antequam
807 2443 1148 2514 (prioritatem
1173 2447 1408 2511 rationis,
1429 2456 1484 2499 ut
1509 2446 1707 2500 scholar

151 2543 338 2595 vocant,
369 2535 602 2606 intellige
627 2534 648 2607 )
700 2535 768 2591 de
799 2537 1034 2591 creando
1055 2539 1185 2593 orbc
1209 2539 1485 2593 decretum
1512 2538 1665 2593 ﬁeret
1690 2555 1703 2600 ;

149 2640 272 2690 cum,
302 2627 528 2697 inquam,
556 2644 650 2698 pro
673 2629 774 2684 hoc
795 2638 998 2686 mlerno
1021 2640 1160 2685 statu
1188 2630 1426 2686 divinum
1445 2631 1702 2698 Verbum,

153 2721 335 2775 tametsi
361 2720 528 2776 Patris
558 2724 890 2778 conscientia
909 2723 1169 2789 velatum,
1190 2725 1490 2781 allirmetur
1514 2725 1708 2792 Filius;

154 2831 264 2872 vere
286 2819 506 2890 genitus,
539 2836 774 2891 veraque
795 2824 1076 2894 generatio
1103 2824 1288 2894 procul
1313 2823 1479 2879 dubio
1509 2826 1709 2880 asseri-

154 2921 254 2977 tur;
282 2931 425 2982 nam,
453 2925 508 2971 nt
538 2917 678 2973 idem
705 2917 900 2974 fatetur
927 2918 1180 2975 Petavius
1203 2918 1408 2994 [Lxxxt]
1443 2919 1534 2975 lib.
1571 2937 1600 2973 v
1640 2919 1708 2976 de

153 3006 401 3075 Trinitale,
430 3025 548 3079 cap.
592 3011 647 3077 9,
681 3028 831 3066 num.
877 3013 977 3078 ll,
1022 3011 1192 3067 Filius
1236 3015 1344 3068 sine
1384 3014 1710 3085 generatione

156 3099 302 3154 nullus
327 3112 428 3167 est;
451 3119 565 3167 seu,
585 3114 642 3157 ut
670 3103 1246 3176 loquilurAugustinus
1269 3105 1364 3160 lib.
1386 3120 1418 3159 v
1440 3105 1507 3160 de
1529 3105 1705 3172 Trin.,

156 3208 279 3246 num.
297 3197 345 3259 7,
379 3194 501 3250 Ideo
521 3199 706 3268 quippe
727 3196 915 3264 Filius,
930 3199 1050 3265 quia
1067 3201 1298 3270 genitus;
1317 3213 1359 3253 et
1379 3201 1498 3267 quia
1518 3197 1563 3252 F
1564 3200 1706 3264 ilius,

1815 1989 2037 2043 numque
2080 1973 2376 2028 visitaturus
2422 1991 2582 2046 genus
2619 1990 2637 2027 :
2679 1974 2756 2028 sic
2789 1982 2995 2028 textum
3047 1973 3313 2044 integrum
3344 1988 3411 2026 ex

1812 2067 2065 2120 onmibus
2100 2083 2230 2122 mss.
2256 2077 2308 2122 et
2337 2067 2575 2122 editione
2600 2067 2771 2136 prima
2799 2064 3068 2122 dedimus.
3096 2065 3230 2120 Hinc
3250 2079 3411 2136 porro

1812 2160 1878 2214 ad
1903 2161 2556 2234 explicandumalterum
2591 2160 2893 2216 Petavianac
2933 2175 3178 2216 censura:
3217 2167 3407 2230 caput,

1811 2254 2154 2325 Zenonisque
2185 2264 2422 2310 mentem
2449 2255 2857 2325 doctrinamque
2871 2253 3218 2324 aperiendam
3234 2252 3412 2308 aditus

1810 2350 2043 2419 amplior
2067 2360 2233 2419 patet.
2268 2350 2405 2405 Cum
2435 2350 2577 2405 enim
2604 2351 2753 2405 hisce
2791 2351 2844 2404 in
2873 2349 3052 2404 verbis
3075 2351 3408 2404 nativitatem

1810 2441 2099 2512 quamdam
2126 2443 2312 2497 divino
2346 2444 2522 2499 Verbo
2555 2443 2752 2499 tribuat
2789 2446 2840 2498 in
2865 2442 3081 2498 creandi
3105 2443 3254 2499 orbis
3281 2457 3410 2498 con-

1812 2534 1993 2589 silium
2023 2576 2038 2599 ,
2099 2535 2350 2605 inquiens
2391 2555 2402 2588 :
2437 2535 2669 2590 Prodivit
2721 2537 3009 2607 unigenitus
3041 2534 3231 2602 Filius,
3272 2547 3406 2603 etc.,

1811 2627 2008 2695 quibus
2053 2626 2342 2680 concinnnt
2370 2628 2470 2680 alia
2495 2643 2558 2682 ex
2595 2640 2662 2682 tr.
2693 2629 2727 2683 5
2753 2647 2763 2680 :
2796 2628 3220 2697 Excogitatarum
3245 2637 3298 2681 ut
3324 2645 3409 2680 or-

1813 2720 1982 2772 dinem
2031 2721 2303 2775 instrneret
2351 2738 2543 2785 rerum,
2578 2719 2855 2787 ine/fabilis
2897 2721 2990 2774 illa
3016 2722 3178 2775 virtus
3209 2722 3408 2776 incom-

1813 2811 2269 2883 preltensibilisque
2309 2814 2560 2885 sapientia
2591 2831 2618 2868 e
2642 2815 2847 2885 regione
2873 2815 3042 2868 cordis
3069 2826 3262 2870 eructat
3292 2831 3406 2870 ver-

1813 2906 1948 2970 bum,
1977 2907 2346 2977 omnipotentia
2373 2925 2427 2963 se
2463 2918 2750 2980 propagat;
2782 2924 2938 2974 cum,
2973 2909 3190 2980 inquam
3211 2951 3226 2976 ,
3259 2909 3408 2968 hisce

1814 2999 1866 3054 in
1899 2999 2078 3056 verbis
2105 3014 2245 3055 nova
2275 3001 2519 3072 quaedam
2554 3002 2807 3056 nativitas
2855 3001 3039 3057 divino
3087 3001 3267 3057 Verbo
3310 3005 3407 3057 tri-

1813 3091 2005 3146 buatur
2048 3093 2101 3148 in
2145 3092 2366 3148 creandi
2395 3093 2541 3148 orbis
2585 3093 2914 3161 consilium,
2970 3104 3168 3162 pra-ter
3216 3094 3361 3149 illam
3388 3136 3406 3162 ,

1812 3204 1972 3259 quam
2005 3188 2058 3242 in
2089 3188 2209 3243 sinu
2243 3187 2419 3243 Patris
2458 3188 2716 3244 latentem
2749 3188 2870 3243 aliis
2907 3189 3204 3255 prmmissis
3228 3190 3408 3244 verbis

155 3288 300 3356 utique
316 3291 519 3358 genitus.
545 3290 604 3346 Si
626 3307 756 3362 ergo
785 3291 952 3348 Filius
981 3294 1048 3347 ab
1076 3303 1302 3356 mlerno,
1328 3304 1380 3347 et
1400 3292 1566 3348 Filius
1587 3294 1705 3364 qui-
1733 3277 1778 3341 C
1809 3281 2097 3337 confessus
2125 3292 2229 3348 εει,
2280 3281 2416 3337 duas
2442 3281 2676 3352 quodam
2715 3281 2877 3337 tnodo
2908 3285 3216 3338 nativitates
3244 3283 3407 3339 Verbi

153 3380 255 3436 dem
295 3385 490 3453 genitus
527 3402 593 3441 ex
635 3387 869 3442 Zenonis
917 3389 1183 3443 sententia
1231 3388 1438 3443 exstitit
1465 3387 1706 3442 divinutn

154 3473 388 3542 Verbum;
419 3480 601 3550 utique
651 3495 681 3533 a
731 3479 887 3536 Patre
929 3480 1024 3536 fuit
1072 3481 1234 3536 etiam
1267 3480 1581 3535 distinctum
1612 3498 1623 3533 ε
1655 3489 1710 3536 et

154 3565 257 3622 hinc
276 3569 375 3638 jatn
406 3581 511 3626 tum
541 3589 701 3626 unum
729 3583 776 3626 et
800 3575 1038 3640 alterunt,
1070 3574 1120 3628 id
1144 3581 1229 3630 est
1261 3587 1518 3643 personas
1549 3573 1704 3640 duas,

155 3657 322 3717 Filium
351 3663 662 3737 Patremque
689 3669 964 3722 exstitisse
1011 3668 1149 3724 idem
1185 3667 1333 3722 Zeno
1361 3667 1537 3738 palam
1569 3666 1706 3722 fate-

154 3760 224 3806 tur
261 3765 478 3812 tractatu
509 3760 563 3825 .i,
619 3761 672 3813 in
704 3775 825 3830 qua:
882 3760 1044 3815 verba
1079 3759 1323 3830 pluribus
1364 3759 1572 3831 egimus
1613 3758 1708 3813 ad-

151 3854 243 3900 not.
269 3847 317 3902 2.
349 3849 467 3906 llzec
495 3867 562 3906 ex
592 3849 724 3922 ipsis
768 3852 922 3918 locis,
954 3869 1073 3922 qua:
1113 3869 1141 3908 a
1175 3852 1396 3907 Petavio
1445 3852 1708 3921 objiciun-

152 3947 252 4004 tur,
293 3943 414 3997 satis
441 3954 644 4014 aperta.
682 3945 777 4000 llis
820 3958 995 4000 autem
1031 3946 1075 4000 si
1115 3946 1282 4001 addas
1313 3946 1516 4016 reliqua
1552 3945 1703 3999 testi-

151 4033 299 4085 monia
335 4037 588 4102 superiori
621 4038 956 4108 paragrapho
985 4039 1214 4094 indicata
1236 4082 1249 4101 ,
1277 4039 1471 4109 quibus
1503 4041 1704 4094 Auctor

149 4123 352 4180 divinum
405 4129 594 4184 Filium
637 4130 780 4184 Patri
812 4139 1162 4198 com-ternum,
1211 4133 1514 4202 mqualem,
1561 4133 1705 4202 ejus-
1757 4195 1760 4198 ,

149 4214 348 4288 demque
409 4222 719 4277 substantia:
784 4223 1088 4279 luculenter
1144 4223 1421 4291 defendit,
1465 4225 1578 4294 jam
1635 4225 1702 4280 ad

148 4311 550 4382 conﬁrmandam,
570 4333 666 4372 seu
689 4320 866 4388 potius
897 4318 1392 4387 demonstrandam,
1425 4322 1555 4374 satis
1581 4320 1705 4376 licet

149 4403 348 4472 obviam,
394 4411 804 4479 explicationem
834 4401 1023 4466 horum
1071 4423 1312 4468 textuum
1344 4455 1359 4480 ,
1408 4431 1473 4468 ex
1505 4415 1702 4484 quibus

148 4496 264 4552 idem
287 4500 441 4557 Filius
461 4518 488 4557 a
509 4503 664 4559 Patre
687 4505 752 4560 ab
771 4515 977 4559 aeterno
998 4505 1210 4574 genitus
1226 4506 1506 4576 solumque
1527 4507 1701 4562 latens

149 4588 192 4643 in
228 4591 380 4652 Patris
413 4598 738 4654 conscientia
773 4599 1029 4668 probatus
1063 4598 1216 4655 nobis
1248 4611 1362 4667 est,
1393 4601 1523 4655 nihil
1560 4618 1699 4673 prcc-

151 4689 268 4738 terea
290 4685 519 4745 desidera
529 4690 628 4746 bis.

208 4774 262 4828 At
287 4779 417 4833 enim
446 4781 815 4838 difficultatem
841 4781 1062 4838 Petavio
1093 4784 1334 4838 fecerunt
1367 4784 1477 4852 illa,
1504 4787 1697 4856 quibus

151 4863 283 4923 Pater
327 4872 511 4929 Filium
567 4876 841 4931 indiscreta
894 4877 1105 4946 spiritus
1154 4877 1470 4946 plenitudine
1516 4891 1561 4932 et
1590 4880 1700 4934 sine

151 4958 405 5020 discrimine
424 4969 687 5038 amplexus
709 4969 902 5024 eodem
937 4979 1090 5024 tract.
1119 4970 1152 5025 5
1175 4970 1422 5025 traditur.
1451 4970 1558 5025 Sed
1585 4972 1699 5028 hzec

151 5065 236 5105 non
265 5057 506 5114 unitatem
551 5077 790 5130 persona:
814 5077 914 5135 pro
938 5076 1005 5117 eo
1030 5070 1239 5118 teterno
1264 5072 1426 5129 statu,
1457 5079 1549 5118 seu
1596 5080 1664 5134 po
1681 5096 1694 5105 -

152 5141 235 5198 tius
257 5147 514 5215 prioritatc
547 5153 633 5207 illa
663 5154 885 5209 rationis
909 5153 1204 5220 insinuant,
1231 5166 1284 5209 ut
1318 5155 1515 5211 Petavii
1539 5172 1692 5227 argu.

152 5251 353 5295 mentum
381 5245 670 5313 postularet
712 5247 923 5318 (secus,
948 5246 1160 5302 Patrem
1190 5258 1238 5303 et
1283 5247 1476 5303 Filium
1501 5264 1696 5305 vocare

152 5342 237 5385 non
260 5339 527 5403 potuisset,
555 5340 654 5393 nisi
687 5338 826 5396 forte
870 5341 923 5394 in
958 5341 1397 5397 Sabellianorum
1435 5350 1484 5396 et
1522 5342 1695 5396 Patri-

155 5425 483 5486 Passianornm
513 5433 854 5499 sententiam,
887 5435 976 5504 qni
1002 5433 1213 5488 Patrem
1239 5433 1504 5488 etFilium
1541 5437 1691 5490 voci-

153 5512 253 5578 bus,
298 5533 394 5575 non
433 5538 489 5577 re
528 5523 807 5580 distinctos
835 5524 1143 5581 tradidere:
1177 5541 1284 5594 quo
1313 5541 1440 5582 casu
1463 5525 1690 5581 duarum

155 5603 273 5662 inter
309 5628 418 5668 sese
448 5619 795 5685 pugnantium
839 5617 1117 5672 haerescon
1170 5617 1417 5672 adsertor
1446 5631 1554 5672 nno
1598 5632 1692 5673 eo-

153 5695 345 5772 demque
373 5716 600 5764 tractatu
645 5710 700 5765 S.
730 5710 879 5766 Zeno
906 5719 1224 5780 argueretur
1262 5726 1289 5764 a
1323 5711 1564 5775 Petavio,
1600 5711 1695 5766 Sa-

155 5790 365 5850 bellianaa
389 5808 441 5853 et
467 5802 698 5865 Arianze,
723 5802 862 5872 quod
892 5817 994 5856 nec
1037 5801 1290 5871 possibile
1325 5801 1559 5863 videtur,
1595 5817 1694 5857 nec

156 5877 284 5942 alteri
310 5890 586 5964 contigisse
615 5906 846 5965 unquam
881 5894 994 5950 ullo
1024 5893 1272 5965 exemplo
1315 5893 1688 5965 probabitur),

1809 3373 2094 3445 agnovisse
2125 3372 2354 3428 videtur.

1882 3467 2068 3536 Itaque
2117 3464 2382 3537 Georgius
2434 3465 2617 3521 Bnlltts
2666 3467 2718 3520 in
2771 3466 3088 3523 defensione
3125 3466 3277 3524 Fidei
3317 3467 3409 3522 Ni-

1809 3575 1998 3629 casam,
2030 3573 2165 3618 sect.
2226 3563 2280 3630 5,
2319 3577 2438 3632 cap.
2469 3562 2523 3627 9,
2551 3563 2578 3634 §
2609 3564 2663 3630 ϐ,
2697 3578 2818 3618 cum
2851 3573 3109 3618 rcternam
3154 3564 3245 3618 Dei
3290 3562 3408 3618 Filii

1807 3657 2220 3726 generationem
2273 3657 2550 3728 prioribus
2594 3657 2777 3712 verbis
2827 3674 2856 3711 a
2891 3657 3110 3714 Zenone
3137 3659 3406 3714 adsertam

1807 3750 2118 3813 contendit,
2146 3761 2256 3806 tum
2288 3768 2420 3808 vero
2456 3752 2847 3818 posterioribus
2875 3751 3204 3824 descriptam
3255 3763 3409 3824 putat

1807 3843 2125 3898 nativitatem
2171 3845 2315 3899 illam
2365 3845 2418 3900 in
2471 3855 2735 3914 tempore,
2786 3860 2887 3915 qua
2923 3844 3091 3899 Fihns
3135 3860 3202 3900 ex
3250 3846 3406 3900 Patre

1808 3937 2071 4008 processit
2105 3936 2170 3993 ad
2221 3938 2559 3994 condendum
2607 3938 2894 3991 universa:
2931 3937 2995 3991 Et
3025 3940 3132 3992 lucc
3158 3980 3172 4006 ,
3204 3939 3405 4009 inquit,

1806 4031 1938 4085 nihil
1964 4032 2111 4084 aliud
2134 4042 2226 4096 est,
2260 4049 2410 4103 quam
2445 4031 2588 4093 Filii,
2624 4048 2772 4101 quem
2806 4029 2959 4085 Pater
2985 4032 3127 4100 apud
3157 4048 3212 4086 se
3235 4043 3279 4086 et
3309 4034 3404 4086 sibi

1806 4125 1927 4188 soli,
1961 4136 2012 4178 ut
2034 4127 2107 4178 ita
2138 4127 2326 4192 dicam,
2361 4142 2425 4180 ea:
2449 4138 2639 4180 (eterna
2670 4125 3068 4197 amplectebatur
3120 4128 3359 4180 revelatio
3385 4169 3400 4194 ,

1807 4219 1913 4272 sire
1935 4221 2048 4291 ejus
2079 4235 2140 4272 ea:
2170 4217 2328 4274 Patre
2371 4222 2592 4290 egressio
2620 4231 2666 4274 et
2689 4219 3040 4292 processio....
3072 4222 3140 4273 ad
3169 4237 3248 4274 res
3287 4237 3403 4290 qua'

1807 4330 1908 4366 non
1936 4325 2079 4367 erant
2105 4355 2118 4376 ,
2170 4317 2574 4384 procreandum,
2607 4333 2759 4382 seque
2789 4318 2935 4370 rebus
2966 4321 3174 4380 creatis,
3207 4317 3401 4384 angelis

1807 4424 1986 4477 nempe
2029 4417 2073 4462 et
2113 4408 2424 4476 hominibus,
2479 4411 2930 4479 manifestandum.
2995 4410 3139 4465 Ilanc
3181 4409 3399 4479 quidem

1808 4500 2165 4570 temporalem
2213 4501 2379 4556 divini
2438 4501 2598 4558 Verbi
2659 4502 3152 4557 tnanil‘cstationcm
3203 4501 3324 4558 aliis
3370 4519 3399 4556 ει

1805 4594 2055 4650 Patribus
2084 4597 2245 4651 etiam
2281 4605 2401 4665 post
2433 4596 2708 4650 Nictcnum
2733 4596 3020 4652 concilium
3066 4596 3398 4650 nativitatem

1727 4674 1780 4733 D
1804 4703 1867 4742 ac
1903 4689 2306 4757 processionem
2338 4688 2624 4758 quamdam
2662 4688 2827 4743 luisse
2860 4699 3102 4744 vocatam
3126 4731 3141 4755 ,
3174 4689 3399 4744 inliciari

1803 4798 1908 4835 non
1944 4797 2262 4850 possumus;
2317 4782 2458 4836 inter
2509 4798 2645 4849 quos
2693 4782 3126 4852 exploratissimo
3157 4783 3397 4837 omnium

1801 4882 1988 4927 auctor
2032 4882 2290 4928 tractatus
2327 4873 2395 4929 de
2436 4873 2568 4929 Fide
2607 4874 2908 4929 orthodoxa
2951 4884 3136 4930 contra
3171 4876 3401 4930 Arianos

1803 4964 1855 5019 in
1872 4967 1908 5018 A
1921 4964 2181 5034 ppendice
2201 4964 2473 5021 Ambrosii
2495 4964 2732 5035 Operum
2757 4966 2968 5032 inserti,
2992 4966 3079 5036 qui
3103 4965 3399 5035 Gregorius

1803 5056 2035 5111 Ba-tieus
2082 5057 2436 5128 probabiliter
2466 5058 2707 5114 creditur
2733 5101 2746 5122 ,
2779 5059 3056 5129 explicans
3086 5059 3213 5114 illttd
3237 5059 3397 5114 Prov.

1806 5165 1894 5204 vttt
1925 5167 1936 5202 :
1967 5148 2221 5205 Dominus
2247 5152 2460 5216 creavit,
2485 5151 2562 5204 vel
2583 5152 2811 5205 condidit
2840 5168 2920 5206 me
2951 5153 3002 5205 in
3031 5152 3175 5205 initio
3203 5153 3396 5206 viarum

1803 5257 2052 5305 suarum,
2086 5243 2201 5298 huic
2241 5243 2429 5297 scribit
2469 5258 2586 5313 t-ap.
2613 5242 2666 5308 2,
2701 5260 2822 5314 pag.
2847 5245 2954 5303 549
2977 5246 3140 5316 App.,
3174 5256 3304 5298 tum.
3338 5261 3397 5312 ιι,

1803 5337 2116 5392 Ambrosii:
2149 5336 2271 5391 Non
2316 5337 2388 5391 ita
2417 5335 2554 5392 Deus
2594 5341 2897 5410 sapientiam
2945 5359 3087 5395 suam
3134 5341 3396 5406 condidit,

1800 5431 1948 5502 quasi
1977 5433 2256 5500 aliquando
2305 5433 2416 5486 sine
2439 5433 2692 5504 sapientia
2718 5437 2903 5505 fuerit;
2931 5439 3022 5489 sed
3049 5455 3162 5490 cum
3191 5440 3395 5492 initium

1799 5527 2000 5580 viarum
2049 5543 2256 5581 suarum
2313 5528 2472 5592 dicat,
2505 5526 2710 5581 initium
2763 5541 2926 5582 motus
2979 5531 3146 5600 operis
3175 5530 3399 5600 alicujus

1803 5621 2045 5684 ostendit,
2075 5629 2129 5672 ut
2175 5620 2271 5673 Itoc
2308 5619 2507 5672 initium
2534 5619 2715 5673 habeat
2745 5621 2995 5689 sapientia
3026 5618 3142 5681 Dei,
3171 5622 3305 5688 quod
3333 5623 3397 5676 de

1803 5711 1914 5767 Deo
1932 5715 2173 5781 processit
2190 5713 2259 5766 ad
2275 5714 2494 5768 creanda
2507 5715 2696 5768 omnia.
2710 5756 2722 5768 .
2735 5753 2747 5765 .
2774 5710 2997 5785 [Lxxxn]
3015 5711 3195 5764 Creata
3216 5725 3286 5766 est
3310 5732 3389 5768 er-

1803 5820 1867 5874 go
1887 5803 2154 5874 sapientia,
2181 5805 2281 5857 imo
2301 5804 2492 5874 genita,
2510 5819 2610 5855 non
2635 5805 2751 5868 sibi,
2777 5819 2890 5873 quae
2919 5818 3120 5873 semper
3141 5814 3274 5873 erat,
3304 5809 3394 5861 sed

1803 5896 1901 5960 Itis,
1925 5909 2040 5964 qute
2059 5893 2122 5946 ab
2146 5909 2204 5948 ea
2236 5893 2347 5959 ﬁeri
2381 5892 2659 5963 oportebat.
2697 5893 2763 5948 Et
2789 5891 3040 5949 similiter
3068 5897 3227 5953 etiam
3259 5897 3384 5954 Pru.
