3952 6320
501 280 563 345 9i
1784 272 1785 275 ¹
1891 281 2098 343 Ρηοιι

2202 283 2406 345 ὶΜΕΝΛ
2422 328 2437 345 .
3716 303 3769 363 9,3

500 396 716 452 dentius
767 394 964 469 hymno
998 395 1057 453 ll
1088 394 1156 450 de
1186 397 1301 468 ipsa
1343 397 1624 455 creatione
1670 396 1854 455 mundi
1908 407 2098 471 aperte
2122 402 2171 463 Α
2202 402 2295 457 sed
2326 405 2613 462 consilium
2639 406 3030 482 decretumque
3068 410 3138 469 de
3185 412 3417 470 creando
3449 415 3612 484 orbe,
3651 422 3766 488 quod

499 491 775 549 disserens
798 532 815 561 ,

685 583 888 648 Ex‘ore,
914 581 1081 645 inquit,
1110 581 1387 648 quamlibet
1409 583 1576 637 Patris

748 644 831 695 Sis
856 644 993 697 artus
1015 644 1071 697 et
1086 644 1243 698 verbo
1267 648 1468 710 editus;

685 708 870 773 Tamen
898 714 1103 773 paterno
1129 710 1178 758 in
1202 715 1432 773 pectore,

744 769 929 833 Sophia
950 770 1147 823 calebat
1169 769 1320 836 prius.

499 857 703 927 Quibus
749 872 871 913 cum
912 857 1160 914 divinum
1204 859 1436 915 Verbum
1467 861 1665 934 sapitia:
1700 861 1918 917 nomine
1947 858 2095 917 desi-

496 958 740 1022 gnatum,
772 950 825 1005 in
863 949 1042 1006 Patris
1068 960 1308 1021 pectore,
1332 961 1619 1025 antequam
1675 969 1738 1009 ea:
1784 970 1871 1009 ore
1925 952 2101 1009 Patris

497 1045 719 1099 oriretur
746 1085 761 1111 ,
810 1048 858 1098 et
910 1044 1145 1099 ederetur
1190 1045 1242 1099 in
1294 1047 1571 1103 creatione
1621 1045 1843 1114 mundi,
1872 1046 1983 1118 jam
2030 1046 2099 1104 ab

497 1150 706 1200 mterno
738 1140 908 1199 fuisse
937 1142 1211 1212 insinuet,
1239 1144 1390 1212 juxta
1428 1140 1563 1201 Bulli
1594 1145 2097 1218 interpretationem

497 1252 622 1293 cum
642 1235 867 1294 Zenone
895 1235 1110 1292 videtur
1134 1237 1291 1308 plane
1312 1239 1622 1294 concinere.

573 1327 681 1384 Sed
728 1329 870 1387 hanc
903 1330 1311 1403 generationem
1350 1345 1447 1388 seu
1488 1329 1979 1389 manifestationem
2003 1349 2100 1389 ex-

501 1430 710 1477 ternam
739 1437 769 1478 a
792 1421 1010 1479 Zenone
1039 1423 1267 1480 laudatis
1304 1438 1333 1478 a
1366 1423 1589 1481 Petavio
1615 1423 1748 1481 locis
1772 1440 1837 1481 ex
1884 1424 2100 1503 tract.‘

502 1513 804 1571 et5t‘uisse
824 1516 1173 1587 appellatam,
1218 1524 1275 1571 ut
1328 1516 1530 1585 putavit
1584 1516 1791 1586 Bullus,
1841 1518 2098 1574 adsentiri

508 1623 613 1664 non
644 1622 954 1680 possumus.
1016 1610 1071 1665 Si
1113 1610 1235 1681 quis
1275 1610 1421 1667 enim
1453 1618 1598 1666 totos
1649 1620 1829 1667 textus
1866 1626 2003 1682 quos
2032 1629 2097 1667 ex

504 1717 637 1757 mss.
684 1703 985 1774 prtesertim
1015 1703 1254 1775 integros
1281 1703 1570 1771 edidimus,
1601 1705 1824 1777 legerit;
1859 1706 2099 1776 profecto

2202 496 2270 551 ab
2323 509 2531 556 arterno
2580 502 2766 575 utique
2797 516 3012 575 captum
3066 504 3206 573 luit,
3236 507 3368 563 satis
3394 508 3771 579 innuitur;setl

2199 591 2441 660 apertius
2470 594 2800 651 convincunt
2826 595 2916 652 illa
2932 605 3194 655 tractatus
3213 600 3269 668 ι,
3297 601 3386 658 ubi
3409 613 3688 674 postquam
3706 606 3773 663 di-

2199 681 2358 739 vinus
2408 683 2579 741 Filius
2606 685 2705 742 hac
2732 689 3083 760 generatione
3113 690 3378 763 prodiisse
3406 693 3639 752 traditus
3668 707 3773 753 est:

2206 772 2275 830 Ut
2305 792 2477 831 rerum
2503 790 2691 834 natura
2740 796 2854 851 qua:
2893 797 2996 837 non
3049 795 3178 853 erat,
3233 782 3534 856 ﬁngeretur,
3587 790 3776 859 prodit-it

2200 868 2491 940 unigenitus
2532 868 2700 927 Filius
2719 913 2734 937 φ
2765 873 2936 929 cordis
2966 878 3078 949 ejus
3119 875 3305 932 nobilis
3334 877 3654 948 inquilinus;
3693 897 3780 939 non

2200 962 2381 1019 statim
2418 962 2558 1019 idem
2593 964 2761 1021 Filius
2793 966 3167 1024 manifestatus
3214 968 3418 1027 idcirco
3455 970 3777 1043 afﬁrmatur,

2204 1057 2279 1112 uti
2308 1055 2444 1112 Bolli
2474 1056 2790 1131 ltypotbesis
2821 1063 3117 1133 postularet
3141 1066 3209 1139 (si
3238 1065 3451 1138 quidem
3479 1083 3550 1123 ea
3579 1084 3778 1140 genera-

2204 1148 2277 1202 tio
2304 1147 2444 1203 idem
2493 1165 2557 1206 ac
2586 1150 2949 1208 manifestatio
2980 1154 3176 1228 fuerit)
3209 1156 3302 1212 sed
3334 1159 3542 1227 exinde,
3563 1159 3777 1230 additur,

2201 1242 2417 1299 visibilis
2463 1246 2750 1301 necessario
2779 1245 3009 1316 eﬂ'ectus,
3041 1249 3161 1320 quia
3190 1248 3365 1305 urbem
3394 1261 3546 1308 terra
3562 1263 3669 1308 erat
3691 1256 3782 1324 ipse

2202 1335 2429 1408 facturus
2439 1380 2451 1401 ,
2466 1347 2567 1393 etc.
2578 1382 2593 1406 ,
2613 1337 2699 1392 ubi
2715 1355 2875 1397 voces
2889 1342 3072 1397 exinde
3084 1340 3299 1398 visibilis
3312 1344 3780 1401 manifestationcm

2202 1428 2399 1486 exinde
2426 1441 2870 1504 consequentem.
2901 1449 3061 1490 voces
3088 1445 3267 1491 autem
3299 1447 3409 1491 erat
3431 1440 3665 1509 [acturus
3685 1454 3779 1493 ina-

2202 1519 2597 1577 niicstationem
2630 1525 2681 1578 in
2721 1524 2957 1580 creando
2992 1526 3335 1597 postmodum
3363 1528 3512 1595 urbe,
3538 1545 3639 1586 seu
3660 1540 3781 1585 stato

2203 1621 2447 1683 tempore
2470 1612 2701 1669 futuram
2740 1615 2871 1671 satis
2900 1614 3196 1673 declarant.
3230 1616 3518 1676 Enimvero
3548 1622 3593 1676 si
3630 1636 3778 1693 gene-

2202 1706 2339 1760 ratio
2394 1704 2480 1761 bic
2521 1706 2819 1773 asseritur,
2863 1724 2929 1764 ex
2968 1724 3072 1780 qua
3124 1710 3218 1766 Dei
3271 1710 3440 1767 Filius
3467 1711 3515 1768 in
3560 1710 3779 1769 creando

503 1792 780 1851 Zenonem
811 1794 877 1851 de
902 1804 1105 1852 aeterna
1132 1795 1365 1867 quadam
1393 1796 1635 1867 ejusdem
1665 1796 1826 1853 Verbi
1868 1813 2098 1869 genera-
2127 1803 2176 1865 B
2204 1799 2431 1857 subinde
2461 1800 2663 1857 mundo
2688 1801 2906 1858 risibilis
2935 1801 3052 1859 lieri
3079 1803 3290 1870 debuit,
3308 1804 3517 1861 visibilis
3544 1812 3721 1861 autem
3741 1816 3786 1861 et

506 1889 673 1956 tione,
713 1904 832 1960 quze
879 1889 1036 1946 alteri
1087 1890 1273 1946 latenti
1322 1890 1599 1963 prioribus
1639 1893 1821 1948 verbis
1865 1893 2097 1948 adsertae

501 1981 871 2055 hactenusque
902 1983 1058 2039 nobis
1091 1983 1478 2040 demonstrata:
1501 1998 1609 2039 non
1633 1993 1921 2056 repugnet,
1952 1994 2101 2041 utro-

503 2089 607 2145 que
646 2075 696 2128 in
727 2081 956 2129 tractatu
987 2085 1185 2147 quarto
1219 2084 1275 2130 et
1324 2075 1514 2147 quinto
1545 2090 1853 2132 sermonem
1894 2075 2098 2145 facere,

504 2166 940 2239 exploratissitne
963 2167 1212 2238 liquebit.
1246 2166 1380 2225 Nam
1405 2169 1639 2241 primum
1671 2178 1905 2226 tractatu
1938 2172 1971 2228 5
2000 2174 2107 2244 agi-

508 2268 595 2314 tur
622 2257 692 2315 de
728 2258 816 2315 illa
852 2260 1131 2317 nativitate
1159 2259 1346 2330 Verbi,
1379 2256 1485 2318 non
1531 2263 1705 2318 Solum
1735 2279 1839 2335 qua
1870 2266 2105 2337 omnipo-

507 2355 667 2410 tentia
695 2352 912 2426 quidem
944 2370 998 2410 se
1016 2364 1289 2429 propagat,
1322 2356 1430 2425 vel,
1456 2366 1515 2413 ut
1538 2356 1626 2413 alii
1657 2357 1873 2415 codices
1895 2360 2099 2431 legunt,

507 2455 848 2521 repropagat;
874 2449 969 2505 sed
994 2450 1159 2505 simul
1188 2465 1292 2522 qua
1332 2449 1395 2506 de
1438 2447 1549 2505 Deo
1572 2454 1798 2508 nascitur
1825 2452 1988 2523 Deus,
2022 2467 2102 2511 to-

505 2553 614 2598 tum
639 2541 815 2598 Patris
841 2542 1053 2611 habens,
1077 2544 1207 2599 nihil
1240 2545 1491 2617 derogans
1519 2544 1689 2617 Patri,
1712 2556 1815 2604 etc.
1841 2550 1968 2606 Haec
2010 2568 2106 2608 au-

508 2648 615 2694 tem
647 2637 1067 2699 manifeStationi
1100 2656 1249 2697 mere
1285 2649 1526 2698 externa:
1572 2651 1627 2699 et
1667 2647 1949 2716 temporali
1995 2665 2102 2707 non

504 2738 840 2802 congruunt,
881 2732 1146 2805 planeque
1193 2733 1676 2806 respondentcum
1710 2738 1773 2793 iis
1822 2754 1944 2811 qua:
1975 2741 2103 2795 tuti-

500 2822 622 2878 dem
656 2818 766 2878 lere
792 2823 977 2880 verbis
997 2825 1065 2881 de
1094 2830 1295 2881 aeterna
1324 2829 1510 2898 procul
1541 2827 1711 2883 dubio
1747 2832 2103 2900 generatione

504 2913 802 2969 recitantur
826 2924 894 2970 tr.
927 2915 962 2970 ὅ
987 2934 999 2970 :
1036 2914 1206 2988 Igitur
1233 2917 1511 2986 ine/rabilis
1540 2919 1634 2974 illa
1662 2920 2101 2993 incomprehensi-

504 3006 724 3079 bilisque
750 3009 1005 3080 sapientia
1032 3011 1360 3081 sapientiam,
1390 3013 1758 3084 omnipotentia
1784 3013 2103 3088 omnipoten-

502 3100 629 3153 tiam
648 3109 921 3172 prapagat.
958 3100 1033 3156 De
1063 3098 1172 3156 Deo
1195 3104 1424 3158 nascitur
1450 3103 1616 3172 Deus,
1645 3104 1709 3160 de
1734 3108 1958 3176 ingenito
1985 3108 2101 3162 uni-

2203 1896 2563 1967 manifestatus
2594 1895 2733 1951 idem
2763 1906 2891 1951 sunt
2928 1914 2941 1950 :
2977 1897 3260 1968 generatio
3290 1897 3431 1954 haud
3458 1898 3624 1955 dubie
3650 1913 3783 1954 asse-

2203 1987 2360 2054 ritor,
2389 2002 2453 2042 ex
2482 2002 2585 2058 qua
2613 1986 2727 2054 ipsa
2751 1997 2970 2043 externa
3017 1987 3386 2046 manifestatio
3414 1990 3646 2047 subinde
3673 2006 3780 2060 pro-

2205 2080 2340 2136 fecta
2370 2090 2469 2146 est,
2497 2088 2550 2135 et
2574 2096 2693 2152 qua:
2715 2080 2919 2137 idcirco
2946 2092 3071 2139 ante
3102 2084 3272 2155 ipsam
3306 2084 3776 2143 manifestationetn

2205 2173 2257 2228 in
2292 2174 2406 2244 ipsa
2436 2176 2713 2231 creatione
2753 2174 2939 2232 mundi
2973 2174 3221 2233 effectam
3268 2178 3478 2249 (neque
3505 2181 3649 2234 enim
3676 2188 3782 2233 ante

2203 2281 2290 2322 res
2312 2277 2540 2331 creatas,
2562 2267 2656 2322 sed
2684 2270 2885 2323 creatis
2900 2267 3012 2339 jam
3046 2268 3205 2329 rebus
3236 2265 3485 2345 [unum]
3509 2270 3609 2328 Dei
3634 2269 3782 2327 Filius

2206 2358 2546 2417 manifestari
2594 2375 2689 2415 seu
2721 2360 2948 2417 visibilis
2977 2374 3099 2417 esse
3131 2362 3343 2435 potuit)
3399 2365 3599 2420 evenit.
3631 2362 3779 2432 Equi-

2204 2453 2326 2510 dem
2374 2453 2513 2511 banc
2543 2453 2791 2509 eamdem
2827 2455 3234 2525 generationem
3268 2457 3473 2512 Auctor
3503 2456 3777 2527 respiciens

2206 2555 2364 2602 tract.
2416 2546 2450 2602 6
2496 2544 2589 2601 lib.
2625 2561 2659 2601 ll
2705 2547 2818 2603 ait:
2854 2544 3164 2620 Unigenitus
3198 2547 3484 2620 prodiendo
3533 2551 3598 2605 de
3647 2548 3783 2603 Patre

2203 2650 2322 2695 ante
2373 2641 2623 2714 originem
2669 2654 2873 2705 rerum,
2921 2648 3027 2696 etc.
3071 2640 3161 2695 ubi
3219 2643 3280 2697 τὸ
3328 2651 3449 2698 ante
3496 2641 3654 2698 Verbi
3705 2635 3781 2712 ge

2204 2736 2563 2801 nerationem,
2596 2749 2951 2807 quaecumque
3000 2734 3095 2791 illa
3142 2735 3234 2802 sit,
3268 2735 3486 2808 origini,
3513 2750 3609 2792 seu
3643 2749 3781 2791 crea-

2203 2829 2341 2885 tioui
2366 2844 2538 2883 rerum
2565 2827 2820 2899 prmviam
2844 2836 3029 2898 aperte
3057 2827 3258 2899 prodit.
3304 2827 3424 2884 Non
3472 2843 3600 2900 ergo
3637 2840 3783 2899 gene-

2204 2924 2429 2979 rationis
2461 2923 2680 2978 nomine
2720 2923 2893 2993 ipsam
2925 2921 3442 2990 manit‘estationem,
3476 2922 3569 2980 sed
3598 2920 3780 2992 aliquid

2202 3015 2272 3071 ab
2325 3030 2386 3069 ea
2429 3014 2709 3071 diversum
2778 3015 2982 3069 Auctor
3025 3014 3257 3085 accepit.
3293 3014 3422 3070 Haec
3466 3015 3511 3070 si
3560 3014 3681 3086 quis
3725 3026 3777 3067 ex

2203 3108 2418 3165 Arianis
2444 3117 2704 3164 aeternam
2735 3106 2857 3162 Filii
2903 3107 2995 3162 Dei
3035 3107 3441 3178 generationem
3483 3104 3780 3179 negantibus

502 3195 718 3264 genitus,
753 3194 817 3250 de
863 3195 972 3251 solo
1001 3196 1163 3262 solus,
1188 3196 1251 3251 de
1277 3202 1382 3253 toto
1413 3207 1567 3264 totus,
1599 3199 1661 3254 de
1693 3216 1806 3255 vero
1836 3217 2001 3270 verus,
2036 3202 2099 3257 de
2124 3186 2169 3250 C
2202 3201 2529 3256 altirniasset
2552 3245 2567 3268 ,
2633 3199 3066 3272 intelligerentur
3097 3197 3352 3255 facillime
3396 3199 3467 3256 de
3519 3199 3778 3256 creatione

503 3288 728 3359 perfecta
751 3292 1029 3360 perfectus,
1076 3298 1238 3345 totum
1281 3288 1458 3346 Patris
1505 3289 1719 3361 habens,
1770 3288 1904 3347 nihil
1950 3293 2098 3349 dero-

502 3398 632 3453 gans
678 3381 879 3452 Patri;
923 3384 1039 3442 haec
1089 3386 1233 3442 enim
1281 3387 1450 3453 verba
1485 3397 1540 3443 et
1580 3386 1828 3445 formula:
1872 3387 2095 3446 Patrum

502 3476 896 3534 catholicorum
927 3479 1179 3550 propriae,
1217 3479 1662 3553 identitatemque
1688 3480 2097 3537 substantia-lem

503 3568 681 3625 Patris
727 3580 782 3627 et
828 3570 949 3626 Filii
992 3573 1167 3645 palam
1210 3573 1526 3646 prodentes,
1573 3578 1713 3631 sicut
1754 3572 1956 3632 cadere
1998 3592 2095 3632 ne—

502 3671 708 3734 queunt
740 3664 791 3718 in
823 3676 1151 3730 creaturam,
1178 3682 1300 3737 qua:
1326 3668 1493 3738 prima
1517 3670 1756 3724 omnium
1788 3670 1842 3724 in
1866 3670 2099 3725 creatio-

502 3769 629 3810 nem
659 3755 806 3811 orbis
833 3756 1047 3813 condita
1092 3759 1183 3825 sit,
1216 3768 1275 3813 ut
1302 3758 1488 3815 Ariani
1517 3761 1847 3829 sentiebant,
1882 3761 2099 3817 eadem-

505 3864 610 3920 que
674 3848 742 3905 de
806 3865 968 3906 causa
1021 3853 1321 3908 convenire
1387 3869 1492 3907 non
1542 3864 1769 3924 possunt
1824 3853 2099 3925 prolatitio

504 3940 670 3996 verbo
698 3983 712 4007 ,
762 3942 905 4015 quod
935 3941 1035 3998 etsi
1086 3943 1275 4000 luisset
1320 3945 1374 4011 in
1417 3946 1697 4002 creatione
1717 3945 2009 4019 prolatum,
2039 3956 2099 4002 ut

505 4026 754 4089 nonnulli
780 4035 1120 4092 existimasse
1150 4035 1402 4093 videntur
1447 4038 1538 4110 (de
1571 4052 1679 4109 quo
1716 4039 1838 4096 vide
1865 4055 1982 4112 quae
2010 4039 2098 4095 di-

503 4138 695 4185 centur
745 4129 848 4186 sub
893 4130 1104 4187 initium
1159 4131 1483 4204 paragraphi
1525 4132 1828 4204 sequentis)
1855 4142 2096 4189 creatum

503 4232 682 4278 tamen
733 4223 933 4295 aliquid
968 4221 1101 4279 fuit:
1135 4226 1205 4280 ita
1238 4240 1414 4297 neque
1466 4226 1749 4297 temporali
1779 4233 1834 4283 et
1859 4234 2097 4281 externa:

502 4329 802 4387 congruere
842 4326 1069 4387 possunt
1097 4318 1288 4375 aeterni
1326 4317 1483 4375 Verbi
1512 4316 2098 4389 manilestationi,qute

502 4422 624 4463 cum
653 4416 935 4465 externum
963 4410 1167 4482 aliquid
1197 4409 1487 4482 significat,
1532 4419 1643 4479 tum
1675 4425 1806 4467 vero
1836 4419 1895 4466 ut
1923 4426 2017 4482 per
2044 4411 2097 4466 id

500 4510 785 4557 externum
836 4500 1004 4560 Filius
1056 4503 1148 4561 Dei
1200 4505 1535 4576 processisse
1587 4503 1691 4560 dici
1751 4503 1987 4577 potuerit
2029 4503 2097 4560 ad

2204 3294 2385 3361 Verbi,
2414 3293 2555 3365 quod
2584 3309 2705 3348 cum
2754 3292 2827 3347 illi
2858 3292 2927 3347 ab
2957 3299 3162 3349 aeterno
3186 3294 3453 3364 genitum,
3489 3301 3543 3349 et
3563 3290 3775 3348 eonsuir

2198 3388 2447 3442 stantialc
2501 3386 2643 3441 Patri
2693 3396 2993 3457 negarent,
3058 3396 3360 3442 creaturam
3428 3386 3776 3459 praedicarunt

2198 3482 2434 3553 quidem,
2452 3479 2545 3536 sed
2573 3481 2642 3536 ita
2668 3486 2725 3535 ut
2757 3480 3166 3551 primogenitum
3193 3489 3318 3537 ante
3337 3487 3652 3537 cmterarum
3674 3491 3778 3533 om-

2200 3577 2346 3631 nium
2380 3591 2558 3632 rerum
2588 3573 2851 3645 originem
2871 3582 3111 3630 creatum
3142 3574 3406 3631 dicerent.
3439 3579 3508 3631 At
3529 3576 3579 3631 in
3611 3575 3779 3630 catho-

2198 3669 2303 3725 lico
2351 3667 2590 3725 antistite
2623 3711 2638 3737 ,
2693 3668 2783 3740 qui
2841 3674 3097 3724 aeternam
3154 3667 3314 3724 Verbi
3382 3672 3770 3740 generationem

2198 3760 2924 3832 consubstantialitatemque
2950 3774 3073 3833 cum
3106 3759 3265 3817 Patre
3304 3760 3523 3818 disertis
3549 3762 3776 3819 testimo-

2201 3853 2305 3911 niis
2332 3856 2626 3922 constituit,
2662 3864 2720 3910 ut
2758 3856 2826 3911 de
2854 3859 3091 3911 Auctore
3122 3863 3311 3911 nostro
3334 3855 3601 3919 vidimus;
3648 3851 3775 3910 nati.

2198 3951 2348 4004 vitali
2382 3949 2432 4005 id
2464 3950 2701 4021 genepis,
2738 3964 2836 4005 seu
2884 3951 3069 4006 verius
3096 3951 3357 4006 creationi
3387 3951 3540 4007 locus
3568 3948 3779 4022 amplius

2202 4056 2308 4098 non
2340 4054 2423 4100 est
2450 4061 2463 4099 :
2498 4058 2672 4114 neque
2696 4044 2839 4099 enim
2872 4044 3010 4099 idem
3038 4042 3278 4099 Verbum
3303 4052 3566 4099 aeternum
3594 4050 3648 4098 et
3667 4054 3779 4098 con-

2200 4136 2550 4192 Sttbstunliale
2572 4137 2714 4192 Patri
2744 4136 2888 4193 nulla
2919 4147 3197 4208 assumpta
3219 4152 3409 4193 natura
3440 4137 3613 4196 creari
3635 4134 3774 4193 initio

2202 4229 2458 4300 temporis
2504 4228 2663 4285 simul
2718 4231 2931 4300 potuit,
2973 4231 3170 4300 quippe
3211 4228 3286 4285 uti
3335 4229 3493 4307 Deus
3538 4244 3691 4285 verus
3733 4232 3781 4282 et

2201 4329 2456 4386 aeternus,
2485 4320 2639 4377 sicuti
2671 4319 2927 4377 desinere
2955 4319 3140 4392 nequit
3165 4334 3286 4377 esse
3308 4322 3451 4392 quod
3482 4328 3584 4388 est,
3607 4321 3674 4376 ita
3693 4331 3781 4376 nec

2200 4413 2412 4470 initium
2466 4414 2665 4472 habere
2706 4417 2757 4472 in
2806 4422 3072 4486 tempore,
3102 4428 3278 4486 neque
3315 4415 3368 4470 in
3395 4423 3694 4471 creaturam
3712 4414 3781 4467 in-

2201 4511 2436 4568 trinsece
2456 4513 2651 4568 mutari
2679 4523 2840 4583 atque
2868 4511 3131 4585 progigni.
3161 4510 3346 4583 Itaque
3398 4526 3495 4583 per
3542 4512 3673 4567 hanc
3698 4522 3782 4563 na-

497 4593 789 4649 creandum
822 4596 1093 4663 universa,
1125 4611 1230 4652 non
1265 4605 1442 4653 tamen
1472 4596 1731 4653 altirmari
1757 4596 1980 4669 perinde
2002 4611 2099 4668 ρο·
2123 4583 2179 4646 Ῑ)
2205 4604 2463 4659 tivitatem
2494 4603 2637 4660 aliud
2670 4603 2911 4675 proiecto
2939 4606 3006 4661 ab
3028 4583 3351 4661 Arianorum
3379 4616 3541 4660 sensu
3563 4604 3779 4659 alienum

498 4689 598 4743 tuit
627 4685 769 4745 Deus
798 4699 950 4745 natus
989 4690 1053 4745 de
1103 4689 1233 4757 Deo,
1277 4699 1411 4746 tatus
1437 4694 1501 4746 de
1529 4702 1635 4746 toto
1659 4735 1674 4757 ,
1714 4700 1879 4747 totum
1920 4691 2098 4748 Patris

499 4780 712 4851 habens,
730 4791 994 4853 etc.,qu:e
1026 4784 1327 4841 locutiones
1356 4784 1653 4857 iisdemque
1676 4786 1933 4857 subjectae
1967 4800 2096 4843 sen-

498 4876 688 4931 tentia:
710 4874 776 4930 ad
804 4870 1049 4931 intimam
1077 4876 1707 4949 consubstantialemque
1734 4878 1853 4935 Filii
1876 4879 2097 4951 aequali-

502 4974 666 5022 tatem
694 4981 816 5023 cum
847 4966 1010 5024 Patre
1033 4967 1416 5025 adstruendam
1445 4968 1777 5029 acatholicis
1801 4983 2092 5045 usurpata,

502 5059 581 5114 uti
626 5061 961 5118 ostendimus
990 5061 1177 5119 adnot.
1217 5062 1250 5119 6
1294 5063 1626 5120 in‘eumdem
1660 5074 1821 5121 tract.
1852 5067 1886 5122 3
1907 5067 2095 5137 procul

503 5150 668 5209 dubio
706 5152 772 5209 ad
804 5154 1071 5209 internam
1109 5165 1475 5227 aeternamque
1525 5172 1588 5213 ac
1633 5159 1853 5229 proprie
1894 5159 2095 5216 dictam

502 5244 670 5301 divini
707 5244 868 5302 Verbi
896 5248 1301 5319 generationem
1337 5252 1629 5322 pertinent.
1659 5250 1796 5308 Vide
1824 5252 1925 5308 hac
1944 5250 2012 5308 de
2037 5266 2096 5310 re

501 5337 643 5412 apud
674 5338 951 5396 Petavium
983 5341 1243 5413 pluralib.
1264 5360 1319 5399 vr
1341 5343 1408 5401 de
1425 5340 1600 5410 Trin..
1627 5361 1747 5418 cap.
1776 5347 1863 5402 10.
1892 5344 2094 5402 Deinde

502 5431 777 5489 Zenonem
793 5432 940 5503 loqui
961 5435 1029 5491 de
1058 5436 1146 5491 illa
1170 5438 1544 5510 generatione,
1567 5455 1668 5512 qua
1695 5440 1834 5514 idem
1854 5439 2092 5497 Verbum

503 5526 755 5597 prodtvit,
791 5530 1193 5600 excogitatarum
1239 5540 1294 5585 ut
1334 5533 1564 5589 ordinem
1592 5535 1867 5590 instrueret
1899 5551 2093 5601 rerum,

503 5621 678 5688 palam
710 5631 796 5677 est
838 5637 905 5678 ex
936 5631 1162 5679 tractatu
1188 5623 1243 5680 5.
1293 5623 1442 5681 Hanc
1481 5636 1659 5683 autem
1689 5626 2095 5699 generationem

515 5716 680 5773 fuisse
702 5719 1293 5783 :eternammonsolnm
1324 5718 1523 5776 indicat
1555 5718 1643 5776 illa
1676 5735 1773 5776 vox
1802 5720 2096 5789 instrueret,

516 5828 619 5887 qua
647 5828 753 5871 non
785 5816 898 5888 ipsa
931 5814 1115 5890 mundi
1137 5819 1365 5890 creatio,
1394 5832 1514 5902 quae
1538 5818 1591 5887 in
1621 5824 1861 5899 tempore
1880 5800 2099 5888 accidit,

2206 4702 2409 4754 Auctor
2462 4699 2768 4764 intellexit,
2827 4697 2970 4769 quod
3029 4708 3207 4753 tamen
3250 4712 3374 4753 cum
3424 4697 3677 4754 creationi
3724 4707 3778 4751 ac

2204 4790 2429 4862 proinde
2474 4790 2897 4847 manifestationi
2928 4801 3168 4847 externa:
3197 4792 3557 4862 praecesserit,
3585 4790 3650 4846 ab
3678 4790 3779 4861 ipsa

2200 4885 2362 4941 etiam
2393 4883 2826 4941 manifestatione
2870 4883 3148 4940 diversum
3191 4897 3313 4939 esse
3352 4897 3578 4940 necesse
3604 4893 3700 4941 est.
3730 4878 3778 4937 Si

2203 4993 2366 5047 porro
2424 4992 2490 5033 ex
2541 4975 2624 5031 his
2673 4990 2780 5032 non
2839 4974 2999 5031 modo
3029 4976 3359 5031 creationem
3412 4972 3777 5046 Verbi,quam

2200 5069 2387 5126 Ariani
2416 5068 2723 5139 tinxerunt,
2757 5068 2850 5125 sed
2880 5078 2934 5125 et
2970 5066 3461 5125 manifestationem
3494 5078 3775 5131 externam,

2200 5180 2360 5235 quam
2425 5163 2610 5221 Bullus
2670 5163 3080 5231 subintellexit,
3142 5162 3443 5229 excludas,
3498 5159 3776 5233 temporale

2197 5255 2470 5328 quidpiam
2502 5257 2636 5313 nihil
2664 5261 2930 5330 suppetit,
2960 5257 3046 5314 cui
3093 5255 3211 5314 lucc
3251 5272 3283 5312 a
3324 5256 3547 5313 Zenone
3585 5260 3774 5312 asserta

2198 5350 2497 5420 generatio,
2530 5364 2703 5422 neque
2739 5348 3012 5421 prolatitio
3032 5349 3215 5415 verbo,
3252 5358 3311 5404 ut
3340 5348 3499 5420 paulo
3527 5359 3651 5404 ante
3676 5362 3778 5404 mo-

2202 5445 2420 5499 nuimus
2450 5487 2464 5511 ,
2518 5459 2819 5516 congruens
2852 5486 2866 5508 ,
2898 5444 3183 5500 tribuatur.
3217 5442 3429 5514 Aliquid
3462 5443 3622 5514 igitur
3639 5449 3779 5497 aeter-

2206 5550 2356 5600 num,
2382 5544 2436 5592 et
2474 5551 2504 5591 a
2554 5537 2723 5609 prima
2754 5534 2843 5591 illa
2886 5535 3233 5604 generatione
3285 5535 3464 5591 abdita
3492 5542 3548 5591 et
3592 5535 3778 5590 latente

2206 5630 2546 5703 aliquatenus
2599 5629 2870 5686 diversum
2903 5628 3272 5702 accipiendum
3298 5637 3416 5697 est,
3449 5638 3504 5685 et
3553 5629 3657 5683 tale
3678 5626 3779 5698 qui-

2210 5723 2356 5789 dem,
2409 5733 2467 5779 ut
2521 5722 2661 5779 idem
2692 5722 2931 5778 divinum
2964 5720 3223 5789 Verbum,
3254 5723 3353 5779 etsi
3381 5737 3508 5779 vere
3534 5723 3776 5795 genitum,

2210 5827 2272 5878 ut
2304 5817 2475 5878 Filius
2512 5816 2707 5886 Patris,
2764 5818 2817 5880 in
2844 5818 3109 5901 condendi
3142 5826 3321 5903 tamen
3348 5817 3494 5875 orbis
3524 5815 3789 5890 consilium
