3952 6320
108 329 177 381 93
995 320 1442 381 DlSSERTATIO
1483 322 1544 389 ll,
1586 323 1676 378 DF.
1715 322 1773 378 S.
1817 321 2107 379 ZENONIS
2149 322 2508 381 DOC'I'RINA.
3321 323 3390 382 94

107 442 328 514 prodire
379 442 635 511 potuerit,
684 449 738 494 ιιι
768 440 950 495 exinde
979 441 1193 494 visibilis
1225 441 1502 495 necessario
1529 441 1692 512 eﬂice-
1720 443 1766 502 Α
1799 440 1938 509 quod
1967 449 2154 511 aperte
2179 439 2230 494 iu
2257 457 2370 496 rem
2401 456 2553 496 suam
2584 440 2730 497 Zeno
2763 441 2902 496 idem
2931 439 3125 510 allegat
3153 450 3308 494 tract.
3336 441 3389 505 7,

106 544 249 588 retur
271 534 322 588 in
357 545 620 604 tempore,
649 548 766 587 cum
797 532 997 587 scilicet
1038 532 1207 587 orbem
1255 542 1401 588 teme
1430 543 1536 586 erat
1583 533 1693 601 ipse
1795 549 1942 588 num.
1976 533 2028 596 1,
2061 533 2324 603 originem
2351 533 2574 600 ducunt,
2610 534 2778 604 prima
2809 550 2876 590 ex
2906 534 2998 590 illo
3023 532 3392 588 Ecclesiastici

112 632 367 698 facturus.
400 627 604 696 Quibus
633 628 675 681 si
702 627 868 682 addas
929 626 1069 698 quod
1123 626 1217 682 Dei
1260 625 1423 682 Filius
1471 626 1686 691 exinde,
1795 642 1941 690 tmv,
1985 641 2126 680 vers.
2163 627 2224 681 5:
2258 625 2390 697 Ego,
2423 626 2472 680 id
2515 636 2595 681 est
2621 628 3003 698 Sapientia,“
3022 643 3109 681 ore
3131 625 3386 680 ditissimi

103 719 245 793 quod
278 719 472 790 prodiit
492 734 521 774 e
548 715 724 781 Patre.
756 718 967 773 visibilis
994 718 1280 773 necessario
1309 717 1531 773 ell‘cctus
1559 717 1691 772 dici-
1793 720 1994 788 pi'odivi
2019 762 2034 786 ,
2065 719 2234 774 altera
2262 735 2328 775 ex
2360 721 2452 775 illo
2484 721 2617 791 pSaI.
2649 738 2797 787 xciv,
2829 738 2972 777 vers.
3008 722 3066 776 ιε
3121 718 3390 774 Επιιειαι·ἰι

105 825 210 881 tur,
263 829 363 868 non
395 815 570 867 minus
607 813 726 884 quia
769 813 935 867 orbem
965 821 1114 865 terra:
1153 821 1259 865 erat
1282 811 1389 881 ipse
1433 814 1685 881 facturus,
1791 829 1879 868 cor
1921 829 2089 866 meum
2131 815 2335 867 verbum
2383 813 2587 867 bonum.
2653 812 2824 882 Quem
2863 822 3150 884 utrumque
3205 813 3384 869 locum

107 922 266 978 quam
294 906 408 975 quia
439 905 718 958 humanum
753 905 1048 959 visitaturus
1079 916 1186 959 erat
1217 920 1394 975 genus,
1429 918 1548 958 cum
1577 903 1686 957 sci-
1787 920 1908 961 cum
1939 905 2106 961 sancti
2136 905 2324 961 Patres
2355 905 2701 974 interpretari
2737 907 2847 960 fere
2877 905 3056 960 solent
3078 905 3144 960 de
3172 919 3383 961 arterno

102 1002 224 1056 licet
258 1001 539 1054 humanam
567 1011 808 1055 naturam
835 1000 1004 1054 induit
1034 1017 1045 1053 :
1079 998 1318 1068 profecto
1357 1000 1409 1053 in
1447 1015 1513 1055 eo
1535 1041 1549 1062 ,
1592 1013 1688 1069 per
1789 999 1883 1055 Dei
1916 998 2074 1065 Filio,
2122 998 2212 1072 qui
2243 999 2417 1055 Patris
2461 1000 2721 1069 sapientia
2753 1008 2806 1054 et
2833 998 3055 1054 verbum
3101 1008 3216 1064 est;
3267 1008 3382 1058 tum

103 1094 241 1165 quod
278 1095 363 1148 Dei
395 1092 565 1148 Filius
593 1093 825 1163 prodivit
865 1109 895 1148 c
929 1093 1102 1158 Patre,
1137 1092 1264 1165 nihil
1310 1092 1362 1146 in
1410 1094 1686 1147 creatione
1787 1111 1918 1151 vero
1948 1095 2015 1152 ad
2046 1094 2449 1151 condendarum
2498 1111 2677 1150 rerqu
2723 1093 3058 1150 creationem
3085 1134 3100 1158 ,
3164 1093 3232 1148 de
3276 1109 3378 1165 qua

102 1187 247 1242 orbis
271 1187 526 1257 genitum,
561 1185 643 1240 vel
684 1185 946 1254 prolatum
969 1226 982 1250 ,
1016 1193 1106 1237 aut
1138 1183 1556 1248 manifestatum,
1589 1182 1682 1237 sed
1785 1202 1972 1262 aperte
2005 1190 2362 1246 Ecclesiastici
2396 1187 2692 1260 prmscrtim
2724 1196 2802 1241 est
2831 1201 3010 1241 sermo
3037 1228 3050 1252 ,
3096 1196 3380 1256 utrumque

104 1289 355 1334 aeternum
411 1277 613 1347 aliquid
638 1271 1024 1332 adstruendum
1050 1289 1367 1346 cognosces,
1400 1274 1544 1331 unde
1575 1289 1661 1329 ιιοι

1794 1285 2099 1358 frequenter
2123 1285 2380 1339 referunt.
2417 1283 2482 1339 Et
2510 1298 2639 1339 sane
2666 1298 2787 1337 cum
2823 1297 2916 1350 per
2937 1280 3174 1334 divinum
3210 1280 3380 1335 Patris

103 1373 274 1427 minus
303 1373 499 1427 creatio
537 1372 718 1426 mundi
745 1388 902 1442 quam
951 1371 1250 1426 iucarnatio
1275 1370 1434 1425 Verbi
1461 1369 1678 1426 deriva-
1784 1381 2021 1437 verbum
2053 1379 2231 1435 omnia
2262 1389 2386 1432 ςυηι
2413 1377 2625 1432 condita
2650 1419 2665 1441 ,
2699 1385 2756 1430 ιη
2785 1391 2950 1429 sacrm
2977 1374 3183 1444 pagina}
3212 1373 3380 1443 ριυιί..

101 1466 251 1520 verit.
286 1465 338 1520 Id
369 1476 546 1519 autem
576 1477 832 1520 :ctcrnaui
864 1467 1189 1521 creationem
1216 1467 1514 1536 przcserlitn
1535 1465 1681 1519 orbis
1785 1474 1885 1530 bus
1916 1475 1967 1527 in
2001 1474 2135 1528 locis
2168 1481 2462 1536 testantur;
2496 1482 2605 1526 tum
2639 1488 2699 1526 ex
2743 1487 2832 1524 ore
2859 1469 3111 1523 Altissimi
3133 1468 3384 1539 prodiisse

103 1571 362 1629 spectans,
390 1558 456 1614 de
486 1575 589 1630 qua
625 1570 678 1613 et
709 1559 765 1616 S.
809 1558 955 1614 Zeno
1000 1560 1315 1629 expressius
1340 1575 1402 1613 ac
1453 1559 1680 1629 repetite
1784 1565 1887 1622 hoc
1914 1565 2151 1622 Verbum
2180 1568 2304 1635 jure
2335 1565 2548 1631 dicitur,
2583 1579 2688 1634 quo
2713 1563 2872 1618 Pater
2900 1578 2994 1633 per
3023 1561 3196 1632 ipsum
3229 1561 3381 1626 dixit,

101 1652 340 1723 loquitur,
361 1661 556 1706 etcum
582 1651 794 1707 Ariauis
818 1655 1081 1723 praecipua
1100 1651 1675 1721 versabaturqumstio,
1781 1671 1828 1715 ει
1845 1666 1979 1732 facta
2008 1669 2146 1725 sum,
2177 1669 2229 1714 ει
2256 1658 2359 1714 hoc
2385 1658 2607 1714 verbum
2641 1659 2752 1728 βαι,
2788 1657 2927 1728 (μιοά
2959 1673 3021 1710 επ
3045 1658 3198 1709 corde
3233 1672 3377 1709 "ac-

101 1759 148 1800 ct
193 1762 220 1800 a
254 1745 467 1801 Petavio
497 1756 687 1802 contra
737 1747 1009 1802 Zenonem
1064 1747 1340 1818 potissima
1390 1745 1676 1801 difficultas
1783 1755 1926 1820 tavit,
1955 1763 2038 1808 est
2076 1752 2203 1806 illud
2237 1753 2286 1807 in
2315 1768 2421 1824 quo
2449 1761 2502 1807 et
2527 1767 2644 1824 per,
2677 1750 2819 1822 quod
2849 1751 3026 1806 omnia
3056 1750 3197 1804 facta
3228 1759 3376 1804 sunt.

100 1841 294 1910 ίιιεεειει
332 1849 411 1895 εει
435 1857 450 1905 ;
477 1839 552 1908 id,
581 1840 822 1911 inquam,
853 1849 1112 1895 aeternum
1140 1841 1441 1910 cuiusmodi
1472 1841 1562 1910 sit,
1598 1841 1673 1894 iu-
1709 1854 1756 1914 Β
1783 1847 1950 1903 Porro
1978 1856 2035 1900 ιιι
2066 1846 2167 1901 hoc
2194 1846 2414 1902 verbum
2456 1845 2525 1900 sit
2568 1846 2682 1914 ipse
2712 1844 2876 1899 Filius
2910 1844 3000 1900 Dei
3032 1886 3046 1910 ,
3100 1859 3204 1898 non
3247 1843 3377 1898 illud

98 1934 301 2003 quirere
329 1944 377 1988 et
411 1936 743 1990 constituere
785 1935 1136 2005 sequentibus
1163 1935 1511 2006 paragrapbis
1534 1937 1671 1989 nite-
1782 1939 2116 2008 prolatitium
2151 1939 2372 1995 verbum
2396 1940 2509 2008 ﬁat,
2538 1938 2677 2009 quod
2706 1938 2920 2008 quidem
2942 1954 2969 1992 a
2994 1937 3104 1992 Deo
3124 1937 3174 1991 in
3195 1937 3378 1992 mundi

102 2043 253 2093 mur,
310 2026 809 2097 interpretationem
869 2028 1157 2083 all'ereutes
1209 2044 1274 2084 ex
1327 2028 1672 2100 antiquorum
1776 2032 2053 2086 creatione
2082 2031 2347 2100 prolatum
2382 2030 2621 2087 nonnulli
2654 2029 2856 2102 opinati
2892 2041 3036 2094 sunt,
3091 2038 3373 2084 externum

100 2119 300 2188 quidem
333 2119 548 2174 Patrum
585 2120 829 2176 doetrina
863 2122 1106 2190 petitam,
1145 2122 1238 2176 sed
1266 2138 1384 2192 qua:
1413 2139 1520 2177 non
1543 2126 1675 2178 Satis
1776 2141 1924 2192 sane,
1955 2137 2228 2192 creatum,
2259 2138 2312 2180 et
2347 2138 2586 2198 tempore
2614 2126 3085 2196 circumscriptum
3116 2125 3336 2180 verbum
3356 2165 3372 2192 ,

99 2215 347 2285 explicata
377 2215 442 2270 ab
463 2217 609 2283 aliis,
643 2232 736 2287 per
761 2233 856 2274 nos
882 2219 1038 2274 latius
1062 2219 1336 2291 aliquanto
1356 2221 1673 2292 exponenda
1774 2233 1897 2275 esse
1950 2219 2043 2275 Dei
2095 2217 2287 2272 Filium
2335 2220 2504 2273 sancti
2563 2219 2749 2273 Patres
2792 2218 3068 2286 accepisse
3117 2215 3374 2271 credendi

101 2319 192 2363 est.
1776 2320 1941 2376 sunt,
1976 2322 2033 2366 ut
2064 2322 2210 2368 recte
2252 2313 2462 2367 monuit
2486 2327 2547 2366 ac
2597 2311 2841 2383 probavit
2888 2311 3136 2365 Petavius
3177 2310 3270 2364 lib.
3324 2326 3375 2364 vr

167 2401 234 2457 De
263 2402 358 2455 hac
390 2418 516 2457 vero
556 2419 625 2458 ne
654 2405 778 2475 quid
811 2406 1154 2476 przclidenter
1181 2406 1422 2463 dicamus
1449 2449 1463 2473 ,
1506 2409 1676 2462 subti-
1775 2404 1843 2460 de
1861 2403 2145 2470 Trinitate,
2170 2421 2288 2477 cap.
2316 2407 2365 2472 ι,
2398 2417 2546 2460 nuru.
2594 2406 2623 2459 7
2652 2403 2825 2475 (Pauli
2865 2404 3008 2457 enim
3036 2402 3375 2458 Samosaleni

105 2497 272 2551 liorem
301 2497 512 2566 quidem
540 2513 659 2553 eam
695 2501 965 2555 nonnullis
1010 2503 1175 2556 videri
1203 2518 1360 2574 posse
1389 2505 1672 2566 sentimue,
1778 2500 1892 2553 lucc
1916 2498 2140 2554 lucresis
2160 2497 2275 2564 fuit,
2302 2501 2638 2568 prolatitium,
2657 2515 2758 2552 non
2777 2496 3148 2551 substantirum
3171 2496 3375 2550 verbum

102 2604 206 2658 qua:
241 2589 288 2643 in
317 2590 550 2646 Zenonis
581 2601 818 2646 mentem
852 2592 990 2647 haud
1019 2595 1280 2650 cecidisse
1301 2636 1315 2660 ,
1348 2611 1468 2650 cum
1497 2596 1672 2665 scrip-
1781 2593 1870 2648 Dei
1903 2592 2096 2648 Filium
2129 2592 2313 2648 dicere
2339 2633 2354 2657 ,
2405 2603 2461 2647 ut
2510 2601 2654 2663 patet
2694 2607 2759 2646 ex
2800 2590 3088 2647 Philastrio
3114 2606 3233 2657 cap.
3262 2591 3329 2645 65
3356 2631 3372 2657 ,

106 2681 184 2746 sit,
217 2683 383 2751 primo
411 2693 630 2753 aspectu
663 2684 934 2741 credatur.
988 2686 1042 2743 Si
1072 2702 1201 2742 vero
1246 2703 1351 2742 non
1409 2687 1675 2760 theologi-
1774 2688 2075 2758 Epiphanio
2108 2689 2300 2744 lucres.
2335 2688 2404 2743 65
2432 2729 2446 2753 ,
2500 2686 2667 2742 Mario
2697 2687 2996 2742 Mercatore
3039 2685 3091 2739 iu
3118 2685 3275 2754 epist.
3308 2684 3375 2739 de

105 2789 208 2828 cum
237 2777 515 2847 quamdam
548 2780 983 2854 exquisitamque
1014 2782 1130 2851 ejus
1172 2784 1548 2853 explicationis
1575 2785 1670 2840 de-
1774 2782 2090 2837 discrimine
2117 2782 2265 2836 Pauli
2295 2791 2349 2835 ct
2380 2779 2655 2852 Nestorii);
2687 2779 2780 2833 sed
2811 2778 3138 2833 intellexisse
3153 2777 3368 2832 dicendi

107 2867 348 2924 claranda:
384 2871 646 2928 rationem
677 2916 692 2940 ,
745 2891 864 2944 qua:
904 2876 1265 2930 recentiorum
1299 2877 1670 2949 theologorum
1775 2885 1901 2931 sunt
1926 2875 2069 2930 aliud
2093 2876 2315 2929 verbum
2345 2875 2662 2939 interius,et.
2691 2871 3081 2933 substantivum,
3117 2871 3193 2925 uti
3219 2881 3375 2925 vocat
3431 2943 3443 2960 ἱ

107 2959 325 3016 formulis
373 2977 433 3020 ac
464 2965 720 3022 methodo
767 2969 936 3039 magis
977 2985 1135 3040 quam
1181 2979 1422 3027 veterum
1451 2970 1668 3026 Patrum
1774 2967 2102 3024 thbadius
2134 2968 2272 3022 libro
2296 2979 2482 3023 contra
2515 2967 2773 3031 Arianos,
2807 2981 2926 3036 pag.
2976 2965 3081 3020 504
3108 3005 3122 3029 .
3151 2975 3282 3020 tom.
3319 2981 3373 3021 tv

106 3053 409 3124 simplicitati
439 3059 725 3130 congruit,
771 3061 863 3116 sed
893 3078 1003 3117 rem
1036 3062 1205 3133 ipsam
1230 3102 1247 3130 ,
1296 3080 1414 3134 quas
1445 3066 1544 3121 sub
1574 3065 1672 3121 hac
1775 3061 1913 3118 Bibl.
1951 3063 2011 3118 P.
2049 3063 2107 3117 P.
2138 3105 2152 3127 ,
2183 3079 2288 3134 quo
2334 3063 2540 3116 scilicet
2571 3061 2728 3116 Pater
2769 3076 2951 3115 secum
2995 3061 3110 3130 ipse
3157 3061 3206 3115 in
3237 3060 3374 3116 Filio

105 3150 436 3217 explicatione
463 3152 850 3224 designabitur,
882 3171 1151 3228 quamque
1185 3174 1340 3213 unam
1369 3174 1396 3213 a
1429 3158 1662 3224 Zenone,
1776 3156 2039 3234 loquens,
2090 3159 2158 3213 de
2184 3158 2419 3213 creando
2451 3157 2652 3213 mundo
2677 3159 2743 3210 ab
2775 3167 2981 3211 aeterno
3011 3156 3365 3212 deliberavit:

106 3240 210 3295 aliis
237 3241 352 3300 licet
394 3247 568 3302 verbis
593 3290 607 3314 ,
652 3261 1080 3321 prmconceptatu
1116 3252 1354 3322 satisque
1383 3255 1668 3310 indicatam
1699 3242 1740 3305 C
1775 3265 1838 3304 cx
1869 3249 2028 3318 hujus
2058 3250 2202 3306 enim
2232 3249 2468 3306 mandati
2491 3250 2678 3304 mlct'ni
2717 3249 2987 3305 locutione
3014 3247 3210 3303 factum
3247 3257 3329 3304 est
3356 3289 3370 3314 ,

107 3335 447 3406 ostendemus,
482 3340 792 3413 diligentius
821 3344 1156 3412 consideres,
1193 3347 1402 3412 lector;
1440 3347 1579 3403 idem
1620 3358 1672 3402 ct
1774 3353 1831 3395 ut
1862 3351 2001 3396 stato
2030 3341 2259 3396 subinde
2290 3354 2530 3411 tempore
2554 3341 2781 3395 mundus
2811 3350 3106 3406 creari-tur,
3139 3356 3200 3394 ac
3233 3341 3373 3394 Deus

109 3425 218 3482 illud
263 3441 516 3486 azternum
569 3437 845 3492 creatione
892 3439 1075 3492 mundi
1121 3440 1496 3510 prospiciens,
1527 3440 1670 3512 quod
1774 3437 1890 3506 ipse
1933 3451 1998 3491 ac
2048 3437 2137 3490 Dei
2189 3435 2420 3490 Verbum
2450 3436 2623 3491 eidem
2669 3435 2870 3488 mundo
2912 3435 3366 3488 manilestaretur.

110 3521 500 3580 manifestationi
541 3528 757 3597 quidem
787 3539 1029 3586 externa:
1055 3546 1269 3586 causam
1303 3532 1448 3587 dedit
1475 3574 1488 3596 ,
1523 3542 1576 3587 at
1606 3533 1672 3587 ab
1774 3529 1886 3585 [loc
1914 3544 2043 3583 vero
2074 3529 2275 3584 decreti
2304 3530 2490 3584 aeterni
2518 3528 2751 3583 Verbum
2778 3543 2840 3581 ex
2867 3543 2954 3582 ore
2978 3526 3225 3580 Altissimi
3250 3543 3370 3596 pro-

115 3613 208 3681 ipsa
235 3628 447 3672 externa
481 3619 910 3678 manifestatione
939 3623 1250 3679 distinctum
1286 3635 1366 3679 est
1391 3665 1406 3693 ,
1438 3625 1672 3694 anl‘quis
1773 3622 1927 3676 diisse
1961 3637 2056 3692 per
2095 3622 2391 3691 analogiam
2425 3634 2742 3678 czcterorutu
2801 3623 3089 3678 verborum
3135 3623 3366 3687 dicitur;

111 3704 331 3763 Patribus
360 3713 659 3782 cognitum,
687 3724 741 3770 et
771 3731 868 3786 pro
898 3717 1012 3787 ipso
1039 3718 1222 3773 divino
1240 3717 1420 3771 Verbo
1446 3760 1460 3784 ,
1489 3732 1551 3772 ac
1577 3731 1672 3786 pro
1771 3717 1867 3772 sed
1899 3733 1961 3771 ex
1998 3717 2209 3772 interno
2239 3718 2435 3771 mentis
2459 3757 2475 3784 ,
2509 3728 2563 3771 ut
2595 3717 2664 3771 ita
2695 3718 2978 3788 loquamur
3003 3758 3018 3781 ,
3062 3732 3158 3770 ore
3192 3716 3370 3788 prela-

109 3797 260 3854 divina
286 3807 511 3873 quadam
537 3809 691 3864 Verbi
722 3811 1066 3880 generatione
1093 3811 1333 3865 habitum
1356 3810 1668 3881 perspicies,
1774 3819 1909 3874 tum,
1944 3810 2078 3865 nihil
2105 3823 2186 3866 est
2213 3811 2597 3877 dubitandum;
2629 3829 2694 3868 ex
2725 3829 2790 3867 eo
2818 3813 3022 3869 scilicet
3049 3828 3145 3868 ore
3172 3813 3369 3868 divina:

109 3892 226 3958 quod
258 3900 439 3965 partim
471 3899 517 3972 §.
549 3901 889 3973 4,sequenti,
922 3903 1220 3973 praesertim
1253 3921 1316 3959 ex
1345 3905 1668 3975 Augustino,
1775 3904 1994 3970 mentis,
2019 3904 2083 3959 ad
2105 3921 2263 3976 quam
2295 3905 2566 3975 Sapientia
2595 3909 2848 3975 pertinet,
2879 3924 2999 3962 cum
3031 3910 3237 3963 scilicet
3269 3909 3368 3962 Pa-

112 3989 273 4050 partim
305 3988 331 4060 ς
359 3992 388 4046 7
444 4005 496 4048 et
526 3993 580 4060 8,
615 4011 680 4049 ex
711 3995 830 4050 aliis
862 3995 1111 4051 Patrihus
1169 3998 1341 4066 palam
1374 3998 1491 4052 liet:
1537 3998 1671 4056 nihil
1776 4006 1866 4051 ter
1888 3997 2144 4052 mundum
2177 3999 2490 4053 conditurus
2516 4041 2528 4062 ,
2563 4000 2888 4068 Sapientiam
2937 4000 3081 4054 illam
3112 4042 3125 4058 .
3153 4016 3272 4069 qua:
3313 4002 3364 4055 in

110 4074 407 4137 difﬁcultatis
433 4099 553 4140 esse
585 4087 808 4157 poterit,
851 4105 956 4159 quo
989 4090 1164 4143 minus
1195 4089 1252 4146 S.
1287 4090 1561 4147 Zenonem
1595 4092 1669 4146 si-
1773 4091 2252 4148 mundicreatioue
2281 4094 2512 4148 maxime
2546 4095 2740 4158 eluxit,
2775 4095 3007 4166 quodam
3043 4095 3202 4150 modo
3231 4097 3366 4150 etui-

111 4172 230 4226 milia
260 4179 484 4236 sensisse
514 4196 577 4236 ac
609 4181 894 4238 tradidisse
923 4183 1015 4239 tibi
1049 4186 1393 4255 persuadeas,
1421 4203 1541 4242 cum
1573 4201 1672 4258 po-
1773 4187 1865 4254 sit,
1893 4184 2172 4242 decretum
2198 4187 2328 4244 illud
2354 4230 2369 4254 ,
2402 4190 2446 4244 si
2477 4189 2547 4244 ita
2580 4189 2720 4256 loqui
2751 4189 2828 4244 l'as
2857 4200 2958 4254 est,
2991 4191 3366 4261 pronuntians,

112 4265 337 4324 tissimum
367 4275 482 4342 ejus
503 4274 665 4330 verba
696 4277 803 4332 alia
845 4276 1076 4349 (utmox
1101 4278 1332 4336 diximus
1356 4322 1372 4347 ,
1427 4289 1483 4338 et
1511 4281 1670 4352 paulo
1775 4290 1831 4336 ut
1858 4297 1926 4336 ex
1963 4282 2183 4337 aeternis
2215 4282 2324 4338 illis
2371 4283 2665 4338 rationibus
2713 4292 2767 4337 et
2815 4284 2865 4338 in
2916 4298 3037 4338 etim
3075 4283 3317 4338 ordinem
3350 4326 3364 4350 ,

112 4370 211 4425 p03t
237 4365 423 4432 patebit
455 4369 618 4426 etiam
652 4371 1001 4441 luculentius)
1031 4373 1286 4443 explicari
1317 4376 1528 4430 ratione
1561 4393 1666 4434 non
1772 4389 1930 4444 quem
1959 4374 2139 4429 divina
2180 4375 2440 4442 sapientia
2473 4375 2650 4432 Verbo
2683 4377 2951 4446 prmeipue
2997 4378 3193 4432 tributa
3236 4394 3364 4447 pro-

115 4455 306 4517 Pnssint.
353 4459 619 4519 Cmterum
661 4464 706 4520 si
751 4465 871 4536 quis
895 4465 1069 4520 adhuc
1108 4465 1244 4522 Bulli
1275 4467 1671 4540 interpretatio-
1775 4466 1892 4519 tulit
1923 4465 2011 4535 (de
2034 4481 2137 4536 qua
2165 4482 2222 4522 re
2244 4465 2359 4536 lege
2389 4465 2673 4545 Origenem
2708 4477 2837 4523 tom.
2865 4484 2922 4531 ιι,
2950 4470 3000 4521 iu
3031 4467 3211 4533 Joan.,
3246 4484 3366 4540 pag.

113 4559 210 4600 nem
233 4553 472 4619 pra-ferre
501 4557 671 4627 malit,
707 4574 828 4615 cum
858 4559 971 4615 lucc
993 4561 1127 4616 satis
1160 4565 1211 4618 in
1247 4572 1358 4620 luto
1393 4576 1553 4634 ponat
1579 4581 1668 4620 ca-
1775 4557 1900 4628 165)
1933 4559 2166 4614 mundus
2195 4568 2494 4623 crearetur.
2528 4561 2638 4614 lloc
2670 4575 2832 4630 porro
2857 4561 3143 4630 Sapientiae
3175 4562 3367 4618 divinae

112 4634 324 4700 tholicam
358 4650 603 4705 Auctoris
632 4655 983 4718 sententiam,
1017 4653 1155 4710 haud
1191 4657 1456 4714 morosius
1487 4660 1667 4715 reluc-
1694 4643 1745 4703 Ῑ)
1771 4649 2048 4706 decretum
2079 4667 2141 4705 επ
2165 4651 2320 4706 corde
2347 4662 2631 4706 ενυεεαιυηι
2651 4653 2772 4723 iure
2794 4655 2955 4709 θιίηηι
2983 4654 3178 4710 diem"
3201 4698 3214 4720 ν
3243 4671 3365 4712 cum

113 4729 326 4822 labimur.
383 4740 686 4814 Explicatio
716 4754 894 4802 tamen
927 4757 1109 4804 nostra
1143 4747 1285 4805 haud
1325 4752 1526 4807 inutilis
1569 4768 1664 4822 pro
1769 4759 2122 4815 (ιυωοιιιιιιιιιθ
2144 4744 2324 4800 (“Vim
2355 4745 2573 4800 dcerem
2603 4762 2688 4801 res
2704 4748 3075 4818 ευηιῖηεειιιεε
3098 4761 3362 4820 ερεοιεηι.

115 4821 201 4878 illis
225 4828 372 4888 fuerit
398 4879 412 4900 ,
445 4838 533 4908 qui
565 4837 718 4894 Bullo
746 4855 811 4894 ex
847 4841 1134 4912 propositis
1183 4858 1276 4911 per
1307 4858 1404 4899 nos
1431 4821 1663 4900 ditlieul.
1767 4853 1833 4894 ex
1866 4839 2031 4893 libera
2068 4839 2159 4895 Dei
2189 4839 2462 4896 voluntate
2492 4840 2754 4912 prodeant
2784 4885 2798 4908 ,
2847 4857 2911 4900 ac
2954 4845 3178 4916 proinde
3215 4846 3364 4900 cordi

115 4918 276 4975 tatibus
304 4941 630 5002 nequaquam
655 4933 1104 5004 acquiescendum
1138 4935 1468 4991 existiment.
1767 4930 2092 4986 llibllanlur-

1842 5024 1921 5081 Ne
1944 5040 2072 5080 vero
2101 5026 2442 5082 arbitrarium
2471 5027 2573 5084 hoc
2601 5039 2846 5085 nostrum
2880 5031 3154 5086 inventum
3184 5043 3362 5103 putes,

1771 5119 1942 5175 leetor
1975 5161 1990 5186 ,
2038 5135 2161 5175 cum
2203 5120 2445 5176 divinum
2498 5120 2599 5177 hoc
2646 5124 2956 5180 mandatum
2986 5125 3076 5181 Dei
3110 5125 3302 5182 Filiqu
3335 5141 3364 5180 a

1769 5211 1986 5268 Zenone
2012 5212 2250 5268 habitum
2277 5216 2610 5284 interpretati
2637 5232 2851 5281 sumus;
2886 5217 3012 5272 illud
3036 5220 3210 5286 primo
3235 5237 3366 5274 con-

174 5285 287 5382 lluic
326 5294 747 5368 interpretationi
795 5299 969 5355 lucem
1020 5301 1310 5371 prrelerant
1349 5301 1468 5357 duze
1515 5302 1620 5360 ilhc
1644 5347 1661 5372 ,
1767 5307 1941 5362 sidera
1964 5323 2069 5362 non
2100 5308 2201 5362 alia
2236 5308 2334 5380 (ut
2378 5308 2530 5364 nobis
2555 5309 2767 5378 quidem
2798 5310 3044 5382 videtur)
3075 5328 3233 5380 quam
3268 5315 3366 5367 hac

118 5378 276 5473 quibus
298 5385 347 5441 S.
374 5387 513 5444 Zeno
539 5390 731 5456 utitur,
763 5389 1033 5458 formulae,
1068 5394 1264 5464 quibus
1295 5394 1431 5461 hanc
1463 5410 1660 5450 secun-
1768 5399 2022 5468 explicari
2052 5378 2260 5455 ratione
2290 5399 2482 5454 melius
2536 5415 2728 5472 posse,
2788 5403 2930 5473 quod
2989 5378 3039 5458 in
3072 5378 3366 5472 Seripturis

118 5466 214 5525 dam
237 5517 250 5540 ,
289 5491 336 5532 ιιι
368 5481 434 5534 ita
466 5482 712 5537 dicamus
737 5524 750 5548 ,
799 5482 1131 5539 nativitatem
1182 5485 1444 5556 explicat:
1492 5487 1658 5542 altera
1767 5491 1965 5560 sacpius
2006 5491 2290 5560 ingeritur,
2326 5493 2502 5547 omnia
2551 5492 2686 5548 facta
2711 5492 2874 5550 fuisse
2904 5495 2954 5549 in
2982 5495 3163 5550 Verbo
3189 5505 3240 5548 et
3269 5510 3364 5564 per

121 5567 259 5619 tractu
287 5569 316 5624 4
341 5589 354 5625 :
383 5570 552 5630 Patris
579 5591 643 5629 ex
673 5591 760 5628 ore
781 5575 1041 5645 prodivit:
1069 5577 1236 5633 altera
1271 5588 1428 5634 tract.
1463 5580 1524 5636 5:
1560 5580 1660 5635 Pa-
1770 5581 2003 5637 Verbum
2033 5626 2047 5646 ,
2082 5583 2223 5652 quod
2253 5593 2307 5637 et
2345 5600 2410 5639 ex
2443 5601 2536 5640 ore
2569 5586 2824 5640 Altissimi
2857 5586 3117 5656 prodiisse
3142 5627 3157 5650 ,
3203 5595 3258 5641 et
3297 5603 3364 5655 ex

120 5657 422 5754 ῐεξςενεςίοηε
444 5666 611 5719 cordis
633 5675 826 5719 eructat
857 5665 1095 5722 Verbum.
1133 5667 1222 5723 Ilte
1253 5669 1495 5725 formula:
1517 5671 1657 5738 apud
1766 5675 1929 5729 corde
1956 5674 2128 5728 Patris
2158 5685 2454 5730 eructatum
2484 5694 2547 5732 ex
2601 5679 2843 5732 indicatis
2897 5680 3020 5731 item
3067 5679 3363 5746 Scriptura:

123 5741 230 5850 ξἠθθ
254 5765 448 5825 (ιιιοηυθ
477 5755 666 5812 Ρέιιΐθε
693 5799 706 5823 ι
757 5773 876 5814 cum
919 5763 986 5817 de
1013 5761 1193 5822 (Ιίνίηο
1229 5763 1402 5822 Verbo
1431 5766 1659 5836 loquun-
1768 5767 2096 5823 testimoniis
2127 5769 2471 5841 quamplures
2502 5769 2692 5824 Patres
2715 5783 2834 5824 cum
2864 5769 3078 5823 Zenone
3122 5769 3357 5850 afﬁrma-

122 5839 208 5903 “"a
237 5845 442 5916 insuaue,
473 5867 539 5921 ex
569 5852 769 5922 duplici
801 5870 966 5917 sacra:
993 5856 1280 5934 Scriptura:
1315 5859 1658 5938 testimonio,
1769 5875 1912 5942 runt.
1950 5839 2158 5936 Deinde
2177 5873 2362 5934 notum
2387 5873 2471 5931 est
2497 5863 2782 5934 theologis,
2802 5877 2906 5934 non
2927 5877 2989 5930 ea
3015 5865 3213 5943 solum,
3237 5845 3362 5967 quas

116 5048 318 5134 [tum]
335 5061 359 5133 θ
375 5062 438 5121 IV
450 5097 536 5120 .—
554 5067 681 5122 Vera
698 5067 1011 5124 lenoniam:
1027 5071 1301 5126 locutionis
1318 5074 1665 5143 interpretatio

707 5164 1004 5232 exponitur.
