3998 6332
549 331 623 391 95
1941 326 2472 384 rnoaeconnm.
3735 339 3787 391 iiii

3737 363 3789 392 ὶίυ

553 449 837 522 sapientize
881 458 1038 515 sunt,
1087 447 1355 519 praecipua
1384 448 1596 503 ratione
1639 445 1800 502 tribui
1841 445 2023 500 divino
2054 443 2148 499 illo
2175 447 2231 507 Λ
2255 443 2460 516 Deique
2487 446 2757 501 consilium
2781 489 2796 513 ,
2853 447 3045 503 Graece
3073 455 3250 502 autem
3281 449 3456 522 βουλὴν
3479 494 3492 514 ,
3539 453 3794 524 saepissime

555 542 758 611 Verbo,
781 541 922 614 quod
945 541 1118 596 Patris
1134 539 1407 612 Sapientia
1441 541 1494 596 in
1522 541 1692 597 sacris
1716 540 1930 596 Litteris
1957 539 2155 594 dicitur

556 633 725 707 (unde
747 633 875 689 illud
905 632 1096 705 psalmi
1119 647 1245 688 cut:
1274 632 1460 687 Omnia
1478 633 1531 687 in
1551 632 1821 701 Sapientia
1847 632 2012 703 fecisti
2034 629 2155 701 plu—

557 742 646 784 res
675 728 1097 796 interpretantur
1127 728 1180 780 in
1207 725 1370 792 Filio,
1402 740 1561 797 quem
1590 724 1804 794 quidem
1835 723 2159 794 Sapientiam

557 821 784 876 omnium
808 820 1078 890 artiﬁcem,
1106 817 1234 890 Sap.
1252 835 1344 886 vn,
1360 819 1423 874 Ἥ
1437 860 1453 886 ,
1469 816 1791 888 appellatum
1807 813 2158 887 intelligunt),

558 913 653 970 sed
683 913 772 968 illa
795 928 1031 984 quoque,
1058 927 1177 984 qua:
1208 912 1274 968 ad
1305 913 1599 983 potentiam
1643 911 1950 980 pertinent,
1984 908 2162 964 eidem

558 1006 740 1062 Verbo
773 1006 1047 1072 vindicari,
1083 1005 1382 1075 utproinde
1409 1005 1588 1060 omnia
1616 1020 1723 1060 non
1757 1002 1918 1060 modo
1946 1004 2000 1057 in
2027 1004 2162 1074 ipso,

561 1102 642 1156 uti
672 1101 944 1172 Sapientia
972 1099 1069 1156 Dei
1095 1109 1198 1166 est,
1241 1100 1336 1156 sed
1361 1117 1450 1170 per
1473 1101 1640 1173 ipsum
1671 1099 1833 1154 etiam
1854 1139 1868 1161 ,
1903 1098 1977 1153 uti
2007 1099 2166 1152 virtus

562 1203 650 1250 est
681 1194 797 1260 Dei,
828 1194 1042 1250 condita
1063 1195 1116 1249 in
1141 1194 1434 1265 Scripturis
1455 1193 1724 1259 dicantur,
1745 1193 1982 1263 illudque
2005 1208 2167 1263 prop-

566 1297 714 1344 terea
728 1287 1003 1358 apostolus
1029 1287 1225 1343 Paulus
1243 1287 1264 1343 Ι
1285 1288 1407 1343 Cor.
1426 1305 1462 1348 ι,
1485 1287 1578 1352 24,
1602 1284 1700 1341 Dei
1720 1287 1977 1352 virtutem,
1996 1294 2050 1342 et
2071 1283 2169 1340 Dei

565 1384 870 1457 sapientiam
887 1383 1105 1452 speciali
1128 1382 1360 1453 quodam
1384 1383 1598 1438 nomine
1610 1380 1864 1452 appellet.
1890 1380 2050 1434 Plura
2069 1379 2170 1434 Pa-

569 1485 709 1532 trum
731 1477 1037 1533 teSIitnonia
1054 1477 1104 1532 in
1124 1476 1402 1546 utriusque
1417 1475 1794 1546 appellatioiiis
1806 1472 2171 1530 confirmatio-

568 1585 712 1639 nem,
742 1569 962 1644 [uxxv]
995 1569 1116 1626 vitle
1137 1570 1276 1640 apud
1306 1569 1581 1624 Petavium
1613 1569 1706 1624 lib.
1736 1583 1769 1621 v
1797 1568 1864 1624 de
1912 1567 2024 1623 Deo
2049 1582 2168 1638 cap.

570 1664 626 1733 8,
651 1680 800 1720 num.
833 1667 886 1733 '5,
915 1665 1004 1720 ubi
1028 1665 1094 1722 de
1121 1665 1356 1736 potentia
1375 1664 1616 1729 disserit,
1647 1672 1700 1720 et
1720 1663 1816 1720 lib.
1845 1679 1924 1730 tv,
1958 1677 2079 1732 cap.
2113 1660 2170 1727 2,

570 1773 780 1816 necnon
811 1759 906 1816 lib.
957 1775 1006 1816 vt
1062 1759 1130 1816 de
1158 1758 1443 1825 Trinitate,
1471 1773 1590 1830 cap.
1619 1757 1674 1825 9,
1710 1757 1798 1812 ubi
1828 1756 2066 1828 disputat
2103 1755 2173 1810 de

2258 548 2486 594 vocant:
2538 538 2682 608 quod
2713 549 3000 609 utrumque
3025 539 3200 595 innuit
3224 540 3645 624 decretum‘illud
3666 556 3796 603 aeter-

2261 647 2387 686 num
2415 671 2429 696 ,
2474 632 2774 686 mandatunt
2803 631 2871 686 ab
2902 632 3010 687 illis
3042 642 3286 688 vocatum
3317 676 3332 699 ,
3372 650 3473 706 quo
3499 635 3657 691 omnia
3683 647 3799 693 stato

2263 731 2508 795 tempore
2530 725 2581 778 in
2615 723 2752 779 Filio
2778 734 2834 780 et
2861 740 2957 794 per
2987 724 3184 780 Filium
3213 725 3420 780 condita
3447 737 3595 783 sunt:
3624 738 3670 784 et
3689 731 3802 786 sicut

2265 814 2368 870 hoc
2412 817 2690 872 decretum
2717 859 2732 882 ,
2784 817 2854 870 ita
2884 825 2941 872 et
2984 818 3156 886 ipsum
3207 818 3431 873 Verbum
3463 830 3566 874 tum
3593 821 3649 874 de
3679 823 3803 877 corde

2266 917 2550 962 cruciatum
2575 953 2589 976 ,
2628 921 2738 964 tum
2765 927 2831 964 ea:
2856 927 2944 965 ore
2964 910 3214 964 Altissinti
3259 911 3499 982 prodiisse
3522 911 3616 967 dici
3645 916 3800 984 potuit.

2271 999 2534 1056 Utralibct
2559 1011 2738 1056 autem
2766 1001 2998 1057 formula
3026 1005 3194 1059 utaris
3214 1045 3228 1067 ,
3260 1006 3523 1075 processio
3547 1014 3597 1061 et
3621 1021 3805 1076 genera-

2273 1094 2346 1147 tio
2373 1093 2617 1164 qua'dam
2651 1093 2813 1149 Verbi
2847 1095 3257 1166 signiﬁcabitur,
3290 1107 3558 1169 propterea
3585 1099 3708 1169 quod
3732 1117 3809 1172 per

2273 1184 2377 1241 hoc
2402 1187 2677 1242 decretum
2712 1187 2877 1242 Filius
2907 1189 2998 1245 Dei
3044 1191 3356 1246 relationem
3399 1191 3576 1246 habuit
3598 1192 3656 1246 ad
3682 1207 3807 1248 crea.

2277 1288 2424 1336 tttras
2450 1323 2465 1349 ,
2515 1298 2675 1352 quam
2711 1283 2787 1337 uti
2817 1299 3003 1338 merus
3028 1284 3193 1339 Filius
3233 1285 3282 1338 in
3325 1286 3441 1339 sinu
3473 1285 3636 1340 Patris
3673 1287 3812 1342 latens

2275 1390 2381 1430 non
2413 1376 2618 1442 habuit,
2639 1377 2722 1432 vel
2751 1376 3004 1434 habuisse
3034 1394 3139 1432 non
3162 1379 3478 1450 concipitur,
3500 1379 3562 1434 de
3581 1396 3675 1451 quo
3691 1382 3810 1451 plura

2276 1468 2616 1540 paragrapho
2665 1473 2942 1538 sequenti;
2995 1471 3152 1541 cujus
3201 1473 3386 1527 :rterni
3437 1473 3626 1529 decreti
3655 1475 3813 1530 virtute

2277 1575 2398 1616 cum
2446 1562 2692 1617 divinum
2747 1563 2980 1618 Verbum
3034 1565 3191 1620 nobis
3221 1566 3607 1621 manifestatum
3647 1567 3708 1621 sit
3737 1583 3815 1622 suo

2280 1664 2562 1727 tempore,
2611 1657 2750 1713 hanc
2797 1670 3077 1714 externam
3123 1675 3337 1730 quoque
3382 1660 3815 1718 manifestationetn

2278 1747 2368 1802 alii
2419 1748 2608 1805 Patres
2656 1751 3061 1821 generationem
3114 1753 3544 1822 nativitatemque
3577 1753 3817 1825 quamdam

571 1850 883 1923 Sapientia;
933 1851 1077 1908 unde
1134 1854 1296 1908 etiam
1355 1852 1619 1908 rationem
1651 1850 1872 1922 colliges
1922 1866 2020 1905 cur
2057 1848 2175 1904 htec
2206 1846 2253 1905 B
2284 1841 2442 1896 Verbi
2518 1843 2896 1914 appellandam
2965 1844 3192 1910 duxere,
3220 1843 3550 1918 Chrysolngo
3593 1846 3819 1902 scribente

573 1943 681 2000 duo
707 1943 901 1999 divina:
931 1955 1135 2000 naturae
1175 1942 1431 2000 attributa
1468 1944 1639 2000 tribus
1664 1943 1909 2014 personis
1931 1956 2175 1997 commu-

524 2100 527 2102 _
575 2036 688 2103 nia,
710 2035 893 2091 divino
919 2037 1102 2094 Verbo
1128 2037 1396 2107 praecipue
1420 2037 1748 2093 tribuantur.
1771 2035 1941 2090 Porro
1959 2035 2002 2088 si
2027 2049 2174 2088 man-

577 2127 760 2183 datum
784 2128 916 2183 illud
946 2139 1205 2184 internum
1236 2129 1303 2185 de
1342 2128 1579 2185 creando
1601 2127 1802 2183 mundo
1828 2128 1880 2183 in
1905 2126 2179 2198 Sapientia

579 2221 930 2277 constitutum
963 2222 1060 2277 fuit
1091 2265 1105 2289 ,
1139 2231 1204 2279 'et
1242 2225 1482 2278 virtutem
1512 2222 1698 2277 habuit
1729 2264 1744 2289 ,
1772 2239 1875 2293 qua
1917 2223 2095 2278 omnia
2125 2221 2180 2277 in

583 2323 829 2384 tempore
875 2306 1090 2370 condita
1142 2324 1306 2382 sunt;
1354 2314 1510 2371 facile
1542 2314 1786 2386 profecto
1823 2315 2136 2386 intelligitur
2163 2356 2177 2380 ,

582 2405 824 2463 divinum
854 2406 1115 2475 Verbum,
1168 2407 1310 2480 quod
1343 2407 1442 2464 Dei
1483 2410 1641 2464 virtus
1681 2407 1876 2481 Deique
1926 2410 2180 2481 sapientia

581 2502 802 2572 speciali
842 2503 1048 2558 ratione
1092 2502 1292 2559 dicitur
1322 2545 1336 2569 ,
1379 2505 1654 2576 praecipuo
1705 2505 1907 2576 pariter
1963 2503 2182 2560 nomine

581 2594 879 2647 mandatum
912 2593 1042 2649 illud
1068 2609 1226 2665 posse
1252 2594 1513 2666 appellari
1540 2637 1556 2661 ,
1587 2595 1732 2666 quod
1775 2611 1896 2652 cum
1931 2596 2088 2652 Pater
2115 2595 2183 2651 ab

583 2697 790 2743 aeterno
817 2686 984 2743 edidit
1011 2730 1025 2754 ,
1069 2688 1311 2744 divinum
1341 2688 1576 2746 Verbum
1607 2689 1840 2760 quodam
1871 2689 2032 2744 modo
2071 2690 2183 2744 edi-

583 2778 728 2835 disse
753 2794 814 2834 ac
841 2781 1094 2850 genuisse
1120 2781 1228 2837 dici
1257 2792 1439 2854 queat.
1489 2783 1642 2838 Enim
1683 2797 1813 2838 vero
1854 2785 2185 2856 Augustinus

585 2888 730 2930 serm
751 2914 763 2926 .
799 2873 903 2930 120
927 2916 942 2940 ,
973 2891 1124 2931 num.
1153 2875 1187 2931 6
1213 2919 1228 2944 ,
1259 2877 1447 2947 probat
1488 2878 1581 2932 Dei
1613 2877 1806 2932 Filium
1850 2894 1971 2934 esse
2011 2880 2184 2948 ipsum

587 2968 764 3025 Patris
792 2970 1123 3033 mandatum.
1157 2988 1260 3025 non
1287 2989 1319 3025 a
1346 2981 1572 3040 tempore
1607 2972 1808 3038 datum,
1849 2974 1938 3028 sed
1964 2975 2180 3028 manda-

588 3074 696 3119 tum
726 3073 926 3118 natum.
969 3063 1237 3132 Quomodo
1275 3067 1536 3121 enimnon
1575 3077 1648 3120 est
1679 3067 1976 3121 mandatum
2018 3067 2188 3121 Patris

591 3159 802 3230 inquit,
837 3159 976 3230 quod
1002 3168 1073 3213 est
1109 3157 1326 3214 Verbum
1364 3159 1577 3217 Patris?
1625 3162 1692 3216 Et
1731 3170 1956 3217 tractatu
1987 3161 2053 3217 2|
2085 3205 2098 3226 ,
2129 3163 2184 3218 in

2278 1947 2446 1989 serm.
2479 1934 2571 2002 62,
2605 1934 2672 1990 de
2706 1935 3004 2008 Symbolo:
3056 1935 3217 1992 Pater
3247 1935 3440 1992 Filium
3465 1950 3653 2011 generat
3673 1938 3820 2006 nobis,

2279 2029 2402 2084 dum
2432 2031 2576 2086 nobis
2602 2032 2808 2087 revelat.

2355 2123 2540 2194 Itaque
2571 2134 2630 2179 ut
2680 2123 2747 2180 ad
2775 2125 3067 2180 Auctorem
3110 2136 3478 2194 revertamur,
3527 2125 3581 2182 S.
3629 2126 3754 2181 Zeno
3776 2141 3822 2181 ea

2285 2217 2560 2274 locutione
2589 2260 2603 2282 ,
2633 2234 2738 2289 qua
2766 2219 2940 2274 Patris
2972 2220 3164 2276 Filium
3196 2222 3434 2291 genitum
3464 2221 3580 2276 licet
3607 2235 3632 2274 a
3664 2220 3824 2278 Patre.

2285 2311 2337 2365 in
2365 2311 2633 2366 condendi
2683 2324 2859 2368 tamen
2909 2313 3060 2369 orbis
3104 2315 3392 2370 consilium
3425 2314 3669 2385 prodiisse
3700 2313 3828 2369 tradit

2284 2418 2351 2460 ex
2381 2403 2556 2460 Patris
2584 2421 2682 2460 ore
2713 2414 2767 2461 et
2795 2405 2960 2460 corde
2983 2449 2996 2472 ,
3036 2418 3094 2461 ut
3119 2408 3309 2462 exinde
3337 2408 3610 2464 necessario
3635 2406 3828 2461 ttisibiliis

2284 2499 2499 2568 effectus
2523 2502 2590 2556 sit
2616 2543 2630 2567 ,
2657 2502 2782 2571 quia
2808 2501 2977 2555 orbem
3005 2510 3154 2556 teme
3189 2513 3300 2558 erat
3331 2503 3440 2573 ipse
3471 2505 3682 2574 facturus
3704 2542 3716 2564 ,
3761 2514 3829 2552 rc-

2284 2595 2530 2667 spexisse
2577 2594 2788 2650 videtur
2830 2595 3030 2652 adhoc
3056 2596 3325 2652 condendi
3366 2597 3511 2652 orbis
3555 2597 3822 2657 decretum;

2287 2691 2364 2760 (et
2390 2703 2520 2744 sane
2551 2703 2674 2744 cum
2705 2704 2809 2744 non
2845 2691 3099 2760 prolatitii
3126 2691 3312 2754 verbi,
3354 2690 3492 2762 quod
3520 2692 3569 2746 in
3599 2688 3828 2745 creatione

2286 2781 2474 2836 mundi
2507 2780 2710 2836 editum
2747 2781 3080 2850 probabilius
3113 2781 3321 2838 nullum
3350 2781 3451 2838 fuit
3474 2825 3489 2852 ,
3537 2782 3625 2838 sed
3668 2780 3834 2836 decreti

2289 2875 2483 2930 teterni
2516 2874 2714 2931 virtute
2744 2874 2976 2930 tnundus
3007 2885 3227 2930 creatus
3259 2875 3423 2932 fuerit
3445 2916 3461 2942 ,
3493 2884 3550 2931 ut
3578 2873 3718 2946 paulo
3741 2881 3837 2925 ante

2290 2970 2599 3025 monuimus
2625 3012 2640 3037 ,
2669 2971 2726 3026 τὸ
2757 2970 2944 3024 exinde
2974 2987 3138 3026 unum
3174 2971 3280 3027 hoc
3318 2971 3588 3027 decretum
3614 2967 3838 3036 respicere

2293 3063 2513 3134 potest)
2563 3072 2619 3118 et
2667 3063 2766 3119 hoc
2799 3064 2972 3135 ipsum
3001 3063 3286 3120 decretum
3316 3064 3368 3120 in
3395 3064 3606 3119 Patrum
3649 3070 3839 3116 senten-

2296 3156 2446 3222 tiam,
2483 3172 2643 3228 quam
2678 3157 2939 3214 hactenus
2968 3157 3381 3228 explicavimus,
3413 3158 3480 3213 ab
3505 3155 3677 3213 eodem
3703 3153 3841 3207 Zeno-

591 3251 880 3317 Joannem,
909 3267 1057 3307 num.
1088 3253 1154 3308 ιε
1181 3251 1413 3308 Dicenda
1438 3256 1576 3309 enim
1597 3256 1647 3309 in
1673 3253 1835 3323 Filio,
1864 3255 2003 3327 quod
2024 3260 2191 3328 factu-
2216 3236 2261 3300 C
2295 3265 2364 3305 ne
2391 3249 2630 3304 habitum
2663 3249 2756 3306 Dei
2788 3249 3020 3306 Verbum
3051 3261 3299 3321 apparet.
3353 3251 3514 3323 Igitur
3559 3250 3652 3304 hoc
3692 3248 3843 3302 decre-

590 3363 680 3402 rus
709 3356 818 3402 erat
844 3363 935 3418 per
961 3345 1156 3401 Filium
1183 3389 1197 3412 ,
1220 3348 1390 3420 ipsum
1423 3347 1622 3403 Filium
1646 3351 1856 3420 genuit,
1909 3366 2000 3420 per
2046 3366 2194 3418 quem

593 3440 783 3512 faceret
837 3440 1031 3494 omnia.
1082 3439 1316 3495 Rursum
1373 3439 1425 3494 iit
1483 3439 1618 3496 libro
1658 3449 1847 3495 contra
1882 3455 2188 3496 sermonem

597 3535 918 3589 Arianorum
946 3548 1066 3604 cap.
1095 3533 1151 3600 3,
1181 3541 1410 3588 testatur
1429 3535 1722 3606 jassionent
1754 3531 1928 3589 Patris
1951 3575 1966 3599 ,
2018 3542 2070 3587 ut
2097 3535 2190 3604 ﬁe-

596 3635 707 3680 rent
737 3627 930 3690 omnia,
961 3643 1062 3680 non
1091 3643 1199 3680 esse
1223 3627 1322 3681 nisi
1355 3626 1580 3682 Verbum
1607 3643 1697 3698 per
1736 3627 1874 3698 quod
1900 3629 2039 3697 facta
2079 3639 2199 3682 sunt

604 3719 812 3772 omnia:
835 3727 891 3772 et
923 3718 1016 3772 lib.
1044 3735 1060 3772 ι
1105 3719 1172 3774 de
1201 3719 1483 3786 Trinitate,
1504 3735 1621 3790 cap.
1654 3721 1742 3785 ιε,
1773 3736 1923 3776 num.
1945 3720 2045 3775 96:
2078 3719 2198 3775 Non

604 3813 750 3866 aliud
778 3822 852 3866 est
891 3812 1188 3866 ntandatum
1212 3809 1419 3878 Patris,
1461 3814 1606 3866 aliud
1642 3813 1866 3867 Verbum
1908 3811 2120 3878 Patris;
2149 3825 2203 3869 et

603 3905 698 3961 lib.
735 3920 771 3959 ll
818 3905 871 3959 in
904 3903 1184 3968 Faustum,
1209 3918 1327 3972 cap.
1361 3905 1423 3958 5:
1467 3903 1701 3959 Christus
1727 3903 1952 3958 Verbum
1975 3903 2073 3958 Dei
2093 3906 2166 3959 est
2188 3948 2202 3970 ,

602 3999 656 4052 in
681 4015 802 4069 quo,
834 4008 1108 4068 antequam
1137 4007 1298 4050 essent
1327 4039 1341 4060 ,
1371 3997 1504 4050 dicta
1533 4007 1650 4051 sunt
1681 3997 1889 4062 omnia;
1919 3977 1988 4052 et.
2028 3995 2121 4051 lib.
2171 4013 2204 4051 ll

606 4094 660 4147 in
691 4091 1037 4147 Maximinum
1064 4134 1078 4158 ,
1111 4105 1233 4159 cap.
1261 4089 1366 4144 24:
1414 4089 1538 4160 Ipse
1584 4089 1755 4144 Filius
1799 4100 1874 4145 est
1905 4091 2203 4146 mandatum

607 4184 785 4239 Patris
810 4226 824 4250 ,
877 4186 998 4251 quia
1041 4185 1153 4255 ipse
1192 4193 1263 4239 est
1293 4183 1515 4238 Verbum
1544 4183 1741 4237 Putris.
1792 4183 2047 4239 Mittimus
2076 4185 2209 4240 alios

607 4275 849 4348 ejusdem
880 4277 1097 4347 generis
1127 4284 1304 4332 textus
1333 4318 1349 4343 ,
1401 4277 1452 4330 in
1497 4276 1692 4347 quibus
1734 4276 1874 4332 idem
1905 4275 1964 4333 S.
2015 4278 2211 4334 Doctor

607 4369 852 4426 divinum
871 4369 1106 4425 Verbum
1137 4379 1191 4424 et
1214 4368 1524 4425 mandatum
1550 4383 1672 4425 esse
1701 4368 1896 4433 Patris,
1919 4381 1973 4427 et
2003 4386 2030 4424 a
2053 4371 2212 4428 Patre

609 4462 850 4534 genitum
879 4463 1209 4535 pronuntiat.
1265 4462 1382 4518 Huc
1425 4461 1721 4534 respiciens
1755 4463 2092 4521 Antiochena
2120 4481 2205 4537 sy-

612 4558 786 4613 nodus
818 4570 1004 4615 contra
1035 4559 1256 4614 Paulum
1287 4558 1703 4616 Samosatenum
1752 4560 1806 4616 in
1853 4561 2080 4634 epistola
2121 4579 2208 4635 sy-

2301 3352 2414 3399 tum
2442 3345 2494 3399 in
2527 3343 2705 3400 Verbo
2733 3343 2934 3400 dictum
2963 3360 2992 3398 a
3021 3344 3200 3409 Patre,
3229 3354 3289 3401 et
3321 3361 3414 3416 per
3439 3343 3659 3398 Verbum
3685 3353 3845 3394 execu-

2302 3438 2434 3494 tioni
2461 3437 2771 3494 mandatum
2801 3455 2899 3494 stto
2926 3447 3176 3510 tempore
3201 3481 3218 3506 ,
3247 3455 3315 3495 ex
3345 3455 3452 3511 quo
3481 3439 3614 3494 idem
3636 3435 3781 3491 Filius
3806 3434 3846 3484 in

2302 3530 2587 3587 condendo
2616 3531 2818 3587 mundo
2844 3532 3059 3587 visibilis
3081 3535 3370 3588 necessario
3396 3533 3491 3589 fuit
3517 3575 3531 3597 ,
3563 3529 3848 3586 nativitatem

2303 3623 2593 3694 quamdam
2623 3624 2798 3680 eidem
2827 3623 3006 3680 Verbo
3034 3624 3238 3688 tribuit.
3273 3636 3528 3681 teternam
3551 3633 3714 3678 tamen
3734 3619 3849 3673 illam

2305 3724 2360 3772 et
2391 3717 2632 3771 intimam
2665 3717 2774 3772 Deo
2799 3759 2814 3786 ,
2858 3722 2928 3774 ob
2957 3733 3118 3790 quam
3159 3717 3304 3774 Deus
3329 3719 3394 3774 de
3432 3718 3540 3773 Deo
3581 3715 3849 3788 prodiissea

2307 3809 2530 3866 Zenone
2557 3809 2662 3866 dici
2693 3811 2897 3882 potuit,
2929 3826 3052 3868 cum
3081 3811 3181 3867 hoc
3212 3823 3474 3869 aeternum
3503 3811 3725 3866 divinum
3752 3805 3856 3858 Ver-

2309 3901 2434 3956 bum
2465 3919 2589 3958 vere
2613 3904 2680 3957 sit
2713 3904 2875 3957 Deus.
2907 3903 3044 3959 Hinc
3069 3919 3234 3974 porro
3261 3906 3424 3960 etiam
3442 3899 3852 3971 intclligerelicet,

2309 4009 2469 4066 quam
2525 3997 2907 4065 percommode
2950 3998 3053 4052 huc
3094 3996 3343 4068 profecto
3384 3996 3670 4067 reSpit-icns
3706 4000 3860 4047 auctor

2311 4089 2589 4157 scripserit
2619 4099 2772 4144 tract.
2802 4091 2835 4144 4
2863 4131 2878 4154 ,
2933 4091 3182 4146 eumdem
3215 4091 3310 4145 Dei
3339 4090 3531 4147 Filium
3560 4089 3760 4150 exinde,
3784 4096 3859 4136 seu

2313 4196 2381 4236 ex
2409 4197 2475 4236 eo
2502 4182 2642 4252 quod
2670 4198 2700 4238 e
2720 4182 2884 4238 Patre
2908 4184 3154 4254 prodivit,
3176 4185 3422 4238 visibilem
3441 4180 3714 4238 necessario
3733 4177 3864 4231 fuisse

2315 4275 2572 4344 eiectum,
2605 4293 2710 4331 non
2739 4278 2910 4333 solum
2925 4281 3045 4349 quia
3061 4279 3233 4334 orbem
3253 4278 3497 4352 [cxxxiii]
3521 4283 3763 4332 tcrrteerat
3781 4272 3864 4340 ipse

2317 4375 2566 4444 facturus,
2601 4373 2694 4428 sed
2719 4372 2879 4428 etiam
2903 4373 3043 4445 quod
3060 4373 3343 4428 humanum
3370 4374 3662 4428 visitaturus
3685 4378 3777 4422 erat
3795 4379 3866 4436 ge-

2317 4480 2435 4531 nus,
2458 4479 2578 4518 cum
2595 4464 2798 4520 scilicet
2815 4465 2976 4520 homo
2994 4463 3166 4520 factus
3186 4473 3291 4531 est,
3312 4477 3370 4519 ut
3389 4461 3651 4534 superiori
3666 4468 3869 4530 paragra-

2319 4554 2429 4627 pho
2453 4556 2744 4613 innuimus.
2792 4557 2848 4612 In
2876 4558 2976 4612 alia
3011 4557 3372 4629 explicatione
3419 4567 3579 4628 atque
3619 4549 3868 4610 sententia,

611 4651 799 4706 nodica
831 4650 1071 4706 divinum
1116 4652 1352 4708 Verbum
1382 4655 1610 4725 genitunt
1634 4671 1664 4710 a
1691 4655 1850 4711 Patre
1875 4657 2054 4727 prodit
2073 4637 2201 4713 ῖῖιῖο
2235 4635 2286 4696 Ῑ)
2311 4665 2470 4719 quam
2494 4649 2678 4706 Βυηηδ
2709 4651 3006 4720 priBSel'lim
3033 4649 3278 4720 ingessit,
3307 4665 3470 4706 nemo
3497 4649 3546 4704 id
3566 4660 3708 4717 θεψιθ
3729 4638 3872 4714 Ρθτθί⁶

611 4761 773 4816 quain
815 4746 1058 4800 viventem
1099 4747 1347 4801 actionem
1379 4759 1426 4802 et
1466 4750 1822 4805 subsistentem
1847 4794 1862 4819 ,
1909 4753 2216 4823 efficientem

612 4839 786 4894 omnia
812 4839 864 4893 in
898 4839 1132 4894 omnibus
1153 4857 1172 4895 :
1201 4841 1346 4911 quod
1376 4857 1505 4896 sane
1535 4842 1600 4897 ad
1632 4843 1943 4900 mandatum
1968 4846 2120 4912 illud,
2149 4847 2218 4902 de

613 4949 723 5002 quo
752 4931 1015 4988 hactenus
1055 4932 1321 4999 diximus,
1356 4934 1608 5004 pertinet.
1663 4934 1784 4990 Pari
1811 4936 2022 4992 ratione
2047 4937 2214 4994 8.10.

614 5024 1038 5097 Chrysostomus
1076 5025 1266 5080 hontil.
1317 5027 1353 5081 2
1411 5029 1466 5082 in
1512 5029 1796 5097 epistolam
1843 5030 1910 5086 ad
1962 5033 2219 5088 Hebrtcos

617 5115 831 5171 Patrem
864 5121 1098 5189 genuisse
1133 5132 1413 5175 creatorem
1457 5121 1630 5191 ipsum
1658 5121 1894 5178 Verbum
1946 5125 2215 5193 alﬁrmat;

617 5219 673 5264 et
701 5207 758 5264 S.
793 5209 1088 5282 Gregorius
1116 5211 1354 5283 Magnus,
1383 5213 1472 5268 lib.
1496 5214 1950 5282 xmeoralium,
1969 5231 2090 5286 cap.
2116 5218 2216 5273 19:

617 5300 782 5373 Loqui
813 5301 930 5370 Dei,
966 5305 1234 5374 inquiens,
1265 5317 1336 5360 est
1372 5304 1592 5360 Verbum
1618 5308 1875 5378 genuisse,
1910 5309 2094 5377 procul
2121 5309 2220 5364 du-

616 5397 707 5453 bio
753 5398 1078 5454 locutionem
1123 5399 1270 5454 illam
1315 5401 1693 5472 complectitur
1720 5444 1734 5468 ,
1785 5417 1888 5473 qua
1938 5402 2098 5460 Pater
2149 5405 2218 5460 de

614 5490 894 5546 creatione
931 5490 1114 5545 mundi
1142 5491 1414 5547 mandavit
1436 5537 1448 5556 ,
1495 5493 1869 5565 Verbumque,
1899 5509 2021 5550 cum
2053 5495 2122 5552 de
2154 5513 2216 5553 ea

614 5584 914 5654 mandavit,
944 5586 1151 5657 genuit.
1185 5586 1386 5642 Eodem
1416 5588 1686 5656 pertinent
1714 5588 1821 5643 illa:
1852 5589 2078 5645 aliorum
2110 5591 2215 5646 Pa-

618 5689 759 5736 trum
792 5679 1077 5737 sententite
1105 5679 1352 5736 collectzc
1381 5680 1668 5750 diligenter
1704 5695 1734 5734 a
1765 5681 2019 5744 Petavio.
2057 5681 2150 5739 lib.
2183 5700 2213 5737 v

621 5774 690 5829 de
719 5775 828 5830 Deo
850 5817 864 5840 ,
896 5791 1016 5844 cap.
1048 5774 1082 5829 8
1108 5815 1123 5840 ,
1155 5789 1184 5828 a
1212 5790 1268 5828 n.
1294 5773 1328 5829 5
1355 5813 1370 5834 .
1417 5773 1609 5844 quibus
1638 5773 1738 5844 ipsi
1767 5775 1950 5830 mundi
1981 5777 2212 5831 creatio-

623 5885 745 5925 nem
791 5882 1132 5941 spectantes,
1192 5871 1283 5927 Dei
1320 5868 1514 5926 Filium
1565 5870 1734 5942 ipsam
1787 5871 1880 5926 Dei
1923 5873 2212 5928 volitionem

2320 4742 2451 4812 piet;
2477 4743 2526 4796 in
2545 4754 2726 4798 ttOSlra
2753 4743 3007 4798 facillime
3026 4751 3080 4798 et
3095 4743 3344 4814 proprie:
3371 4758 3495 4798 nam
3519 4743 3570 4797 in
3589 4741 3787 4795 decreto
3803 4731 3875 4787 illo

2320 4847 2548 4901 aeterno,
2580 4853 2688 4907 quo
2718 4837 2980 4906 prodiisse
3031 4837 3226 4893 Filium
3255 4837 3492 4894 diximus
3517 4879 3533 4904 ,
3576 4850 3690 4892 cum
3727 4827 3876 4886 omnia

2322 4930 2496 4984 futura
2521 4929 2660 4984 dicta
2691 4931 2923 4996 luerunt,
2955 4945 3060 4986 non
3111 4931 3286 4985 minus
3313 4931 3524 4986 creatio
3543 4926 3716 4984 mundi
3747 4934 3878 4994 quam

2325 5029 2440 5098 ipsa
2471 5027 2633 5084 Verbi
2659 5029 2958 5084 incarnatio
2987 5029 3127 5085 dicta
3159 5029 3257 5083 l'uit
3281 5045 3296 5094 ;
3323 5041 3392 5084 ac
3419 5027 3620 5084 idcirco
3646 5023 3752 5078 haec
3775 5032 3880 5078 una.

2325 5137 2443 5193 qum
2472 5136 2568 5191 per
2595 5121 2871 5176 decretum
2902 5122 3206 5192 explicetur
3230 5163 3244 5186 ,
3292 5121 3538 5192 ejusdem
3571 5117 3723 5174 Verbi
3750 5122 3882 5168 teter-

2327 5230 2393 5270 na
2431 5213 2709 5286 processio
2733 5214 2820 5268 illa
2845 5229 2968 5270 esse
2993 5215 3340 5285 cognoscitur
3363 5256 3377 5280 ,
3431 5229 3496 5269 ex
3545 5227 3644 5283 qua
3694 5215 3885 5271 utratll'“

2325 5325 2416 5365 res
2436 5351 2451 5376 ,
2479 5309 2555 5364 uti
2585 5324 2616 5364 a
2649 5307 2870 5365 Zenone
2903 5309 3154 5372 traditur,
3185 5308 3540 5363 derivaverit.
3587 5303 3753 5361 Unum
3781 5292 3887 5352 illud

2328 5403 2455 5458 huic
2505 5401 2934 5473 interpretationi
2987 5417 3054 5457 ex
3080 5401 3296 5456 Zenone
3335 5403 3455 5469 ipso
3499 5398 3655 5468 objici
3703 5397 3887 5466 potest.

2326 5498 2470 5569 quod
2503 5499 2705 5554 Petavii
2751 5495 3276 5552 animadversionem
3324 5494 3603 5551 vindicare
3646 5500 3697 5546 et
3723 5482 3891 5543 confir-

2329 5607 2480 5649 mare
2506 5592 2739 5657 videtur,
2759 5591 3012 5647 nimirum
3041 5591 3180 5661 quod
3211 5590 3258 5644 si
3285 5587 3583 5644 secundum
3608 5585 3738 5641 hanc
3761 5588 3892 5633 teter-

2329 5701 2454 5742 nam
2483 5685 2648 5740 divini
2684 5684 2842 5740 Verbi
2897 5684 3302 5754 generationem
3340 5697 3406 5738 ea
3438 5680 3703 5736 locutione
3758 5681 3893 5741 qua!“

2337 5777 2829 5844 consideravimtts,
2866 5776 3171 5847 signiﬁcare
3218 5783 3412 5840 auctor
3458 5771 3746 5833 voluisset,
3807 5771 3894 5814 n0"

2322 5885 2483 5928 uaam
2519 5879 2722 5926 tantum
2752 5867 2871 5924 Filii
2922 5867 3252 5924 nativitatem
3301 5869 3562 5922 aeternam
3595 5853 3760 5934 primo
3788 5853 3888 5908 lacu
