3952 6320
100 287 160 344 97
545 323 554 328 -
932 277 1384 337 DISSERTATIO
1431 275 1493 346 II,
1543 275 1634 332 DE
1663 277 1722 333 S.
1765 272 2056 334 ZENONIS
2105 272 2470 332 DOCTIIINA.

3294 275 3366 334 98

96 397 447 455 recensuisset
481 403 702 452 tractatu
730 394 958 466 septimo
986 404 1040 451 et
1065 404 1256 451 octavo
1281 438 1297 463 ,
1345 393 1436 450 sed
1485 392 1616 449 duas
1647 436 1662 462 ,
1693 395 1748 455 Α
1773 401 2110 461 representat
2133 406 2196 446 ac
2226 391 2502 461 exprimit,
2535 398 2619 446 est
2648 388 2831 462 Imago
2856 389 3025 460 genita
3048 385 3228 444 Filius
3261 430 3276 452 ,
3307 397 3370 444 ut

96 495 300 548 alterum
329 505 437 561 qua
467 490 520 545 in
551 488 719 544 Patris
749 488 1072 543 conscientia
1105 488 1313 544 velatus
1340 485 1661 553 latuit,alte-

93 600 196 640 ratu
219 598 320 654 qua
353 581 557 651 prodiit
585 582 638 636 in
665 580 876 636 creandi
907 580 1054 636 orbis
1083 582 1366 637 consilium
1387 623 1402 648 ,
1454 579 1519 635 de
1559 596 1663 650 qua

94 695 188 734 una
231 677 485 733 Petavius
530 676 897 733 difficultatem
945 677 1170 749 ingerit,
1223 693 1321 733 nec
1371 677 1662 734 secundam

91 773 362 841 utrobique
415 771 686 841 posuisset
715 771 879 838 illam,
909 787 1010 842 qua
1043 773 1096 826 in
1129 780 1373 843 tempore
1398 771 1466 826 de
1493 780 1668 826 matre

91 865 289 937 genitus
333 862 452 919 fuit.
500 862 631 918 Cum
680 864 854 933 itaque
905 874 1131 934 utroque
1160 864 1215 919 in
1248 872 1474 919 tractatu
1503 879 1666 919 unam

91 965 281 1013 tantum
305 954 425 1009 Filii
457 956 790 1010 nativitatem
821 971 885 1010 ex
916 955 1072 1011 Patre
1098 997 1114 1023 ,
1144 957 1370 1012 alteram
1399 973 1462 1013 ex
1495 967 1668 1012 matre

90 1058 385 1106 constanter
416 1058 734 1112 recenseat;
780 1047 915 1104 duas
961 1049 1202 1119 ejusdem
1245 1067 1312 1105 cx
1339 1051 1498 1108 Patre
1531 1053 1672 1108 uati-

90 1143 269 1198 vitates
318 1141 580 1198 hactenus
621 1141 918 1211 descriptas
970 1158 1076 1196 non
1126 1145 1312 1208 novit,
1370 1145 1464 1200 sed
1525 1146 1670 1203 illam

92 1249 241 1288 unam
263 1241 468 1288 tantum
487 1234 702 1303 primam
728 1235 796 1288 ab
815 1250 880 1290 eo
905 1235 1230 1306 appellatam
1261 1236 1473 1293 videtur
1498 1253 1664 1310 agno-

92 1326 252 1391 visse,
283 1340 383 1396 qua
419 1327 469 1378 in
499 1325 764 1381 condendi
786 1326 930 1382 orbis
983 1327 1428 1385 deliberationem
1475 1347 1539 1387 ex
1578 1348 1674 1389 ore

95 1417 253 1472 Patris
283 1417 552 1486 prodiisse
585 1460 600 1482 ,
651 1427 704 1474 et
728 1435 758 1474 e
785 1419 1005 1489 regione
1033 1421 1213 1476 cordis
1255 1433 1529 1480 eructatus
1561 1434 1672 1480 tra-

93 1511 243 1567 ditur.
275 1510 402 1567 thc
419 1511 522 1567 etsi
552 1523 736 1568 contra
768 1512 1039 1570 Zenonem
1084 1516 1353 1572 modicum
1385 1518 1465 1574 vel
1499 1519 1675 1589 potius

95 1605 307 1660 nihilum
330 1605 562 1669 valeant,
594 1607 790 1677 quippe
817 1623 937 1678 qua:
954 1623 1018 1663 ex
1043 1609 1165 1664 aliis
1184 1609 1425 1680 ejusdem
1450 1622 1638 1668 senten
1657 1645 1673 1657 ο

99 1698 176 1752 tiis
224 1698 554 1754 nativitatem
601 1699 800 1754 Christi
849 1709 1104 1757 teternam
1158 1717 1221 1757 ac
1268 1703 1320 1758 in
1351 1704 1472 1758 sinu
1502 1703 1678 1761 Patris

1769 483 1828 539 S.
1845 483 2072 540 Basilius
2090 482 2323 553 loquitur
2338 483 2470 538 libro
2485 498 2520 537 ιι
2539 490 2723 537 contra
2745 481 3002 555 [Lxxxvtt]
3021 481 3364 547 Eunornium,

1767 591 1860 630 seu
1888 573 2069 646 Imago
2088 586 2228 638 nata,
2250 583 2307 628 ut
2323 577 2397 628 ait
2413 575 2738 644 Augustinus
2764 574 2855 630 lib.
2874 589 2950 629 γη
2986 573 3055 629 de
3076 572 3363 637 Trinitate,

1768 681 1888 738 cap.
1920 667 1971 721 7.
2003 667 2113 721 lloc
2145 668 2360 722 tandem
2386 665 2649 733 Verbum,
2673 680 2780 736 quo
2810 664 2969 721 Pater
2998 665 3135 720 dixit
3159 664 3364 733 omnia,

1769 763 1951 817 omnia
1981 761 2183 832 pariter
2208 759 2448 832 perfecte
2473 769 2827 830 repraesentat
2855 804 2869 826 ,
2916 775 2979 814 ac
3007 758 3232 830 proinde
3263 758 3366 814 Itoc

1771 856 2006 914 Verbum
2067 864 2149 912 est
2196 855 2414 926 Imago,
2465 864 2519 910 et
2565 856 2678 909 haec
2724 853 2905 924 Imago
2948 863 3031 910 est
3085 852 3360 920 Verbum,

1773 959 2059 1021 utrumque
2084 957 2264 1004 autem
2295 948 2463 1004 Filius
2488 963 2519 1004 a
2549 946 2706 1003 Patre
2729 947 2942 1017 genitus
2972 955 3072 1003 est.

1845 1044 1940 1100 His
1974 1042 2270 1116 praemissis
2295 1041 2425 1098 illud
2452 1041 2550 1097 hac
2573 1055 2736 1111 super
2761 1055 2821 1096 re
2844 1041 3008 1111 quarri
3029 1039 3138 1111 jam
3167 1050 3370 1112 potest,

1776 1146 1957 1193 utrum
1983 1137 2070 1192 Itic
2100 1136 2267 1192 Filius
2297 1135 2366 1190 sit
2388 1135 2626 1191 Verbum
2657 1132 2830 1188 Patris
2853 1175 2869 1201 ,
2898 1142 3162 1204 quatenus
3193 1132 3372 1188 divina

1775 1232 1954 1288 omnia
1985 1231 2122 1287 ineo
2148 1229 2294 1285 dicta
2317 1238 2462 1293 sunt,
2493 1245 2561 1283 an
2583 1215 2745 1283 etia'm
2768 1236 3034 1298 quatenus
3065 1226 3118 1281 in
3146 1243 3211 1283 eo
3233 1227 3375 1282 dicta

1776 1332 1902 1380 sunt
1939 1337 2059 1393 quae
2087 1319 2318 1377 creanda
2362 1319 2512 1376 fuere
2565 1317 2731 1392 (quod
2770 1318 2945 1390 ipsum
2977 1317 3043 1373 ad
3071 1316 3266 1372 Filiutn
3301 1317 3376 1372 uti

1777 1417 2069 1489 Imaginem
2112 1416 2292 1472 divina
2337 1424 2392 1470 et
2430 1413 2661 1470 creanda
2693 1421 3174 1484 repraesentantem
3200 1421 3379 1467 trans-

1778 1512 1907 1568 ferri
1935 1510 2133 1583 potest)
2159 1511 2312 1566 ubisi
2343 1508 2677 1580 possibilium
2699 1509 3029 1565 mentionem
3051 1508 3374 1572 omittimus,

1780 1619 1939 1659 nemo
1962 1611 2313 1667 succenseat;
2345 1616 2468 1656 nam
2493 1609 2852 1672 praeterquam
2880 1599 3023 1672 quod
3051 1599 3118 1655 de
3149 1599 3382 1670 possibi-

1789 1695 1929 1751 libus
1956 1695 2054 1752 SS.
2096 1695 2284 1751 Patres
2326 1694 2584 1750 adversus
2615 1694 2844 1749 Arianos
2886 1693 3225 1763 disputantes
3267 1706 3374 1747 non

96 1792 314 1846 abditam
343 1791 546 1848 diserte
589 1793 947 1849 statuentibus
985 1795 1118 1851 satis
1157 1812 1425 1870 superque
1465 1798 1676 1855 diluan-
1706 1811 1754 1870 Β
1788 1791 1857 1844 ita
1889 1790 2090 1845 diserte
2120 1806 2181 1843 ac
2208 1788 2462 1844 distincte
2493 1788 2656 1843 locuti
2689 1787 3058 1853 inveniuntur,
3091 1787 3168 1841 uti
3198 1786 3266 1842 de
3295 1783 3377 1840 di-

97 1894 212 1950 tur;
263 1897 444 1941 tamen
479 1901 546 1942 ne
571 1886 624 1940 in
653 1902 766 1941 rem
795 1896 1034 1944 nostram
1068 1889 1358 1959 quidquam
1391 1891 1573 1958 desit,
1606 1891 1673 1948 ad

97 1980 242 2034 aliam
273 1979 390 2051 ejus
414 1981 701 2037 locutionis
729 1982 1062 2052 explicanda:
1082 1984 1372 2053 rationem,
1394 2002 1514 2058 qua:
1539 1987 1678 2044 hanc

98 2074 308 2141 primam
337 2089 447 2128 non
480 2073 722 2130 destruet
747 2075 964 2146 quidem
1002 2118 1017 2143 ,
1070 2077 1164 2132 sed
1220 2081 1397 2149 potius
1435 2089 1635 2136 statuet
1662 2122 1677 2146 ,

100 2164 517 2235 luculentiusque
538 2166 843 2237 explicabit,
881 2167 1311 2240 progrediamur,
1342 2169 1483 2227 unde
1505 2173 1683 2227 omnis

100 2254 379 2312 difficultas
410 2257 567 2328 plane
596 2258 915 2329 disjicietur.

104 2393 144 2466 §.
166 2393 226 2449 V.
248 2425 316 2436 —
343 2395 546 2451 Eadem
569 2397 882 2455 Zenoniame
909 2401 1184 2458 locutionis
1205 2405 1558 2474 interpretatio
1583 2408 1688 2462 alia

267 2491 469 2546 ratione
492 2493 777 2563 explicatur
797 2498 1045 2566 apertius,
1074 2507 1226 2568 atque
1243 2502 1506 2555 statuitur.

170 2628 307 2685 Inter
331 2631 516 2702 plures
570 2647 730 2688 voces
775 2633 971 2704 quibus
1002 2636 1236 2691 secunda
1265 2636 1541 2694 Trinitatis
1571 2655 1690 2707 per-

108 2736 227 2777 sona
268 2738 334 2777 ex
388 2715 660 2779 sacrarum
691 2723 1014 2782 Litterarum
1063 2729 1385 2786 auctet-itate
1423 2731 1694 2802 praecipuo

110 2817 317 2872 nomine
345 2817 651 2888 appellatur
672 2833 702 2873 a
733 2817 982 2875 Patr-ibus
1002 2863 1016 2887 ,
1053 2828 1162 2877 tres
1192 2821 1296 2876 illa:
1322 2829 1530 2876 tantum
1568 2832 1696 2878 sunt

112 2909 340 2977 ejusdem
371 2926 615 2982 persona:
642 2912 712 2966 ita
734 2912 964 2983 propria:
993 2923 1048 2969 et
1073 2915 1372 2986 singulares
1401 2958 1415 2981 ,
1449 2925 1507 2969 ut
1542 2915 1694 2970 alteri

115 3016 172 3055 cx
203 3001 392 3058 divinis
419 3005 664 3073 personis
691 3021 797 3061 non
829 3006 1184 3073 conveniant,
1217 3008 1471 3064 nimirum
1502 3008 1694 3074 Filius,

123 3091 356 3160 Verbum,
382 3094 581 3169 Imago,
610 3107 669 3152 ut
691 3097 892 3154 diserte
917 3101 1104 3154 statuit
1131 3102 1461 3172 Augustinus
1517 3103 1608 3157 lib.
1666 3118 1697 3156 v

1784 1881 1924 1936 vinis
1949 1890 2110 1952 atque
2147 1881 2380 1945 creatis;
2411 1894 2533 1935 cum
2574 1879 2846 1947 possibilia
2879 1881 3091 1950 cognita
3121 1878 3373 1949 dictaque

1785 1977 2091 2033 necessario
2122 1974 2322 2032 fuerint
2349 1991 2416 2031 ex
2442 1973 2576 2046 ipsis
2599 1973 2871 2029 attributis
2898 1972 3131 2038 divinis,
3164 1973 3379 2043 cognita

1785 2077 1840 2123 et
1869 2068 2012 2124 dicta
2051 2068 2104 2122 in
2135 2067 2516 2122 attributorum
2546 2067 2853 2121 divinorum
2889 2065 3150 2119 rationem
3180 2064 3386 2134 aliqua-

1789 2173 1944 2218 tenus
1969 2165 2267 2232 computari
2293 2169 2518 2232 quennt.
2543 2161 2621 2216 De
2648 2159 2784 2214 Filio
2806 2158 3006 2229 itaque,
3035 2157 3118 2212 uti
3149 2155 3387 2213 Verbum

1788 2267 1906 2326 est,
1957 2257 2170 2329 reponit
2218 2257 2552 2327 Augustinus
2594 2255 2648 2309 in
2697 2253 2836 2308 libro
2880 2252 3250 2321 Quaestionum
3294 2250 3386 2318 85,

1793 2361 1985 2424 quaest.
2039 2351 2108 2408 65
2133 2391 2149 2416 ,
2179 2351 2358 2405 omnia
2392 2351 2443 2404 in
2496 2347 2675 2405 Verbo
2703 2348 2806 2403 dici
2833 2347 3087 2402 debuisse
3114 2361 3143 2400 a
3188 2345 3348 2400 Patre
3370 2385 3387 2412 ,

1792 2463 1897 2502 non
1935 2455 2042 2501 tam
2073 2461 2192 2517 quae
2233 2445 2407 2499 Patris
2447 2453 2576 2499 sunt
2623 2458 2783 2512 quam
2819 2457 2939 2512 qua:
2963 2442 3029 2496 ad
3058 2455 3144 2497 res
3178 2450 3391 2496 creatas

1794 2540 2094 2610 pertinent;
2121 2547 2176 2594 et
2199 2537 2398 2594 idcirco
2421 2536 2637 2608 quidem
2669 2535 2892 2590 Verbum
2913 2533 3173 2605 appellari
3199 2532 3393 2588 Filium

1796 2633 1891 2688 Dei
1931 2632 2152 2696 melius,
2189 2646 2352 2701 quam
2393 2631 2648 2684 rationem
2679 2636 2939 2694 testatur,
2969 2636 3022 2680 ut
3051 2626 3394 2699 signiﬁcetur,

1797 2725 2004 2795 inquit,
2054 2739 2154 2778 non
2201 2723 2366 2777 solum
2409 2721 2477 2774 ad
2520 2720 2734 2776 Patrem
2777 2727 3056 2787 respectus,
3083 2717 3174 2772 sed
3209 2716 3277 2772 ad
3302 2716 3399 2772 illa

1798 2819 1951 2874 etiam
1979 2832 2093 2886 qua:
2128 2832 2216 2886 per
2253 2814 2473 2869 Verbum
2508 2818 2646 2885 facta
2672 2821 2813 2879 sunt,
2844 2812 3102 2881 operativa
3129 2811 3394 2882 potentia:

1798 2913 1932 2966 ratio
1961 2920 2134 2966 autem
2153 2952 2168 2976 ,
2205 2899 2306 2964 etsi
2322 2909 2452 2963 nihil
2495 2923 2584 2980 per
2611 2905 2759 2960 illaut
2783 2907 2930 2977 facit,
2960 2913 3096 2959 recte
3116 2903 3250 2958 ratio
3272 2903 3402 2958 dici-

1802 3016 1906 3060 tur.
1935 3003 2072 3059 Niltil
2102 3002 2265 3073 igitur
2293 3010 2412 3065 est,
2443 2999 2586 3071 quod
2615 2999 2776 3054 Pater
2801 2999 2852 3052 in
2883 2996 3022 3052 Filio
3048 3014 3154 3052 non
3176 2996 3396 3063 dixerit,

1804 3102 1918 3154 sive
1947 3101 2013 3154 ad
2053 3099 2342 3154 essentiam
2373 3111 2437 3151 ac
2465 3094 2720 3150 attributa
2766 3094 3123 3164 nationesque
3151 3091 3286 3148 alias
3323 3090 3405 3146 di-

118 3188 180 3244 de
205 3189 483 3256 Trinitate,
539 3207 693 3248 num.
728 3191 795 3246 14
817 3234 830 3258 ,
867 3204 921 3249 et
951 3194 1044 3248 lib.
1079 3210 1173 3261 vn,
1207 3211 1356 3250 num.
1394 3197 1419 3251 1
1465 3205 1518 3251 et
1545 3212 1695 3268 seqq.
1730 3211 1775 3274 ρ
1806 3195 1959 3250 vinas
1986 3234 2001 3259 ,
2032 3192 2146 3248 sive
2175 3190 2239 3246 ad
2277 3205 2364 3245 res
2409 3187 2671 3244 creandas
2707 3194 2914 3259 spectet
2962 3203 2974 3237 :
3015 3201 3173 3241 secus
3201 3185 3246 3240 si
3275 3183 3404 3255 quid

120 3283 191 3337 De
218 3282 337 3338 Filii
367 3285 584 3340 nomine
611 3294 792 3356 aperta
828 3302 917 3342 res
942 3297 1022 3342 est
1048 3330 1063 3353 ,
1094 3288 1293 3358 quippe
1321 3289 1490 3343 Filius
1520 3290 1703 3345 relati-

122 3390 215 3430 vus
239 3385 319 3431 est
359 3378 623 3434 terminus
648 3379 900 3434 secundm
928 3394 1176 3450 persona:
1207 3381 1277 3434 ita
1310 3381 1556 3452 proprius
1579 3423 1594 3448 ,
1649 3391 1706 3436 ut

120 3471 339 3526 aliarum
367 3472 567 3528 nemini
592 3481 875 3544 congruat.
926 3473 981 3528 Id
1018 3475 1192 3543 ipsum
1245 3484 1422 3530 autem
1454 3476 1520 3531 de
1554 3475 1706 3530 Verbi

123 3573 172 3617 et
199 3561 444 3636 Imaginis
470 3566 832 3636 appellatione
861 3568 1198 3624 sentiendum
1233 3568 1407 3638 palam
1436 3583 1503 3625 ex
1533 3584 1598 3625 eo
1625 3568 1704 3636 fit,

124 3657 259 3725 quod
314 3674 418 3715 non
451 3661 628 3716 minus
664 3659 832 3716 Filius
854 3663 1114 3718 terminus
1139 3665 1209 3718 sit
1241 3665 1496 3718 relativus
1546 3680 1706 3736 quam

128 3747 333 3822 Imago,
368 3767 523 3822 quam
563 3752 804 3808 Verbum.
847 3753 977 3808 Nam
1022 3753 1238 3808 Verbum
1265 3771 1367 3810 nou
1391 3755 1460 3809 ad
1489 3771 1543 3810 se
1583 3756 1711 3810 dici-

129 3853 224 3908 tur,
253 3845 327 3900 ait
355 3847 680 3916 Augustinus
712 3846 805 3901 lib.
835 3862 908 3901 vtt
945 3846 1011 3903 de
1033 3846 1319 3916 'l‘rinitate,
1351 3865 1500 3905 num.
1535 3849 1590 3915 5,
1621 3848 1711 3902 sed

129 3944 318 3991 tantum
351 3938 557 3993 relative
586 3937 656 3991 ad
677 3955 792 3992 eum
817 3979 830 4000 .
865 3939 1014 4010 cujus
1050 3937 1271 3994 Verbum
1297 3950 1408 4006 est;
1439 3949 1495 3995 et
1522 3938 1713 3994 simili-

129 4038 206 4086 ter
233 4030 300 4087 de
327 4030 556 4104 Imagine
589 4033 819 4103 loquens
849 4032 1080 4088 Hilarius
1127 4034 1178 4087 itt
1228 4034 1322 4090 lib.
1349 4033 1416 4088 de
1455 4033 1710 4106 Synodis,

132 4141 273 4181 nunt.
305 4126 407 4181 13:
459 4125 639 4198 Neque
664 4128 800 4181 enim
838 4127 946 4199 ipse
967 4126 1062 4181 sibi
1099 4129 1369 4198 quisquam
1396 4129 1566 4200 imago
1599 4137 1673 4181 est
1699 4169 1712 4193 ,

131 4219 217 4271 sed
235 4233 372 4283 eum,
395 4223 540 4293 cujus
561 4221 730 4292 imago
760 4231 867 4285 est,
915 4237 1115 4276 necesse
1141 4231 1212 4275 est
1236 4230 1290 4275 ut
1311 4222 1480 4292 imago
1507 4221 1718 4276 demon-

133 4319 270 4365 stret.
319 4310 442 4367 Tria
469 4313 582 4368 haec
608 4323 792 4370 autem
821 4314 1037 4369 nomina
1061 4357 1078 4383 ,
1106 4313 1300 4384 quibus
1325 4315 1560 4370 secunda
1595 4314 1723 4370 Per-

133 4417 262 4458 sona
287 4405 632 4475 significatur,
661 4423 720 4463 re
749 4424 913 4463 unum
946 4407 1197 4482 idemque
1225 4418 1371 4477 sunt,
1407 4425 1511 4466 non
1544 4410 1719 4466 solum

136 4497 272 4564 quod
300 4515 434 4554 unus
463 4499 710 4571 idemque
731 4510 816 4558 est
844 4503 954 4568 ille,
985 4503 1077 4574 qui
1106 4503 1277 4558 tribus
1307 4503 1454 4559 hisce
1493 4505 1724 4559 nomint-

1807 3304 1914 3344 nnn
1948 3285 2176 3342 dixisset
2205 3285 2257 3338 in
2287 3282 2425 3338 Filio
2448 3326 2464 3351 ,
2496 3282 2640 3338 aliud
2677 3281 2912 3337 Verbum
2941 3295 2970 3334 a
3010 3279 3149 3335 Filio
3175 3279 3405 3334 distinc-

1805 3390 1916 3436 tum
1951 3381 2227 3452 genuisset
2268 3378 2459 3442 Pater,
2501 3381 2550 3432 in
2585 3394 2692 3448 quo
2723 3392 2785 3432 ea
2811 3417 2825 3442 ,
2876 3392 2996 3448 qua:
3025 3376 3076 3430 in
3121 3375 3257 3430 Filio
3299 3391 3408 3431 nort

1807 3477 1962 3539 dixit.
1989 3477 2334 3541 dicerentur;
2367 3484 2422 3531 et
2452 3476 2522 3530 ita
2549 3475 2710 3529 alium
2745 3472 2940 3528 Filium
2969 3471 3408 3538 babuisset,.non

1809 3571 2022 3627 unicum
2043 3588 2056 3636 ;
2075 3571 2194 3640 quia
2212 3570 2256 3624 si
2274 3569 2434 3624 multa
2454 3569 2623 3632 verba,
2660 3567 2806 3620 multi
2835 3575 2879 3621 et
2908 3564 3058 3627 Filii,
3085 3565 3256 3637 inquit
3280 3566 3409 3620 Am-

1809 3663 2023 3719 brosius
2043 3662 2112 3719 de
2136 3662 2511 3718 lncarnatione
2536 3661 2766 3725 Domini,
2795 3675 2915 3731 cap.
2949 3659 3004 3714 2.
3031 3658 3202 3715 Porro
3223 3661 3324 3716 etsi
3356 3661 3409 3716 in

1811 3743 2113 3814 aeternitate
2145 3756 2274 3812 nihil
2306 3757 2371 3810 sit
2418 3756 2569 3827 prius
2591 3770 2652 3810 ac
2684 3755 2983 3825 posterius,
3020 3769 3182 3824 porro
3211 3763 3411 3810 nostra:

1815 3861 1994 3907 tamen
2045 3851 2244 3906 mentis
2283 3850 2639 3921 intelligentia
2675 3850 2823 3922 prius
2853 3848 3106 3920 quiddam
3139 3858 3194 3905 et
3229 3861 3411 3922 postc-

1815 3947 1927 4004 rius
1983 3947 2396 4019 concipiendum
2456 3957 2560 4004 est.
2620 3948 2776 4002 Prius
2839 3946 2985 4002 enim
3039 3961 3200 4016 quam
3252 3945 3414 4001 Pater

1815 4043 2080 4100 creandas
2110 4058 2198 4098 res
2241 4043 2293 4098 in
2327 4041 2465 4097 Filio
2508 4042 2748 4108 diceret,
2779 4056 2897 4112 qua:
2938 4056 2966 4093 a
3011 4049 3120 4094 tota
3151 4037 3416 4095 Trinitate

1817 4133 1990 4190 libero
2032 4135 2252 4190 decreto
2285 4136 2594 4189 constituta:
2636 4131 2890 4199 fuerunt,
2919 4129 3307 4199 concipiendas
3332 4139 3418 4186 est

1821 4227 1980 4283 Pater
2003 4228 2254 4298 genuisse
2275 4227 2536 4294 Verbum,
2564 4224 2708 4294 quod
2734 4241 2856 4281 cum
2889 4225 3110 4296 genuit,
3145 4223 3281 4280 dixit
3300 4240 3420 4280 om-

1824 4321 1911 4376 nia
1938 4320 2122 4376 tlivina
2144 4365 2159 4389 ,
2205 4335 2270 4377 ac
2305 4319 2486 4376 divina
2520 4320 2701 4375 omnia
2742 4319 3152 4390 repra-sentavit
3185 4334 3197 4372 :
3229 4325 3287 4374 et
3317 4317 3420 4376 hoc

1825 4414 1988 4485 priori
2013 4413 2236 4468 rationis
2262 4412 2417 4484 signo
2442 4412 2608 4468 Filius
2628 4455 2642 4479 ,
2668 4412 2868 4480 Imago,
2893 4422 2947 4467 et
2976 4411 3212 4468 Verbum
3244 4411 3419 4466 Patris

1828 4517 1983 4563 natus
2005 4522 2134 4564 vere
2171 4505 2292 4574 fuit,
2323 4515 2378 4560 at
2403 4505 2455 4560 in
2487 4522 2588 4560 una
2617 4505 2791 4560 Patris
2820 4505 3150 4559 conscientia
3180 4503 3410 4570 latebat,

139 4589 233 4645 bus
263 4595 594 4664 appellatur,
645 4595 740 4651 sed
785 4597 946 4650 etiam
993 4595 1136 4668 quod
1175 4596 1411 4652 secunda
1442 4596 1720 4652 Trinitatis
1747 4603 1801 4664 D
1825 4600 1966 4672 quod
2005 4600 2138 4655 nihil
2166 4598 2300 4654 foris
2326 4598 2621 4655 creandum
2653 4607 3101 4668 reprzesentaret,
3137 4614 3239 4656 nec
3274 4599 3420 4656 dice-

140 4683 370 4740 Persona
395 4688 588 4746 idcirco
617 4700 700 4746 est
732 4689 909 4746 Patris
937 4689 1127 4757 Filius,
1155 4692 1279 4762 quia
1314 4691 1492 4764 Imago
1516 4692 1724 4748 etVer-

142 4774 265 4831 bum
294 4789 374 4833 est
403 4780 605 4847 Patris;
633 4781 756 4838 ideo
784 4781 984 4855 Imago,
1014 4783 1137 4853 quia
1163 4783 1397 4840 Verbum
1435 4795 1489 4841 et
1517 4785 1724 4851 Filius;

145 4868 265 4925 ideo
315 4873 518 4930 tandem
552 4875 788 4932 Verbum
813 4918 827 4940 ,
875 4878 998 4947 quia
1049 4878 1214 4935 Filius
1261 4890 1316 4937 et
1346 4882 1524 4953 Imago
1553 4881 1730 4937 Patris

149 4969 262 5016 est:
297 4979 461 5036 neque
488 4968 632 5023 enim
674 4969 820 5024 aliud
847 4969 1008 5027 Pater
1032 4972 1251 5043 genuit,
1279 4988 1400 5028 cum
1431 4975 1616 5044 genuit
1642 4974 1730 5029 Fi-

155 5052 308 5119 lium,
338 5075 488 5128 quam
519 5062 621 5118 hoc
651 5061 910 5130 Verbum,
940 5063 1078 5120 hanc
1109 5064 1399 5136 Imaginem
1430 5067 1635 5137 genuit,
1678 5076 1735 5122 ut

157 5153 380 5232 proinde
414 5172 518 5212 non
565 5157 743 5212 minus
785 5157 922 5214 Filio
985 5175 1142 5230 quam
1188 5158 1368 5215 Verbo
1421 5169 1478 5215 et
1516 5161 1736 5232 Imagini

154 5246 400 5304 nativitas
433 5250 716 5306 tribuatur.
777 5251 944 5307 Porro
975 5251 1226 5308 ‘Verbum
1279 5251 1477 5308 dicitur
1522 5253 1691 5310 Filius
1717 5297 1732 5322 ,

154 5347 415 5406 quatenus
440 5341 594 5397 Pater
622 5344 674 5398 in
703 5359 767 5399 eo
791 5342 1059 5415 gignendo
1083 5344 1219 5399 dixit
1246 5346 1428 5400 omnia
1463 5363 1476 5400 :
1528 5356 1583 5402 et
1633 5345 1736 5402 hoc

156 5427 412 5495 Verbum,
434 5433 573 5502 quod
602 5433 756 5500 dixit,
786 5450 906 5491 cum
936 5435 1071 5492 dixit
1090 5437 1290 5500 omnia,
1321 5446 1404 5492 est
1435 5437 1528 5493 ille
1550 5434 1739 5506 Filius,

156 5537 318 5592 quem
361 5527 558 5594 genuit.
599 5526 779 5599 Imago
823 5538 1000 5585 autem
1029 5529 1202 5585 Patris
1243 5529 1383 5586 idem
1412 5530 1588 5586 Filius
1615 5540 1696 5587 est
1727 5572 1742 5596 ,

158 5625 417 5685 quatenus
448 5620 682 5690 perfecta
709 5637 828 5676 cum
857 5622 1225 5689 similitudine,
1256 5639 1375 5693 qua:
1407 5624 1458 5678 in
1484 5637 1571 5679 res
1591 5638 1746 5678 crea-

165 5716 244 5761 tas
279 5726 379 5767 non
409 5713 596 5778 cadit,
628 5716 804 5770 omnia
831 5716 1008 5789 Patris
1046 5717 1299 5788 exprimit
1342 5733 1406 5774 ac
1442 5731 1747 5788 repraesen-

168 5809 244 5856 tat
269 5818 282 5855 :
319 5814 371 5858 et
398 5805 514 5861 hate
545 5805 723 5878 Imago
747 5850 761 5876 ,
791 5824 910 5880 quae
935 5808 1070 5866 adeo
1098 5808 1333 5880 perfecte
1360 5809 1541 5867 omnia
1573 5809 1752 5867 Patris

1829 4702 1931 4749 ret.
1967 4692 2155 4747 P05tea
2183 4706 2312 4746 vero
2339 4697 2398 4744 ut
2423 4691 2640 4746 creandi
2669 4689 2817 4745 orbis
2849 4688 3127 4746 decretum
3163 4690 3419 4758 ferretur,

1829 4788 1963 4843 dixit
2002 4785 2162 4842 Pater
2187 4800 2307 4857 qum
2329 4783 2501 4841 creari
2530 4783 2778 4851 volebat,
2811 4794 2865 4838 et
2893 4794 3003 4838 tum
3030 4799 3060 4838 e
3093 4796 3339 4855 paterno,
3372 4785 3426 4840 in

1833 4897 1940 4954 quo
1969 4881 2316 4938 delitescebat
2346 4879 2487 4942 sinu,
2531 4878 2772 4950 prodivit
2804 4877 3036 4933 Verbum
3065 4877 3300 4933 creanda
3345 4877 3431 4932 di-

1835 4990 1965 5032 cens
1993 4984 2152 5045 atque
2182 4973 2510 5044 respiciens,
2546 4973 2600 5028 in
2626 4987 2734 5043 quo
2761 4971 2939 5026 omnia
2965 4971 3197 5028 creanda
3225 4987 3425 5043 reprte-

1843 5067 2209 5124 sentabantur.
2257 5064 2389 5120 Illud
2421 5064 2571 5136 prius
2614 5064 2713 5118 fuit
2751 5062 2986 5120 Verbum
3030 5065 3204 5122 Patris
3246 5077 3428 5125 natum

1842 5159 1942 5215 soli
1986 5160 2094 5215 Deo
2117 5199 2134 5225 ,
2169 5157 2310 5213 istud
2361 5157 2628 5228 posterius
2655 5157 2753 5212 fuit
2795 5157 2921 5213 item
2953 5157 3130 5214 Patris
3155 5159 3385 5217 Verbum
3413 5204 3430 5231 ,

1842 5252 1938 5310 sed
1972 5255 2208 5324 genitum
2227 5294 2241 5313 .
2267 5251 2500 5322 quodam
2529 5251 2690 5308 modo
2728 5251 2884 5307 nobis
2909 5294 2925 5320 ,
2959 5262 3018 5309 ut
3042 5253 3287 5326 Gregorii
3315 5254 3436 5310 Bae-

1842 5348 1934 5403 tici
1963 5346 2189 5403 formula
2217 5348 2245 5419 §
2271 5349 2306 5405 3
2335 5347 2556 5403 recitata
2584 5356 2817 5402 utamur.
2845 5348 2976 5403 Cum
3004 5363 3134 5404 vero
3161 5348 3262 5403 hoc
3289 5349 3439 5418 prius

1847 5456 1910 5497 ac
1941 5439 2236 5512 posterius,
2267 5439 2410 5510 quod
2445 5455 2542 5510 pro
2567 5449 2730 5512 captu
2763 5448 2952 5496 nostro
2979 5440 3174 5510 duplex
3206 5439 3441 5496 diximus

1852 5534 2119 5600 Verbum,
2149 5533 2372 5588 alterum
2413 5534 2596 5590 divina
2617 5571 2634 5599 ,
2657 5535 2890 5590 alterum
2926 5545 3107 5589 creata
3139 5531 3442 5601 reSpiciens

1854 5625 2036 5700 (quam
2065 5625 2332 5695 duplicem
2363 5635 2640 5698 respectus
2667 5626 3069 5682 distinctionem
3108 5623 3446 5693 Augustinus

1856 5735 1998 5775 nunc
2025 5733 2195 5789 nuper
2225 5717 2476 5775 laudatus
2511 5716 2802 5791 suggessit)
2834 5718 2887 5774 itt
2917 5716 3100 5772 divino
3131 5715 3272 5771 Filio
3293 5757 3311 5784 ,
3353 5719 3448 5788 qui

1856 5810 2286 5884 simplicissimus
2337 5820 2460 5878 est,
2513 5826 2618 5866 non
2667 5811 2740 5866 sit
2777 5807 2972 5878 duplex
3024 5806 3297 5876 Verbum,
3347 5809 3451 5869 sed
