3998 6332
570 283 638 344 ea
1267 260 1279 275 ’
1971 287 2508 353 PROLEGOMENA.

3732 297 3815 356 1ᾶῆ

572 414 735 453 ιιιιιιιιι
770 399 913 485 (quia
948 400 1121 466 Verbi,
1153 416 1252 471 quo
1281 416 1334 457 se
1371 401 1531 468 dicit,
1558 410 1604 458 et
1631 401 1804 477 Verbi,
1836 419 1934 474 quo
1961 416 2157 459 creatu-
2193 407 2240 466 Α
2270 421 2484 475 rumque
2511 401 2714 475 fecisse,
2747 416 2867 476 quin
2903 401 3092 459 eadem
3119 411 3497 461 commemorat
3527 405 3813 466 Athanasius

569 508 681 544 ram
724 492 849 546 dicit
877 534 892 558 ,
931 511 1039 548 una
1077 494 1362 550 substantia
1401 505 1516 564 est,
1558 495 1732 566 inquit
1776 496 2066 553 Anselmus
2111 499 2162 552 in

577 583 777 639 Monol.
821 601 939 656 cap.
972 587 1032 642 5i
1060 629 1074 652 ,
1112 603 1252 642 nunc
1282 589 1376 658 53)
1406 587 1531 644 hinc
1562 606 1698 644 unus
1731 589 1934 657 Filius,
1969 591 2163 645 nativi—

569 684 650 730 tas
675 687 873 732 aeterna
902 680 1056 734 unica
1085 722 1098 746 ,
1145 696 1252 734 non
1285 681 1484 752 duplex
1512 683 1637 752 jure
1666 694 1714 739 et
1763 683 1956 739 stricte
1989 699 2018 738 a
2065 682 2167 738 Ze-

566 783 708 823 none
736 782 1067 827 memoratur
1097 781 1254 829 tract.
1291 775 1320 828 7
1349 785 1403 831 et
1431 777 1500 842 8,
1535 776 1664 832 licet
1701 792 1796 848 pro
1831 777 2062 832 humana
2095 777 2167 832 fa-

565 863 768 918 cultate
806 863 1034 934 loquens
1081 877 1237 923 tract.
1286 869 1319 923 4
1367 879 1421 924 et
1461 869 1494 924 5'
1521 911 1534 935 ,
1566 869 1910 926 distinctione
1935 869 2166 942 quadam

566 969 695 1009 usus
722 956 893 1012 videri
932 961 1124 1029 possit.
1157 959 1309 1016 Nune
1355 979 1474 1032 quae
1505 964 1570 1018 de
1609 964 1795 1019 divino
1825 964 2046 1020 creandi
2076 979 2167 1020 or-

565 1047 648 1104 bis
686 1050 908 1107 decreto
939 1067 1003 1108 ex
1039 1057 1334 1126 Augustino
1360 1057 1586 1128 aliiSqne
1623 1057 1870 1116 Patribus
1897 1060 2166 1134 superiori

565 1145 906 1215 paragrapho
936 1148 1257 1218 collegimus
1281 1193 1294 1215 ,
1339 1149 1441 1206 huc
1486 1152 1747 1214 transfer.
1781 1152 1825 1207 si
1866 1157 2074 1224 placet;
2113 1162 2167 1207 et

565 1237 901 1296 iuveniesea
937 1241 1004 1296 de
1043 1256 1202 1298 causa
1251 1243 1526 1299 decretum
1556 1244 1684 1299 illud
1715 1245 1820 1300 diei
1877 1244 2070 1300 Filium
2113 1254 2167 1301 et

565 1329 800 1386 Verbum
835 1332 968 1400 Dei,
1001 1346 1268 1406 quatenus
1311 1337 1363 1391 in
1400 1337 1576 1393 Verbo
1617 1346 1671 1393 et
1713 1337 1849 1393 Fil’to
1891 1339 1979 1394 Dei
2021 1339 2165 1394 dicta

565 1437 689 1480 sunt
716 1428 894 1482 omnia
916 1471 931 1494 ,
963 1445 1082 1499 qua:
1111 1430 1346 1486 creanda
1395 1431 1546 1487 fuere
1571 1475 1585 1499 ,
1621 1441 1679 1487 ut
1701 1431 1971 1503 janrlrrce
2008 1447 2167 1504 para-

566 1519 803 1590 grapltus
877 1538 983 1576 non
1025 1523 1180 1580 alteri
1244 1525 1319 1579 illi
1375 1524 1709 1580 contradicat
1762 1524 1946 1596 (quod
1991 1525 2166 1595 primo

567 1625 788 1681 as;-ectu
820 1615 1056 1687 videtur)
1082 1661 1096 1686 ,
1127 1617 1222 1674 sed
1252 1619 1542 1690 explicatio
1570 1623 1638 1673 sit
1660 1619 1777 1688 ejus
1807 1620 2018 1679 melior.
2047 1634 2166 1688 quae

570 1717 746 1763 tamen
779 1725 847 1766 ex
874 1711 1070 1766 ibidem
1111 1712 1270 1768 dictis
1308 1715 1562 1768 illustrari
1605 1724 1796 1770 mutuo
1835 1714 2042 1769 lumine
2073 1729 2168 1783 po-

2265 505 2404 552 orat.
2432 499 2461 550 Ξ).
2489 497 2947 559 contraArianos.
2970 513 3120 552 nmn.
3152 498 3220 553 24
3242 508 3298 555 et
3323 501 3412 556 ‘25.
3442 500 3614 571 Itaque
3638 517 3744 558 cum
3770 505 3812 560 in

2267 588 2583 645 inculcanda
2616 589 2916 644 instituendi
2946 589 3081 654 orbis
3122 607 3277 645 causa
3311 591 3490 646 Ariani
3524 593 3810 662 laborarent,

2265 697 2372 752 quo
2410 681 2602 737 Filium
2637 681 2732 737 Dei
2765 693 3024 737 internum
3058 683 3426 754 mqualemque
3466 683 3600 738 Patri
3637 686 3814 740 inﬁcia-

2267 785 2483 840 reutur;
2511 775 2659 831 Zeno
2684 783 2740 830 ut
2775 775 2882 832 illis
2903 791 3024 832 sese
3063 793 3094 832 e
3121 777 3382 833 diametro
3406 777 3670 849 objiceret,
3695 780 3740 834 in
3765 795 3814 836 ea

2267 868 2636 924 instituendum
2665 871 2835 924 orbem
2863 881 3142 940 Spectante
3172 871 3339 927 divini
3364 871 3482 928 Filii
3509 874 3815 944 generatione

2267 962 2588 1031 explicanda
2631 963 2732 1020 sibi
2775 966 3114 1035 potissimum
3160 965 3510 1021 insistendum
3552 977 3688 1023 ratus
3719 979 3813 1032 est,

2269 1067 2449 1110 certus
2475 1056 2618 1127 quod
2651 1058 2694 1110 si
2727 1056 2825 1112 hac
2856 1059 2908 1112 in
2942 1068 3090 1127 parte
3122 1058 3350 1113 Arianos
3385 1061 3638 1126 vinceret,
3667 1077 3722 1116 ex
3751 1063 3814 1114 al-

2271 1157 2380 1203 tera
2425 1160 2575 1219 parte
2598 1191 2612 1213 ,
2641 1164 2760 1221 quae
2809 1152 3216 1221 generationem
3249 1150 3406 1206 Verbi
3447 1150 3496 1205 in
3537 1152 3646 1206 sinu
3675 1150 3816 1208 Patris

2268 1246 2524 1301 latentem
2555 1254 2783 1316 spectat,
2809 1245 2941 1301 nihil
2963 1255 3108 1303 esset
3130 1246 3274 1317 quod
3325 1256 3579 1302 metueret
3600 1247 3813 1316 amplius.

2269 1336 2328 1392 In
2362 1337 2594 1407 priorem
2638 1347 2816 1392 autem
2853 1349 3057 1408 partem
3097 1339 3562 1394 animadvertenda
3608 1339 3699 1392 hoc
3739 1354 3815 1408 po-

2270 1441 2473 1487 stremo
2503 1431 2620 1488 loco
2663 1432 2898 1489 maxime
2950 1445 3075 1488 sunt
3105 1475 3120 1498 ,
3169 1449 3289 1504 qum.
3339 1442 3454 1502 post
3481 1441 3739 1498 ,assertam
3776 1434 3814 1486 in

2270 1524 2488 1578 creandi
2531 1525 2679 1579 orbis
2719 1525 3004 1580 consilium
3051 1525 3218 1579 divini
3266 1524 3424 1580 Verbi
3462 1523 3814 1596 generationem

2271 1620 2511 1688 utrisque
2561 1619 2610 1673 in
2655 1620 2974 1674 tractatibus
3023 1619 3403 1690 subjiciuntur.
3434 1619 3504 1674 Ea
3551 1619 3681 1674 enim
3718 1628 3818 1673 sunt

2270 1709 2576 1776 ejusmodi,
2632 1721 2688 1764 ut
2735 1712 3098 1783 aequalitatem
3146 1711 3818 1780 consubstantialitatemque

569 1811 692 1858 test.
719 1803 904 1874 Neque
935 1822 1063 1863 vero
1112 1807 1240 1862 illud
1276 1808 1361 1863 hic
1405 1824 1677 1880 opponas,
1709 1809 1987 1864 decretum
2026 1807 2164 1862 istud
2197 1801 2246 1862 B
2279 1802 2397 1858 Filii
2421 1819 2541 1858 cum
2572 1804 2753 1874 Patre,
2784 1820 2917 1875 quas
2946 1805 3248 1876 prtesertim
3275 1803 3468 1861 exinde
3497 1805 3640 1859 laesas
3668 1802 3818 1858 Ariani

563 1895 803 1952 divinum
839 1899 890 1954 in
941 1915 1048 1971 quo
1080 1901 1244 1956 divini
1279 1901 1439 1956 Verbi
1475 1904 1690 1973 proprie
1719 1901 1916 1958 dictam
1941 1918 2167 1972 genera-

566 1990 765 2046 tionem
795 1993 1114 2062 agnovimus
1136 2036 1152 2060 ,
1182 1995 1450 2050 initiatum
1491 1995 1711 2067 quidem
1744 1997 1794 2049 in
1831 1997 2164 2065 cognitione,

563 2091 619 2137 at
646 2084 696 2137 in
725 2101 910 2142 amore
940 2085 1106 2143 fuisse
1143 2089 1472 2159 completum
1500 2132 1513 2153 ,
1549 2087 1686 2144 adeo
1716 2097 1773 2143 ut
1817 2105 1921 2143 non
1958 2098 2064 2142 tam
2113 2088 2165 2143 in

562 2182 1045 2249 repraesentatione
1075 2182 1239 2238 Verbi
1283 2184 1573 2249 clucescat,
1605 2198 1766 2254 quam
1802 2184 1854 2236 in
1905 2181 2082 2236 Verbo
2113 2192 2168 2236 et

562 2268 722 2326 Patre
769 2286 1012 2328 amorem
1046 2274 1399 2340 notionalem,
1455 2284 1513 2328 ut
1568 2275 1745 2338 aiunt,
1800 2274 2164 2346 spirantibus,

560 2376 626 2417 ac
659 2364 712 2418 in
746 2363 862 2435 ipso
896 2365 1099 2436 Spiritu
1140 2375 1330 2421 saneto
1353 2407 1370 2433 ,
1416 2367 1504 2436 qui
1546 2382 1720 2422 amor-
1738 2375 1821 2423 est
1858 2367 2166 2422 notionalis.

561 2456 693 2513 Nam
729 2470 1088 2530 praeterquam
1121 2460 1262 2530 quod
1315 2460 1502 2517 Patres
1525 2503 1538 2526 ,
1572 2475 1694 2517 eum
1722 2461 1980 2516 adversus
2010 2460 2167 2516 Aria-

560 2569 662 2608 nos
693 2553 787 2610 Dei
837 2553 1033 2610 Filium
1082 2555 1462 2627 impugnantes
1507 2564 1766 2627 agerent,
1815 2555 1880 2610 ad
1925 2555 2166 2627 ejusdem

561 2643 680 2700 Filii
725 2648 1088 2716 :equalitatem
1113 2647 1496 2704 adstruendam
1565 2648 1822 2703 nonnulla
1870 2649 1968 2718 ipsi
2017 2649 2170 2702 attri-

559 2738 725 2794 buere
748 2780 762 2804 ,
801 2755 920 2809 quae
945 2745 1158 2795 emteris
1187 2741 1434 2810 personis
1478 2739 1788 2795 communia
1835 2748 2001 2805 sunt,
2034 2739 2166 2794 acsi

559 2831 679 2900 ejus
707 2841 890 2887 essent
920 2831 1134 2903 prepria
1159 2875 1173 2899 ,
1219 2841 1279 2887 ut
1321 2849 1386 2888 ex
1420 2833 1550 2902 ipsis
1581 2832 1877 2903 Scripturis
1909 2830 2170 2902 peculiari

560 2922 722 2977 modo
751 2923 934 2978 mundi
959 2926 1269 2994 creatioper
1293 2924 1527 2979 Verbum
1554 2935 1761 2994 patrata
1785 2924 1981 2978 dicitur
2021 2943 2034 2979 :
2066 2923 2169 2980 etsi

559 3015 836 3070 decretum
862 3015 989 3070 illttd
1023 3025 1132 3071 tres
1180 3015 1390 3071 divinas
1413 3032 1672 3086 personas
1701 3031 1826 3071 vere
1850 3019 2120 3088 pertingat
2147 3057 2162 3082 ,

559 3107 701 3163 idem
739 3116 917 3164 tamen
948 3117 1215 3180 quatenus
1256 3109 1532 3164 decretum
1564 3106 1852 3181 [LXXXVIII]
1894 3109 2156 3179 genitum,

2271 1895 2690 1964 contendebant,
2750 1901 2954 1952 Auctor
2979 1896 3182 1953 diserte
3224 1905 3436 1952 asserat
3477 1906 3626 1966 atque
3669 1895 3822 1950 delen-

2272 1991 2393 2052 dat;
2420 2007 2588 2062 eaque
2620 2005 2772 2046 mens
2799 1992 2917 2062 ejus
2945 1991 2996 2045 in
3025 1990 3125 2045 hac
3151 1990 3502 2062 generatione
3532 1987 3820 2060 potissimum

2275 2084 2511 2154 urgenda
2545 2083 2709 2139 fuisse
2737 2084 2984 2155 proditur
3008 2126 3023 2151 ,
3074 2094 3130 2138 ut
3176 2084 3498 2138 Arianorum
3542 2082 3822 2154 principuum

2273 2188 2528 2233 conatum
2561 2177 2809 2234 elideret.
2842 2176 2984 2249 Lege
3012 2177 3121 2248 ipsa
3149 2177 3401 2232 Auctoris
3427 2175 3603 2240 verba,
3632 2184 3681 2228 et
3705 2170 3822 2244 quod

2273 2271 2502 2326 dicimus
2555 2272 2730 2341 palam
2785 2270 2922 2338 ﬁet,
2969 2271 3239 2342 simulque
3308 2267 3636 2341 exploratius
3688 2265 3824 2320 multo

2273 2368 2411 2432 erit,
2459 2365 2710 2420 eumdem
2752 2366 3046 2422 Auctorem
3069 2406 3084 2430 ,
3113 2364 3204 2435 qui
3247 2365 3301 2419 in
3348 2378 3410 2420 ea
3441 2362 3702 2420 nativitate
3726 2357 3824 2414 Filii

2271 2457 2561 2513 asserenda
2604 2468 2708 2513 tam
2743 2475 2806 2514 ex
2839 2458 3117 2530 proposito
3148 2458 3317 2528 ipsius
3342 2474 3464 2516 cum
3510 2456 3657 2512 Patre
3681 2466 3826 2524 aqua-

2271 2552 2478 2608 litatem
2526 2553 3253 2624 consubstantialitatemque
3293 2545 3586 2624 propugnat
3610 2591 3623 2615 ,
3662 2546 3824 2616 longis-

2277 2647 2414 2700 sime
2442 2645 2634 2702 abesse
2665 2646 2733 2702 ab
2774 2661 2838 2701 ea
2883 2645 3159 2701 nati‘vitate
3197 2645 3397 2702 ibidem
3441 2639 3739 2700 adstrueuda
3765 2637 3826 2710 (ut

2272 2739 2523 2795 Petavius
2545 2737 2794 2811 credidit)
2820 2753 2923 2810 qua
2949 2753 3046 2794 nec
3067 2739 3290 2808 aequalis
3310 2737 3452 2792 Patri
3476 2735 3635 2792 Filius
3652 2732 3821 2796 fuisset,

2273 2847 2372 2887 nec
2401 2831 2642 2902 ejusdem
2689 2831 3006 2886 substantiae
3038 2846 3053 2895 ;
3095 2829 3188 2885 sed
3221 2845 3340 2884 eam
3384 2829 3554 2900 potius
3579 2826 3641 2882 ab
3666 2839 3723 2880 eo
3755 2839 3824 2876 as-

2271 2934 2471 2979 sertam
2507 2925 2707 2995 liquet,
2739 2939 2842 2994 qua
2889 2922 3029 2979 idem
3071 2921 3241 2977 Filius
3272 2923 3344 2977 ita
3381 2923 3430 2976 in
3460 2918 3663 2976 creandi
3710 2915 3825 2971 orbis

2272 3020 2558 3076 Consilium
2575 3020 2809 3092 genitus,
2837 3019 3184 3090 ejusdemque
3198 3018 3410 3074 consilii
3439 3024 3704 3074 exsecutor
3723 3026 3824 3084 pro-

2272 3111 2436 3180 ditur,
2474 3123 2530 3166 ut
2552 3113 2685 3168 nihil
2714 3113 2834 3168 inde
2864 3111 3166 3183 pra-judicii
3191 3111 3246 3167 in
3275 3111 3623 3182 aequalitatem
3648 3115 3696 3162 et
3718 3119 3822 3160 con-

557 3217 651 3257 seu
670 3201 996 3258 notionalem
1018 3203 1422 3273 generationem
1446 3201 1598 3267 dicit,
1618 3202 1706 3256 uni
1725 3201 1815 3256 Dei
1834 3200 1969 3255 Filio
1991 3211 2164 3272 potest
2193 3189 2239 3252 (ἶ
2275 3204 2781 3260 substantialitatem
2807 3203 3012 3260 redeat.
3046 3204 3178 3260 llinc
3201 3204 3418 3276 quidem
3442 3214 3591 3259 tract.
3617 3217 3652 3266 ι,
3674 3198 3754 3256 ιιι).
3777 3196 3820 3259 2.

555 3309 854 3365 congruere
878 3338 892 3364 ,
923 3297 1014 3367 qui
1046 3297 1194 3351 Solus
1239 3297 1456 3366 genitus
1489 3296 1621 3360 l'uit;
1655 3306 1711 3350 ut
1747 3305 2028 3366 propterea
2063 3294 2162 3348 Pa-

556 3398 664 3444 tres
692 3392 781 3446 uni
814 3389 954 3446 Filio
974 3391 1098 3462 jure
1122 3390 1434 3457 tribuerint,
1465 3406 1584 3461 quae
1607 3391 1659 3445 in
1686 3389 1906 3445 decreto
1940 3388 2158 3456 Filium,

553 3483 668 3537 sive
711 3481 871 3552 Filii,
900 3498 996 3539 seu
1041 3483 1202 3539 Verbi
1249 3483 1468 3554 proprie
1515 3482 1715 3538 dictam
1756 3482 2158 3552 generationem

552 3576 875 3646 signiﬁcant.
903 3575 1009 3633 Sed
1047 3577 1130 3631 his
1157 3565 1374 3631 omissis
1400 3619 1414 3644 ,
1449 3591 1572 3630 cum
1608 3576 1708 3630 hoc
1753 3574 2021 3641 Verbum,
2051 3589 2160 3643 quo

552 3667 806 3722 creandaz
837 3683 923 3723 res
954 3683 986 3722 a
1014 3668 1174 3724 Patre
1201 3670 1360 3724 dicta:
1385 3671 1559 3735 luere,
1589 3668 1726 3724 idem
1757 3669 1826 3723 sit
1863 3668 1991 3722 illud
2027 3667 2159 3722 Ver-

551 3759 679 3814 bum
702 3802 716 3827 ,
751 3775 859 3830 quo
888 3761 1047 3816 Pater
1075 3763 1252 3816 omnia
1290 3761 1471 3816 divina
1513 3761 1680 3824 dixit;
1734 3761 2034 3830 eademque
2085 3758 2157 3814 sit

552 3855 833 3926 utriusque
872 3853 1034 3911 Verbi
1081 3855 1364 3920 nativitas,
1402 3855 1527 3909 licet
1560 3856 1770 3908 ratione
1796 3854 2024 3923 quadam
2057 3852 2154 3906 hu-

550 3961 707 4000 mana
731 3945 931 4017 duplex
958 3946 1215 4014 Verbum,
1247 3946 1444 4016 duplex
1474 3944 1727 4000 nativitas
1751 3944 2108 4014 distinguatur
2136 3962 2147 3997 :

544 4043 657 4110 jam
707 4039 950 4110 proiecto
981 4040 1252 4110 intelliges
1283 4055 1390 4110 quo
1415 4040 1536 4109 jure
1582 4039 1639 4095 S.
1694 4037 1843 4093 Zeno
1869 4037 2031 4093 Verbi
2062 4052 2150 4093 res

547 4135 811 4189 creandas
873 4137 1169 4204 spectantis
1239 4135 1648 4205 generationem
1713 4149 2150 4189 commemorans

547 4225 746 4282 dixerit
773 4235 928 4282 tract.
957 4229 989 4283 5
1014 4244 1027 4280 ε
1057 4227 1305 4282 Nascitur
1334 4227 1473 4281 Deus
1523 4227 1586 4281 de
1616 4223 1750 4291 Deo,
1782 4236 1940 4280 totum
1976 4227 2150 4281 Putris

548 4318 740 4373 habens
767 4361 781 4384 ,
811 4321 940 4375 nihil
977 4321 1231 4394 derogans
1263 4320 1410 4375 Patri
1437 4363 1450 4379 .
1486 4330 1616 4385 etc.,
1665 4335 1784 4390 qua:
1815 4320 2148 4391 generationi

549 4412 708 4469 Verbi
739 4415 951 4468 divinas
984 4429 1071 4469 res
1105 4412 1336 4469 dicentis
1367 4428 1621 4484 perarque
1652 4413 2002 4468 conveniunt.

620 4506 756 4562 Illud
801 4507 1016 4564 tandem
1070 4509 1344 4580 inquirere
1382 4507 1541 4563 nobis
1573 4509 1730 4562 liceat
1767 4505 1910 4577 quod
1938 4505 2003 4559 ad
2032 4505 2144 4575 ple-

2270 3310 2418 3349 num.
2451 3296 2506 3361 2,
2536 3296 2725 3351 eadem
2752 3297 3060 3367 objectione
3089 3296 3412 3352 Arianorum
3445 3294 3716 3367 proposita.
3741 3304 3820 3360 ίιυιι

2267 3405 2331 3446 ex
2361 3400 2542 3445 creato
2577 3407 2669 3461 per
2697 3389 2894 3446 Filium
2928 3389 3130 3446 mundo
3153 3433 3169 3460 ,
3211 3405 3336 3446 eum
3369 3389 3524 3445 Patre
3552 3385 3819 3442 inferiorem

2267 3484 2633 3554 praedicabant
2673 3502 2684 3537 :
2719 3485 2784 3539 At
2813 3486 2916 3551 ille,
2950 3485 3034 3539 cui
3065 3485 3305 3558 jubetur,
3352 3493 3456 3551 est,
3501 3482 3656 3543 inquis
3679 3520 3692 3546 ,
3717 3479 3820 3545 infc-

2265 3580 2404 3643 rior;
2435 3589 2784 3634 executorem
2813 3579 3029 3649 quidem
3061 3578 3256 3634 Filium
3293 3580 3488 3636 fatetur
3511 3619 3524 3642 ,
3575 3575 3708 3631 Unde
3728 3587 3821 3644 pro-

2263 3671 2428 3737 cessit,
2472 3672 2672 3741 paterni
2701 3672 2870 3725 cordis
2900 3682 2972 3726 est
2999 3684 3265 3726 exsecutor
3307 3688 3325 3726 :
3358 3681 3412 3726 at
3440 3671 3683 3741 sequ-slent
3716 3664 3820 3720 nihil

2261 3763 2475 3817 ominus
2543 3762 2878 3823 defendens.
2940 3765 3075 3819 hanc
3129 3764 3396 3820 rationem
3457 3761 3631 3818 Subdit
3670 3776 3683 3814 :
3724 3754 3817 3811 Non

2258 3854 2392 3909 enim
2431 3857 2598 3910 minus
2625 3867 2698 3910 est
2724 3857 2896 3927 facere
2947 3875 3133 3930 magna
3169 3876 3322 3930 quam
3350 3860 3516 3913 dicere
3542 3899 3556 3924 ,
3583 3865 3632 3910 et
3662 3859 3821 3924 praste-

2257 3964 2346 4002 rea
2390 3949 2538 4004 addit
2572 3969 2583 4003 :
2617 3949 2862 4016 Quamvis
2902 3963 2948 4007 et
2975 3953 3112 4023 quod
3151 3954 3346 4006 dictant
3375 3963 3449 4008 est
3492 3969 3522 4006 a
3554 3949 3696 4003 Patre
3718 3985 3732 4014 ι
3760 3942 3821 3998 ντί

2254 4041 2356 4094 dici
2391 4051 2588 4112 potest,
2622 4044 2744 4112 quia
2799 4042 3016 4098 Verbum
3054 4054 3128 4099 est
3159 4043 3335 4099 Filius
3365 4087 3380 4111 ,
3429 4045 3536 4098 sine
3581 4041 3704 4095 Filio
3737 4049 3818 4087 non

2252 4145 2346 4197 est,
2377 4146 2482 4191 etc.
2513 4135 2570 4191 ln
2595 4137 2865 4207 prioribus
2897 4137 3003 4191 illis
3033 4137 3214 4193 verbis
3235 4180 3248 4201 ,
3283 4138 3478 4209 quibus
3501 4135 3691 4189 Auctor
3715 4142 3820 4184 con.

2252 4228 2396 4284 cedit
2444 4229 2637 4286 Filium
2685 4240 3039 4286 exsecutorem
3084 4249 3189 4286 esse
3221 4231 3421 4300 paterni
3466 4229 3665 4293 cordis,
3708 4220 3820 4276 unde

2253 4324 2520 4394 processit,
2553 4325 2611 4380 τὸ
2640 4325 2777 4378 unde
2805 4326 3209 4397 processiOnetn
3236 4368 3249 4392 ,
3281 4341 3378 4381 seu
3408 4325 3723 4379 nativitatem
3756 4317 3819 4367 in-

2252 4415 2396 4470 dicat
2429 4415 2551 4470 Filii
2578 4416 2779 4472 ecorde
2810 4416 3007 4484 Patris,
3048 4433 3170 4488 qum
3210 4433 3317 4472 non
3366 4417 3468 4472 alia
3496 4429 3611 4471 esse
3653 4424 3818 4479 cogn"-

2253 4508 2442 4575 scitur,
2477 4525 2638 4580 quam
2667 4509 2720 4564 in
2749 4526 2814 4565 eo
2842 4521 3047 4566 interno
3074 4511 3316 4576 decreto,
3348 4526 3455 4581 quo
3469 4510 3606 4564 Deus
3633 4503 3750 4560 dixit
3776 4501 3816 4552 in

549 4607 756 4661 niorem
788 4608 864 4662 rei
906 4609 1187 4677 praesentis
1217 4605 1685 4662 conﬁrmationem
1711 4604 1796 4660 vel
1822 4604 2147 4660 declaratio-
2171 4579 2226 4640 Ῑ)
2250 4599 2386 4654 Filio
2414 4616 2508 4656 seu
2539 4601 2590 4655 in
2624 4601 2801 4657 Verbo
2827 4617 3183 4673 quiscumque
3211 4604 3448 4658 creanda
3479 4602 3699 4661 fuerunt,
3725 4592 3812 4646 sic-

544 4716 671 4757 nem
720 4701 972 4768 confert,
1001 4716 1098 4757 cur
1138 4701 1197 4758 S.
1231 4700 1379 4756 Zeno
1413 4712 1696 4771 utramque
1729 4697 1888 4756 Verbi
1927 4697 2145 4752 relatio-

543 4808 666 4850 nem
719 4800 831 4848 tum
859 4793 922 4847 ad
965 4793 1186 4860 divina,
1231 4802 1342 4846 tum
1379 4791 1445 4846 ad
1501 4801 1680 4846 creata
1733 4799 1888 4846 tract.
1938 4787 1972 4842 4
2010 4797 2064 4844 et
2111 4787 2145 4842 5

543 4893 769 4954 tangens
807 4925 821 4951 ,
881 4884 1128 4939 institerit
1186 4881 1536 4937 nihilominus
1589 4881 1757 4951 magis
1809 4892 1863 4937 et
1921 4895 2145 4950 expres-

542 4978 655 5032 sius
699 4978 752 5033 in
798 4978 1081 5033 statuenda
1127 4978 1475 5050 generatione
1511 4975 1708 5041 Verbi,
1742 4987 2006 5044 quatenus
2059 4989 2146 5028 res

541 5082 751 5127 creatas
797 5075 1072 5143 respexit,
1122 5081 1180 5126 ut
1232 5071 1301 5127 de
1352 5070 1454 5126 hac
1499 5069 1613 5126 sola
1652 5071 1864 5125 loeutus
1914 5069 2147 5124 nonnul-

542 5161 612 5217 lis
642 5163 807 5218 videri
833 5164 1090 5235 potuerit.
1129 5163 1239 5218 lloc
1279 5176 1458 5219 autem
1505 5178 1573 5218 ex
1601 5163 1924 5218 Arianorum
1955 5203 1970 5227 ,
2009 5176 2144 5231 quos

543 5258 814 5328 praecipue
857 5259 956 5314 sibi
987 5259 1377 5330 impugnandos
1412 5265 1750 5329 sumpserat,
1787 5257 2140 5326 impetitioni-

539 5349 642 5407 bus
687 5351 886 5406 factum
931 5351 1222 5407 credimus.
1277 5352 1357 5407 Illi
1398 5352 1581 5418 enim,
1633 5359 1693 5407 ut
1739 5351 2095 5406 mternitatem
2122 5391 2137 5419 ,

538 5444 894 5516 eamdemque
929 5444 1069 5500 Filio
1094 5445 1449 5500 substantiam
1485 5445 1819 5513 adimerent,
1853 5444 1968 5500 haec
1999 5460 2135 5515 pra:-

538 5540 723 5598 dicare
771 5542 1081 5613 frequenter
1118 5541 1407 5607 solebant,
1451 5541 1654 5598 Hilario
1706 5550 1841 5598 te5te
1879 5541 1932 5597 in
1970 5541 2135 5612 Frag-

539 5646 721 5692 mento
759 5635 815 5702 2,
862 5651 1009 5692 num.
1039 5635 1110 5691 26
1141 5652 1153 5688 :
1188 5634 1399 5691 Patrem
1443 5633 1609 5689 Deum
1651 5635 1951 5692 instituendi
1999 5635 2137 5689 orbis

539 5744 699 5783 causa
725 5734 960 5801 genuisse
991 5729 1040 5783 Γ
1043 5731 1220 5797 ilium,
1263 5738 1309 5784 et
1334 5743 1427 5798 pro
1462 5735 1710 5798 potestate
1749 5729 1829 5784 sui
1883 5745 1945 5783 ea:
1975 5728 2137 5782 nihilo

541 5820 593 5873 in
627 5823 962 5880 substantiam
1005 5841 1186 5882 novatn
1236 5832 1284 5879 et
1325 5823 1542 5876 alteram
1590 5819 1750 5876 Deum
1797 5838 1978 5878 novum
2009 5821 2138 5875 atte-

2249 4709 2353 4764 que
2385 4693 2558 4762 ipsum
2602 4694 2880 4749 decretum
2923 4709 3019 4750 seu
3049 4695 3252 4749 dictum
3298 4705 3556 4749 aeternum
3593 4703 3622 4742 a
3650 4692 3810 4742 nostro

2248 4798 2462 4854 quoque
2505 4784 2772 4856 scriptore
2819 4786 3123 4842 insinuatur
3169 4787 3286 4855 ipse
3334 4799 3456 4840 esse
3505 4781 3594 4837 Dei
3635 4775 3812 4833 Filius;

2247 4880 2338 4948 qui
2365 4877 2593 4934 subinde
2618 4878 2895 4935 decretum
2931 4880 3082 4944 illud,
3106 4881 3157 4935 vi
3185 4881 3341 4952 cujus
3370 4896 3400 4936 e
3431 4888 3648 4951 paterno
3675 4867 3814 4926 corde

2254 4971 2536 5040 processit,
2563 4981 2854 5026 exsecutus
2880 4981 2963 5027 est
2995 4982 3134 5028 stato
3166 4981 3434 5042 tempore,
3467 4983 3584 5026 cum
3613 4978 3722 5036 qua:
3747 4959 3814 5014 i3-

2250 5063 2438 5118 cienda
2481 5064 2533 5118 in
2563 5061 2703 5119 Filio
2729 5079 2824 5119 seu
2860 5063 3037 5120 Verbo
3073 5065 3232 5120 Pater
3261 5065 3500 5130 dixerat,
3537 5061 3646 5131 ipse
3671 5053 3812 5111 Filius

2249 5167 2514 5212 exsecntm'
2563 5155 2729 5222 fecit,
2781 5172 2904 5212 nam
2956 5158 3129 5213 omnia
3179 5177 3270 5230 per
3314 5160 3482 5230 ipsum
3532 5157 3660 5227 facta
3691 5154 3810 5202 sunt.

2252 5249 2458 5305 Deinde
2513 5249 2922 5319 responsionem
2951 5249 3194 5320 adverte,
3227 5267 3331 5324 qua
3363 5260 3423 5306 ut
3465 5248 3603 5302 hunc
3642 5240 3810 5298 Filium

2245 5354 2622 5401 exsecutorem
2649 5345 2778 5402 licet
2805 5346 3019 5417 operis,
3054 5345 3200 5402 Patri
3231 5353 3412 5401 tamen
3450 5340 3586 5398 haud
3619 5331 3810 5392 inferio-

2243 5456 2360 5497 rem
2387 5441 2590 5496 Auctor
2617 5441 2836 5511 probet,
2873 5456 2977 5495 non
3011 5450 3118 5496 tam
3144 5456 3206 5496 ea
3240 5439 3450 5495 ratione
3492 5435 3668 5495 utitur,
3705 5423 3808 5496 qui:I

2245 5549 2345 5588 non
2360 5535 2526 5588 minus
2540 5544 2610 5587 est
2626 5537 2795 5604 facere
2813 5549 3020 5607 magna,
3037 5549 3188 5603 quant
3213 5533 3402 5596 dicere,
3421 5527 3513 5585 sed
3537 5526 3619 5580 illa
3641 5523 3688 5577 in
3709 5528 3806 5572 rem

2244 5640 2483 5684 nostram
2535 5627 2784 5700 [Lxxxrx]
2807 5627 3076 5698 prmcipua
3102 5669 3117 5694 ,
3149 5641 3273 5682 nam
3302 5624 3439 5696 quod
3468 5623 3652 5676 dictant
3686 5618 3752 5667 est
3780 5622 3808 5658 α

2250 5723 2515 5787 l’atre,vel
2544 5723 2647 5777 dici
2674 5731 2858 5792 potest,
2875 5722 2998 5792 quia
3022 5719 3241 5776 Verbum
3263 5728 3332 5776 est
3353 5717 3542 5781 Filius,
3565 5713 3669 5767 sine
3684 5703 3804 5760 Filio

2245 5835 2345 5872 non
2369 5826 2442 5872 est
2473 5833 2492 5870 :
2521 5818 2715 5887 quibus
2744 5815 2936 5872 Filium
2964 5814 3041 5870 uti
3071 5814 3277 5870 verbum
3306 5811 3477 5868 l’atris
3507 5809 3670 5879 ipsum
3700 5807 3804 5854 esse
