3952 6320
107 314 182 378 itit
970 308 1412 373 DlSSERTATlO
1448 309 1513 376 ll.
1559 308 1646 372 DE
1694 312 1753 373 Β.
1801 310 2096 378 ZENONIS
2141 318 2507 384 DOCTRlNA.

3281 330 3384 390 illi

102 427 280 495 dictum
309 438 418 482 seu
442 425 712 484 decretum
743 434 1002 491 aeternum
1035 427 1208 484 Patris
1237 429 1367 485 satis
1390 427 1628 487 innuitnr
1653 472 1666 497 ,
1702 438 1748 499 Α
1778 435 1953 488 omnia
1978 437 2231 505 creauda,
2262 448 2345 495 est
2389 456 2554 499 tinum
2588 458 2601 497 :
2638 448 2694 501 ιιι
2724 440 2967 514 pluribus
3003 442 3251 515 superius
3277 460 3374 503 os-

103 519 373 590 quodcum
417 518 581 574 Patre
623 534 756 574 unus
784 517 1033 591 idemque
1079 520 1223 576 Dens
1263 530 1382 585 est;
1416 539 1532 591 qum
1569 540 1684 576 om-

103 627 208 668 nem
237 612 466 679 Arianm
508 610 859 668 cavillationis
906 611 1294 687 impetitionem
1345 629 1567 687 prorsus
1596 630 1682 673 rc-

105 704 315 760 tundnnt
358 720 426 760 ac
472 704 768 771 dirimunt,
824 706 1406 779 interpretationesque
1446 724 1474 762 a
1525 708 1682 767 nobis

105 801 343 854 hactenus
367 798 646 869 expositas
669 814 734 854 ex
759 797 993 857 Zenonis
1020 810 1203 857 mente
1224 814 1345 857 esse
1366 802 1527 875 plane
1548 817 1680 858 con-

105 894 314 949 ﬁrmant.

105 1028 130 1098 §
158 1025 237 1083 Vl.
258 1054 329 1068 -—
359 1023 672 1093 Explicatur
688 1026 922 1099 quedam
964 1028 1194 1099 difﬁcilis
1213 1028 1439 1087 Zenonis
1466 1030 1680 1102 locutio,

146 1121 266 1177 unde
289 1120 561 1194 proposita
589 1121 936 1193 interpretatio
965 1122 1182 1193 iriiri/ica
1212 1124 1624 1195 confirmabit”.

162 1277 424 1334 Addemus
450 1278 565 1351 jam
597 1279 965 1337 duriusculam
988 1283 1274 1355 quamdam
1305 1283 1542 1341 Zenonis
1571 1285 1682 1344 for-

100 1371 301 1443 mulam,
329 1388 396 1427 cx
430 1382 662 1429 tractatu
691 1374 725 1430 ‘5
750 1373 848 1430 lib.
879 1390 943 1445 ll,
972 1375 1040 1433 de
1069 1387 1270 1432 aeterna
1297 1376 1466 1435 divini
1514 1377 1680 1435 Verbi

100 1464 424 1536 generatione
446 1465 782 1537 loquentem,
812 1468 1010 1538 quaein
1029 1467 1204 1524 altero
1252 1484 1321 1525 ex
1364 1469 1591 1541 objectis
1644 1486 1677 1527 a

101 1557 300 1613 Petavio
324 1559 652 1615 testimoniis
675 1561 1003 1617 continetur.
1028 1561 1157 1619 Haec
1185 1576 1364 1619 autem
1414 1566 1554 1621 sicut
1573 1566 1679 1625 alia

105 1648 150 1704 in
174 1651 430 1707 sententia
457 1650 730 1725 explicatu
756 1652 995 1711 difﬁcilis
1021 1655 1505 1715 contradictionem
1529 1659 1676 1715 vide-

101 1753 174 1798 tur
205 1742 499 1811 involvere,
531 1746 605 1803 ita
634 1747 685 1801 in
713 1758 900 1805 nOStra
927 1764 1034 1805 non
1066 1750 1239 1807 solum
1270 1749 1413 1809 facili
1453 1754 1672 1825 negotio

1788 527 2076 585 tendimus.

1858 617 1928 674 Ut
1951 629 2156 688 autem,
2186 638 2288 692 qua
2402 623 2546 679 Zeno
2568 637 2770 695 mente,
2803 643 2909 698 quo
2939 642 3102 687 sensu
3147 628 3249 684 hac
3276 628 3387 685 for—

1783 710 1930 767 mula
1957 727 2085 770 usus
2110 713 2200 782 sit,
2231 715 2401 788 magis
2453 717 2732 789 magisque
2786 718 3141 793 intelligatur,
3190 721 3387 795 explo-

1782 814 2069 877 ratumque
2090 807 2247 880 plane
2268 807 2383 878 liat,
2416 809 2522 866 hoc
2550 810 2722 885 ipsum
2756 813 3125 870 testimonium
3169 814 3236 870 ad
3282 814 3383 875 de-

1783 901 2094 958 clarandam
2121 901 2443 960 catholicam
2472 902 2706 961 Zenonis
2748 915 2987 965 mentem
3033 907 3102 963 ab
3146 907 3381 965 Ariano-

1785 1012 1901 1061 rurn
1941 995 2192 1068 dogmate
2241 998 2475 1054 maxime
2525 997 2754 1055 alienam
2807 999 2987 1056 valere
3037 1000 3380 1075 plurimum;

1782 1090 2053 1162 simulque
2074 1090 2399 1163 prmcidatur
2419 1094 2615 1159 omnis,
2640 1108 2759 1164 quae
2788 1092 3023 1167 cuipiam
3047 1092 3246 1159 oborirj
3273 1092 3386 1150 for—

1785 1192 1927 1240 tasse
1956 1185 2414 1256 possetsuspirin,
2443 1185 2647 1241 idcirco
2676 1185 2744 1245 ab
2774 1186 3007 1249 Auctore
3030 1186 3229 1243 dictum
3253 1195 3386 1255 erat,

1782 1286 2058 1350 antequam
2079 1288 2392 1349 nasceretur,
2421 1281 2475 1335 in
2508 1278 2687 1349 Patre,
2714 1280 2855 1352 quod
2874 1279 3169 1341 crediderit
3189 1279 3387 1337 Filium

1785 1371 1836 1426 iu
1859 1372 1983 1426 sinu
2011 1371 2186 1428 Patris
2211 1373 2445 1445 primum
2466 1372 2630 1429 fuisse
2661 1372 2736 1427 ita
2762 1371 3138 1441 indiscretmn,
3167 1379 3226 1427 ut
3253 1387 3388 1427 non-

1781 1465 1910 1520 dum
1929 1475 2082 1521 natus
2102 1479 2197 1522 seu
2214 1464 2503 1533 distinctus
2525 1463 2707 1533 fuerit,
2724 1463 2847 1521 dein
2872 1479 3000 1523 vero
3021 1463 3186 1533 fuisse
3202 1474 3386 1523 natum

1782 1560 1837 1616 in
1866 1571 2133 1632 tempore,
2168 1572 2223 1615 ut
2250 1560 2412 1616 Pater
2441 1562 2493 1619 in
2519 1559 2772 1616 creandis
2790 1558 2952 1616 rebus
2980 1558 3073 1615 illo
3120 1566 3386 1631 uteretur,

1782 1668 1904 1726 qua:
1934 1653 2033 1709 luit
2055 1652 2260 1709 Petavii
2290 1668 2516 1709 censura
2548 1670 2564 1706 :
2604 1661 2662 1708 nt
2708 1652 2842 1720 haec,
2895 1652 3115 1722 inquam
3144 1693 3158 1721 ,
3204 1650 3387 1711 omnia

1790 1755 2138 1816 praestentur,
2171 1746 2709 1802 animadvertendum
2741 1756 2843 1812 est,
2899 1747 3197 1803 solemnem
3222 1745 3395 1805 fuisse,

96 1839 383 1909 exponitur,
416 1840 513 1895 sed
538 1838 713 1915 ipsam
739 1842 1243 1914 interpretationem
1287 1845 1504 1909 allatam
1546 1849 1672 1904 bac—
1702 1846 1751 1908 B
1778 1840 1919 1911 apud
1943 1840 2174 1903 AriaIIOS
2196 1838 2481 1896 formulam
2501 1837 2569 1893 de
2592 1836 3093 1913 Divinulxcwilim
3119 1836 3243 1905 Νοη
3256 1846 3383 1909 "ab

94 1940 254 1998 tenus,
276 1949 506 2004 quacum
550 1951 653 2001 una
689 1946 876 2007 aperte
898 1938 1170 2009 congruit,
1222 1939 1448 1996 miriﬁce
1489 1942 1677 1997 statuit

96 2035 244 2096 atque
261 2026 563 2083 conﬁrmat.
595 2027 767 2084 Verba
799 2040 982 2085 autem
1013 2029 1072 2086 S.
1098 2030 1337 2089 Zenonis
1389 2032 1458 2089 de
1493 2033 1676 2089 divino

90 2118 211 2176 Filio
240 2120 353 2177 hac
379 2131 544 2177 sunt:
573 2120 820 2178 Procedit
847 2124 900 2179 in
926 2125 1267 2192 nativitatem,
1302 2128 1386 2200 qui
1416 2138 1554 2197 erat,
1580 2147 1678 2187 an-

93 2220 273 2280 tequam
299 2224 617 2282 nasceretur,
647 2215 702 2268 in
724 2213 886 2270 Patre
906 2219 1121 2288 aqualis
1147 2218 1201 2273 in
1235 2219 1492 2277 omnibus.
1542 2221 1674 2278 Ser-

91 2320 285 2362 monem
325 2306 431 2363 hoc
466 2307 591 2365 loco
618 2321 741 2364 esse
783 2307 852 2364 de
898 2324 959 2364 ea
1008 2308 1208 2369 Christi
1233 2314 1537 2384 nativitate,
1569 2330 1675 2386 qua

95 2408 236 2454 natus
256 2398 327 2467 de
348 2398 570 2471 Virgine
597 2407 701 2463 est,
727 2397 891 2472 aliqui
918 2404 1321 2467 exisumarnnt.
1364 2413 1421 2460 ut
1465 2406 1545 2462 sic
1598 2408 1678 2463 in-

96 2492 409 2564 telligeretur
428 2508 551 2549 cum
576 2492 646 2555 ab
669 2502 876 2550 aeterno
899 2497 1081 2567 fuisse,
1125 2506 1400 2569 antequam
1444 2498 1511 2555 de
1550 2498 1675 2556 Vir-

94 2585 205 2656 gine
219 2586 427 2642 scilicet
445 2595 760 2655 nasceretur,
791 2588 845 2643 in
862 2587 1037 2645 Patre.
1064 2593 1133 2646 At
1158 2606 1281 2648 cum
1314 2602 1427 2651 toto
1446 2609 1512 2651 eo
1540 2605 1678 2651 trac-

94 2686 213 2749 tatu,
240 2688 295 2737 et
312 2690 438 2738 ante
465 2691 519 2738 et
540 2690 664 2754 post
686 2684 911 2740 recitata
937 2686 1123 2755 verba,
1150 2685 1220 2742 de
1249 2704 1351 2743 una
1399 2690 1679 2747 nativitate

87 2772 270 2831 Christi
292 2790 478 2831 sermo
496 2776 591 2845 sit,
623 2792 728 2849 qua
756 2776 822 2832 de
840 2777 954 2835 Deo
974 2778 1135 2839 Patre
1155 2783 1443 2852 processit,
1485 2784 1677 2855 procul

89 2866 241 2928 dubio
264 2870 354 2926 illa
397 2872 627 2941 procedit
657 2873 710 2927 in
736 2872 1054 2930 nativitatem
1097 2875 1166 2931 ad
1210 2877 1458 2935 eamdem
1514 2878 1678 2936 Verbi

88 2968 482 3034 generationem
512 2983 545 3024 e
564 2967 727 3025 Patre
752 2969 1048 3040 pertinent,
1072 2980 1129 3025 ut
1151 2986 1220 3028 ne
1246 2973 1582 3043 generationi
1610 2973 1683 3030 de

91 3054 292 3128 Virgine
310 3059 385 3115 sit
414 3060 588 3116 locus.
612 3058 721 3117 Sed
750 3060 856 3117 hoc
874 3075 1035 3135 opus,
1061 3063 1150 3120 hic
1178 3063 1351 3119 labor.
1375 3064 1513 3134 Quid
1532 3066 1678 3121 enim

90 3147 254 3207 iSIhuc
280 3152 356 3208 rei
387 3162 473 3209 eet
499 3165 515 3206 :
567 3162 675 3207 erat
699 3162 974 3227 antequam
997 3159 1338 3212 nasceretur?
1358 3158 1413 3213 Si
1448 3158 1541 3215 Dei
1583 3157 1677 3215 Fi-

1780 1942 2052 2004 antequam
2104 1943 2428 2000 nasceretur,
2482 1941 2541 1986 ut
2583 1932 2779 2002 legitur
2832 1928 2885 1999 in
2928 1930 3388 1995 auatliematismo

1780 2024 2020 2081 Nicteno.
2054 2023 2221 2097 Cujus
2248 2022 2501 2080 formula:
2529 2024 2709 2080 verbis
2741 2021 3141 2101 intelligebant,
3175 2023 3269 2083 Dei
3301 2020 3389 2077 Fi-

1782 2120 1912 2176 lium
1943 2135 2050 2176 non
2083 2122 2249 2178 fuisse
2272 2121 2340 2176 ab
2370 2130 2596 2187 aeterno,
2621 2121 2716 2177 sed
2745 2130 2859 2175 tum
2908 2120 3106 2191 solum,
3156 2134 3279 2175 cum
3332 2118 3389 2174 in

1781 2213 1967 2271 mundi
1998 2217 2276 2273 creatione
2305 2230 2335 2270 a
2364 2216 2524 2271 Patre
2554 2215 2806 2271 conditus
2846 2228 2947 2273 seu
2998 2214 3214 2286 genitus
3246 2212 3384 2269 fuit:

1782 2308 1833 2363 id
1856 2308 2001 2379 quod
2023 2309 2376 2382 explicabunt
2429 2307 2532 2363 alia
2581 2307 2815 2364 formula
2863 2305 3064 2363 celebri
3112 2306 3303 2363 eodem
3334 2305 3385 2360 in

1782 2402 2237 2459 anathematismo
2305 2403 2510 2474 pariter
2570 2404 2847 2457 recitata:
2905 2398 3033 2456 Fuit
3081 2400 3388 2471 aliquando,

1782 2511 2014 2549 cumnoa
2028 2506 2176 2552 esset.
2196 2494 2332 2551 Hinc
2359 2498 2524 2551 Arius
2554 2494 2694 2567 apud
2719 2493 3071 2561 Anatbasium
3105 2493 3157 2550 in
3189 2491 3384 2563 OratJ

1782 2598 1974 2644 contra
2022 2589 2278 2658 Arianos,
2327 2604 2480 2645 num.
2507 2587 2565 2655 5,
2600 2603 2655 2660 p.
2685 2588 2812 2645 409.
2872 2586 2986 2643 Nec
3029 2596 3162 2654 erat,
3196 2587 3390 2659 inquit,

1782 2689 2056 2750 antequam
2078 2681 2247 2759 fieret,
2299 2680 2389 2736 sed
2419 2677 2593 2735 habuit
2633 2696 2834 2753 quoque
2862 2679 3136 2739 creationis
3162 2680 3385 2735 initium.

1786 2772 1916 2828 Erat
1943 2777 2078 2829 enim
2130 2776 2273 2831 solus
2320 2774 2488 2841 Deus,
2540 2775 2870 2847 nondumque
2908 2786 3017 2831 erat
3080 2774 3300 2831 Verbum
3346 2786 3395 2832 et

1786 2866 2078 2938 Sapientia.
2113 2866 2243 2923 Cum
2265 2878 2436 2923 autem
2477 2884 2569 2925 nos
2598 2878 2774 2939 postea
2809 2867 2970 2923 voluit
3019 2884 3214 2933 creare,
3274 2878 3394 2923 tunc

1785 2962 2014 3034 profecto
2045 2979 2208 3018 unum
2231 2965 2503 3033 quemdam
2529 2966 2673 3036 fecit,
2697 2981 2847 3037 quem
2877 2976 2924 3021 et
2961 2964 3184 3021 Verbum
3205 2976 3254 3021 et
3280 2965 3390 3025 Sa-

1785 3054 2010 3124 pcntiam
2038 3064 2088 3107 et
2108 3051 2158 3106 F
2162 3053 2310 3113 ilium
2338 3056 2640 3123 nominavit,
2668 3066 2720 3110 ut
2739 3072 2832 3110 nos
2853 3072 2944 3127 per
2963 3056 3135 3128 ipsum
3156 3067 3347 3112 crearet
3375 3072 3396 3111 :

1785 3147 1980 3218 quibus
2002 3150 2299 3207 concinens
2330 3149 2628 3207 Eunomius
2644 3150 2695 3205 in
2716 3150 2843 3207 ﬁdei
2869 3150 3225 3213 Confessione
3250 3153 3395 3209 edita

92 3239 186 3297 lius
205 3255 334 3308 erat,
367 3260 500 3314 ergo
531 3252 687 3302 natus
716 3254 858 3314 erat,
906 3262 972 3303 ac
996 3247 1195 3305 falsum
1221 3260 1307 3305 est
1334 3251 1478 3321 quod
1510 3250 1676 3308 fuerit
1703 3239 1750 3302 C
1784 3252 1954 3303 tom.t
1979 3243 2164 3318 Antiq.
2198 3246 2349 3303 Lect.
2403 3245 2605 3303 Canisii
2630 3248 2941 3303 novissimae
2972 3246 3225 3304 editionis
3270 3262 3392 3320 pag.

90 3346 346 3409 antequam
394 3340 737 3396 nasceretur?
782 3341 841 3396 Si
883 3356 1013 3401 vero
1063 3341 1306 3401 nondum
1346 3354 1466 3401 erat
1514 3354 1675 3402 natus

92 3439 346 3503 antequam
373 3443 703 3499 nasceretur,
730 3435 842 3506 jam
873 3435 1019 3494 nullo
1062 3437 1230 3494 modo
1277 3448 1385 3494 erat
1409 3438 1464 3494 in
1496 3438 1680 3497 Patre.

90 3521 185 3577 Sed
206 3521 321 3579 haec
344 3524 399 3580 in
426 3534 657 3583 tractatu
680 3525 716 3581 4
744 3537 797 3583 et
818 3527 853 3585 5
880 3528 932 3583 in
956 3544 1074 3585 eam
1124 3545 1282 3601 quam
1332 3532 1682 3602 exposuimus

93 3616 400 3672 sententiam
413 3615 572 3673 facile
589 3620 966 3678 conciliantur.
985 3621 1308 3680 Processisse
1322 3626 1466 3681 enim
1482 3626 1683 3684 dicitur

91 3706 142 3759 in
166 3710 497 3778 natiuitatem,
523 3727 626 3784 qua
656 3729 720 3768 ea:
766 3729 854 3769 ore
899 3714 1072 3775 Patris
1130 3716 1354 3789 pradivit
1385 3720 1684 3793 unigenitus

98 3800 271 3871 Filius,
290 3814 346 3861 ut
367 3822 539 3862 rerum
565 3816 769 3875 natura,
795 3825 910 3880 qua:
935 3826 1039 3866 non
1067 3822 1208 3878 erat,
1239 3813 1539 3885 ﬁngeretur,
1558 3829 1682 3871 cum

94 3897 285 3953 scilicet
311 3900 473 3957 Pater
500 3902 907 3973 excogitatarum
942 3914 997 3957 ut
1029 3904 1260 3961 ordinem
1301 3907 1572 3963 instrueret
1595 3925 1679 3963 re-

94 4002 219 4057 rum,
242 4007 270 4046 e
292 3993 503 4063 regione
526 3994 698 4050 cordis
719 3994 963 4051 eructavit
997 3995 1225 4053 Verbum
1249 4040 1264 4067 ,
1306 4009 1364 4055 ut
1413 4002 1686 4072 superiori

95 4082 419 4152 paragrapho
459 4086 883 4155 explicavimus:
936 4098 1043 4142 erat
1090 4100 1269 4145 autem
1335 4091 1687 4150 nihilominus

94 4172 224 4231 idem
252 4175 724 4254 Filius,antequam_
748 4181 828 4237 sic
856 4192 1172 4252 nasceretur,
1198 4184 1256 4239 in
1281 4184 1464 4256 Patre,
1496 4197 1688 4259 quate—

94 4267 375 4334 nusillum,
408 4272 484 4337 uti
514 4271 665 4329 Zeno
696 4272 802 4330 hoc
846 4274 966 4345 ipso
995 4284 1063 4330 tr.
1115 4277 1151 4334 3
1205 4278 1299 4345 ait,
1347 4287 1468 4335 ante
1516 4282 1692 4337 omnia

94 4362 275 4415 secula
297 4360 459 4417 Pater
486 4364 541 4419 in
587 4368 849 4439 profundo
875 4382 986 4424 sua:
1013 4384 1176 4423 saera:
1223 4371 1434 4439 mentis,
1498 4388 1693 4427 arcano

95 4451 461 4524 insuspicabili,
490 4472 551 4511 ac
577 4457 675 4513 sibi
714 4459 811 4514 soli
841 4468 963 4515 nota
1009 4461 1343 4530 conscientia,
1401 4460 1531 4518 Filii
1585 4480 1692 4518 non

97 4542 198 4597 sine
219 4544 432 4614 aﬁ'ectu,
456 4549 551 4605 sed
568 4550 681 4605 sine
709 4552 1016 4608 revelamine
1043 4553 1465 4625 amplectebatur,
1495 4556 1694 4627 quibus

1788 3338 1913 3395 178.
1940 3337 2083 3404 Non,
2116 3349 2391 3410 antequam
2409 3349 2564 3406 esset,
2596 3339 2788 3409 inquit,
2812 3341 2921 3395 sine
2947 3341 3271 3412 generatione
3302 3338 3396 3399 Fi-

1788 3433 1915 3486 lium
1943 3431 2239 3487 nominavit.
2269 3432 2455 3503 Neque
2478 3447 2608 3489 vero
2636 3431 2962 3489 dubitabant
2999 3430 3295 3498 aﬂirmare,
3332 3433 3397 3487 il-

1790 3524 1903 3580 lum
1948 3535 2067 3580 ante
2108 3526 2283 3580 omnia
2331 3527 2525 3582 stecula
2583 3530 2861 3598 genitum;
2911 3526 3006 3585 sed
3056 3526 3111 3583 id
3167 3542 3273 3580 non
3326 3527 3399 3581 ita

1791 3620 2147 3691 accipiebant,
2180 3635 2243 3676 ac
2271 3619 2318 3675 si
2355 3620 2424 3676 ah
2464 3629 2667 3677 aeterno
2688 3622 2904 3694 genitus
2934 3621 3118 3699 fuerit,
3150 3619 3320 3678 sedita
3347 3633 3403 3677 ut

1792 3712 1960 3783 [artus
1982 3712 2150 3769 fuerit
2177 3724 2297 3769 ante
2321 3716 2763 3783 constitutionem
2796 3715 3015 3783 mundi,
3059 3715 3112 3775 iu
3130 3715 3401 3789 principio

1793 3805 2007 3863 scilicet
2058 3806 2355 3877 temporis:
2412 3823 2493 3864 res
2542 3815 2723 3865 autem
2772 3815 2914 3880 facta
2961 3823 3062 3877 non
3106 3817 3215 3861 erat
3261 3817 3405 3862 ante-

1793 3915 1948 3969 quam
2004 3898 2187 3969 ﬁeret,
2241 3900 2569 3971 objiciebant
2613 3898 2685 3958 ex
2736 3901 2975 3975 Dionysii
3043 3900 3402 3973 Alexandrini

1796 3991 2050 4061 epistola,
2102 3991 2257 4063 cujus
2302 3992 2663 4066 fragmentum
2686 3992 3016 4049 Athanasius
3038 3999 3090 4049 in
3115 3993 3254 4050 lianc
3286 4010 3402 4051 rem

1797 4086 2106 4145 considerat
2136 4088 2189 4143 in
2218 4089 2377 4160 epist.
2403 4089 2471 4147 de
2494 4090 2770 4149 Sententia
2800 4089 3062 4163 Dionysii,
3088 4106 3235 4144 ltillli.
3261 4087 3318 4156 4,
3349 4108 3405 4161 p.

1799 4180 1929 4237 246.
1958 4181 2091 4237 lluic
2115 4196 2245 4254 ergo
2297 4181 2565 4250 formulae,
2594 4183 2679 4239 cui
2707 4181 2995 4239 anathema
3048 4182 3261 4238 dixerat
3315 4181 3405 4239 Ni-

1800 4289 1955 4331 eaena
1980 4274 2243 4348 synodus,
2273 4279 2563 4333 anathema
2609 4276 2826 4348 quidem
2852 4277 3032 4333 dicere
3057 4293 3164 4333 non
3188 4275 3407 4332 dubita-

1802 4366 1881 4421 vit
1927 4366 2193 4423 Eusebins
2246 4365 2627 4436 Ctesariensis,
2671 4370 2723 4424 in
2771 4370 2999 4440 epistola
3067 4370 3289 4425 recitata
3334 4369 3408 4433 ab

1803 4460 2122 4528 Athanasio,
2149 4462 2203 4517 in
2224 4462 2373 4519 calce
2402 4463 2523 4519 libri
2551 4462 2621 4519 de
2653 4463 2893 4521 Decretis
2914 4463 3105 4535 synodi
3151 4463 3407 4531 Nicaeum,

1804 4556 1902 4617 sed
1926 4556 2005 4612 ita
2032 4557 2264 4615 subinde
2285 4574 2348 4616 se
2372 4574 2433 4616 se
2463 4560 2776 4631 explicavit,
2808 4569 2867 4619 ut
2896 4560 3030 4617 nihil
3076 4560 3151 4635 ,ab
3192 4563 3411 4621 Arianis

98 4637 281 4692 similia
311 4638 471 4694 initio
529 4649 850 4705 tractatuum
896 4646 930 4698 4
980 4653 1033 4699 et
1075 4642 1110 4698 5
1156 4646 1471 4702 recitantur.
1505 4647 1698 4720 Itaque
1722 4645 1777 4707 D
1802 4649 2038 4705 alienum
2070 4650 2318 4707 diceret:
2348 4648 2458 4707 Nec
2480 4652 2623 4719 item,
2651 4652 2999 4725 inquitnum,
3033 4654 3088 4721 9,
3119 4653 3406 4725 absurdum

99 4729 222 4787 duas
249 4732 370 4793 illas
397 4734 559 4805 Verbi
614 4738 939 4811 nativitates,
969 4754 1101 4810 quas
1127 4754 1227 4797 nos
1276 4742 1527 4819 superius
1583 4760 1687 4815 pro

99 4827 366 4883 communi
384 4828 738 4901 intelligentia
758 4846 787 4889 ιι
818 4830 1039 4888 Zenone
1091 4832 1374 4889 distinctas
1403 4836 1688 4893 adnotavi-

101 4932 213 4974 mus
238 4928 397 4976 tract.
428 4923 460 4979 4
480 4934 534 4978 et
564 4922 600 4979 5
620 4922 721 4978 bac
747 4923 977 4980 formula
1010 4924 1268 4982 iudicatas
1297 4926 1481 4984 vides:
1513 4928 1691 5000 illam,

102 5024 198 5077 qua
226 5024 344 5069 erat
371 5013 428 5068 in
450 5012 627 5071 Patris
656 5016 989 5073 conscientia
1015 5016 1185 5074 Filius
1215 5032 1396 5088 verus,
1423 5020 1519 5076 sed
1571 5020 1690 5078 Deo

102 5098 239 5157 Patri
280 5105 575 5172 revelatus,
608 5121 715 5164 non
739 5108 935 5175 nobis;
965 5108 1217 5177 alteram,
1264 5126 1367 5181 qua
1400 5112 1456 5166 in
1509 5126 1694 5168 rerum

102 5196 430 5255 creationem
460 5200 611 5256 nobis
638 5209 795 5257 natus
823 5200 1054 5258 subinde
1074 5199 1403 5275 concipitur,
1449 5219 1572 5261 cum
1623 5204 1698 5262 de

105 5290 331 5347 creando
367 5293 504 5361 orbe
533 5293 771 5350 Verbum
796 5293 955 5352 Pater
997 5295 1129 5353 dixit
1156 5316 1169 5354 :
1199 5306 1255 5356 et
1283 5308 1391 5356 erat
1430 5300 1487 5355 in
1533 5299 1700 5357 Patre

107 5396 171 5438 ex
215 5389 388 5454 prima
415 5427 434 5454 ,
489 5396 758 5459 antequam
809 5400 1102 5446 nasceretur
1146 5406 1245 5449 seu
1286 5401 1447 5453 natus
1475 5413 1503 5452 a
1543 5395 1705 5455 nobis

107 5479 483 5550 conciperetur
509 5497 574 5539 ex
599 5484 837 5545 secunda
874 5487 1177 5557 nativitate,
1227 5504 1362 5562 quas
1411 5491 1539 5550 licet
1585 5492 1699 5548 dis-

110 5567 295 5626 tinctas
326 5580 516 5629 nostra
555 5575 786 5647 quadam
813 5577 1043 5647 ratione,
1093 5595 1155 5637 re
1202 5589 1380 5639 tamen
1410 5598 1512 5639 una
1567 5591 1697 5643 sunt

112 5664 379 5735 nativitas,
406 5666 623 5723 sicutet
647 5664 907 5739 Verbum,
929 5685 1038 5745 quo
1059 5672 1111 5729 in
1142 5674 1335 5747 priori,
1384 5686 1451 5735 ,ut
1500 5677 1572 5732 ita
1616 5678 1705 5732 lo-

112 5773 354 5831 quatuor,
378 5759 660 5823 nativitate
702 5761 884 5819 omnia
915 5761 1092 5819 divina
1116 5774 1173 5822 et
1198 5768 1503 5824 necessaria
1556 5767 1701 5828 dicta

113 5860 249 5920 sunt,
272 5861 329 5908 et
355 5851 618 5919 Verbum,
649 5868 758 5924 quo
779 5851 833 5907 in
852 5852 1136 5912 'nativitate
1185 5857 1355 5915 altera
1393 5859 1535 5915 dicta
1580 5869 1708 5918 sunt

1804 4746 2091 4812 putavimus
2120 4742 2202 4798 Itis
2229 4744 2455 4813 vocibus,
2482 4762 2587 4802 non
2616 4755 2728 4802 erat
2775 4758 3054 4817 antequam
3084 4750 3288 4827 genitus
3308 4758 3409 4814 est,

1802 4837 2078 4892 anathema
2116 4837 2307 4906 dicere,
2365 4854 2484 4894 cum
2526 4854 2701 4897 omnes
2750 4843 3015 4912 fateantur
3061 4837 3112 4895 F
3116 4842 3261 4896 ilium
3310 4840 3413 4912 De;

1804 4928 1983 5000 fuisse,
2006 4928 2311 5002 priusquam
2337 4931 2617 4991 secundum
2645 4948 2853 4989 carnem
2894 4944 3188 4999 nasceretur
3210 4950 3229 4989 :
3272 4948 3408 5009 ,eum

1804 5034 1914 5090 quo
1938 5030 2085 5077 stare
2110 5029 2341 5093 poterat,
2371 5024 2515 5094 quod
2546 5024 2733 5081 Ariani
2759 5025 3097 5094 sentiebant,
3154 5026 3406 5089 eumdem

1808 5111 2004 5169 Filium
2023 5114 2171 5172 Patri
2186 5126 2515 5175 cowternum
2529 5132 2638 5175 non
2660 5118 2848 5184 fuisse,
2864 5134 2988 5175 cum
3010 5135 3132 5176 eum
3148 5121 3251 5193 ipsi
3276 5136 3412 5193 quo-

1808 5218 1916 5278 que
1944 5207 2222 5265 traderent
2252 5214 2489 5282 genitum
2520 5219 2646 5267 ante
2672 5227 2861 5267 omnes
2892 5222 3195 5287 creaturas,
3256 5221 3315 5269 ut
3356 5213 3413 5270 in

1814 5298 1900 5359 his
1939 5304 2190 5361 creandis
2210 5320 2277 5361 eo
2301 5306 2549 5363 ministro
2598 5315 2859 5364 uteretur.
2918 5307 3223 5387 imperator
3267 5306 3412 5363 Cun-

1815 5398 2085 5454 stantinus
2116 5397 2224 5455 alia
2248 5399 2457 5456 ratione
2486 5400 2703 5457 Arianae
2732 5400 2859 5473 [ejus
2904 5402 3151 5475 formulas
3179 5400 3413 5471 proscrid

1820 5488 1991 5561 ptioni
2012 5505 2268 5549 assensus
2289 5491 2532 5564 proditur
2546 5492 2615 5557 ab
2630 5492 2822 5551 eodem
2850 5492 3087 5553 Eusebio
3111 5490 3412 5561 inepistnla

1820 5594 2140 5651 memorata,
2173 5586 2536 5645 utalﬁrmavit
2574 5602 2722 5644 num.
2775 5586 2842 5643 10
2886 5603 3007 5657 eum
3058 5585 3226 5645 fuisse
3263 5592 3419 5653 ante.-

1818 5690 1981 5749 quam
2011 5686 2328 5735 nasceretur
2357 5678 2413 5736 in
2446 5679 2630 5749 Patre,
2681 5677 3095 5750 quandoquidem
3142 5684 3418 5744 antequam

1822 5780 1944 5829 actu
1974 5771 2152 5845 fuisset
2176 5773 2394 5845 genitus,
2419 5774 2530 5846 ipse
2556 5774 2782 5846 potentia
2809 5780 2917 5826 erat
2968 5772 3022 5825 in
3073 5769 3229 5825 Patre
3254 5812 3268 5836 ,
3302 5769 3419 5825 licet

1830 5879 1937 5921 non
1962 5864 2297 5939 gigneretur;
2323 5882 2440 5938 quae
2470 5866 2672 5924 locutio
2698 5863 2792 5923 Dei
2819 5863 3011 5919 Filium
3049 5879 3155 5920 non
3205 5876 3424 5933 semper
