3998 6332
548 221 654 276 105

1947 227 2502 288 PROLEGOMENA.

3746 237 3845 295 104

545 347 661 391 actu
684 336 872 404 fuisse,
899 353 1000 394 nec
1029 337 1250 409 proinde
1271 339 1510 412 genitum
1561 341 1630 396 ab
1681 350 1886 397 aeterno
1933 343 2138 412 signiﬁ-
2165 353 2219 415 Α
2243 345 2435 399 scilicet
2461 361 2553 399 sua
2580 344 2672 399 illa
2714 344 3021 412 substantia,
3054 346 3110 401 in
3150 362 3254 412 qua
3299 347 3478 405 beatus
3529 367 3743 408 manens
3792 356 3844 408 in

544 446 693 486 cans.
750 430 962 487 Ariauis
1009 434 1146 487 favet
1184 433 1568 503 apertissime:
1621 434 1724 489 nisi
1772 433 1911 491 forte
1941 435 2010 491 de
2051 436 2141 490 illo

544 525 709 594 priori
735 525 956 596 originis
977 525 1274 595 accipiatur
1318 542 1382 581 ea
1410 527 1754 598 ,protiositio,
1808 543 1916 598 quo
1971 527 2142 582 Filius

544 615 597 672 in
630 617 784 673 Patre
812 619 958 688 prius
986 619 1234 688 potentia,
1264 618 1388 675 dein
1416 630 1556 686 actu,
1586 619 1682 675 sed
1731 629 2023 692 utrumque
2070 620 2140 675 ab

543 723 744 768 aeterno
773 713 937 769 fuisse
963 714 1280 785 concipitur.
1313 714 1416 769 Alii
1443 730 1474 771 e
1502 726 1689 771 contra
1713 715 1931 771 Arianis
1970 723 2028 770 ut
2054 729 2140 770 se-

539 821 597 861 se
619 812 973 877 opponerent,
1009 807 1278 872 eamdem,
1327 823 1447 879 qua:
1501 807 1588 862 hic
1632 824 1662 862 a
1694 806 1916 864 Zenone
1970 823 2140 863 usur-

539 908 715 970 patur,
749 898 1020 969 protulere
1050 897 1360 964 formulam,
1391 899 1539 967 Erat,
1571 910 1846 972 antequam
1893 918 2134 956 nascere-

539 997 639 1058 tur,
689 991 744 1044 in
791 989 949 1044 Patre
981 1006 1000 1044 :
1054 992 1148 1047 sed
1201 1006 1264 1047 ea
1312 992 1760 1062 interpretatione
1815 994 2132 1060 utebantur,

535 1099 640 1155 qua
663 1083 789 1139 dum
812 1100 970 1139 unam
990 1085 1072 1156 (ut
1097 1085 1306 1141 notavit
1329 1086 1652 1142 Philastrlus
1674 1102 1795 1159 cap.
1830 1086 1979 1160 Ναί),
2009 1103 2134 1144 eva-

535 1174 666 1230 dere
681 1175 1019 1232 conabantur
1050 1177 1322 1244 hatresim,
1370 1179 1726 1235 :eternitatem
1762 1180 2133 1250 unitatemque

533 1271 846 1328 substantia:
869 1271 1049 1328 divino
1082 1273 1255 1330 Verbo
1284 1273 1682 1344 detrahentem,
1737 1276 2046 1332 incidebant
2076 1278 2130 1332 in

531 1365 716 1432 aliam,
765 1384 866 1437 qua
921 1357 1046 1424 eum
1091 1368 1386 1440 ingenitum
1437 1385 1502 1426 ac
1544 1371 1770 1441 proinde
1810 1371 2010 1428 Filium
2062 1373 2131 1430 ab

531 1467 735 1516 aeterno
777 1476 885 1516 non
931 1459 1095 1517 fuisse
1138 1463 1498 1529 affirmabant,
1547 1480 1707 1534 quam
1754 1463 2005 1520 haeresim
2050 1467 2130 1521 sic

530 1552 860 1624 Augustinus
903 1569 969 1610 ex
1013 1554 1203 1611 eodem
1262 1555 1552 1613 Philastrio
1599 1557 1816 1614 brevius
1873 1557 2130 1614 describit

528 1643 672 1701 Hzer.
705 1647 796 1714 80,
827 1663 944 1719 pag.
977 1647 1070 1715 25,
1100 1655 1234 1703 tom.
1269 1649 1466 1707 8:Alia
1487 1651 1788 1722 sempiterna
1817 1661 1997 1705 natum
2024 1667 2126 1705 non

2245 440 2636 506 sempiternum,
2669 440 2924 509 omnibus,
2954 457 3069 508 quce
3093 441 3274 511 habet,
3333 443 3600 499 habentem
3648 444 3844 501 Filium

2244 533 2396 601 paria
2421 533 2726 604 procreavit.
2771 533 2966 589 Audin’
3019 534 3296 593 Zenonem
3353 547 3538 608 aperte
3591 539 3844 597 fatentem

2244 623 2466 688 Filium,
2499 624 2813 680 distinctum
2836 641 2866 680 a
2896 625 3078 696 Patre,
3112 636 3167 683 et
3188 631 3346 685 unius
3373 646 3497 687 cum
3528 631 3688 689 Patre
3717 634 3844 688 sub-

2244 716 2456 772 stantia:
2489 718 2758 784 existere;
2806 719 3004 789 quippe
3027 735 3186 790 quem
3212 721 3373 778 Pater
3394 722 3558 777 alium
3587 741 3639 780 se
3667 727 3843 798 genuit

2241 827 2306 866 ea:
2333 827 2406 876 se,
2441 811 2692 867 videlicet
2722 829 2787 866 ea:
2816 814 3107 867 innascibili
3158 814 3449 870 substantia
3479 816 3676 885 Patris,
3723 835 3844 889 qua:

2239 905 2285 962 si
2313 906 2635 960 innascibilis
2665 916 2770 971 est,
2809 915 2864 962 et
2890 922 2955 963 ex
2983 907 3173 963 eadem
3227 907 3579 966 nihilominus
3621 927 3653 966 a
3685 911 3843 968 Patre

2237 998 2448 1068 genitus
2469 997 2570 1053 fuit
2605 997 2794 1064 Filius,
2826 999 3016 1055 eadem
3074 1001 3260 1070 procul
3317 1001 3480 1058 dubio
3533 1003 3840 1061 substantia

2237 1094 2625 1150 communicari
2659 1092 2798 1150 Filio
2819 1093 3026 1162 debuit,
3060 1095 3164 1151 alia
3193 1111 3296 1153 nec
3325 1098 3532 1166 debuit,
3583 1115 3685 1156 nec
3743 1116 3843 1170 po-

2237 1187 2338 1242 tuit
2370 1206 2382 1240 :
2413 1186 2556 1244 unde
2585 1188 2747 1242 alium
2769 1205 2823 1244 se
2844 1204 2969 1245 vere
2998 1190 3236 1261 genuisse
3263 1193 3630 1263 cognoscitur,
3679 1195 3843 1248 alium

2235 1279 2464 1345 scilicet,
2489 1295 2596 1335 non
2622 1281 2787 1348 aliud,
2813 1297 3040 1350 quorum
3065 1282 3292 1338 alterum
3321 1286 3378 1340 τὸ
3410 1286 3570 1339 alium
3592 1302 3844 1356 persona:

2235 1372 2638 1430 distinctionem
2669 1373 2865 1440 innuit,
2889 1374 3120 1430 alterum
3173 1385 3350 1431 autem
3397 1377 3454 1432 τὸ
3505 1394 3558 1432 se
3608 1378 3845 1434 adstruit

2235 1464 2591 1538 identitatem,
2626 1476 2681 1522 lll
2708 1477 2926 1534 vocant,
2958 1468 3154 1523 divina:
3187 1477 3411 1524 natura).
3459 1469 3593 1526 Hinc
3621 1486 3844 1541 quoque

2232 1560 2393 1617 Pater
2424 1577 2746 1632 procreasse
2770 1564 2998 1618 traditur
3026 1563 3220 1620 Filiutn
3272 1565 3420 1637 paria
3459 1547 3737 1623 habentem
3789 1568 3843 1622 in

2231 1655 2482 1721 omnibus,
2515 1673 2628 1726 qua:
2652 1655 2811 1711 Pater
2833 1657 2981 1711 habet
3015 1699 3030 1724 ,
3065 1658 3152 1714 ubi
3194 1658 3341 1730 paria
3380 1674 3475 1728 pro
3511 1661 3688 1714 eadem
3717 1659 3840 1715 dic-

525 1737 813 1813 intelligens
841 1739 1057 1806 Filium,
1109 1751 1258 1813 putat
1305 1742 1451 1797 illam
1482 1744 1798 1799 nativitatem
1820 1745 2119 1816 sumpsisse,
2155 1755 2204 1815 Β
2233 1756 2342 1801 ιιιιιι
2374 1756 2478 1813 est,
2535 1746 2694 1815 idque
2749 1757 2834 1804 est
2884 1748 3115 1804 eanulem
3161 1749 3318 1820 plane
3378 1750 3500 1806 Filii
3552 1751 3841 1824 Patrisque

522 1841 801 1899 atempore
847 1835 1089 1890 initium:
1121 1846 1166 1890 et
1195 1845 1360 1891 tamen
1409 1838 1581 1893 volens
1611 1848 1922 1893 cowternum
1973 1837 2124 1892 Patri

523 1926 574 1982 F
576 1928 722 1983 ilium
753 1931 1011 2001 conﬁteri,
1043 1932 1182 2003 apud
1212 1931 1360 1986 illum
1385 1933 1563 2004 fuisse,
1593 1942 1869 2000 antequam
1922 1932 1986 1986 de
2031 1931 2122 1986 illo

523 2032 813 2076 nasceretur
833 2063 848 2088 ,
877 2023 1172 2089 existimat;
1203 2023 1298 2078 hoc
1328 2035 1401 2079 est
1433 2067 1447 2090 ,
1475 2042 1676 2096 semper
1699 2041 1812 2079 eum
1837 2025 2016 2095 fuisse,
2040 2040 2123 2079 ve-

521 2132 637 2170 rum
668 2124 834 2170 tanten
856 2133 1054 2188 semper
1081 2134 1194 2172 eum
1227 2115 1276 2169 F
1281 2119 1430 2173 ilium
1451 2134 1552 2174 non
1573 2119 1751 2185 fuisse,
1785 2117 1875 2172 sed
1913 2133 1976 2172 ea:
2022 2132 2122 2180 quo

522 2211 585 2265 de
611 2211 703 2266 illo
731 2222 883 2266 natus
904 2221 996 2279 est,
1027 2210 1226 2267 Filium
1257 2229 1366 2268 esse
1395 2213 1624 2285 erupisse.
1645 2211 1830 2283 Itaque
1855 2210 2121 2266 catholico

521 2303 640 2360 viro
709 2305 1028 2362 catholicam
1095 2307 1357 2364 adversus
1417 2307 1647 2364 Arianos
1721 2306 2119 2378 professionem

519 2397 728 2464 edenti,
756 2399 842 2454 vel
868 2398 1161 2454 omittenda
1179 2415 1399 2469 prorsus
1439 2399 1554 2455 haec
1601 2399 1815 2455 dicendi
1867 2398 2116 2465 formula,

517 2490 648 2548 licet
672 2490 877 2547 eisdem
909 2493 1154 2564 opposita
1185 2492 1355 2548 videri
1384 2495 1575 2562 possit,
1605 2501 1664 2546 ut
1690 2491 1888 2562 placuit
1916 2491 2118 2546 Hilario

520 2584 616 2640 lib.
662 2600 736 2640 xu
768 2585 837 2642 de
864 2584 1148 2653 Trinitate,
1179 2601 1330 2640 num.
1355 2585 1446 2653 5i,
1475 2584 1561 2640 vel
1586 2599 1709 2640 cum
1739 2583 1808 2640 de
1841 2583 2116 2638 nativitate

515 2688 798 2736 essetcum
821 2678 1035 2735 Arianis
1057 2680 1315 2750 quaestio,
1364 2679 1435 2734 ita
1472 2677 1542 2734 de
1594 2677 1782 2734 eadem
1834 2676 2116 2746 explorate

513 2781 634 2830 erat
661 2773 1042 2845 profitendum,
1074 2784 1132 2830 ιιι
1159 2790 1226 2829 ne
1257 2773 1384 2844 quid
1415 2772 1760 2845 suspicionis,
1816 2773 1898 2827 vel
1935 2770 2112 2826 ambi-

512 2865 733 2938 guitatis
783 2865 1090 2922 afferretur.
1125 2866 1180 2920 ln
1213 2865 1315 2920 hoc
1343 2876 1523 2920 autem
1577 2863 1684 2919 duo
1736 2862 2110 2934 prospicienda

512 2959 747 3014 maxime
771 2958 985 3014 fuerunt
1011 2975 1025 3025 ;
1059 2959 1290 3029 primum
1316 2966 1375 3012 ut
1402 2958 1472 3012 ita
1493 2957 1661 3012 Filius
1683 2956 1750 3011 ab
1771 2962 1980 3012 aeterno
2003 2963 2112 3011 tra-

511 3049 731 3106 deretur
753 3049 920 3107 fuisse
951 3052 1002 3107 in
1029 3050 1207 3114 Patre,
1241 3059 1298 3106 ut
1326 3048 1487 3106 simul
1533 3049 1694 3106 fuerit
1742 3049 2031 3104 distinctus
2080 3063 2108 3102 a

2227 1842 2564 1897 substantiam
2590 1843 2858 1910 confiteri,
2893 1859 3051 1914 quam
3091 1845 3214 1901 aliis
3269 1846 3594 1903 testimoniis
3642 1859 3841 1918 aperte

2227 1933 2555 1990 declaratam
2583 1951 2612 1990 a
2642 1934 2860 1991 Zenone
2887 1935 3016 1990 alibi
3041 1935 3399 1992 ostendimus.
3497 1925 3504 1936 ’

2298 2026 2433 2081 Dum
2477 2042 2635 2096 porro
2677 2037 2785 2082 tota
2824 2027 2938 2084 lucc
2973 2029 3108 2085 ratio
3153 2039 3316 2101 atque
3365 2032 3623 2102 praeclara
3657 2032 3841 2090 Zeno-

2225 2118 2400 2174 niauze
2424 2105 2782 2178 confessionis
2809 2122 3074 2192 professio
3103 2121 3170 2177 ad
3192 2135 3312 2179 eam
3341 2122 3461 2178 Filii
3492 2126 3838 2182 nativitatem

2226 2213 2514 2281 pertineat,
2537 2212 2605 2268 de
2639 2228 2742 2283 qua
2771 2213 3017 2270 dixerat:
3049 2213 3200 2281 Erat,
3222 2224 3493 2288 antequam
3509 2229 3836 2285 nasceretur,

2222 2303 2277 2357 in
2299 2302 2458 2359 Patre
2485 2305 2697 2376 aqualis
2718 2307 2771 2360 in
2797 2307 3030 2362 omnibus
3050 2324 3068 2373 ;
3087 2308 3173 2364 hic
3189 2319 3368 2364 autem
3385 2320 3556 2365 status
3576 2310 3667 2366 illc
3685 2311 3839 2369 idem

2221 2400 2289 2454 sit
2334 2415 2396 2456 ac
2441 2401 2529 2471 qui
2572 2417 2599 2454 a
2630 2400 2851 2457 Zenone
2879 2401 3001 2457 aliis
3042 2403 3219 2458 verbis
3259 2403 3546 2474 exponitur
3601 2413 3769 2461 tract.
3804 2407 3839 2462 4

2223 2501 2277 2548 et
2301 2492 2366 2560 5,
2393 2509 2557 2564 quum
2588 2493 2782 2549 Filium
2823 2495 2875 2549 in
2917 2495 3092 2550 Patris
3118 2494 3449 2551 conscientia
3481 2497 3716 2552 velatum
3749 2509 3839 2554 at-

2220 2601 2322 2656 que
2347 2585 2598 2641 latentem
2624 2585 2890 2656 prodidit:
2913 2586 3026 2658 jam
3053 2588 3225 2658 palam
3247 2588 3461 2643 tandem
3489 2599 3602 2656 est,
3630 2589 3836 2646 Filium

2220 2676 2369 2734 hisce
2411 2693 2625 2750 quoque
2674 2679 2724 2733 in
2760 2680 3074 2735 tractatibus
3099 2695 3200 2751 pro
3228 2695 3296 2737 eo
3335 2695 3552 2752 quoque
3579 2691 3727 2736 statu
3779 2695 3838 2739 et

2217 2785 2345 2826 vere
2391 2772 2633 2842 genitum
2689 2781 2851 2844 atque
2897 2771 3206 2828 distinctum
3257 2789 3286 2828 a
3335 2771 3528 2838 Patre,
3577 2782 3634 2828 et
3681 2773 3838 2831 Patri

2216 2865 2478 2934 :eqnalem
2509 2879 2570 2918 ac
2598 2863 2838 2933 ejusdem
2872 2866 3047 2932 plana:
3093 2865 3408 2945 substantim
3439 2881 3465 2917 a
3497 2864 3718 2920 Zenone
3745 2883 3839 2922 se-

2215 2970 2276 3012 se
2304 2955 2406 3012 hoc
2453 2956 2578 3012 loco
2622 2957 2752 3012 satis
2794 2971 3064 3026 superque
3109 2957 3413 3026 explicante
3455 2956 3698 3013 habitum
3741 2974 3839 3013 as-

2214 3057 2529 3118 sertumque
2559 3047 2744 3104 fuisse.
2779 3049 2879 3104 Eat
2908 3064 3048 3104 nunc
3079 3048 3361 3117 Petavius,
3396 3058 3450 3105 et
3472 3060 3596 3120 p0sl
3621 3052 3828 3108 reeita-

513 3142 696 3209 Patre,
737 3154 791 3199 et
821 3143 996 3198 Patris
1051 3143 1218 3199 Filius
1266 3141 1436 3198 fuisse
1482 3141 1813 3198 indicaretur
1872 3150 2058 3211 aperte
2091 3157 2105 3207 ;
2137 3152 2182 3214 (ς
2215 3153 2324 3198 tum
2350 3153 2551 3198 textum
2580 3141 3377 3210 :Proceditinnativitatem,qui
3403 3154 3836 3217 erat,antequam

512 3246 770 3306 praeterea
803 3251 930 3291 vero
947 3245 1004 3290 ut
1026 3235 1388 3290 affirmaretur
1403 3233 1625 3304 aequalis
1665 3233 1810 3288 Patri
1837 3232 2112 3303 ejusdem-

509 3345 616 3402 que
639 3345 762 3386 cum
793 3329 951 3386 Patre
972 3329 1307 3394 substantiae,
1337 3336 1396 3383 ut
1419 3345 1486 3384 ne
1507 3332 1630 3400 quis
1660 3325 1974 3382 inferiorem
2003 3326 2107 3380 Pa-

510 3426 576 3480 tri
608 3425 800 3480 Filium
829 3425 1084 3496 colligere
1115 3435 1320 3496 posset.
1356 3423 1656 3495 Utrumque
1696 3432 1874 3479 autem
1920 3430 2110 3477 auctor

508 3518 611 3574 hoc
633 3519 770 3589 ipso,
813 3521 898 3574 cui
935 3517 1050 3574 haec
1099 3518 1326 3574 lormula
1388 3519 1587 3573 inserta
1646 3524 1765 3582 est,
1799 3516 1852 3570 in
1879 3525 2107 3571 tractatu

506 3613 777 3685 praestitit.
803 3613 1042 3670 Primum
1074 3614 1206 3670 satis
1233 3614 1287 3669 in
1321 3623 1433 3670 tuto
1455 3613 1632 3684 posuit
1654 3610 1826 3682 prima
1861 3609 2102 3682 periodo,

505 3723 628 3764 cum
657 3706 850 3762 Filium
882 3709 934 3763 in
963 3709 1082 3763 sinu
1114 3707 1289 3763 Patris
1322 3707 1499 3763 adhuc
1548 3707 1804 3761 latentem
1835 3747 1848 3770 ,
1905 3703 2106 3759 Filium

504 3818 633 3858 vere
657 3802 824 3860 fuisse
852 3802 1161 3869 afﬁrmavit,
1194 3818 1317 3860 eum
1347 3817 1377 3857 a
1409 3801 1569 3857 Patre
1595 3811 1720 3856 ante
1745 3799 1924 3856 omnia
1953 3798 2102 3866 Filii,

502 3914 606 3954 non
629 3899 738 3954 sine
757 3897 968 3966 affectu,
992 3898 1083 3953 sed
1117 3898 1227 3952 sine
1269 3897 1572 3952 revelamine
1617 3896 1916 3967 amplexum
1967 3893 2104 3948 scri-

502 3993 672 4060 bens;
705 4009 807 4060 qua
837 4007 968 4049 sane
990 3990 1221 4048 formula
1247 3989 1442 4046 Filium
1475 3989 1527 4044 in
1551 3989 1711 4044 Patre
1755 3987 1924 4042 fuisse
1973 4000 2104 4042 vere

505 4083 695 4142 Filium
725 4085 927 4150 docuit,
959 4100 1023 4140 ac
1063 4082 1287 4155 proinde
1312 4081 1506 4138 Filium
1529 4093 1667 4150 actu,
1697 4095 1804 4135 non
1849 4079 2099 4150 potentia,

503 4194 712 4235 necnon
740 4177 938 4234 Filium
966 4193 995 4232 a
1031 4178 1187 4232 l’atre
1215 4190 1342 4232 vere
1381 4175 1619 4246 genitum
1663 4181 1822 4244 atque
1872 4171 2100 4226 distinc-

503 4278 644 4338 tum,
700 4286 862 4343 quem
891 4271 965 4325 uti
995 4269 1155 4324 talem
1201 4268 1362 4324 Pater
1403 4266 1674 4338 amplexus
1705 4265 1810 4320 dici
1845 4264 2098 4335 potuerit.

500 4363 586 4420 Ab
613 4364 783 4420 altero
811 4370 990 4418 autem
1021 4362 1155 4417 satis
1184 4375 1452 4432 superque
1478 4359 1729 4429 eavitper
1761 4359 1872 4423 illa,
1906 4356 2102 4427 quibus

500 4458 749 4515 eumdem
783 4457 1005 4514 tradidit
1032 4457 1208 4526 fuisse,
1259 4465 1553 4528 antequam,
1611 4451 1846 4508 secunda
1894 4451 2102 4506 scilicet

2215 3247 2506 3291 nasceretur
2527 3278 2541 3302 ,
2570 3237 2625 3291 in
2654 3235 2813 3292 Patre
2832 3281 2846 3303 ,
2877 3237 3015 3292 hanc
3044 3237 3486 3308 consequentiam
3517 3238 3781 3294 obtrudat
3814 3259 3828 3294 :

2213 3329 2354 3404 Ergo
2397 3330 2633 3398 Filium,
2675 3341 2948 3402 antequam
2977 3349 3008 3386 a
3037 3329 3199 3386 Patre
3225 3332 3513 3402 gigneretur
3536 3374 3551 3398 ,
3580 3333 3632 3387 in
3665 3331 3837 3389 Patre

2212 3426 2462 3481 exstitisse
2485 3425 2777 3497 signiﬁcat;
2800 3425 3060 3498 generatio
3083 3441 3200 3480 vero
3221 3435 3266 3478 et
3288 3427 3529 3479 nativitas
3553 3435 3663 3478 tum
3687 3427 3830 3495 fuit,

2211 3535 2329 3572 eum
2355 3537 2436 3575 res
2465 3535 2639 3574 omnes
2671 3535 2942 3589 procreare
2979 3520 3135 3574 voluit
3157 3562 3171 3585 ,
3201 3528 3305 3575 etc.
3337 3517 3608 3589 [ntegrum
3647 3520 3692 3574 si
3738 3537 3837 3576 re-

2209 3613 2433 3669 citasset
2455 3623 2506 3670 et
2531 3613 2930 3670 considerasset
2961 3624 3164 3671 textum
3183 3656 3198 3679 ,
3231 3630 3330 3670 nec
3351 3615 3625 3670 omisisset
3658 3617 3838 3673 verba

2209 3705 2275 3760 ad
2300 3721 2423 3762 eum
2455 3715 2651 3761 statum
2673 3748 2686 3772 ,
2719 3721 2826 3776 quo
2855 3705 3025 3761 Filius
3057 3706 3109 3761 in
3152 3706 3312 3762 Patre
3351 3707 3599 3775 exstitit,
3647 3711 3831 3779 perti-

2210 3799 2393 3854 neutia
2415 3841 2430 3866 ,
2462 3800 2713 3854 nimirum
2741 3799 2956 3869 wqualis
2995 3799 3048 3853 in
3077 3798 3310 3854 omnibus
3333 3843 3348 3866 ,
3385 3814 3484 3856 nec
3513 3799 3830 3872 subjectaut

2209 3907 2338 3947 mox
2382 3893 2732 3962 prieteriisset
2774 3891 2932 3962 hujus
2974 3892 3298 3963 mqualitatis
3340 3894 3648 3948 rationem:
3683 3894 3834 3961 Quia

2210 3985 2368 4042 Pater
2393 3989 2448 4042 in
2477 3989 2645 4057 ipsum
2684 3989 2849 4042 alium
2877 4004 2929 4042 se
2968 3988 3143 4058 genuit
3180 4003 3244 4042 ea:
3273 4003 3358 4052 se;
3389 3987 3498 4058 jam
3533 4003 3717 4044 veram
3756 4005 3832 4046 ac

2207 4081 2425 4152 proprie
2446 4080 2640 4136 dictam
2682 4080 3085 4151 generationem
3118 4094 3216 4150 pro
3251 4080 3341 4134 illo
3384 4096 3597 4150 quoque
3624 4090 3778 4137 statu
3811 4126 3828 4150 ,

2205 4188 2313 4242 quo
2343 4172 2515 4228 Filius
2546 4174 2598 4228 in
2629 4173 2791 4229 Patre
2836 4173 2966 4239 fuit,
3010 4172 3264 4228 facillime
3305 4175 3685 4245 cognovisset;
3716 4191 3834 4232 nec

2208 4282 2305 4338 per
2334 4268 2493 4323 verba
2512 4309 2526 4333 ,
2561 4265 2800 4322 Procedit
2836 4268 2892 4320 in
2920 4267 3272 4334 nativitatem,
3303 4267 3388 4322 vel
3419 4281 3517 4338 per
3557 4266 3646 4321 illa
3668 4309 3684 4333 ,
3715 4287 3826 4322 an-

2205 4369 2402 4431 tequam
2428 4372 2750 4425 nasceretur,
2783 4362 3007 4429 primam
3029 4402 3044 4424 ,
3083 4360 3176 4416 sed
3205 4363 3429 4417 alteram
3461 4361 3757 4431 quamdam
3796 4381 3828 4418 a

2205 4452 2361 4508 nobis
2393 4453 2714 4522 explicatam
2743 4451 2868 4507 Filii
2903 4453 3237 4509 nativitatem
3261 4447 3428 4525 ,qum
3455 4455 3646 4525 prima:
3681 4455 3828 4510 nihil

501 4551 798 4617 nativitate,
823 4560 1140 4616 nasceretur,
1197 4551 1252 4604 in
1304 4549 1464 4603 Patre
1486 4549 1732 4618 a'qualem
1760 4545 1812 4600 in
1837 4543 2092 4598 antnibus.
2123 4553 2178 4613 ])
2203 4555 2496 4618 repugnat,
2526 4546 2880 4617 significatam
2913 4546 3285 4602 intellexisset.
3309 4545 3465 4614 Quod
3509 4550 3551 4602 si
3597 4548 3724 4616 quis
3756 4566 3826 4603 ea

502 4640 634 4716 [xei]
655 4642 746 4697 llis
761 4643 904 4698 enim
925 4641 1214 4714 postremis
1236 4642 1416 4697 verbis
1437 4641 1502 4696 ad
1520 4641 1742 4713 primam
1759 4639 2096 4695 nativitatem

499 4734 894 4808 pertinentibus
924 4743 979 4790 et
1007 4749 1039 4789 a
1077 4733 1298 4788 Petavio
1327 4735 1544 4788 omissis
1575 4744 1933 4803 prteterquam
1955 4731 2096 4802 quod

499 4828 780 4884 afﬁrmans
831 4827 1021 4883 Filium
1078 4821 1332 4898 aequalem
1374 4824 1542 4890 Patri,
1597 4818 1848 4881 eumdem
1875 4842 1903 4879 a
1933 4825 2096 4881 Patre

498 4922 810 4980 distinctum
840 4922 1077 4976 affirmat
1102 4923 1288 4992 (nemo
1309 4919 1453 4974 enim
1483 4918 1586 4981 sibi
1611 4920 1710 4990 ipsi
1743 4919 1966 4990 aequalis
1987 4921 2092 4975 dici

497 5026 696 5088 p0test,
730 5032 852 5072 cum
879 5015 1156 5086 aequalitas
1186 5013 1414 5068 alterum
1463 5013 1768 5066 necessario
1814 5013 2090 5083 respiciat)

495 5110 703 5165 addens
727 5108 954 5164 subinde
983 5106 1233 5163 eumdem
1265 5105 1407 5160 Patri
1457 5104 1719 5176 zequalem
1751 5105 1805 5158 in
1835 5105 2088 5171 omnibus,

456 5203 741 5276 'profecto
787 5202 1031 5259 eamdem
1081 5201 1258 5256 Patris
1311 5199 1667 5256 aeternitatem
1737 5198 2092 5269 eamdemque

493 5297 851 5355 substantiam
902 5294 1040 5349 Filio
1085 5292 1324 5348 vindicat
1352 5333 1368 5357 ,
1420 5291 1538 5346 sine
1577 5289 1771 5361 quibus
1815 5289 1900 5344 hic
1945 5289 2088 5344 Patri

493 5389 717 5463 aequalis
736 5391 788 5443 in
818 5385 1051 5442 omnibus
1079 5400 1188 5440 non
1211 5385 1417 5438 fuisset.
1445 5381 1585 5451 Quin
1615 5397 1738 5436 cum
1772 5380 1857 5435 hic
1879 5380 2092 5436 Ariana:

492 5483 890 5543 controversiae
916 5493 1113 5550 scopas
1135 5485 1192 5533 et
1215 5485 1375 5548 caput
1400 5484 1564 5539 esset,
1595 5474 1653 5530 S.
1678 5473 1846 5541 Zeno,
1881 5489 1947 5528 ne
1973 5473 2093 5544 quis

493 5593 590 5635 sua
618 5577 688 5634 de
717 5573 987 5633 sententia
1026 5579 1209 5644 posset
1248 5569 1546 5640 ambigere,
1600 5568 1922 5638 locupletem
1954 5566 2095 5623 hanc

495 5679 719 5727 asserta:
761 5667 1087 5740 aequalitatis
1127 5662 1392 5720 rationem
1433 5661 1614 5716 statim
1671 5660 1908 5731 adjecit:
1957 5659 2092 5726 Quia

497 5762 656 5819 Pater
684 5765 736 5818 in
766 5766 934 5836 ipsum
963 5763 1122 5817 alium
1154 5775 1207 5816 se
1233 5759 1405 5832 genuit
1452 5773 1514 5811 ea;
1555 5773 1628 5824 se,
1687 5772 1749 5810 ea:
1797 5756 2090 5811 innascibili

2208 4641 2371 4695 verba
2397 4657 2409 4692 :
2441 4639 2576 4706 Quia
2605 4639 2762 4693 Pater
2789 4640 2841 4692 in
2880 4639 2992 4708 ipso
3021 4639 3185 4694 alium
3209 4655 3262 4693 se
3301 4640 3474 4712 genuit
3505 4656 3567 4693 ex
3593 4655 3650 4694 se
3688 4655 3828 4697 cum

2209 4732 2446 4803 reliquis,
2468 4747 2576 4786 non
2607 4747 2796 4787 eorum
2827 4733 3088 4788 rationem
3119 4747 3240 4788 esse
3267 4731 3395 4789 velit
3425 4730 3524 4805 (uti
3551 4747 3652 4787 nos
3681 4736 3825 4788 hac-

2206 4835 2365 4880 tenus
2392 4826 2859 4897 praesumpsimus)
2879 4837 3275 4896 postremorum
3300 4827 3588 4883 verborum
3609 4826 3677 4882 ad
3702 4830 3830 4898 pri-

2204 4934 2347 4974 mam
2393 4919 2763 4989 occultamque
2808 4917 2932 4974 Filii
2987 4921 3321 4976 nativitatem
3370 4921 3764 4992 pertinentium
3809 4942 3822 4976 :

2203 5011 2370 5079 Erat,
2402 5023 2676 5082 antequam
2715 5021 3010 5066 nasceretur
3034 5014 3087 5067 in
3117 5011 3274 5069 Patre
3317 5014 3534 5085 (aqualis
3563 5015 3613 5066 in
3643 5017 3797 5068 omni
3809 5046 3826 5056 ο

2203 5109 2292 5162 bus
2317 5123 2336 5173 ;
2365 5108 2460 5164 sed
2491 5108 2704 5170 illorum
2732 5105 2978 5162 Procedit
3003 5109 3056 5161 in
3102 5109 3415 5162 nativitatem
3435 5150 3451 5175 ,
3497 5109 3549 5162 in
3578 5108 3824 5164 alteram

2201 5200 2441 5265 scilicet,
2487 5214 2591 5270 qua
2636 5199 2806 5254 Filius
2851 5200 2903 5254 iu
2945 5200 3168 5255 creandi
3214 5200 3361 5255 orbis
3409 5199 3698 5256 consilium
3746 5216 3824 5256 ex

2199 5306 2327 5362 ore,
2355 5290 2442 5347 vel
2472 5290 2634 5346 corde
2661 5289 2836 5346 Patris
2865 5293 3196 5362 processisse
3221 5291 3433 5347 duobus
3460 5290 3580 5346 aliis
3607 5300 3826 5346 tracta-

2200 5385 2341 5440 tibus
2371 5386 2404 5440 4
2433 5394 2489 5440 et
2529 5385 2562 5440 5
2593 5383 2820 5440 traditur
2850 5403 2863 5439 :
2895 5401 3017 5440 cum
3058 5387 3226 5456 prima
3259 5385 3348 5441 illa
3390 5387 3642 5442 nativitas
3689 5387 3828 5444 aliis

2198 5492 2262 5532 ex
2293 5477 2472 5533 verbis
2496 5475 2718 5533 defensa
2761 5480 2894 5532 satis
2941 5477 3135 5546 fuerit,
3162 5479 3214 5535 id
3242 5478 3375 5534 nihil
3399 5479 3670 5546 oﬂ'endet,
3697 5479 3822 5535 imo

2199 5583 2333 5624 vero
2357 5567 2555 5625 favebit
2583 5569 2755 5626 multo
2782 5572 2984 5642 magis;
3015 5557 3193 5642 palam
3249 5573 3392 5638 enim
3423 5573 3516 5628 fiet
3555 5573 3821 5631 eumdem

2199 5659 2394 5717 Filium
2423 5704 2437 5729 ,
2467 5677 2626 5734 quem
2651 5677 2718 5719 ex
2746 5664 2920 5735 prima
2962 5663 3052 5720 illa
3095 5665 3376 5722 nativitate
3418 5680 3526 5721 non
3555 5667 3741 5721 minus
3787 5684 3820 5721 a

2199 5756 2355 5813 Patre
2385 5756 2727 5828 distinctum,
2776 5774 2933 5830 quam
2985 5759 3235 5831 aqualem
3277 5761 3332 5815 in
3373 5759 3606 5816 omnibus
3658 5759 3824 5818 Patri
