3952 6320
141 337 234 391 105

1089 325 1541 384 DlSSER'l‘ATIO
1583 326 1648 392 ll,
1693 325 1781 382 DE
1822 326 1881 382 S.
1925 326 2077 383 ΖΕΝ.
2123 327 2490 386 DOCTRINA.

3303 331 3406 388 l06

139 444 334 502 aliunde
368 435 849 513 deprehendimus,
882 457 946 498 ex
992 441 1090 497 hac
1119 456 1328 513 quoque
1359 440 1527 495 altera
1570 439 1708 494 nati-
1737 443 1786 502 Α
1815 438 1944 506 fuit,
1970 455 2090 494 cnnt
2130 441 2288 498 Pater
2315 442 2383 496 ab
2426 451 2630 498 aeterno
2677 441 2874 500 dixerit
2921 442 2974 498 itt
3013 440 3228 509 Verbo,
3259 458 3407 514 qum-

138 542 285 595 vitate
311 547 564 591 :eternum
591 545 640 590 et
685 535 949 605 mqualem
983 535 1151 598 Patri,
1201 535 1548 604 ejusdemque
1580 548 1700 589 eum

141 633 282 687 Patre
322 626 627 684 substantiae
674 626 742 682 ab
782 627 1020 684 Auctore
1068 628 1268 698 pariter
1313 628 1553 697 agnitum
1581 669 1596 691 ,
1649 635 1705 682 ut

143 722 248 794 ejus
289 721 501 776 rationis
532 720 691 775 verba
723 735 786 776 ac
809 722 1092 777 sententiae
1119 736 1290 792 nuper
1314 720 1706 776 animadversa:

140 817 428 874 declarant:
457 830 563 886 quo
607 813 672 870 ad
720 815 1099 872 revincendam
1140 825 1304 871 totam
1347 815 1548 871 Petavii
1580 831 1706 872 cen-

141 927 332 973 suram,
362 919 702 982 nostramque
748 911 1246 979 interpretationem
1274 911 1703 968 constituendam

139 1003 441 1061 lurulentius
469 1001 646 1058 afferri
679 1003 810 1058 nihil
843 1013 1036 1074 potest.

171 1138 308 1211 [seu]
351 1136 519 1210 §Vll.
550 1167 621 1178 —
651 1139 1097 1195 Antenicatnorum
1146 1139 1359 1195 Patrum
1397 1159 1427 1195 a
1470 1141 1670 1197 Petavii

527 1233 761 1289 censuris
799 1233 972 1290 breves
1016 1235 1271 1289 vindiciis.

209 1377 276 1431 De
301 1373 510 1431 Zenone
544 1373 656 1445 jam
690 1375 820 1428 satis
847 1387 1134 1444 superque.
1169 1370 1306 1428 Nihil
1338 1381 1596 1444 praetcrea
1642 1371 1708 1428 de

146 1474 249 1528 aliis
293 1471 568 1534 Patribns,
611 1468 735 1538 quia
780 1481 811 1521 a
849 1451 1071 1522 Petavio
1111 1464 1274 1521 simili
1319 1479 1546 1520 censura
1589 1481 1710 1534 pcr-

142 1568 447 1635 stringuntur
469 1606 482 1631 ,
520 1562 720 1618 addere
748 1560 978 1615 instituti
1011 1559 1182 1614 nostri
1221 1558 1360 1613 ratio
1391 1556 1706 1626 postularet.

143 1665 202 1715 At
241 1658 480 1728 quoniam
530 1671 635 1709 non
687 1653 859 1708 solum
911 1652 1288 1718 interpretatio
1343 1659 1528 1706 nostra
1591 1649 1711 1705 aliis

143 1765 329 1822 quoque
374 1747 626 1804 Pati-ibus
667 1745 1002 1816 explicandis
1051 1744 1365 1815 plerumque
1415 1745 1707 1809 inserviet;

1810 548 2040 604 cumque
2068 535 2301 589 creanda
2330 533 2680 600 deliberavit,
2712 546 2766 591 et
2811 537 2930 590 sine
2959 551 3064 604 qua
3104 548 3251 590 actus
3286 535 3408 590 illo-

1809 640 1926 680 rum
1967 641 2088 681 esse
2135 641 2240 680 non
2286 635 2524 694 poterat,
2575 642 2695 682 cum
2744 638 2921 683 actum
2970 628 3265 699 consequi,
3310 642 3405 682 seu

1808 719 1980 774 creari
2010 719 2139 773 nihil
2166 720 2406 792 potuerit
2434 719 2550 775 sine
2579 720 2792 786 Verbo.
2823 737 2918 791 per
2944 720 3086 792 quod
3129 723 3307 776 omnia
3339 720 3408 775 ab

1809 823 2015 867 aeterno
2040 812 2266 868 dicenda
2289 855 2304 880 ,
2333 823 2388 869 et
2417 815 2468 869 in
2499 823 2741 884 tempore
2783 816 3016 870 creanda
3067 814 3233 871 fuere.
3265 811 3406 884 Quid

1809 917 1876 959 es
1918 903 2001 959 his
2042 921 2164 959 cum
2206 917 2361 961 antea
2401 905 2562 962 dictis
2602 921 2708 961 non
2757 906 2914 977 plane
2958 907 3246 962 convenit?
3272 907 3408 963 Cum

1810 997 2184 1072 Athenagoras
2211 999 2408 1056 Filium
2434 1002 2576 1076 λόγον
2619 1001 2670 1055 itt
2703 1000 2864 1056 Patre
2903 1001 2971 1055 ab
2999 1013 3204 1057 aeterno
3243 1000 3410 1056 fuisse

1811 1092 2030 1160 scribit,
2055 1104 2111 1149 nt
2150 1094 2310 1150 Pater
2337 1104 2485 1151 esset
2525 1095 2837 1160 rationalis;
2873 1095 3076 1151 Filium
3099 1096 3284 1166 utique
3314 1111 3406 1151 ac-

1809 1189 1940 1260 cipit
1973 1204 2069 1260 pro
2094 1203 2162 1246 eo
2191 1198 2364 1253 statu,
2400 1190 2450 1244 itt
2482 1204 2589 1261 quo
2636 1189 2793 1245 Pater
2821 1206 2878 1245 se
2923 1191 3096 1260 ipsum
3137 1205 3198 1244 ac
3228 1190 3404 1245 divina

1810 1283 1990 1339 omnia
2032 1284 2084 1338 in
2127 1283 2264 1339 Filio
2293 1285 2580 1355 Cognovit;
2608 1299 2672 1339 ac
2713 1283 2938 1354 proinde
2975 1284 3119 1356 λόγον
3160 1285 3410 1338 rationem

1812 1375 2228 1446 interpretatur,
2274 1391 2382 1431 non
2419 1375 2684 1442 Verbum,
2721 1367 3006 1447 propterea
3043 1375 3186 1447 quod
3222 1375 3320 1431 hoc
3357 1375 3411 1432 in

1812 1477 1956 1523 statu
1998 1467 2158 1523 Pater
2200 1469 2574 1525 consideretur
2599 1468 2675 1524 ttti
2719 1469 3034 1536 rationalis,
3065 1484 3162 1526 seu
3204 1485 3408 1541 cogno-

1812 1573 1971 1615 scens
2013 1562 2230 1627 omnia,
2268 1577 2624 1634 quiscumque
2671 1561 2838 1619 Deum
2887 1563 3211 1635 respiciunt;
3255 1572 3310 1618 at
3345 1562 3415 1620 ad

1813 1667 1903 1708 res
1930 1653 2221 1720 creandas,
2251 1656 2393 1726 quod
2437 1656 2667 1722 attinet,
2721 1656 2854 1711 nihil
2904 1656 3164 1712 hactenus
3228 1656 3415 1714 conci-

1816 1749 2027 1817 piatur;
2069 1763 2174 1819 qua
2233 1749 2348 1804 sola
2398 1749 2467 1806 de
2505 1765 2666 1806 causa
2710 1747 2856 1825 λόγον
2910 1749 3130 1806 Verbum
3181 1751 3416 1819 melius,

143 1843 223 1899 sed
251 1842 397 1897 etiam
427 1857 489 1895 es
520 1839 681 1895 simili
714 1847 789 1892 tot
823 1837 1036 1892 Patrum
1066 1837 1337 1893 locutione
1359 1878 1376 1905 ,
1424 1854 1544 1908 qua:
1588 1851 1710 1892 eas-
1741 1841 1789 1904 Β
1815 1855 1975 1910 quam
2006 1842 2254 1896 rationem
2286 1841 2750 1912 interpretandum
2795 1843 3126 1910 Augustinus
3172 1844 3419 1912 censuit,

144 1936 250 1992 dem
287 1935 445 1991 lenne
493 1931 732 1989 Zenonis
779 1929 1035 1986 formulas
1072 1931 1358 1997 continet,
1412 1945 1511 1986 nec
1551 1930 1709 1984 aliam

148 2045 286 2101 quam
313 2037 546 2084 nostram
577 2025 992 2097 explicationem
1022 2023 1330 2080 idemtidem
1356 2029 1548 2095 patitur
1567 2066 1581 2086 ,
1609 2039 1713 2078 ma-

143 2124 366 2180 nifestum
399 2123 557 2192 plane
580 2119 817 2174 futurum
845 2128 962 2184 est,
993 2129 1048 2174 et
1072 2133 1182 2189 quo
1209 2133 1278 2174 ex
1306 2118 1448 2172 fonte
1476 2115 1713 2172 Zenonis

143 2219 314 2273 locutio
361 2216 625 2282 manarit,
673 2225 727 2268 et
777 2223 1014 2267 nostram
1061 2211 1559 2279 interpretationem
1606 2226 1712 2264 non

141 2326 193 2367 ex
222 2310 419 2382 ingenio
457 2309 705 2366 eductam
727 2349 742 2374 ,
771 2306 867 2363 sed
912 2322 968 2363 re
1010 2307 1124 2378 ipsa
1149 2348 1162 2372 ,
1193 2309 1236 2361 si
1283 2322 1390 2361 non
1423 2305 1601 2370 verbis
1635 2317 1714 2360 to-

144 2403 312 2468 tidem,
340 2403 541 2473 aliquot
569 2401 788 2456 Patrum
818 2399 1142 2455 testimoniis
1169 2397 1420 2453 traditam
1439 2439 1454 2464 ,
1487 2398 1712 2453 iisdem-

144 2512 232 2569 que
256 2494 582 2567 exponendis
614 2500 1100 2565 peropportunam.
1151 2506 1219 2546 ne
1248 2491 1491 2546 dicamus
1523 2503 1714 2546 neces-

143 2593 314 2647 sariam
337 2633 351 2658 ,
395 2587 698 2645 habendam
730 2602 889 2644 esse:
921 2586 990 2643 de
1019 2585 1248 2658 singulis
1291 2586 1471 2657 aliqua
1503 2587 1716 2658 paucis—

143 2685 308 2750 simis,
350 2699 508 2755 quam
558 2681 725 2748 lieet,
775 2679 954 2737 verbis
1003 2680 1437 2738 animadvertere
1492 2679 1712 2750 placuit.

144 2777 320 2834 Patavii
349 2773 617 2830 accusatio
659 2773 920 2828 adversus
955 2773 1162 2840 Patres,
1193 2789 1282 2845 qtu
1309 2771 1541 2828 Nicaente
1571 2771 1715 2844 Syn-

147 2873 237 2931 odo
277 2884 630 2944 praecessere,
685 2868 864 2924 eidem
911 2866 1026 2924 fere
1082 2868 1271 2923 nititur
1323 2867 1605 2933 formulas,
1654 2883 1718 2922 ac

147 2983 249 3039 qua:
273 2968 320 3021 in
362 2961 582 3018 Zenone
613 2962 942 3030 reprehensa
972 2961 1095 3019 fuit.
1129 2959 1264 3015 Audi
1298 2961 1473 3031 ipsum
1505 2959 1572 3016 de
1599 2975 1718 3015 om-

150 3060 286 3116 nibus
323 3078 422 3117 una
468 3062 778 3129 loquentem
821 3055 914 3111 lib.
957 3071 975 3109 ι
1024 3053 1091 3110 de
1134 3052 1428 3117 Trinitate,
1473 3066 1594 3123 cap.
1645 3052 1713 3118 5,

151 3168 280 3209 num.
306 3156 366 3223 7,
408 3165 691 3226 postquam
734 3167 923 3208 eorum
973 3149 1279 3206 testimonia
1308 3147 1713 3204 consideravit:

1821 1941 1880 1987 ut
1923 1933 2157 1990 vidimus
2182 1933 2210 2006 §
2238 1934 2292 1991 5.
2321 1932 2454 1990 Cum
2488 1951 2650 2006 porro
2679 1936 2928 1991 eumdem
2957 1935 3151 1992 Filium
3180 1937 3419 1993 Atheua-

1817 2040 1976 2098 goras
2005 2025 2072 2082 ad
2106 2042 2192 2082 res
2234 2035 2444 2084 creatas
2497 2027 2692 2095 refert;
2742 2029 2910 2083 ideant
2943 2029 3093 2084 illum
3141 2029 3420 2102 appellat,

1817 2139 1920 2194 qua
1951 2123 2161 2179 scilicet
2181 2124 2232 2178 in
2264 2122 2400 2179 Filio
2428 2139 2514 2180 res
2545 2125 2795 2180 creandas
2823 2133 3241 2196 prmconceptte,
3272 2135 3423 2181 aeter-

1820 2233 2056 2289 numque
2107 2218 2160 2273 in
2198 2218 2372 2274 Verbo
2393 2218 2552 2274 dicta:
2600 2218 2786 2276 luere:
2819 2220 2872 2274 vi
2920 2221 3076 2291 cujus
3113 2219 3242 2275 dicti
3279 2227 3423 2275 stato

1820 2308 2018 2365 deinde
2063 2320 2309 2381 tempore
2357 2325 2478 2366 cum
2529 2309 2739 2366 ellecue
2786 2313 2984 2368 fuerint
3029 2328 3125 2383 per
3156 2311 3426 2380 Verbum,

1815 2404 1937 2475 jure
1963 2419 2149 2459 earum
2172 2405 2502 2475 efﬁcientiam
2533 2405 2709 2474 ipsum
2741 2404 2974 2461 Verbum
3003 2405 3258 2477 appellat.
3293 2405 3420 2462 Haec

1819 2499 1864 2554 si
1898 2508 2080 2555 mente
2121 2508 2336 2565 teneas,
2387 2498 2589 2554 Petavii
2638 2499 2848 2570 objecta
2880 2500 3060 2571 legere
3101 2501 3338 2570 poteris,
3367 2509 3426 2558 et

1818 2602 2009 2648 cuncta
2052 2605 2150 2647 sua
2194 2600 2389 2662 sponte
2429 2591 2625 2647 cadere
2653 2594 2834 2648 statim
2886 2592 3167 2658 invenies,
3199 2603 3260 2649 ut
3290 2593 3424 2649 nihil

1820 2694 2080 2756 pratterea
2113 2683 2317 2739 addere
2348 2697 2570 2740 necesse
2598 2685 2686 2737 sit.

1894 2775 2138 2848 [xcm]ld
2169 2778 2344 2846 ipsum
2361 2777 2521 2846 plane
2547 2791 2613 2832 es
2631 2776 2725 2831 illo
2741 2775 2951 2832 Tatiani
2983 2777 3298 2832 tes1itnonio
3313 2776 3429 2833 eol-

1821 2870 2326 2941 ligerelicet,quem
2347 2869 2605 2926 Petavius
2633 2869 2825 2926 eodem
2847 2871 3025 2941 capite
3057 2870 3220 2927 latine
3249 2870 3432 2926 reddit

1821 2967 1899 3021 sic
1919 2981 2044 3020 num
2063 2965 2098 3020 5
2119 2983 2131 3017 :
2156 2963 2296 3020 Deus
2326 2975 2434 3020 erat
2451 2965 2503 3019 in
2520 2966 2810 3036 principio;
2828 2965 3141 3038 principium
3157 2976 3330 3022 autem
3345 2983 3434 3020 ra-

1821 3059 1975 3112 tionis
2006 3073 2114 3112 esse
2149 3059 2429 3128 potentiam
2455 3057 2766 3125 accepimus.
2799 3056 3000 3113 Etenim
3031 3057 3289 3113 Dominus
3315 3075 3429 3113 ont-

1823 3153 1961 3206 nium
1990 3169 2103 3205 cum
2132 3152 2242 3221 ipse
2269 3151 2423 3206 totius
2446 3160 2574 3205 esset
2599 3151 2821 3206 universi
2845 3152 3131 3207 substantia
3148 3195 3164 3219 ,
3185 3163 3434 3220 quatenus

150 3244 296 3318 Igitur
319 3265 414 3304 non
437 3249 566 3304 nulli
597 3256 888 3302 veterum...
917 3253 1025 3298 tum
1053 3261 1086 3297 a
1113 3259 1352 3314 supremo
1385 3240 1490 3298 Deo
1518 3258 1579 3296 ac
1611 3237 1717 3294 Pa-
1743 3236 1790 3301 C
1823 3247 1966 3301 nulla
1998 3245 2169 3300 adhuc
2202 3255 2309 3300 erat
2338 3245 2476 3315 facta
2512 3257 2750 3299 creatura
2771 3286 2786 3310 ,
2816 3245 2957 3300 solus
2986 3245 3237 3300 exstabat.
3284 3246 3431 3313 Qua-

149 3349 212 3394 tre
239 3342 532 3409 productum
558 3357 669 3394 esse
697 3339 934 3392 dixerunt
965 3335 1191 3400 Filium,
1221 3352 1336 3388 cum
1366 3335 1499 3388 hanc
1547 3349 1718 3388 rerum

150 3435 500 3491 universitatem
524 3435 744 3489 condere
770 3431 979 3496 statuit,
1014 3439 1066 3484 ut
1093 3429 1243 3483 illunt
1271 3428 1408 3482 velut
1428 3427 1718 3482 ministrum

150 3527 422 3583 adhiberet:
447 3544 598 3598 quam
627 3525 929 3582 sententiam
955 3522 1044 3575 alii
1069 3520 1262 3575 clarius
1286 3565 1300 3589 ,
1333 3520 1598 3574 obscurius
1627 3518 1721 3572 alii

151 3620 434 3692 signiﬁcant,
453 3621 541 3675 sed
577 3620 663 3673 isti
691 3622 818 3690 fere.
848 3616 1217 3688 Athenagoras,
1241 3612 1521 3676 Tatianus,
1549 3608 1719 3664 Theo-

153 3713 322 3781 philus.
339 3712 703 3773 Tertullianus,
724 3721 768 3763 et
783 3705 1213 3762 Lactantius.Pro
1227 3704 1570 3774 Athenagora
1589 3703 1721 3756 satis

156 3805 370 3874 loquitur
387 3805 523 3861 idem
539 3804 629 3859 ille
652 3811 853 3867 textus,
875 3815 1035 3870 quem
1055 3797 1564 3868 PetaviuSopposuit
1582 3793 1674 3849 lib.
1704 3810 1720 3848 t

151 3898 210 3954 de
228 3899 412 3955 Trinit.
433 3942 448 3966 ,
475 3913 596 3969 cap.
627 3899 692 3963 5,
721 3912 872 3951 num.
905 3895 968 3960 4;
1003 3893 1198 3949 ibidem
1229 3892 1374 3946 enim
1401 3889 1600 3945 diserte
1630 3887 1713 3942 ad-

153 3993 303 4048 seruit
341 3993 498 4048 Deum
528 3991 730 4046 habere
770 3988 1007 4053 Filium,
1045 3986 1133 4056 qui
1161 3994 1244 4041 est
1281 3982 1504 4039 Verbum
1552 3980 1722 4036 Patris

153 4086 197 4139 in
234 4086 343 4140 idea
383 4097 429 4143 et
472 4085 784 4158 efﬁcientia,
820 4081 910 4137 ubi
940 4081 1054 4135 ideo
1099 4079 1244 4134 dicta
1291 4087 1375 4134 est
1417 4077 1484 4132 de
1507 4074 1721 4140 Verbo,

154 4188 392 4248 quatenus
421 4180 470 4233 in
497 4194 563 4236 eo
587 4179 771 4234 omnia
793 4175 861 4231 ab
883 4183 1088 4230 aeterno
1113 4171 1254 4227 dieta
1281 4181 1428 4234 sunt,
1445 4168 1725 4241 efﬁcientia

154 4280 316 4327 autem
334 4272 398 4326 de
424 4282 541 4328 actu
562 4280 820 4336 externo,
849 4283 956 4339 quo
979 4266 1161 4323 omnia
1191 4281 1286 4336 per
1317 4263 1456 4319 idem
1485 4261 1722 4318 Verbum

159 4374 270 4417 sunt
296 4363 518 4420 condita.
552 4363 644 4419 Illa
675 4378 804 4417 vero
825 4404 840 4427 ,
872 4377 992 4432 quae
1022 4365 1176 4430 urget
1205 4356 1456 4412 Petavius
1481 4397 1496 4420 ,
1528 4355 1725 4425 quibus

157 4456 498 4529 Athenagoras
533 4457 678 4512 hunc
719 4454 914 4510 Filium
959 4461 1116 4507 vocat
1148 4450 1519 4523 primogeniant
1553 4447 1726 4502 Patris

162 4552 457 4620 progeniem,
504 4568 603 4605 non
649 4549 796 4620 quasi
838 4549 1008 4620 factus
1051 4545 1116 4600 sit
1159 4546 1214 4609 (a
1245 4544 1500 4614 principio
1537 4544 1728 4614 quippe

1823 3349 1966 3393 tenus
2010 3355 2125 3392 vero
2183 3346 2291 3392 tota
2334 3338 2406 3392 vis
2437 3348 2486 3390 et
2531 3336 2791 3407 potentia,
2823 3352 2883 3390 ac
2927 3347 3031 3390 tant
3073 3353 3251 3392 eorum
3276 3377 3291 3402 ,
3320 3351 3434 3407 qua:

1821 3432 1986 3487 uideri
2013 3440 2224 3504 possunt
2245 3472 2260 3493 ,
2292 3447 2444 3499 quam
2479 3446 2596 3500 qua:
2634 3430 2796 3484 uideri
2827 3439 3114 3498 nequeunt,
3145 3430 3434 3485 substantia

1823 3535 1929 3579 erat
1963 3525 2102 3595 ipse,
2131 3539 2249 3576 cum
2278 3539 2336 3576 eo
2359 3533 2501 3577 erant
2541 3523 2735 3577 omnia.
2770 3519 2911 3575 Nam
2941 3539 3056 3577 cum
3084 3521 3197 3591 ipso
3225 3538 3317 3595 per
3345 3539 3434 3576 ra-

1822 3616 2062 3671 tionalem
2091 3615 2192 3668 uim
2217 3615 2358 3687 λόγος
2385 3613 2520 3684 ipse,
2544 3614 2632 3682 qui
2653 3613 2706 3667 in
2731 3613 2822 3667 illo
2842 3623 2952 3667 erat
2975 3654 2992 3682 ,
3020 3613 3282 3684 produxit.
3329 3613 3400 3667 Vo
3416 3645 3436 3658 ο

1794 3709 2020 3761 'luntate
2051 3723 2203 3776 porro
2233 3707 2577 3776 simplicitatis
2604 3706 2762 3777 ipsius
2784 3706 2932 3781 λόγος
2958 3706 3165 3775 erupit,
3194 3707 3282 3776 qui
3321 3707 3408 3778 qui

1825 3802 1941 3858 dem
1969 3818 2070 3856 non
2092 3803 2146 3855 in
2172 3817 2388 3856 vacuum
2419 3817 2686 3862 emanans,
2703 3800 3080 3871 primogenium
3101 3817 3229 3868 opus
3257 3798 3436 3854 Patris

1825 3897 1946 3968 fuit.
1971 3895 2104 3951 Cum
2131 3895 2392 3950 Tatiauus
2413 3895 2722 3968 principium
2747 3898 2796 3949 in
2819 3893 3010 3950 Grtcco
3035 3905 3182 3949 textu
3213 3893 3437 3949 deﬁniat

1825 3993 1977 4068 λόγου
2003 3989 2218 4065 δυναμὶν
2239 4032 2254 4055 ,
2287 4006 2390 4044 Vox
2421 3998 2603 4045 autem
2640 3989 2788 4062 λόγου
2819 4003 2979 4060 quam
3028 3989 3244 4042 rationis
3273 4004 3436 4043 voca-

1827 4084 1954 4140 bulo
1991 4084 2240 4140 Petavius
2273 4083 2471 4144 vertit.
2508 4080 2724 4135 Verbum
2759 4082 2932 4151 ipsum
2971 4081 3239 4153 significet
3263 4080 3435 4152 (unde

1837 4175 1990 4232 Verbi
2021 4177 2300 4249 potentiam
2338 4173 2590 4246 vulgatus
2629 4171 2904 4243 lnterpres
2948 4173 3181 4230 reddidit
3209 4190 3306 4245 pro
3353 4191 3440 4226 ra-

1829 4270 1981 4326 tionis
2003 4271 2299 4342 potentiam.
2320 4277 2375 4325 et
2396 4267 2608 4334 melius,
2632 4267 2896 4337 siquidem
2925 4283 3024 4320 vos
3054 4265 3240 4322 Graeca
3266 4268 3436 4342 λόγος,

1827 4379 1948 4420 cum
1980 4380 2066 4420 res
2093 4375 2308 4420 creatas
2355 4363 2612 4434 respicit,
2657 4359 2875 4416 Verbum
2909 4359 3083 4430 potius
3121 4377 3280 4441 quam
3307 4366 3436 4417 ratio

1830 4458 2105 4514 reddenda
2135 4467 2219 4513 est
2249 4473 2314 4512 ex
2345 4456 2648 4526 Augustino
2671 4469 2844 4525 nuper
2867 4454 3128 4527 laudato),
3155 4455 3433 4526 palamlit,

1830 4551 2070 4624 principii
2122 4549 2380 4614 nomine,
2407 4548 2482 4602 uti
2524 4563 2551 4600 a
2597 4546 2826 4602 Tatiano
2874 4548 3211 4616 explicatur,
3256 4551 3436 4619 ipsttm

161 4639 318 4708 Deus,
342 4645 422 4715 qui
444 4653 516 4698 est
540 4652 735 4699 a'terna
765 4656 904 4695 mens
926 4681 940 4706 ,
971 4637 1185 4693 habebat
1216 4638 1269 4689 in
1307 4653 1359 4690 se
1406 4637 1517 4706 ipso
1542 4636 1683 4709 λόγον
1705 4676 1721 4700 ,
1750 4634 1803 4694 ῐ)
1837 4641 2061 4696 Verbum
2113 4649 2367 4710 oportere
2411 4637 2672 4709 intelligi,
2713 4637 2868 4706 cujus
2909 4639 3126 4708 quidem
3168 4642 3390 4709 potentia
3417 4683 3430 4704 ,

161 4733 207 4785 id
233 4746 299 4789 est
321 4737 564 4791 rationem
586 4776 603 4802 ,
632 4751 746 4789 cum
775 4744 1019 4788 wternum
1043 4732 1107 4785 sit
1138 4725 1432 4799 rationalis)
1459 4727 1547 4782 sed
1573 4728 1645 4781 ita
1673 4737 1724 4780 ut

163 4843 267 4881 cum
290 4831 486 4886 materia
509 4838 747 4886 concreta
787 4827 989 4892 omnia,
1035 4825 1367 4894 informisque
1405 4833 1618 4886 natura,
1648 4829 1728 4874 at—

163 4938 252 4991 que
269 4933 384 4979 terra
409 4927 566 4980 instar
589 4924 804 4979 vehiculi
824 4922 1163 4996 subjiciuntur
1177 4961 1192 4987 ,
1214 4921 1268 4974 in
1289 4920 1450 4988 iisque
1475 4917 1730 4972 crassiora

162 5011 402 5072 levioribus
429 5017 649 5071 admista
677 5016 780 5070 sint
801 5056 816 5080 ,
848 5014 916 5068 ad
942 5012 1037 5068 hoc
1064 5023 1116 5067 ut
1140 5011 1255 5066 ideo
1282 5021 1328 5064 et
1349 5020 1493 5064 actus
1521 5009 1729 5063 illorum

162 5116 304 5172 esset,
331 5109 568 5175 prodierit
593 5125 611 5162 :
644 5107 792 5172 haec,
821 5108 1068 5177 inquam,
1096 5105 1248 5160 nobis
1271 5103 1452 5158 favent
1479 5101 1723 5156 miriﬁce.

165 5194 214 5248 lu
243 5203 409 5267 primis
435 5203 576 5258 enim
610 5201 802 5256 Filium
835 5202 973 5254 hunc
1005 5200 1146 5272 λόγον
1174 5195 1496 5269 appellatum
1518 5237 1532 5262 ,
1565 5208 1726 5265 quem

170 5292 393 5348 rationem
420 5296 828 5366 interpretatur.
855 5293 923 5348 ab
953 5304 1159 5348 tetetno
1189 5291 1241 5347 in
1271 5292 1428 5347 Patre
1459 5290 1622 5344 fuisse
1651 5287 1729 5342 al-

171 5383 364 5453 lirtnat,
397 5399 452 5442 ut
493 5387 648 5444 Pater
675 5395 920 5441 teter-num
965 5384 1233 5441 rationalis
1281 5384 1444 5474 ttth
1486 5383 1726 5439 dicatur:

168 5491 267 5546 Quo
307 5480 482 5536 eodem
528 5490 844 5551 argumento
883 5490 937 5536 et
979 5478 1302 5535 Athanasius
1338 5481 1396 5533 et
1442 5475 1732 5547 Gregorius

170 5567 418 5640 Nysseuus
441 5583 493 5628 et
519 5574 606 5628 alii
627 5574 812 5629 Patres
843 5575 920 5628 usi
948 5583 1072 5631 sunt
1094 5616 1108 5641 ,
1141 5582 1198 5629 ut
1225 5573 1463 5627 divinum
1494 5569 1726 5626 Verbum

174 5674 410 5720 :eternum
455 5667 615 5722 fuisse
643 5667 854 5724 Arianis
882 5668 1312 5726 demonstrarent
1348 5682 1361 5719 :
1405 5666 1498 5720 sed
1544 5677 1732 5718 rursus

178 5758 418 5826 prodiissc
445 5761 606 5827 illud,
651 5763 852 5830 inquit,
887 5764 1104 5820 creandi
1151 5763 1300 5820 orbis
1339 5777 1532 5830 causa,
1568 5762 1732 5819 veluti

179 5850 327 5908 idenm
362 5870 542 5913 rerum
579 5857 950 5922 creandarum,
979 5874 1100 5929 quae
1134 5857 1206 5917 ab
1244 5867 1448 5915 aeterno
1488 5854 1734 5928 profecto

642 5952 906 6013 l'nnos.
960 5953 1068 6015 XI.

1832 4751 1927 4790 seu
1954 4736 2138 4788 virtute
2168 4734 2489 4804 (utrumque
2510 4730 2654 4784 enim
2692 4744 2796 4784 vox
2825 4729 3012 4785 Grmca
3036 4729 3243 4804 δύναμις
3272 4731 3439 4800 signi—

1834 4825 1998 4882 ﬁcare
2037 4823 2251 4894 potest)
2283 4822 2462 4878 omnia
2499 4821 2712 4876 condita
2753 4830 2920 4886 sunt,
2952 4831 3010 4876 ut
3057 4823 3108 4876 iu
3138 4824 3436 4893 Scripturis

1833 4917 2268 4985 traditur;unde
2307 4928 2358 4974 et
2399 4915 2710 4988 principium
2749 4929 2930 4970 rerum
2976 4915 3214 4970 omnium
3248 4919 3439 4974 rectis-

1835 5016 1974 5070 sime
2008 5014 2204 5070 dicitur
2228 5056 2242 5078 ,
2265 5012 2406 5086 quod
2449 5025 2646 5066 nomen
2685 5007 2750 5064 ad
2773 5023 2942 5062 rerum
2969 5009 3217 5081 originem
3247 5011 3440 5070 referri

1838 5111 1954 5178 ipse
1973 5108 2223 5165 Petavius
2250 5108 2522 5163 observat.
2559 5106 2739 5174 Itaque
2768 5103 2857 5159 ubi
2885 5102 3144 5159 Tatianus
3171 5106 3247 5160 ait
3272 5105 3440 5163 Deum

1836 5203 2004 5260 fuisse
2033 5204 2085 5257 in
2113 5201 2389 5275 principio,
2405 5215 2526 5256 cum
2558 5197 2864 5268 principium
2889 5197 2960 5251 sit
2984 5196 3159 5266 ipsum
3191 5198 3433 5269 Verbum,

1838 5294 1939 5351 Dei
1967 5295 2186 5351 nomine
2216 5291 2428 5348 Patrem
2460 5289 2788 5359 intelligens.
2809 5289 2952 5345 hunc
2977 5291 3160 5361 utique
3186 5292 3237 5346 in
3272 5292 3438 5350 Verbo

1839 5389 2006 5446 fuisse
2048 5389 2245 5443 fatetur
2269 5425 2282 5448 .
2313 5386 2469 5439 sicuti
2522 5397 2645 5437 mox
2689 5382 2836 5454 λόγον
2860 5423 2876 5450 ,
2910 5381 2961 5437 id
3000 5392 3084 5438 est
3125 5382 3338 5438 Verbum
3383 5389 3437 5441 in

1840 5483 1952 5551 ipso
1985 5482 2094 5538 Deo
2121 5481 2281 5534 Patre
2307 5475 2472 5532 fuisse
2495 5485 2679 5546 aperte
2708 5476 2908 5541 tradit;
2933 5476 3126 5538 quibus
3152 5487 3437 5549 utrumque

1839 5585 1896 5633 et
1921 5591 2164 5647 semper,
2194 5585 2247 5628 et
2271 5569 2514 5642 ejusdem
2549 5569 2864 5625 substantiae
2904 5569 3068 5624 fuisse
3098 5571 3268 5637 palam
3303 5573 3438 5627 insi-

1841 5678 1991 5724 nuat.
2026 5666 2100 5721 lta
2141 5679 2305 5736 porro
2354 5662 2555 5716 dictum
2591 5660 2679 5715 hic
2719 5678 2745 5711 a
2789 5659 3016 5714 Tatiano
3054 5669 3102 5712 et
3133 5658 3344 5716 Patrem
3384 5667 3436 5720 iu

1842 5761 2042 5828 Verbo,
2072 5770 2125 5816 et
2152 5756 2389 5813 Verbum
2415 5756 2464 5809 in
2492 5753 2651 5808 Patre
2678 5767 2766 5817 per
2802 5750 2954 5807 Verbi
2977 5753 3202 5805 virtutem
3223 5769 3439 5827 semper

1841 5854 2009 5912 fuisse
2034 5895 2049 5921 ,
2079 5846 2532 5923 quemadmodum
2561 5842 2812 5916 superius
2844 5845 3216 5916 Athenagoras
3244 5852 3441 5916 proba-

2879 5938 2916 6002 ι,
