3998 6332
546 344 651 401 to:
1920 286 2461 390 paccsconsns.
3711 349 3795 408 ,οε

543 457 625 514 vit
644 456 861 512 Patrem
888 465 1103 521 semper
1128 448 1380 506 habuisse
1406 447 1570 523 λόγον,
1586 446 1713 519 quia
1740 459 1954 516 semper
1979 444 2149 500 ratio-
2178 447 2233 508 Α
2255 445 2575 504 divisionem
2605 454 2734 520 puto
2777 446 3083 522 significare
3107 491 3123 521 ,
3156 458 3215 507 ut
3242 451 3403 509 vertit
3431 453 3707 530 interpres,
3735 465 3797 521 ait,

543 553 683 610 nalis
711 550 830 608 fuit.
854 548 979 605 Fuit
999 544 1255 603 nimirum
1276 559 1494 616 semper
1517 542 1681 599 Pater
1700 540 1755 596 iu
1775 539 1955 596 Verbo
1978 580 1992 605 ,
2024 552 2146 594 cum
2254 536 2370 608 ipse
2398 538 2697 610 Petavius),
2731 551 2784 596 ut
2814 558 2875 597 ne
2906 548 3084 598 tamen
3114 540 3322 599 Patrem
3346 545 3451 603 sine
3480 547 3634 607 Verbo
3658 554 3796 612 relin-

542 646 664 703 sine
691 644 871 701 Verbo
899 656 1007 698 non
1043 639 1237 697 fuisset
1264 638 1457 705 Pater;
1484 645 1541 695 et
1564 634 1893 711 principium
1928 634 2045 704 ipse
2064 646 2152 689 re-
2252 642 2426 704 (lueret
2445 648 2465 702 ;
2496 632 2688 706 quibus
2730 635 2910 691 verbis
2936 634 3194 692 Tatianus
3233 652 3293 695 se
3330 639 3612 701 credidisse
3632 647 3799 704 contir-

2253 735 2405 795 mat,
2431 724 2647 783 Patrem
2673 741 2889 798 semper
2917 727 3085 786 fuisse
3112 744 3237 786 cum
3267 729 3442 788 Verbo
3461 774 3477 801 ,
3505 750 3597 793 nec
3632 739 3692 795 ab
3718 740 3801 797 hoc

2253 830 2313 873 se
2348 832 2407 875 se
2443 819 2876 877 communicante
2916 820 3080 878 rebus
3106 822 3305 880 creatis
3336 832 3438 881 tam
3469 827 3639 886 multis
3664 828 3804 890 fuisse

2251 909 2501 968 relictum
2520 957 2536 982 ,
2580 912 2778 985 quippe
2804 912 2946 985 quod
2974 927 3038 971 ea
3068 915 3479 992 communicatio
3505 918 3657 978 Verbi
3678 964 3693 991 ,
3716 939 3802 996 qua

2250 1004 2308 1062 in
2334 1014 2412 1062 tot
2436 1021 2525 1063 res
2549 1017 2760 1063 creatas
2786 1006 3024 1063 manavit
3049 1008 3313 1077 exterius,
3335 1024 3443 1067 non
3462 1011 3689 1069 abseissio
3712 1013 3805 1072 fue-

2251 1102 2326 1159 rit
2367 1101 2611 1174 ejusdem
2644 1101 2805 1163 Verbi
2832 1119 2862 1159 a
2894 1103 3094 1180 Patre,
3126 1120 3225 1164 seu
3260 1105 3459 1167 divisio
3484 1085 3689 1171 imiimi:
3709 1111 3807 1182 ejus

2251 1193 2567 1250 substantiae
2592 1237 2606 1262 ,
2635 1208 2762 1264 qua,
2790 1192 3022 1252 Verbum
3051 1195 3105 1253 in
3130 1195 3314 1264 Patre,
3334 1204 3392 1255 et
3410 1196 3568 1255 Pater
3588 1197 3637 1256 in
3658 1199 3809 1258 Verbo

2250 1301 2468 1360 semper
2515 1289 2759 1361 exstitit,
2786 1290 2881 1346 sed
2909 1304 3056 1345 mera
3089 1288 3253 1347 fuerit
3288 1289 3527 1362 ejusdem
3554 1293 3807 1365 participa-

2250 1380 2321 1435 tio
2345 1423 2361 1450 ,
2390 1395 2491 1452 qua
2521 1380 2697 1452 ipsum
2720 1379 2982 1448 Verbum,
3010 1391 3064 1438 et
3093 1398 3189 1454 per
3214 1381 3453 1439 Verbum
3485 1382 3619 1440 Deus
3647 1384 3809 1465 ipsein

2250 1471 2446 1529 creatis
2487 1473 2652 1531 rebus
2692 1474 2893 1531 elucet.
2944 1474 3050 1532 Sed
3079 1475 3148 1533 de
3175 1475 3403 1534 Tatiano
3433 1476 3587 1534 nimis
3614 1476 3809 1535 fortasse

543 755 661 801 rum
705 739 806 795 fuit
838 753 929 809 per
948 737 1186 793 uirtutem
1226 731 1374 789 Verbi
1404 732 1583 788 omnia
1614 728 1847 787 creanda
1879 726 2065 784 dicens
2096 723 2149 782 in

438 896 445 903 ε
542 832 755 898 Verbo,
784 844 893 901 quo
941 827 986 884 si
1036 827 1330 893 caruisset,
1370 823 1504 879 nihil
1544 823 1769 879 dixisset
1810 817 2103 877 creandum
2138 860 2153 886 ,

537 942 605 984 ac
634 923 864 997 proinde
902 921 1232 995 principium
1265 933 1447 976 rerum
1482 916 1844 974 creandarum
1874 924 2149 984 nunquam

538 1021 749 1077 fuisset.
801 1017 972 1073 Porro
1019 1013 1291 1087 loquitur,
1335 1011 1415 1068 uti
1459 1009 1727 1075 diximus,
1759 1008 1865 1063 hoc
1906 1005 1961 1062 in
2001 1011 2150 1061 textu

537 1113 800 1170 Tatianus
821 1109 889 1167 de
918 1108 1097 1165 Verbo
1121 1118 1394 1177 tamquam
1415 1118 1599 1160 rerum
1622 1099 1980 1158 creandarum
2003 1096 2153 1170 prin-

538 1208 719 1278 cipio;
772 1219 838 1260 ac
877 1202 1106 1291 proinde
1148 1199 1461 1273 pra-sumit,
1495 1196 1714 1263 omnia,
1748 1208 1868 1267 qua:
1916 1189 2148 1248 creanda

533 1299 872 1365 fuerunt,in
914 1285 1233 1354 hoc'Verbo
1269 1293 1410 1350 dicta
1453 1291 1523 1347 ab
1569 1300 1775 1346 aeterno
1824 1288 2011 1344 fuisse.
2058 1285 2150 1344 Sic

535 1394 759 1468 quidem
785 1391 1127 1464 intelligitur,
1158 1404 1317 1462 quam
1349 1386 1541 1443 idonea
1569 1385 1641 1442 sit
1675 1383 1796 1455 ejus
1833 1380 1965 1438 dicti
1987 1380 2145 1449 ratio,

430 1517 451 1531 κ
534 1487 667 1546 Cum
689 1503 749 1544 eo
769 1529 785 1556 ,
814 1486 928 1549 Deo
954 1485 1158 1542 scilicet
1177 1525 1191 1550 ,
1218 1491 1363 1538 erant
1388 1480 1596 1548 omnia,
1620 1478 1747 1535 dum
1776 1478 1951 1548 inquit
1976 1494 1988 1530 :
2019 1473 2148 1531 Cum

530 1580 645 1655 ipso
687 1580 826 1636 enim
852 1595 944 1652 per
982 1577 1287 1634 rationalem
1310 1576 1551 1630 uirtutem
1580 1571 1750 1645 ipsum
1793 1584 1995 1641 quoque
2021 1566 2149 1623 Ver-
2251 1567 2440 1624 multa.

535 1674 657 1729 bum
675 1716 689 1737 ,
716 1673 854 1745 quod
884 1674 937 1727 in
986 1673 1100 1741 ipso
1150 1678 1256 1726 erat
1276 1711 1292 1737 ,
1317 1667 1598 1739 produxit;
1630 1662 1883 1735 produxit
1936 1660 2147 1718 scilicet
2321 1658 2368 1715 A
2389 1656 2695 1732 Theophilo
2719 1658 3081 1729 Antiocheno,
3107 1675 3265 1730 quem
3291 1660 3540 1718 Petavius
3560 1677 3652 1719 suo
3675 1661 3811 1719 modo

527 1766 711 1823 omnia
739 1808 753 1831 ,
785 1781 907 1838 qua:
938 1763 1141 1838 idcirco
1166 1777 1288 1819 cum
1321 1761 1433 1818 Deo
1480 1756 1698 1815 fuerunt
1718 1755 1787 1813 ab
1816 1762 2053 1821 aeterno,
2085 1756 2145 1809 ut
2190 1836 2197 1838 Α
2249 1762 2648 1811 commentatur
2676 1754 2868 1811 eodem
2897 1771 3016 1827 cap.
3050 1758 3105 1825 '5,
3137 1771 3284 1812 num.
3312 1756 3367 1823 6,
3397 1756 3605 1813 brevius
3632 1772 3721 1813 nus
3738 1773 3815 1814 ex-

531 1836 870 1932 probandum
900 1836 1103 1914 Auctor
1145 1859 1458 1924 sumpserat
1482 1869 1496 1907 :
1521 1857 1704 1918 recte,
1728 1862 1852 1904 nam
1896 1861 2018 1903 cum
2054 1860 2146 1917 per
2173 1836 2222 1900 Β
2252 1847 2569 1921 pediemus:
2604 1863 2727 1905 nam
2768 1850 2909 1925 λόγον
2937 1850 3173 1907 intimum
3220 1851 3272 1907 in
3315 1852 3583 1909 visceribus
3606 1853 3705 1910 suis
3729 1853 3813 1909 Pa~

527 1954 838 2013 rationalem
856 1994 871 2020 ,
903 1968 1000 2010 seu
1031 1952 1304 2008 locutivam
1333 1949 1572 2004 uirtutem
1598 1944 1803 2011 omnia,
1830 1956 1951 2014 qua:
1991 1949 2159 2012 pti8t-‘
2244 1950 2383 1998 trem
2426 1941 2680 2000 habuisse
2708 1942 2883 2015 palam
2918 1941 3115 2001 fatetur
3139 1959 3155 2011 ;
3182 1960 3345 2017 quem
3374 1941 3521 2022 λόγον
3546 1943 3591 2001 si
3618 1945 3813 2019 genitum

525 2063 592 2107 ea
640 2048 783 2104 facta
831 2056 990 2110 sunt,
1039 2060 1071 2100 ιι
1110 2043 1224 2100 Deo
1260 2041 1422 2099 Patre
1465 2039 1608 2095 dicta
1653 2046 1708 2093 et
1752 2036 1825 2091 ita
1873 2032 2138 2106 quodam—
2239 2033 2390 2091 addit
2424 2052 2539 2090 cum
2567 2037 2821 2108 sapientia
2856 2053 2951 2092 sua
2995 2047 3307 2093 eructantem
3348 2047 3467 2094 ante
3493 2037 3696 2105 omnia;
3723 2051 3811 2093 nou

526 2140 691 2197 modo
728 2139 989 2213 producta
1022 2135 1225 2192 fuerint
1254 2135 1310 2189 in
1351 2134 1454 2188 hoc
1480 2129 1693 2199 Verbo,
1718 2126 1904 2185 omnia
1940 2126 1994 2182 in
2033 2125 2109 2180 bo

2239 2128 2443 2186 idcirco
2489 2130 2784 2202 ingenitum
2832 2131 2983 2188 illum
3018 2133 3251 2203 primum
3294 2124 3438 2209 λόογον
3474 2132 3711 2206 putavit,
3738 2140 3817 2188 aut

495 2231 710 2289 πνοι·ὺο
744 2239 1043 2288 erantcum
1087 2228 1237 2296 Deo,
1266 2235 1325 2283 et
1371 2224 1536 2281 simul
1575 2238 1697 2279 cum
1740 2221 1853 2277 Deo
1887 2226 2046 2277 erant
2080 2226 2137 2274 et
2239 2221 2591 2280 indiscretum
2620 2226 2671 2281 in
2700 2226 2894 2294 Patre,
2923 2234 2979 2283 et
2997 2228 3170 2284 solum
3194 2229 3594 2299 geuitum,cum
3617 2229 3667 2284 in
3686 2242 3815 2285 crea-

521 2325 713 2392 Pater,
746 2324 840 2398 qui
870 2323 1008 2379 dixit
1048 2322 1229 2377 omnia
1255 2361 1271 2388 ,
1302 2330 1357 2376 et
1380 2316 1620 2374 Verbum
1641 2359 1656 2386 ,
1703 2316 1756 2371 in
1802 2328 1909 2386 quo
1952 2310 2134 2368 omnia
2239 2315 2441 2373 tionem
2479 2317 2664 2374 mundi
2702 2320 2881 2375 omnia
2916 2320 2972 2376 in
3001 2319 3185 2377 Verbo
3214 2320 3360 2377 dicta
3389 2330 3554 2390 sunt,
3584 2331 3644 2378 ut
3670 2321 3816 2376 inter-

521 2419 666 2477 dicta
698 2426 845 2475 sunt.
878 2417 1033 2486 Quod
1054 2417 1098 2471 si
1130 2415 1248 2470 hinc
1266 2412 1626 2470 mternitatem
1653 2417 1921 2481 spectant,
1944 2415 2133 2463 natum
2237 2419 2485 2481 pretatur
2524 2410 2816 2479 Petavius;
2860 2412 2954 2469 sed
2983 2412 3131 2490 λόγον
3162 2413 3312 2470 illum
3353 2414 3589 2486 priorem
3633 2411 3816 2483 accepit

517 2512 703 2584 itaque
732 2526 764 2567 a
806 2510 969 2567 Patre
993 2508 1253 2565 Tatianus
1290 2504 1639 2578 praesumpsit
1683 2503 1752 2559 ab
1780 2511 1989 2558 aeterno
2030 2502 2134 2556 hoc
2235 2501 2305 2559 de
2336 2503 2538 2569 Verbo,
2570 2503 2713 2575 quod
2741 2513 2859 2561 erat
2883 2503 3132 2562 intimum
3165 2505 3219 2562 in
3265 2505 3433 2564 Patre
3457 2548 3474 2576 ,
3507 2505 3560 2563 in
3589 2521 3693 2578 quo
3718 2520 3818 2560 om-

520 2602 943 2672 Verbum,sine
981 2617 1091 2673 quo
1136 2615 1242 2655 non
1287 2598 1466 2654 solum
1505 2596 1641 2653 nihil
1678 2591 2133 2661 creandum,sed
2234 2597 2323 2654 nia
2366 2597 2545 2654 divina
2591 2597 2753 2656 Pater
2792 2599 2959 2666 dixit,
3010 2599 3174 2657 istum
3214 2610 3399 2658 autem
3439 2599 3509 2661 de
3548 2600 3720 2658 Verbo
3744 2613 3817 2655 res

518 2712 624 2754 nec
655 2696 891 2754 Verbum
916 2695 1142 2764 fuisset,
1176 2709 1275 2749 nec
1306 2692 1486 2749 Pater.
1519 2691 1586 2747 Et
1612 2691 1729 2746 haec
1749 2689 1968 2761 quidem
1998 2703 2129 2758 pro-
2232 2691 2493 2748 creandas
2523 2689 2736 2748 dicente
2763 2693 2992 2764 accepit,
3026 2704 3081 2748 ut
3120 2692 3176 2750 in
3215 2693 3442 2751 Zenone
3473 2691 3710 2765 pluribus
3736 2707 3818 2746 ex-

512 2789 703 2846 ductio
722 2798 928 2846 aeterna
956 2802 1139 2845 rerum
1166 2787 1220 2841 in
1250 2784 1431 2841 Verbo
1449 2782 1603 2839 illam
1624 2781 1794 2839 Verbi
1814 2779 2109 2853 generatio

2233 2782 2564 2855 plicavimus.
2586 2781 2727 2842 Idem
2749 2799 2908 2856 porro
2921 2785 3079 2841 aliam
3095 2785 3391 2857 quamdam
3416 2784 3667 2859 prolatitii
3687 2783 3817 2856 λόγου

514 2897 641 2939 nem
668 2880 976 2937 subindicat
996 2922 1011 2949 ,
1046 2892 1169 2950 quae
1199 2893 1305 2932 non
1335 2890 1547 2941 rerum,
1579 2873 1678 2930 sed
1707 2873 1868 2930 Verbi
1909 2870 2127 2944 propria
2228 2875 2664 2950 generationem,
2691 2892 2852 2949 quam
2883 2877 2937 2934 in
2967 2874 3194 2934 Tatiano
3219 2878 3721 2941 consideravimus,
3744 2874 3822 2930 ad-

512 2973 796 3047 Βθηθηίίο
824 2981 939 3040 θεῖ,
966 2986 1088 3028 cum
1114 2985 1222 3026 ηοη
1249 2978 1358 3026 lam
1381 2968 1714 3030 ἀίνίηονυῐην
1745 2982 1904 3037 quam
1932 2979 2129 3021 creatr-
2227 2971 2415 3039 struit,
2440 2986 2557 3042 qua:
2585 2970 2923 3044 generatiuni
2949 2980 3168 3028 aeterna:
3189 2971 3328 3027 nihil
3346 2970 3541 3037 ofﬁcit,
3562 2982 3620 3027 ut
3645 2967 3821 3026 ibidem

510 3068 707 3125 dorum
741 3066 975 3123 Verbum
1000 3064 1073 3120 sit
1101 3063 1231 3120 illud
1252 3105 1269 3132 ,
1300 3061 1445 3134 quod
1476 3061 1636 3116 Pater
1664 3059 1734 3116 ab
1762 3067 1969 3115 aeterno
1990 3072 2109 3130 pro-

2227 3064 2536 3134 innuimus,
2570 3073 2626 3120 ct
2653 3065 2976 3121 confirmant
3003 3066 3167 3122 etiam
3194 3108 3209 3135 ,
3233 3080 3361 3138 quae
3394 3067 3542 3124 idem
3571 3062 3825 3135 Theophi-

511 3163 631 3233 prie
659 3162 883 3234 genuit,
916 3175 1038 3217 cum
1077 3168 1134 3217 et
1173 3158 1351 3215 divina
1389 3165 1445 3213 et
1490 3154 1727 3213 creanda
1769 3154 1943 3210 dixit:
1974 3154 2119 3226 quod
2161 3235 2190 3239 _
2224 3157 2309 3214 lus
2339 3156 2558 3215 subdit:
2591 3160 2754 3216 Pater
2795 3159 2931 3215 hunc
2961 3161 3107 3239 λόγον
3142 3161 3323 3235 genuit
3354 3162 3708 3234 prolatitium,
3729 3157 3824 3228 pri-

511 3264 807 3327 utrumque
832 3255 934 3312 etsi
974 3252 1137 3311 simul
1162 3253 1231 3310 ab
1260 3252 1468 3327 aeterno
1491 3249 1693 3306 dictum
1717 3248 1815 3304 fuit
1835 3290 1851 3316 ,
1878 3247 2119 3304 humano
2144 3235 2191 3298 C
2224 3252 2515 3326 mogenium
2555 3253 2718 3309 omnis
2752 3235 3034 3322 creatura,
3062 3270 3166 3309 non
3197 3264 3253 3309 ut
3276 3251 3458 3311 Verbo
3502 3270 3690 3310 vacuus
3730 3252 3823 3323 ipse

511 3359 694 3407 tamen
722 3348 977 3420 l0quendi
1009 3362 1159 3404 more
1190 3347 1342 3419 prius
1375 3345 1607 3402 alterum
1632 3386 1647 3412 ,
1677 3344 1904 3401 alterum
1936 3354 2118 3414 poste-

507 3446 624 3502 rius
662 3445 864 3501 dictum
896 3443 1201 3514 concipitur
1223 3483 1238 3509 ,
1272 3449 1331 3498 ut
1366 3441 1419 3496 in
1450 3439 1668 3496 Zenone
1703 3438 2111 3509 explicavimus.

507 3538 642 3595 Cum
670 3553 834 3610 porro
863 3537 979 3593 haec
999 3535 1282 3609 generatio
1311 3548 1419 3589 non
1442 3546 1621 3589 rerum
1639 3575 1654 3602 ,
1681 3531 1775 3589 sed
1804 3530 1965 3588 Verbi
1987 3545 2112 3602 pro-

506 3634 625 3703 pria
655 3633 764 3699 sit;
795 3634 896 3688 etsi
925 3640 1012 3686 res
1044 3645 1140 3701 per
1168 3628 1315 3684 illam
1346 3627 1415 3684 ab
1442 3634 1647 3684 aeterno
1673 3624 1948 3697 producta:
1970 3665 1987 3692 ,
2011 3639 2111 3681 seu

505 3726 664 3782 dicta:
708 3722 763 3779 in
812 3722 990 3779 Verbo
1014 3762 1029 3789 ,
1072 3730 1181 3776 tum
1215 3735 1323 3774 non
1369 3728 1488 3773 actu
1513 3760 1528 3786 ,
1559 3717 1658 3774 sed
1709 3718 1891 3772 virtute
1932 3716 2109 3771 solum

507 3816 850 3884 exstiterint,
876 3824 1142 3887 quatenus
1168 3827 1266 3885 per
1292 3811 1454 3883 hujus
1480 3809 1638 3867 Verbi
1665 3809 1733 3865 ab
1758 3818 1965 3866 aeterno
1984 3819 2111 3865 actu

506 3921 561 3969 et
591 3926 718 3968 vere
746 3908 876 3966 editi
905 3908 1163 3964 virtutem
1192 3904 1443 3961 creandas
1473 3902 1696 3960 fuerunt
1725 3902 1779 3957 in
1823 3911 2107 3974 tempore;

502 4007 679 4076 ipsum
707 4011 893 4059 tamen
916 3999 1158 4057 Verbum
1184 4012 1290 4053 non
1323 4010 1574 4071 perzeque
1601 3996 1789 4051 virtute
1809 3995 1986 4051 solum
2010 4036 2024 4060 ,
2050 4002 2111 4049 ut

501 4097 725 4154 Petavio
750 4095 924 4151 visum
946 4103 1050 4160 est,
1081 4089 1175 4147 sed
1206 4098 1322 4145 actu
1342 4104 1369 4144 a
1399 4088 1558 4144 Patre
1585 4086 1787 4143 editum
1814 4087 1882 4143 ab
1904 4096 2109 4143 aeterno

501 4188 761 4245 Tatianus
788 4186 1031 4250 censuit,
1064 4183 1140 4238 uti
1169 4198 1236 4239 ex
1267 4191 1382 4237 toto
1410 4188 1672 4237 contextu
1714 4179 1979 4236 hactenus
2012 4193 2109 4235 ex-

500 4282 703 4355 plicato
728 4280 915 4351 liquet.
947 4278 1003 4333 id
1026 4285 1239 4346 autem,
1266 4274 1412 4351 quod
1440 4276 1563 4331 dein
1593 4273 1743 4329 addit
1774 4292 1788 4329 :
1828 4272 2106 4328 Voluntare

500 4389 655 4444 porro
699 4369 1044 4442 simplicitatis
1074 4369 1237 4440 ipsius
1281 4368 1458 4441 λόγος,
1496 4380 1593 4422 seu
1634 4364 1856 4421 Verbum
1897 4366 2103 4435 erupit,

498 4465 634 4521 nihil
682 4473 939 4521 moveat:
974 4463 1060 4520 hic
1100 4464 1242 4521 enim
1277 4462 1424 4518 illam
1469 4461 1680 4517 externi
1727 4460 1878 4516 verbi
1921 4461 2103 4531 prola-

498 4561 701 4616 tionem
742 4558 1043 4629 prospicit,
1075 4572 1235 4628 qnam
1282 4556 1337 4611 in
1374 4556 1583 4611 mundo
1618 4552 1860 4610 creando
1896 4553 2099 4609 editam

2221 3347 2397 3419 ﬁeret,
2424 3346 2518 3403 sed
2559 3357 2612 3401 ut
2643 3346 2845 3403 verbum
2884 3347 3225 3420 gigneret,_id
3259 3358 3349 3404 est
3394 3347 3759 3421 prolatitium,
3783 3350 3827 3399 et

2220 3457 2338 3496 cum
2370 3440 2538 3496 Verbo
2560 3458 2675 3510 suo,
2709 3441 2760 3497 id
2783 3450 2867 3499 est
2890 3441 3086 3497 intimo
3107 3485 3121 3510 ,
3146 3453 3402 3515 perpetuo
3432 3452 3741 3499 versaretur.

2294 3533 2500 3593 Eodem
2524 3542 2772 3606 spectant
2789 3533 2879 3589 illa
2896 3532 3214 3592 Tertulliani
3236 3535 3335 3593 lib.
3362 3544 3560 3593 contra
3580 3534 3823 3590 Praxeam

2218 3643 2341 3701 cap.
2364 3627 2399 3686 5
2429 3644 2550 3701 qua;
2574 3627 2826 3685 Petavius
2847 3627 3038 3685 recitat
3059 3642 3178 3700 cap.
3213 3626 3270 3695 5,
3299 3645 3434 3685 num
3460 3628 3519 3684 2.
3546 3625 3682 3684 Cum
3698 3624 3840 3683 enirn-

2215 3723 2365 3798 λόγον
2388 3765 2404 3792 ,
2434 3738 2527 3778 seu
2557 3723 2807 3777 rationem
2831 3721 2900 3778 ab
2920 3732 3128 3778 aeterno
3147 3736 3319 3793 penes
3344 3722 3524 3780 Deum
3555 3720 3719 3777 fuisse
3735 3728 3830 3775 tes-

2218 3823 2363 3871 tatur
2382 3857 2398 3883 ,
2421 3814 2658 3872 Verbum
2682 3815 2863 3888 utique
2887 3814 2978 3871 Dei
3000 3814 3248 3871 intimum
3271 3815 3347 3872 ab
3368 3826 3586 3873 interno
3606 3812 3828 3888 genitum

2217 3907 2398 3980 prodit
2420 3950 2434 3976 ,
2464 3908 2516 3963 in
2538 3924 2644 3980 quo
2666 3906 2828 3965 Pater
2853 3908 3040 3979 utique
3058 3907 3336 3963 rationalis
3360 3915 3488 3964 ante
3509 3906 3827 3979 principium,

2215 4000 2270 4057 id
2302 4011 2387 4057 est
2424 4001 2492 4057 ab
2537 4009 2770 4068 artemo,
2800 4016 2981 4058 secum
3026 4001 3141 4073 ipse
3183 4001 3557 4073 loquebatur,
3590 4014 3712 4074 qua:
3745 3995 3831 4053 Dei

2213 4103 2377 4161 sunt;
2412 4097 2547 4151 banc
2573 4095 2715 4151 enim
2744 4104 2995 4167 putamus
3012 4096 3291 4163 rationem,
3328 4109 3503 4166 quam
3533 4109 3683 4150 suam
3708 4090 3827 4147 Ter-

2213 4185 2476 4246 tullianus
2506 4187 2763 4259 appellat.
2797 4185 2930 4243 Cum
2961 4201 3123 4258 porro
3154 4185 3297 4243 idem
3332 4186 3486 4244 Deus
3514 4186 3585 4244 de
3609 4180 3834 4244 creando

2213 4279 2417 4335 mundo
2458 4279 2765 4336 deliberans
2805 4296 2919 4335 cum
2955 4279 3157 4335 ratione
3200 4296 3331 4348 sua,
3354 4279 3412 4336 id
3444 4286 3536 4337 est
3567 4277 3727 4345 Filio,
3758 4275 3834 4331 vel

2213 4371 2394 4429 Verbo
2413 4416 2426 4439 ,
2459 4374 2711 4449 cogitabat
2737 4383 2899 4445 atque
2928 4372 3229 4446 disponebat
3254 4391 3560 4432 sermonem
3581 4416 3598 4442 ,
3622 4388 3718 4432 seu
3745 4415 3759 4440 ,
3784 4380 3838 4427 ut

2212 4466 2375 4538 paulo
2404 4477 2531 4522 ante
2555 4466 2875 4538 explicatius
2900 4466 3141 4536 dixerat,
3171 4483 3290 4522 cum
3312 4468 3440 4539 ipsa
3461 4478 3510 4525 et
3543 4470 3598 4522 in
3628 4468 3740 4539 ipsa
3759 4481 3837 4519 ra-

2210 4559 2378 4626 tione,
2406 4574 2565 4630 quam
2596 4560 2731 4615 intra
2773 4560 3123 4635 semetipsum
3157 4559 3387 4617 habebat
3409 4605 3427 4631 ,
3462 4563 3624 4619 tacite
3654 4560 3841 4633 cogita-

493 4671 604 4711 non
635 4653 763 4709 nulli
789 4661 1047 4723 putarunt
1078 4667 1174 4721 per
1203 4650 1515 4707 sensibilem
1555 4648 1843 4720 quamdam
1869 4661 2057 4703 vocem
2082 4688 2097 4713 ,
2124 4632 2183 4694 Ῑ)
2207 4650 2297 4705 bat
2320 4662 2366 4706 et
2392 4652 2692 4723 disponebat
2720 4669 2920 4721 secum,
2949 4632 3064 4725 ante
3092 4669 3183 4724 per
3211 4669 3518 4711 sermonem
3543 4666 3656 4712 erat
3678 4632 3838 4709 dicta-

493 4763 598 4820 qua
632 4748 748 4817 ipse
785 4747 928 4801 Deus
951 4744 1083 4798 dixit
1107 4784 1121 4809 ,
1152 4753 1198 4797 et
1241 4744 1379 4811 facta
1407 4751 1529 4797 sunt
1553 4760 1565 4796 :
1599 4742 1655 4797 id
1676 4743 1817 4813 quod
1840 4741 1908 4797 ad
1937 4742 2096 4797 aliam

490 4844 847 4914 quaestionem
878 4839 1130 4911 pertinet.
1160 4836 1313 4906 Quod
1340 4836 1385 4889 si
1412 4835 1516 4890 hoc
1540 4834 1774 4891 Verbum
1796 4836 1975 4891 nonin
2008 4851 2100 4891 va-

490 4954 653 4994 cuum
682 4950 941 4992 emanans
983 4932 1359 5006 primogenium
1391 4947 1522 4998 opus
1554 4928 1729 4984 Patris
1759 4929 1923 4985 fuisse
1951 4930 2093 4986 idem

491 5030 751 5088 Tatiauus
779 5027 996 5084 subdit:
1030 5026 1082 5081 id
1124 5033 1368 5095 spectat,
1397 5032 1452 5079 ut
1482 5022 1695 5082 videtur
1715 5064 1730 5090 ,
1759 5022 1827 5078 ad
1855 5022 2094 5079 sensibi-

490 5125 597 5181 lem
629 5123 776 5178 illam
808 5120 955 5177 verbi
987 5119 1343 5190 prolationem
1366 5159 1382 5184 ,
1414 5131 1535 5189 qua:
1572 5119 1616 5173 si
1648 5116 1748 5172 fuit
1772 5132 1950 5172 rerum
1977 5133 2095 5171 om-

487 5217 636 5274 nium
653 5229 837 5278 causa,
855 5213 1087 5285 primum
1106 5212 1197 5268 Dei
1216 5226 1352 5282 opus
1375 5209 1493 5266 fuit.
1510 5212 1568 5268 Si
1593 5227 1720 5267 vero
1744 5226 1850 5266 non
1868 5210 2094 5281 prolati-

486 5308 660 5373 tium,
691 5305 788 5362 sed
812 5305 1059 5367 intimum
1104 5304 1282 5365 Patris
1332 5303 1571 5359 Verbum
1614 5303 1759 5359 foras
1807 5316 2095 5376 emanasse

485 5404 668 5474 aliquo
698 5400 862 5457 modo
888 5400 1156 5464 credidit;
1190 5409 1470 5455 externam
1491 5399 1669 5473 [xcnv]
1700 5399 1875 5456 eidem
1908 5398 2090 5454 Verbo

481 5499 888 5569 gem-rationem
917 5494 1142 5560 tribuit,
1173 5508 1295 5565 qua:
1317 5494 1448 5548 nihil
1477 5503 1560 5559 est
1586 5493 1731 5548 aliud
1755 5536 1769 5561 ,
1793 5508 1952 5564 quam
1985 5507 2085 5548 ex-

477 5599 631 5647 terna
673 5590 918 5662 ejusdem
953 5585 1350 5652 manifcsutio,
1381 5602 1486 5657 qua
1537 5586 1714 5642 divina
1760 5587 1931 5642 virtus
1962 5587 2077 5656 jam

481 5685 604 5740 inde
652 5685 721 5739 ab
765 5695 970 5741 aeterno
1000 5682 1188 5738 intime
1219 5681 1394 5736 latens
1430 5681 1483 5737 in
1515 5680 1660 5748 Deo,
1693 5678 1836 5736 foras
1858 5681 2075 5738 tandem

452 5810 455 5817 ι
481 5779 678 5850 prodiit
704 5819 719 5845 ,
750 5778 894 5833 unde
925 5775 1054 5833 illud
1074 5774 1313 5832 Verbum
1358 5773 1749 5843 participatione
1770 5773 1809 5841 ,⁸
1838 5790 1943 5829 non
1986 5775 2076 5829 ab-

474 5872 718 5932 sciuione
743 5876 924 5929 uatum
950 5868 1181 5933 subinde
1192 5866 1480 5927 afﬁrmavit
1503 5858 1775 5945 (μίερισμόν
1799 5867 2074 5927 enimnon

2204 4759 2302 4798 rus
2325 4784 2340 4811 ,
2366 4759 2487 4799 cum
2520 4743 2695 4801 silicet
2732 4745 2993 4801 mundum
3027 4746 3329 4802 creandum
3374 4752 3687 4821 praecepit;
3720 4762 3838 4805 cum

2210 4834 2328 4891 haec
2348 4876 2365 4904 ,
2397 4836 2615 4907 inquam
2640 4877 2655 4904 ,
2689 4837 2832 4893 Deus
2857 4852 3038 4895 secum
3078 4839 3131 4894 in
3160 4840 3383 4899 ratione
3418 4859 3520 4900 seu
3548 4842 3733 4901 Verbo
3748 4858 3839 4899 co-

2205 4927 2414 5001 gitasse
2445 4937 2500 4985 et
2527 4928 2864 5000 disposuisse
2893 4929 3159 5000 traditur,
3194 4933 3461 4992 innuitur
3492 4935 3744 5009 profecto
3781 4950 3841 4991 ea

2203 5022 2486 5093 generatio
2516 5021 2714 5088 Verbi,
2745 5038 2849 5093 qua
2886 5024 3047 5079 Pater
3090 5027 3329 5083 creanda
3366 5030 3426 5085 in
3468 5030 3661 5088 Verbo
3684 5031 3841 5086 tacite

2202 5114 2277 5168 ab
2302 5122 2508 5169 :etcrno
2543 5113 2678 5170 dixit
2709 5124 2872 5186 atque
2905 5116 3164 5175 decrevit.
3195 5117 3460 5179 Tandem
3505 5123 3840 5197 prolatitium

2210 5208 2438 5264 verbum
2492 5208 2545 5263 in
2601 5208 2715 5279 ipsa
2747 5204 3023 5279 creatione
3048 5213 3251 5270 editum
3283 5213 3686 5276 Tertullianus
3715 5218 3844 5275 insi-

2203 5311 2337 5359 nuat
2365 5316 2484 5373 cap.
2515 5301 2549 5358 6
2578 5310 2632 5358 et
2656 5304 2712 5372 7,
2741 5314 2793 5360 et
2825 5303 2928 5361 hac
2964 5305 3195 5363 formula
3219 5306 3364 5364 nihil
3400 5310 3562 5369 aliud
3604 5311 3712 5369 nisi
3746 5326 3844 5369 er

2202 5404 2414 5452 ternam
2454 5394 2617 5473 νὴ
2659 5397 3149 5456 maniiestationem
3196 5398 3531 5473 significat,
3574 5420 3741 5476 quam
3791 5404 3841 5458 itt

2195 5490 2427 5548 Tatianu
2449 5492 2856 5564 explicavimus.
2888 5493 3038 5551 Hanc
3067 5507 3243 5551 tamen
3278 5508 3646 5566 postremam
3667 5508 3724 5559 et
3751 5515 3844 5559 ex—

2200 5596 2410 5642 ternam
2456 5585 2789 5642 nativitatem
2827 5586 3020 5652 Verbi,
3047 5603 3167 5659 quae
3199 5589 3369 5646 initio
3406 5595 3692 5667 tempatis
3716 5609 3840 5650 cou-

2194 5678 2345 5750 tigit,
2380 5680 2604 5749 primam
2628 5688 2683 5735 et
2713 5680 2924 5736 unicam
2947 5696 2976 5734 a
2998 5678 3343 5737 Tertulliano
3406 5686 3701 5744 adsertam
3738 5683 3841 5742 Pe-

2193 5777 2372 5830 tavius
2420 5773 2712 5857 opinatur,
2741 5773 2797 5829 id
2846 5774 2987 5845 quod
3034 5773 3183 5831 hisce
3233 5775 3367 5846 ejus
3401 5781 3603 5837 verbis
3643 5778 3845 5838 conﬁci

2193 5870 2469 5929 existimat
2500 5885 2565 5928 ex
2596 5883 2713 5942 cap.
2736 5868 2801 5926 6:
2826 5867 2967 5926 Nam
2998 5881 3051 5926 ιιι
3073 5868 3313 5942 primum
3347 5870 3508 5933 Deus
3538 5877 3711 5935 uoluit
3736 5894 3795 5936 ea
3822 5915 3837 5947 ,
