3998 6332
175 387 262 446 109

1136 383 1591 444 DISSERTATIO
1630 385 1696 454 ll,
1741 385 1826 442 DE
1868 386 1926 444 S.
1967 386 2118 444 ΖΕΝ.
2168 387 2533 446 DOCTRINA.

3373 400 3469 457 liO

172 522 268 577 qua:
294 521 418 562 eum
467 503 684 575 Sophia:
711 504 908 559 ratione
932 514 978 558 et
1008 519 1236 559 sermone
1266 503 1590 576 disposuerat
1633 503 1769 556 intra
1797 505 1844 564 Λ
1876 503 1970 559 iuit
1993 505 2404 574 perfectissima,
2431 505 2525 562 sed
2547 508 2720 577 quoad
2750 524 2875 572 nos,
2899 510 3095 583 quibus
3121 514 3207 570 illa
3239 516 3470 585 primum

171 617 237 666 se,
265 599 318 653 in
344 599 663 654 substantias
693 608 739 653 et
760 598 955 669 species
984 614 1105 653 suas
1131 597 1277 652 edere
1296 639 1310 663 ,
1344 597 1513 667 ipsum
1544 596 1768 667 primum

173 691 373 763 protulit
413 708 701 746 sermonem
730 689 999 746 habentem
1043 691 1096 744 in
1135 706 1187 746 se
1215 689 1505 755 individuus
1547 689 1771 743 rationes

173 785 455 856 Sapiniam,
510 795 566 839 ut
615 801 705 857 per
755 785 925 856 ipsunt
968 784 1148 854 ﬁerent
1190 785 1459 849 universa,
1491 798 1582 852 per
1623 796 1771 853 quem

172 892 297 934 rrant
355 880 586 952 cogitata
631 889 784 950 atque
830 878 1115 948 disposita,
1170 878 1272 931 imo
1342 885 1387 932 et
1434 880 1571 947 facta
1623 875 1728 938 iam
1756 916 1770 940 ,

169 983 406 1042 quantum
447 975 505 1028 in
536 972 630 1027 Dei
659 989 830 1028 sensu.
869 969 980 1026 Hoc
1016 971 1150 1026 enim
1178 971 1251 1024 eis
1278 969 1450 1024 deerat
1476 1011 1489 1030 ,
1520 978 1573 1022 ut
1601 982 1774 1022 coram

170 1083 358 1139 quoque
385 1067 440 1120 in
466 1066 581 1121 suis
605 1064 865 1136 speciebus
897 1074 1048 1135 atque
1074 1062 1371 1118 substantiis
1407 1077 1773 1135 coqttosceren-

171 1169 272 1225 tur,
303 1167 354 1214 et
402 1160 718 1213 tenerentur.
753 1154 896 1210 Tunc
923 1156 1082 1226 igitur
1111 1155 1266 1209 etiam
1301 1153 1410 1224 ipse
1447 1169 1609 1209 sermo
1656 1167 1773 1221 spe-

169 1257 280 1306 ciem
307 1262 359 1308 et
409 1263 654 1306 ornatum
697 1267 850 1306 suum
875 1251 1062 1318 sumit,
1095 1264 1277 1303 sonum
1325 1257 1370 1300 et
1418 1261 1587 1300 vocent
1617 1286 1630 1309 ,
1662 1260 1780 1298 cum

171 1347 287 1401 dixit
311 1344 490 1413 Deus,
526 1344 652 1400 Fiat
686 1343 822 1398 Lux.
851 1343 956 1399 Sed
999 1341 1112 1396 hzec
1156 1352 1513 1394 commovere.
1537 1337 1780 1407 pOtuisse

173 1441 444 1496 hominem
479 1438 753 1495 eruditum
785 1438 1050 1492 miramur
1086 1431 1474 1490 vehementer:
1509 1445 1633 1484 nam
1666 1427 1780 1498 pri-

173 1551 305 1591 mum
337 1549 467 1603 cap.
513 1531 682 1602 5jam
715 1539 842 1586 ante
878 1527 1082 1584 diserte
1109 1523 1476 1580 Tertullianus
1502 1520 1784 1577 confessus

173 1631 338 1686 luerat
361 1671 377 1696 ,
415 1629 591 1683 Deum
623 1633 750 1680 ante
787 1622 1045 1679 mundum
1076 1619 1369 1680 creandum
1407 1618 1518 1688 jam
1551 1613 1674 1670 inde
1715 1611 1785 1667 ab

172 1736 370 1783 interno
393 1740 506 1779 non
541 1722 708 1778 fuisse
739 1722 909 1777 solum
935 1761 951 1786 ,
984 1719 1084 1774 hac
1113 1717 1323 1772 ratione
1355 1712 1534 1782 addita
1569 1729 1582 1765 :
1613 1707 1785 1763 liabe-

173 1823 242 1875 bat
269 1822 409 1874 enim
464 1833 673 1883 secum,
705 1832 860 1887 quam
891 1812 1106 1867 habebat
1132 1812 1184 1864 in
1210 1807 1502 1877 semetipso,
1536 1805 1785 1858 rationem

1873 597 2087 666 agnosci
2116 597 2297 666 etnpit.
2326 597 2476 654 Hanc
2503 600 2746 656 eamdem
2774 601 3001 674 duplicis
3031 606 3323 665 nativitatis
3357 610 3476 668 dis-

1874 688 2183 745 tinctionem
2210 691 2349 747 idem
2380 691 2743 750 Tertullianus
2773 713 2876 752 non
2901 699 3132 758 obscure
3171 703 3480 762 subindicat

1875 782 1969 838 lib.
2006 799 2040 838 ιι
2068 784 2349 851 adversus,
2385 787 2707 844 Marcionem
2739 805 2857 862 cap.
2885 792 2950 847 27
2983 793 3050 848 de
3081 795 3184 850 hoc
3224 813 3478 856 sermone

1875 876 2122 949 inquiens
2147 920 2162 945 ,
2189 896 2338 948 quem
2367 896 2429 935 ex
2457 883 2722 956 sentetipso
2772 886 3076 953 proferendo
3107 888 3155 942 Γ
3158 890 3301 944 ilium
3324 893 3443 963 fecit
3462 935 3478 961 ,

1877 979 1921 1022 et
1953 970 2135 1024 exinde
2174 971 2502 1040 dispositioni
2542 990 2649 1028 sua:
2689 976 3035 1047 voluntatique
3060 983 3308 1052 praefecit.
3343 983 3476 1040 Cum

1879 1061 1953 1114 ait
1975 1075 2038 1116 ex
2061 1062 2330 1132 semetipso
2389 1066 2698 1136 proferendo
2721 1064 2920 1122 Filium
2948 1072 3104 1140 fecit,
3129 1073 3316 1145 utique
3359 1095 3482 1144 pro-

1880 1155 2278 1220 lationem,St-u
2331 1158 2665 1215 nativitatem
2715 1161 2836 1217 Filii
2886 1180 3144 1222 arternam
3179 1170 3482 1241 signiﬁcat;

1880 1262 2040 1302 secus
2079 1249 2213 1304 duos
2251 1250 2393 1306 Deos
2422 1252 2798 1322 adstrnxisset,
2833 1273 2996 1314 unum
3040 1269 3300 1320 aeternum
3328 1309 3342 1332 ,
3378 1284 3484 1324 non
3573 1251 3576 1256 I

1883 1351 2144 1396 a-tcrnum
2180 1342 2407 1399 alterum
2437 1387 2451 1411 ,
2478 1356 2640 1418 atque
2673 1349 2743 1402 ita
2785 1349 2837 1405 in
2870 1367 2991 1406 eum
3011 1396 3024 1416 ,
3054 1369 3213 1425 quem
3256 1359 3308 1412 in
3338 1360 3490 1414 Mar-

1883 1432 2038 1536 ciane
2060 1437 2333 1506 coarguit,
2363 1453 2602 1494 errarent
2635 1441 2932 1499 incidisset.
2969 1445 3116 1503 lianc
3140 1451 3356 1520 quidem
3391 1470 3487 1510 na-

1886 1531 2154 1582 tivitatem
2194 1538 2445 1598 spectans
2481 1531 2826 1604 Apologetlci.
2845 1539 3019 1609 capite
3040 1541 3104 1597 21
3137 1559 3149 1596 :
3186 1543 3342 1600 Hunc
3366 1589 3381 1612 ,
3411 1549 3489 1604 si-

1887 1617 2088 1723 militer
2118 1619 2324 1692 inquit,
2359 1639 2422 1678 ex
2449 1623 2560 1678 Deo
2600 1627 2856 1696 prolatum
2886 1631 3159 1702 didicimus
3185 1678 3199 1702 ,
3232 1647 3279 1692 et
3309 1639 3491 1711 prola-

1887 1719 2025 1767 tione
2049 1725 2345 1784 generatum
2371 1759 2384 1782 ,
2417 1727 2466 1772 et
2486 1719 2678 1774 ideirco
2707 1719 2900 1778 Filium
2948 1725 3045 1781 Dei
3065 1769 3079 1795 ,
3107 1739 3155 1784 et
3183 1729 3349 1786 Deum
3375 1734 3489 1788 dic-

1890 1814 1996 1858 tum
2023 1824 2088 1862 ex
2117 1808 2311 1864 unitate
2330 1811 2624 1868 substantia:
2653 1830 2672 1880 ;
2703 1830 2821 1886 quae
2851 1829 3123 1887 postrema
3165 1825 3324 1880 verba
3353 1842 3490 1896 prte-

171 1932 306 1969 stuun
335 1912 557 1976 scilicet,
589 1910 788 1980 quibus
814 1915 999 1977 aperte
1022 1905 1291 1967 rationein,
1319 1899 1370 1955 id
1407 1908 1491 1956 est
1519 1897 1782 1962 Verbum,
1816 1896 1862 1957 B
1893 1901 2076 1955 sertim
2111 1902 2419 1969 ostendunt,
2449 1907 2532 1976 agi
2561 1905 2628 1961 de
2667 1909 2952 1980 prolatione
2984 1913 3071 1969 illa
3117 1924 3171 1971 ει
3215 1917 3494 1977 nativum,

170 2025 194 2062 a
224 2009 333 2063 Deo
378 2006 548 2060 Patre
569 2002 876 2058 distinctam
915 2001 982 2055 ab
1013 2007 1221 2054 :eterno
1250 1995 1418 2051 fuisse
1451 1991 1622 2064 palam
1655 1991 1788 2046 insi-

171 2113 290 2156 nuat
317 2143 332 2166 ,
359 2115 527 2155 secus
573 2098 713 2151 solus
740 2095 932 2151 fuisset
977 2093 1118 2147 Deus
1148 2090 1216 2146 ab
1247 2098 1486 2152 :eterno,
1511 2084 1654 2157 quod
1694 2084 1787 2140 ille

171 2193 259 2248 hac
291 2194 514 2247 ratione
546 2187 854 2260 negandum
885 2185 1114 2257 putavit.
1144 2183 1276 2238 liinc
1303 2189 1463 2250 caput
1490 2178 1629 2234 istud
1653 2193 1785 2232 con-

169 2287 432 2342 cludens:
475 2284 700 2338 Possum
749 2281 956 2349 itaque,
1009 2276 1218 2348 inquit,
1257 2273 1404 2347 [xcv]
1452 2289 1555 2328 non
1604 2283 1788 2328 temere

171 2379 548 2446 pnestru-xisse,
572 2383 618 2429 et
644 2385 761 2429 tunc
781 2373 940 2426 Deum
967 2382 1084 2426 ante
1114 2370 1457 2424 universitatis
1468 2367 1788 2423 constitutio—

170 2491 274 2529 nem
299 2473 481 2528 solum
509 2487 616 2524 non
669 2469 849 2538 fuisse,
889 2465 1156 2520 habentem
1196 2464 1249 2516 in
1279 2462 1546 2533 semetipso
1573 2459 1789 2531 proinde

171 2571 420 2623 rationem
440 2608 458 2634 ,
487 2577 531 2619 et
573 2564 627 2618 in
667 2563 870 2616 ratione
896 2575 1184 2614 sermonem
1210 2599 1224 2623 ,
1259 2573 1405 2626 quem
1449 2555 1728 2609 secundant
1757 2569 1790 2607 a

169 2681 218 2720 se
246 2669 442 2730 faceret
468 2703 486 2727 ,
510 2659 563 2714 id
589 2668 675 2714 est
708 2655 1002 2712 secundum
1041 2641 1353 2725 personam,
1381 2649 1624 2722 agitando
1651 2649 1791 2702 intra

170 2773 252 2821 se;
303 2755 398 2810 ubi
423 2751 686 2808 secundat
725 2764 974 2821 personae
1022 2762 1051 2800 a
1093 2745 1251 2801 Patre
1284 2743 1554 2800 distincta:
1581 2751 1636 2796 et
1665 2749 1790 2796 ante

171 2849 349 2906 mundi
381 2845 834 2904 constitutionem
865 2841 1060 2914 genitae
1115 2838 1479 2894 disertissime
1523 2834 1786 2891 meminit.

170 2943 440 2999 Praeterea
472 2939 623 2996 haud
651 2939 886 3004 scimus,
919 2953 986 2991 an
1010 2936 1265 2991 Petavius
1292 2949 1352 2988 ea
1380 2932 1623 2987 scribens
1647 2970 1660 2995 ,
1696 2927 1793 2984 ad-

172 3035 393 3091 rerterit
433 3032 556 3088 hnc
604 3029 928 3086 Tertulliani
989 3027 1173 3094 verba,
1203 3041 1322 3096 qua:
1364 3035 1480 3094 post
1517 3022 1788 3092 ohjectum

171 3133 268 3184 abs
293 3146 354 3185 se
397 3125 774 3184 testimonium
805 3122 1117 3178 immediate
1150 3121 1401 3192 leguntur
1422 3157 1436 3184 ,
1464 3131 1693 3188 quaeque
1721 3115 1790 3168 ab

174 3229 367 3281 eodem
422 3223 650 3280 Petavio
687 3219 913 3276 recitata
957 3217 1263 3272 invenimus
1311 3213 1503 3269 eodem
1557 3225 1706 3266 num.
1755 3209 1792 3264 2

1893 1993 2099 2048 interna
2129 1993 2284 2062 Filii,
2318 2012 2418 2066 qua
2452 2013 2607 2052 unant
2637 2015 2758 2056 cum
2789 2002 2944 2059 Patre
2975 2009 3307 2064 substantiam
3327 2011 3496 2084 adepo

1893 2094 1978 2140 tus
2006 2095 2088 2141 est
2114 2129 2128 2154 ,
2161 2102 2266 2142 non
2291 2088 2358 2143 de
2380 2099 2625 2158 externa,
2655 2095 2738 2149 cui
2771 2095 2887 2151 hate
2911 2098 3226 2156 substantia:
3257 2113 3497 2172 paterna:
3575 2141 3587 2153 ι

1893 2179 2063 2232 unitas
2090 2194 2195 2234 non
2219 2183 2489 2237 convenit.
2521 2183 2656 2240 Aliis
2689 2203 2848 2257 porro
2876 2189 3057 2245 verbis
3087 2202 3140 2248 et
3169 2195 3350 2251 exinde
3389 2198 3496 2252 dis-

1894 2273 2138 2342 positioni
2161 2291 2267 2328 ηραν
2291 2277 2641 2350 voluntatique
2669 2284 2898 2354 praefecit
2923 2327 2936 2349 ,
2973 2284 3195 2342 indicari
3227 2290 3357 2343 nihil
3401 2290 3501 2347 du-

1893 2365 2129 2422 bitamus
2173 2368 2509 2426 nativitatem
2557 2383 2868 2441 externam,
2895 2377 2962 2432 de
3003 2393 3106 2449 qua
3156 2397 3298 2437 nunc
3329 2399 3501 2456 nuper

1893 2461 2097 2517 dictum
2129 2474 2233 2531 est,
2261 2479 2488 2536 eamque
2505 2460 2868 2526 Tertullianus
2893 2471 3009 2543 ipso
3029 2473 3286 2532 adverbio
3311 2479 3498 2533 exinde

1894 2570 1923 2610 a
1965 2555 2131 2626 priori
2157 2557 2288 2611 satis
2315 2556 2614 2630 distinguit.
2645 2561 2909 2619 (la-terum
2937 2565 3057 2622 aliis
3089 2567 3142 2623 in
3175 2569 3306 2624 locis
3335 2587 3360 2622 ιι
3394 2571 3500 2626 Pe-

1897 2649 2040 2704 tavio
2061 2649 2373 2704 memoratis
2407 2668 2553 2706 num.
2588 2655 2900 2727 tuqumqtte
2925 2659 3092 2716 fusius
3113 2661 3452 2732 explicantur
3469 2679 3501 2719 a

1897 2741 1957 2796 P.
1991 2740 2065 2797 Le
2094 2741 2328 2813 Nourry,
2360 2751 2489 2797 tom.
2521 2761 2558 2799 ιι
2580 2748 2837 2817 Apparet.
2864 2749 2930 2804 ad
2961 2749 3350 2808 Bibliothecam
3374 2753 3499 2808 Vet.

1898 2835 2027 2898 PP.,
2056 2835 2186 2891 diss.
2221 2839 2252 2891 4
2298 2836 2349 2890 in
2380 2835 2796 2907 Tertullianum,
2821 2857 2938 2912 cap.
2970 2845 3025 2907 8,
3056 2843 3190 2899 adeo
3220 2846 3506 2916 explorate
3586 2867 3590 2871 ·

1895 2927 2093 2984 Filium
2115 2944 2143 2984 a
2169 2929 2328 2985 Patre
2351 2929 2660 2987 distinctum
2683 2975 2695 2998 ,
2722 2935 2970 3006 uniusque
2993 2935 3160 2991 nihilo
3182 2938 3359 2993 secius
3381 2955 3504 2995 cum

1897 3023 2060 3080 Patre
2089 3025 2387 3079 substantia:
2408 3024 2638 3081 allirmat
2660 3068 2673 3091 ,
2707 3038 2758 3082 ut
2791 3029 2841 3081 in
2869 3038 2991 3083 .tuto
3014 3020 3236 3086 omnino
3258 3047 3379 3089 esse
3404 3034 3502 3089 dc-

1898 3116 2022 3172 beat
2051 3125 2234 3172 nostra
2281 3117 2570 3187 explicutio
2593 3161 2606 3184 ,
2640 3136 2799 3190 quam
2833 3121 3236 3180 obscurioribus
3266 3127 3510 3182 testimo-

1898 3211 2000 3266 niis
2033 3211 2292 3266 hactenus
2321 3211 2680 3268 cousideratis
2710 3214 2988 3281 dedimus,
3023 3225 3078 3272 et
3119 3233 3184 3273 ex
3217 3217 3301 3273 bis
3352 3234 3510 3290 aper-

177 3338 299 3392 cap.
324 3322 358 3375 '5
391 3339 405 3374 :
443 3319 570 3373 "res
592 3327 670 3374 est
700 3315 939 3369 nativitas
969 3312 1194 3382 perfecta
1221 3308 1468 3364 sermonis
1499 3305 1623 3378 (qua
1650 3304 1801 3358 ninii-
1829 3299 1874 3362 C
1908 3305 1978 3361 Iis
2009 3305 2142 3361 locis
2181 3306 2372 3362 saltem
2416 3306 2666 3362 Petavius
2696 3312 2901 3366 moveri
2938 3311 3127 3367 debuit
3149 3353 3164 3378 ,
3197 3328 3263 3366 ne
3309 3315 3506 3369 obscu-

174 3433 288 3469 rum
315 3457 329 3480 ,
356 3419 762 3469 commentatur
787 3407 1072 3472 Petavius,
1101 3419 1384 3459 sermonem
1407 3401 1576 3472 ipsum
1604 3400 1654 3452 in
1683 3413 1799 3470 spe-

174 3509 248 3562 rie
271 3515 559 3576 ornatuque
582 3519 677 3558 suo
710 3501 926 3573 protulit
952 3541 962 3564 ,
996 3513 1114 3552 cum
1145 3496 1305 3563 dixit,
1337 3492 1456 3547 Fiat
1486 3490 1644 3562 Lux)
1676 3491 1799 3545 dum

175 3599 370 3654 exDea
407 3596 641 3670 procedit
673 3594 908 3648 conditus
944 3591 1005 3645 ab
1050 3607 1106 3646 eo
1147 3589 1370 3660 primum
1410 3585 1477 3640 ad
1517 3584 1799 3655 cogitatum

175 3693 240 3746 in
265 3691 476 3746 nomine
506 3687 724 3760 Sophia!
751 3701 769 3741 .'
804 3684 1061 3740 Dominus
1089 3679 1334 3738 condidit
1365 3694 1452 3734 me
1494 3678 1546 3732 in
1583 3675 1795 3731 initium

183 3790 397 3841 viarum
425 3797 649 3840 sitarum
674 3798 688 3835 :
723 3781 903 3835 deliine
930 3779 1213 3850 Tgeueratus
1243 3776 1310 3828 ad
1347 3773 1586 3842 e/fectum
1612 3790 1631 3826 .'
1661 3769 1796 3825 Cum

179 3890 396 3947 pararet
418 3876 617 3936 caelum
645 3915 662 3942 ,
693 3873 916 3932 aderam
944 3871 1017 3927 illi
1050 3869 1231 3926 simul.
1262 3866 1466 3923 Exinde
1487 3883 1601 3922 eum
1623 3882 1798 3937 parem

178 3976 274 4028 sibi
299 3975 499 4043 faciens
521 4014 534 4031 .
565 3969 629 4024 de
657 3985 757 4039 quo
794 3965 1115 4039 procedendo
1146 3961 1315 4018 Filius
1346 3965 1513 4034 [actus
1541 3969 1655 4025 est;
1686 3958 1798 4027 prio

179 4068 468 4138 mogenitus
493 4107 509 4132 ,
540 4077 592 4118 stt
639 4072 758 4118 ante
802 4060 974 4115 omnia
1018 4058 1221 4130 genitus
1246 4071 1264 4120 ;
1287 4066 1335 4111 et
1381 4049 1670 4126 unigenitus
1697 4093 1710 4115 ,
1742 4061 1799 4106 ut

179 4164 318 4214 solus
341 4176 407 4214 ω
447 4157 556 4212 Deo
581 4157 784 4227 genitus
806 4196 818 4218 ,
847 4153 1055 4225 proprie
1083 4153 1144 4204 de
1208 4151 1358 4204 vulva
1400 4149 1570 4202 cordis
1611 4145 1792 4216 ipsius.

179 4254 470 4308 Notavitne
497 4260 742 4321 apertam
783 4246 1183 4302 distinctionem
1215 4285 1226 4304 ,
1252 4240 1488 4296 conditus
1511 4240 1572 4293 ab
1601 4254 1656 4292 eo
1690 4237 1797 4307 pri-

183 4365 320 4402 num
345 4349 412 4400 ad
440 4347 720 4417 cogitatum
767 4343 817 4395 in
845 4342 1048 4396 nomine
1075 4339 1320 4409 Sep/iiut,
1353 4335 1548 4391 tleltinc
1578 4338 1792 4402 genera:

180 4451 269 4495 tus
291 4442 356 4494 ad
382 4438 662 4507 electum?
685 4435 782 4490 Hic
830 4433 1074 4505 proiecto
1109 4431 1376 4501 duplicem
1411 4425 1531 4482 Filii
1562 4427 1656 4482 Dei
1699 4441 1796 4480 na-

181 4536 444 4590 tivitatem
467 4531 838 4589 Tertullianus
864 4528 1041 4599 palam
1068 4527 1330 4583 discernit
1357 4541 1368 4577 :
1396 4524 1620 4579 alteram
1644 4564 1658 4586 ,
1689 4535 1794 4593 qua

185 4625 341 4682 Pater
375 4629 430 4682 in
464 4627 582 4696 ipso
609 4624 680 4679 de
708 4620 957 4678 creandis
991 4621 1155 4675 rebus
1202 4618 1428 4690 cogitatu
1453 4656 1469 4683 ,
1500 4617 1574 4671 uti
1607 4615 1798 4685 appel-

1904 3400 2046 3454 riora
2083 3400 2329 3470 quaedam
2365 3401 2671 3456 testimonia
2706 3403 2756 3457 in
2796 3403 3031 3459 alienum
3078 3411 3134 3460 et
3173 3407 3505 3464 contrarium

1905 3491 2062 3561 plane
2089 3507 2307 3547 sensum
2333 3491 2737 3563 interpretanda
2766 3501 3000 3564 putaret.

1975 3585 2214 3641 Tandem
2245 3585 2555 3641 Lactantius
2583 3603 2611 3640 a
2649 3587 2871 3642 Patavio
2910 3597 3242 3659 postremum
3283 3605 3507 3649 accusa-

1905 3689 1991 3735 tus
2020 3695 2138 3751 cap.
2171 3681 2204 3737 5
2234 3696 2384 3736 num.
2413 3680 2469 3744 6,
2495 3696 2618 3736 cum
2649 3681 2744 3736 lib.
2771 3698 2804 3737 ιι
2835 3683 3068 3739 lnstitut.
3107 3701 3228 3758 cap.
3260 3687 3294 3743 8
3319 3730 3332 3753 ,
3364 3689 3509 3744 simi-

1904 3774 2002 3828 lem
2030 3775 2110 3828 sui
2136 3775 2379 3844 spiritum
2405 3789 2434 3828 a
2467 3774 2576 3829 Deo
2603 3774 2763 3830 Patre
2793 3777 3099 3845 productunt
3129 3780 3287 3834 tradit
3315 3822 3328 3846 ,
3367 3791 3511 3837 ante-

1903 3885 2060 3939 quam
2086 3867 2348 3922 ordiretur
2377 3867 2472 3920 Itoc
2510 3883 2639 3939 opus
2679 3869 2856 3923 mundi
2878 3913 2892 3938 ,
2921 3882 2975 3924 ut
3001 3872 3063 3926 ab
3102 3888 3160 3926 eo
3201 3872 3330 3927 bono
3376 3884 3510 3928 tant-

1903 3978 2058 4032 quam
2091 3963 2227 4015 rivus
2277 3961 2496 4014 oriretur
2524 4001 2536 4023 .
2570 3977 2866 4033 semperque
2912 3965 3226 4034 proﬂueret;
3275 3965 3511 4038 loquitur

1903 4065 2090 4128 aperte
2111 4053 2178 4109 tle
2207 4070 2270 4108 ea
2296 4053 2459 4109 Verbi
2492 4055 2842 4125 generatione
2863 4095 2878 4121 ,
2901 4071 3002 4126 qua
3043 4057 3204 4112 Pater
3231 4059 3294 4113 ab
3317 4068 3508 4115 wterno

1901 4151 2119 4206 dixitin
2155 4150 2348 4216 Verbo,
2393 4165 2745 4220 quacumque
2791 4166 2887 4219 per
2931 4149 3075 4205 idem
3108 4151 3340 4207 Verbum
3373 4154 3506 4208 sub-

1902 4244 2068 4311 inde,
2119 4244 2316 4299 divina:
2358 4243 2613 4299 bonitatis
2660 4242 3073 4314 participatione
3103 4288 3118 4313 ,
3172 4244 3308 4302 facta
3358 4257 3503 4303 sunt.

1903 4337 2164 4408 Equidem
2195 4353 2316 4392 cum
2349 4333 2580 4390 Verbum
2610 4336 2991 4390 consiliatorem
3037 4353 3065 4391 a
3109 4337 3267 4394 Patre
3298 4338 3506 4396 adbibi-

1903 4440 2015 4486 tum
2040 4429 2240 4486 ibidem
2301 4438 2560 4502 testatur;
2612 4427 2715 4483 hoc
2768 4443 2898 4484 sane
2954 4429 3188 4486 Verbum
3245 4441 3504 4488 internum

1900 4525 2070 4580 fuisse
2087 4524 2374 4595 significat,
2391 4538 2516 4578 cum
2531 4523 2624 4578 Dei
2639 4523 2924 4578 consilium
2947 4539 3010 4579 ac
3045 4524 3322 4581 decretum
3347 4537 3505 4583 aeter-

1902 4633 2029 4673 num
2069 4617 2248 4673 fuerit.
2278 4616 2391 4671 lmo
2429 4617 2472 4670 si
2497 4615 2874 4670 consiliatorem
2896 4617 3042 4672 illum
3063 4617 3330 4675 babuitab
3350 4631 3508 4674 atter-

185 4720 266 4775 ht
282 4764 296 4786 ,
319 4735 603 4777 sermonem
622 4733 720 4773 seu
747 4715 972 4771 Verbum
993 4713 1205 4783 Sophia:
1225 4713 1431 4767 nomine
1451 4710 1621 4767 edidit
1638 4711 1658 4784 (
1675 4727 1793 4780 pro-
1820 4689 1875 4752 Ῑ)
1904 4725 2001 4776 no,
2020 4719 2306 4778 antequam
2333 4705 2622 4779 quidquam
2645 4707 2716 4764 de
2746 4707 2979 4764 creando
3003 4710 3135 4766 orbe
3155 4711 3505 4777 decerneret;

185 4816 331 4867 assit
347 4813 618 4877 conditus,
647 4810 885 4880 inquit),
918 4816 974 4862 et
1014 4806 1131 4861 hate
1159 4805 1414 4861 nativitas
1453 4815 1538 4860 est
1579 4806 1794 4875 proprie

184 4907 326 4961 dm
357 4907 550 4972 Verbi,
586 4919 746 4976 quam
781 4903 1001 4973 primam
1042 4892 1310 4971 appellat,
1341 4914 1465 4953 cum
1491 4899 1560 4952 ab
1589 4908 1796 4952 aeterno

184 5003 363 5058 omnis
389 5001 628 5058 creando
655 5013 686 5053 a
719 4998 878 5053 Patre
903 4996 954 5051 in
988 4994 1166 5052 Verbo
1195 4994 1338 5049 dicta
1367 5001 1493 5048 sunt
1523 5010 1537 5048 :
1565 4991 1790 5047 alteram

187 5109 356 5159 vero,
381 5109 486 5164 qua
527 5093 677 5147 Deus
712 5091 763 5144 in
806 5091 920 5159 ipsa
961 5087 1147 5142 mundi
1178 5085 1455 5142 creatione
1485 5085 1703 5140 verbum
1725 5082 1794 5136 ad

183 5189 418 5255 electum
439 5186 701 5258 protulit;
733 5200 854 5255 qua:
885 5183 986 5238 etsi
1016 5181 1294 5252 generatio
1326 5179 1398 5233 sit
1422 5178 1585 5234 Verbi
1618 5178 1799 5232 minus

191 5283 404 5352 proprie
425 5281 568 5336 dicta
595 5318 610 5345 ,
636 5287 816 5332 tamen
846 5276 1098 5331 nativitas
1134 5277 1359 5345 perfecta
1386 5271 1588 5326 idcirco
1611 5271 1796 5340 appel-

191 5374 369 5441 μω,
395 5376 534 5444 quod
579 5373 669 5427 illa
709 5371 890 5442 prior,
921 5371 1051 5426 licet
1090 5369 1307 5440 propria
1347 5367 1630 5446 nativitps,
1659 5367 1796 5420 intra

193 5471 363 5527 nam
385 5473 568 5535 latuit;
602 5470 718 5525 hac
746 5475 926 5523 autem
950 5473 1101 5523 extra
1135 5465 1299 5520 Deum
1328 5463 1584 5534 prodiens
1607 5505 1620 5527 ,
1648 5462 1796 5530 prio-

197 5579 315 5620 ται
337 5566 476 5620 illaut
508 5566 765 5620 latentem
806 5560 992 5616 eduxit
1020 5557 1252 5630 quodam
1281 5558 1443 5612 modo
1468 5597 1482 5622 ,
1515 5570 1637 5610 cum
1673 5553 1805 5609 Ver-

201 5657 330 5712 bum
353 5660 517 5726 ipsum
541 5655 812 5712 creaturis
833 5651 1179 5708 manifestum
1203 5650 1360 5715 fecit;
1385 5659 1437 5704 et
1471 5649 1570 5704 hac
1596 5647 1808 5702 ratione

205 5750 307 5806 Dei
340 5749 500 5806 Fiiius
531 5754 591 5805 in
629 5748 906 5806 creatione
951 5745 1136 5802 mundi
1188 5743 1407 5814 speciem
1443 5753 1493 5797 et
1527 5731 1765 5795 ornatum
1793 5782 1808 5804 ,

207 5858 307 5900 seu
331 5862 501 5901 sonam
526 5857 572 5899 et
603 5859 778 5900 vocent
807 5842 1095 5913 quamdam
1125 5840 1353 5912 accepit,
1380 5839 1566 5910 sicque
1588 5839 1815 5911 perfecta

219 5939 315 5991 [sit
341 5939 451 6009 eius
476 5938 736 5994 nativitas
757 5975 770 6000 ,
804 5952 914 5993 non
936 5935 1114 6007 quoad
1141 5935 1308 5991 Deum
1335 5975 1350 6002 ,
1384 5932 1437 5988 in
1466 5949 1572 6004 quo
1601 5945 1819 6002 semper

1906 4801 2163 4872 supponit
2184 4800 2314 4856 illud
2348 4800 2582 4856 Verbum
2608 4816 2790 4856 verum
2810 4800 3004 4856 Filium
3028 4803 3306 4860 exstitisse
3325 4803 3378 4859 in
3407 4804 3507 4859 Pa-

1909 4905 1992 4951 tre
2016 4939 2029 4960 ,
2055 4905 2340 4965 antequam
2366 4894 2412 4949 is
2435 4893 2724 4965 quidquam
2758 4895 3048 4950 creandum
3079 4896 3129 4949 in
3157 4895 3349 4952 eodem
3375 4897 3508 4953 Ver-

1910 4989 1978 5044 bo
2009 4989 2345 5054 decerneret,
2371 5002 2434 5042 ac
2463 4987 2689 5059 proinde
2730 4990 3132 5058 generationem
3152 4987 3325 5062 [χαι]
3358 4991 3505 5048 illam

1907 5083 2068 5140 Verbi
2101 5084 2378 5154 supponit,
2405 5099 2510 5154 qua
2545 5083 2704 5138 Pater
2730 5097 2788 5139 se
2813 5084 2983 5153 ipsum
3013 5085 3063 5139 iu
3105 5084 3280 5142 Verbo
3329 5087 3462 5143 dixit
3489 5131 3506 5157 ,

1905 5188 2195 5247 antequam
2243 5191 2334 5232 res
2379 5176 2641 5232 creandas
2675 5177 2727 5230 ln
2759 5179 2874 5246 ipso
2895 5177 3119 5234 diceret.
3145 5179 3298 5248 Quod
3329 5182 3372 5235 si
3407 5181 3508 5236 hoc

1909 5272 2146 5328 Verbum
2164 5273 2307 5328 Patri
2322 5271 2538 5326 similem
2557 5273 2792 5343 spiritum
2808 5282 2979 5340 vocat,
3002 5287 3161 5330 nemo
3174 5276 3508 5343 offendatur;

1909 5383 2032 5423 cum
2061 5369 2278 5423 similem
2307 5369 2546 5434 spiritum
2567 5367 2803 5438 appellet
2831 5383 2898 5424 co
2928 5385 3112 5435 sensu,
3145 5386 3252 5442 quo
3295 5371 3344 5426 id
3372 5371 3510 5426 Ver-

1913 5463 2041 5519 bum
2073 5465 2244 5534 imago
2270 5460 2386 5527 Dei,
2419 5473 2465 5516 et
2494 5463 2662 5534 figura
2702 5463 3000 5519 substantia:
3041 5468 3153 5538 ejus
3187 5468 3236 5520 in
3266 5466 3509 5536 Scriptu-

1917 5556 1994 5612 ris
2017 5567 2241 5611 vocatur
2267 5596 2281 5618 .
2314 5554 2456 5626 quod
2497 5569 2619 5610 cum
2674 5555 2878 5611 unitate
2930 5557 3248 5612 substantia;
3289 5559 3356 5614 ab
3397 5559 3516 5629 ipso

1920 5647 2200 5704 Lactantio
2225 5647 2346 5702 aliis
2372 5647 2696 5703 testimoniis
2726 5649 2954 5704 adserta:
2992 5649 3123 5703 nihil
3159 5659 3377 5721 pugnat.
3407 5651 3519 5708 Ad-

1924 5741 2005 5796 dit
2029 5749 2290 5810 prreterea
2316 5741 2518 5810 aliquid
2543 5741 2638 5797 lib.
2666 5757 2715 5795 IV
2744 5757 2862 5811 cap.
2898 5742 2931 5795 8
2970 5753 3023 5796 et
3052 5741 3108 5810 9,
3151 5743 3217 5798 de
3246 5745 3523 5819 prolatitio

1927 5833 2161 5904 quodam
2191 5849 2422 5888 sermone
2446 5847 2539 5888 seu
2580 5834 2739 5887 vocali
2770 5833 2954 5905 spiritu
2987 5876 3002 5900 ,
3047 5835 3120 5890 uti
3149 5846 3332 5905 vocat,
3362 5856 3523 5912 quem

1931 5945 2030 5999 pro
2069 5937 2295 5986 externo
2325 5944 2460 5985 sono
2499 5927 2748 5985 Petavius
2777 5931 3002 6000 accepit.
3053 5933 3124 5989 At
3150 5947 3272 5991 cum
3302 5935 3529 5990 vocalem
