3998 6332
488 373 548 426 11
565 371 582 427 l
1851 367 2030 424 PROL
2038 367 2092 424 Et

2197 366 2388 424 tIENA.

3694 371 3799 430 “2

484 489 621 543 hunc
643 487 882 560 spiritum
915 528 929 550 ,
975 501 1077 540 non
1105 493 1271 550 utero,
1297 485 1386 541 sed
1425 494 1589 540 mente
1635 494 1936 556 conceptum
1965 527 1978 548 ,
2032 494 2086 540 et
2115 491 2163 548 Α
2192 484 2466 555 proposito
2497 484 2622 540 totis
2643 496 2875 556 quatuor
2897 484 3160 543 adversus
3189 485 3377 542 Arium
3418 487 3576 544 libris
3598 489 3792 544 catho-

483 591 802 648 conceptum
828 579 1042 652 quidem
1068 595 1098 635 a
1131 580 1285 635 Patre
1312 579 1696 652 inexcogitabili
1723 580 1948 650 quadam
1977 596 2086 634 nta-

476 677 680 747 iestatis
701 691 809 730 sua:
837 675 1020 730 virtute
1044 691 1105 729 ac
1131 674 1357 746 potentia
1395 673 1704 730 Lactantius
1735 673 1909 744 palam
1939 673 2087 727 affir-

483 778 626 836 met;
657 768 842 839 procul
876 768 1042 824 dnbio
1070 767 1476 839 generationem
1501 766 1744 838 ejusdem
1768 765 1929 822 Verbi
1979 781 2092 822 non.

482 872 764 918 externam
789 903 803 929 ,
845 861 942 918 sed
974 863 1215 916 intimam
1243 903 1257 929 ,
1291 876 1354 917 ac
1387 859 1547 916 Verbi
1590 861 1777 916 aeterni
1817 861 2085 931 propriam

479 958 979 1030 apertcsignificat,
1009 972 1170 1028 quam
1201 956 1419 1028 quidem
1449 957 1764 1012 nativitatem
1805 955 2086 1017 spiritalem

483 1052 722 1124 appellat
748 1039 869 1122 cap.
903 1052 991 1109 15.
1023 1061 1077 1106 et
1107 1050 1364 1106 nativitati
1392 1049 1592 1105 carnali
1623 1048 1866 1120 opponit,
1897 1063 2087 1121 qnam-

484 1161 588 1216 que
627 1144 1076 1216 inexcogitabilcm
1128 1144 1287 1214 plane
1329 1158 1452 1200 esse
1495 1143 1613 1214 ipso
1639 1142 1831 1209 capitis
1860 1144 1894 1198 8
1933 1141 2088 1198 initio

483 1220 694 1294 monuit
734 1255 747 1292 :
780 1236 921 1292 unde
947 1247 1001 1291 et
1031 1236 1124 1292 lib.
1153 1252 1189 1292 ιι
1215 1250 1337 1300 cap.
1363 1235 1397 1293 8
1421 1252 1544 1292 eum
1572 1233 1901 1303 ineﬂ'abiliter
1925 1249 1956 1290 a
1986 1233 2088 1288 Pa-

485 1339 569 1387 tre
591 1340 840 1386 teter-num
879 1329 1118 1401 genitum
1146 1329 1346 1401 prodit.
1380 1327 1550 1384 Porro
1581 1342 1644 1383 ex
1677 1341 1796 1397 cap.
1821 1326 1890 1382 25
1914 1325 2008 1381 lib.
2033 1340 2085 1380 tv

480 1422 829 1480 manifestum
887 1422 948 1477 fit
994 1421 1156 1477 Deum
1187 1423 1251 1477 de
1297 1421 1403 1478 Deo
1453 1420 1692 1477 habittnn
1722 1436 1750 1473 a
1807 1417 2086 1475 Lactantio

478 1514 644 1583 hunc,
670 1531 830 1585 quem
872 1516 1160 1585 prolatione
1200 1516 1338 1570 vocis
1366 1530 1427 1570 ac
1461 1514 1672 1587 spiritus
1711 1513 1944 1584 generari
1983 1525 2085 1584 po-

479 1611 649 1666 tuisse
674 1610 921 1675 censuit;
954 1620 1007 1666 et
1034 1625 1223 1664 vocem
1254 1623 1318 1664 ac
1348 1607 1594 1679 spiritum
1622 1606 1770 1661 illum
1803 1606 1870 1660 ab
1897 1621 1961 1660 eo
1987 1621 2084 1660 vo-

477 1711 659 1758 catum
692 1701 858 1773 liquet
880 1701 1150 1757 locutione
1172 1698 1582 1771 prophetarum.
1623 1699 1711 1769 qui
1742 1697 1990 1753 sermonis
2021 1712 2084 1752 ac

477 1797 690 1866 spiritus
714 1794 1022 1850 nominibus
1047 1791 1142 1848 Dei
1169 1791 1362 1848 Filium
1393 1792 1717 1847 indicarunt.
1744 1790 1928 1861 Itaque
1953 1787 2084 1845 nihil

2191 579 2352 634 ficum
2375 577 2568 650 dogma
2596 578 2816 636 disertis
2842 579 3024 635 verbis
3060 581 3453 653 sententiisque
3489 583 3744 639 defendat
3779 625 3793 648 ,

2193 671 2316 726 utsi
2353 673 2437 727 cui
2469 673 2703 742 aliquam
2747 673 2818 728 ob
2868 671 3154 728 formulam
3202 691 3230 728 a
3289 672 3514 730 Petavio
3555 683 3793 729 notatam

2190 765 2435 822 videatur
2458 766 2694 822 sensisse
2718 809 2734 835 ,
2763 766 3003 822 divinum
3054 767 3291 823 Verbum
3324 777 3432 822 tum
3466 773 3611 840 foras
3645 786 3802 842 gene-

2190 859 2389 915 ratione
2406 860 2677 930 prodiisse,
2702 860 2907 930 quando
2944 861 3192 916 mundum
3217 863 3504 934 procreavit
3546 860 3712 927 Deus,
3741 872 3803 919 ut

2189 953 2332 1009 idem
2351 954 2552 1009 Auctor
2573 969 2639 1010 ex
2668 953 2849 1009 allatis
2877 955 2974 1011 abs
3003 970 3065 1010 se
3095 955 3330 1010 testibus
3357 954 3601 1025 colligit;
3629 956 3676 1011 is
3704 964 3803 1012 aut

2190 1046 2455 1104 Victorini
2482 1048 2648 1104 libros
2670 1065 2775 1103 non
2805 1048 3016 1118 legerit,
3047 1057 3141 1104 aut
3167 1048 3211 1104 si
3241 1048 3385 1121 legit,
3420 1049 3623 1119 sparsis
3643 1063 3675 1104 a
3696 1048 3800 1106 Pe-

2189 1140 2333 1196 tavio
2361 1139 2689 1212 przejndiciis
2715 1141 2940 1197 fortasse
2969 1140 3260 1211 impeditus
3283 1182 3298 1205 ,
3329 1155 3435 1195 non
3466 1139 3806 1195 intellexerit

2189 1249 2324 1290 sane
2362 1233 2481 1304 ejus
2507 1235 2829 1290 sententiam
2852 1274 2867 1297 ,
2897 1249 3017 1306 qua:
3044 1233 3362 1290 clarissimis
3391 1234 3512 1290 aliis
3555 1235 3806 1290 testimo-

2191 1327 2296 1384 niis
2315 1327 2582 1398 explicata
2615 1327 2750 1383 satis
2772 1325 3003 1382 videtur.
3034 1327 3168 1384 Cum
3211 1328 3355 1384 enim
3383 1326 3801 1399 generationem

2189 1421 2357 1479 Verbi
2426 1432 2684 1480 aeternam
2757 1422 3001 1492 pluribus
3067 1421 3200 1478 locis
3271 1421 3632 1478 disertissime
3717 1422 3805 1476 fa-

2192 1527 2389 1583 teatur,
2413 1515 2525 1588 jam
2545 1515 2717 1572 sicubi
2742 1515 2984 1587 ejusdem
3007 1515 3170 1572 Verbi
3190 1515 3593 1587 generationem
3613 1512 3805 1587 [xcvn]

2188 1612 2652 1684 manifestationcm
2723 1612 2999 1685 appellat,
3076 1626 3172 1667 seu
3216 1609 3613 1666 declarationem
3659 1609 3806 1662 intus

2193 1705 2434 1776 potentia:
2451 1747 2467 1772 ,
2499 1706 2572 1761 ita
2605 1715 2661 1760 ut
2691 1703 2851 1760 Pater
2877 1706 2968 1773 sit,
2995 1705 3083 1775 qui
3113 1707 3273 1769 intus,
3298 1701 3495 1766 Filius,
3522 1703 3610 1772 qui
3631 1702 3766 1774 foris
3787 1743 3803 1768 ,

2190 1796 2356 1869 (qua:
2393 1796 2511 1854 fere
2555 1805 2681 1852 sunt
2711 1803 2913 1850 notata:
2946 1811 2976 1850 a
3007 1795 3228 1851 Petavio
3256 1793 3523 1866 formulae)
3553 1811 3568 1849 :
3614 1793 3699 1848 vel
3732 1792 3808 1849 de

474 1899 640 1955 vetat,
669 1889 795 1959 quin
820 1887 1012 1943 uocatis
1037 1901 1252 1958 quoque
1288 1885 1504 1955 spiritus
1545 1885 1764 1940 nomine
1790 1924 1804 1950 ,
1847 1898 1956 1954 quo
1984 1883 2086 1950 Pe-
2117 1892 2164 1953 Β
2191 1888 2381 1946 eadem
2417 1888 2770 1961 generatione
2798 1897 3000 1946 aeterna
3030 1887 3115 1944 hae
3144 1887 3393 1944 formulae
3429 1886 3808 1958 intelligantur

481 1983 658 2038 tavius
677 1996 869 2038 vocem
891 1989 1177 2037 sonantem
1195 1979 1429 2050 accepit,
1457 1978 1552 2034 Dei
1582 1977 1775 2033 Filium
1822 1978 1988 2034 Deum
2017 1975 2088 2033 de

482 2078 600 2134 Deo
625 2092 752 2134 vere
781 2075 1152 2146 intelligamus
1180 2076 1236 2130 in
1262 2073 1481 2142 scriptis
1529 2072 1824 2139 Lactantii,
1850 2087 1913 2128 ac
1943 2086 2082 2142 prte-

483 2173 672 2230 sertitn
701 2171 794 2229 lib.
822 2188 874 2226 tv
903 2186 1022 2242 cap.
1054 2171 1087 2226 8
1122 2181 1177 2226 et
1202 2169 1235 2225 9
1260 2209 1277 2235 ,
1306 2168 1394 2224 ubi
1416 2183 1547 2225 sane
1575 2167 1699 2223 huic
1742 2167 1906 2222 vocali
1933 2167 2088 2237 spiri-

482 2251 576 2334 tui,
612 2281 772 2338 quem
798 2266 959 2322 Pater
987 2281 1090 2320 non
1118 2273 1284 2332 utero,
1317 2262 1407 2318 sed
1436 2271 1602 2317 mente
1626 2270 1959 2331 conceperat,
1992 2259 2087 2316 Dei

478 2363 657 2420 Patris
684 2361 919 2433 e/ﬁgiem,
951 2376 1048 2416 seu
1069 2359 1342 2430 imaginem
1394 2357 1582 2412 tribuit
1622 2372 1745 2413 cum
1803 2355 1970 2422 Paulo
1995 2395 2010 2420 ,
2035 2361 2091 2410 et

485 2456 902 2513 substantialem
926 2453 1145 2525 quidem
1186 2451 1474 2523 imaginem
1501 2491 1516 2516 ,
1571 2449 1774 2522 quippe
1814 2463 1933 2520 qua:
1960 2488 1973 2513 ,
2004 2447 2088 2502 in-

480 2551 617 2620 quit,
649 2549 863 2621 proprio
888 2563 1043 2602 sensu
1071 2563 1130 2600 ac
1157 2545 1414 2614 sapientia
1437 2544 1620 2615 vigeat,
1653 2540 1795 2614 quod
1819 2541 1871 2596 in
1903 2555 2088 2604 vocem

480 2654 770 2702 sonantem
792 2659 823 2697 a
856 2641 1075 2698 Patavio
1108 2639 1438 2696 intellectam
1461 2652 1568 2694 non
1595 2635 1757 2692 cadit.
1791 2634 2088 2704 Compara-

485 2739 562 2795 tio
598 2753 764 2810 porro
804 2735 896 2791 illa
923 2733 1156 2805 duplicis
1185 2731 1404 2788 humani
1431 2730 1675 2802 spiritus,
1704 2743 1935 2799 quorum
1956 2728 2092 2783 alte-

483 2847 605 2888 rum
657 2829 908 2886 homines
935 2843 966 2884 e
1002 2827 1222 2884 naribus
1262 2825 1481 2881 tacitum
1531 2823 1806 2889 emittunt,
1862 2821 2089 2877 alterum

485 2939 554 2980 ex
579 2937 674 2978 ore
696 2935 819 2977 cum
867 2919 1095 2988 strepitu
1137 2915 1305 2973 edunt
1339 2956 1353 2980 ,
1405 2929 1528 2970 cum
1575 2914 1895 2984 loquuntur,
1948 2911 2094 2966 valet

487 3013 708 3085 quidem
737 3013 805 3068 ad
840 3009 1216 3082 explicandum
1249 3007 1539 3064 discrimen
1571 3005 1892 3062 aLaetantio
1920 3005 2095 3060 inten-

484 3117 598 3165 tum
631 3108 771 3163 inter
801 3105 1023 3177 spiritus
1043 3103 1337 3174 angelicas,
1374 3100 1468 3172 qui
1500 3109 1772 3170 tamquam
1817 3097 2037 3169 spiritus
2063 3111 2096 3152 e

484 3205 710 3263 naribus
738 3203 953 3269 ductus,
980 3216 1088 3258 non
1115 3198 1184 3256 ad
1207 3196 1532 3262 docendum,
1564 3195 1658 3251 sed
1685 3193 1750 3250 ad
1785 3193 2096 3250 ministran-

2189 1999 2418 2041 necesse
2437 1992 2544 2052 est,
2578 1984 2664 2040 vel
2693 1984 2763 2038 ita
2789 1994 2914 2039 sunt
2935 1983 3003 2040 de
3029 1991 3253 2040 externa
3277 1983 3632 2055 generatione
3657 1981 3810 2037 acci-

2190 2076 2436 2148 piendae,
2467 2086 2518 2132 ut
2543 2078 2823 2148 generatio
2847 2076 2964 2132 haec
2991 2077 3230 2133 exterior
3262 2076 3317 2132 in
3352 2087 3598 2148 tempore
3628 2119 3642 2145 ,
3674 2093 3806 2148 qum

2192 2171 2556 2228 manifestatio
2594 2179 2681 2228 est
2703 2211 2720 2239 ,
2755 2170 3094 2242 generationi
3142 2170 3220 2226 illi
3263 2169 3467 2226 intima:
3498 2181 3551 2224 et
3581 2179 3808 2225 aeternae

2198 2265 2334 2321 nihil
2356 2264 2655 2337 praejudicii
2677 2275 2847 2321 creet.
2871 2264 3114 2337 Utroque
3137 2281 3268 2320 sane
3296 2264 3456 2320 ntodo
3483 2264 3720 2334 scriptor
3740 2262 3811 2318 il-

2193 2358 2245 2415 le
2268 2373 2362 2414 eas
2379 2358 2633 2415 formulas
2650 2358 2862 2428 accipit.
2897 2359 3078 2414 Primo
3105 2358 3264 2415 modo
3294 2359 3700 2430 generationem
3723 2359 3810 2414 in—

2192 2460 2401 2508 ternam
2426 2459 2480 2508 et
2510 2461 2766 2508 :uternam
2807 2451 2962 2508 Verbi
2987 2452 3448 2523 manifestationem
3472 2464 3647 2518 vocat,
3672 2468 3810 2524 qua-

2194 2554 2350 2602 tenus
2373 2546 2513 2602 Deus
2542 2546 2728 2602 volens
2759 2547 3111 2616 semetipsum
3142 2547 3329 2604 videre
3357 2557 3408 2603 et
3441 2562 3800 2619 cognoscere,

2193 2637 2482 2710 imaginem
2504 2640 2583 2694 sui
2612 2638 2789 2710 inqua
2813 2655 2875 2696 se
2894 2638 3124 2704 videret,
3147 2640 3353 2712 genuit,
3379 2649 3433 2695 et
3450 2638 3586 2695 hanc
3615 2640 3814 2711 imagi-

2197 2745 2352 2798 nem,
2377 2747 2500 2803 qum
2519 2731 2700 2803 utique
2727 2730 2960 2787 Verbum
2993 2742 3074 2787 est
3094 2773 3108 2798 ,
3136 2732 3598 2801 manifestationem
3624 2741 3808 2796 vocat,

2195 2839 2429 2894 eamque
2445 2824 2572 2896 foris
2592 2841 2625 2879 a
2645 2823 2818 2892 Patre,
2847 2823 2897 2879 id
2923 2833 3006 2880 est
3026 2839 3055 2878 a
3081 2823 3241 2880 Patre
3258 2824 3564 2881 distinctam
3587 2822 3804 2892 habuit,

2199 2919 2277 2974 uti
2299 2934 2328 2972 a
2350 2918 2511 2974 Patre
2533 2918 2824 2975 distinctus
2848 2934 3082 2989 persona
3103 2919 3144 2976 Ρ
3151 2919 3273 2974 ilius
3297 2928 3402 2984 est,
3429 2919 3556 2976 licet
3583 2934 3809 2989 semper

2199 3013 2251 3068 in
2277 3013 2433 3068 Patre
2456 3013 2633 3068 fuerit.
2671 3012 2785 3068 Hoc
2821 3028 3080 3083 expresse
3117 3012 3276 3069 docet
3315 3013 3407 3068 lib.
3448 3028 3487 3080 ι,
3516 3027 3638 3083 pag.
3670 3010 3808 3076 269.

2199 3106 2302 3162 litt.
2337 3107 2400 3170 h.
2433 3115 2563 3162 tom.
2599 3122 2653 3162 tv
2700 3106 2954 3162 Biblioth.
2988 3105 3120 3174 PP.,
3151 3105 3284 3173 Deo,
3321 3121 3481 3177 quem
3510 3106 3663 3160 vitam
3691 3121 3814 3177 per-

2199 3202 2386 3270 fectam
2413 3199 2624 3267 definit,
2648 3201 2867 3268 volente,
2893 3199 3087 3270 inquit,
3110 3199 3284 3255 videre
3303 3209 3459 3254 sentet
3483 3199 3675 3268 ipsunt,
3701 3197 3805 3253 hoc

489 3297 618 3355 dum
649 3297 812 3353 tacite
833 3293 1036 3352 conditi
1059 3301 1208 3357 sunt,
1240 3300 1295 3346 et
1320 3288 1568 3360 spiritum
1599 3287 1786 3354 Verbi,
1811 3287 1925 3357 qui,
1958 3296 2092 3342 tam-
2123 3293 2169 3358 ρ
2199 3305 2273 3348 est
2295 3334 2311 3361 ,
2348 3294 2640 3364 potentiam
2676 3308 2829 3363 suam
2853 3335 2868 3360 ,
2903 3292 3116 3349 Patrem
3143 3292 3355 3349 scilicet
3379 3292 3631 3362 (Patrem
3656 3290 3809 3363 enim

483 3406 646 3464 quam
669 3391 893 3462 spiritus
923 3405 991 3445 ex
1018 3403 1115 3444 ore
1147 3384 1400 3456 prodiens
1420 3425 1436 3448 ,
1464 3382 1666 3439 docere
1716 3380 1964 3436 homines
1995 3379 2089 3436 de-

485 3485 648 3541 bebat
675 3503 686 3538 :
717 3494 773 3540 at
799 3484 854 3544 in
884 3479 1109 3554 reliquis
1139 3477 1272 3536 nihil
1316 3477 1498 3544 valet;
1547 3491 1723 3547 neque
1772 3474 1913 3532 enim
1942 3488 2093 3530 com-

485 3579 824 3648 parationem
853 3574 1150 3648 perfectam
1180 3583 1235 3628 et
1279 3571 1614 3643 adaequatam
1661 3569 1945 3626 instituere
1985 3567 2089 3623 ibi-

487 3669 613 3724 dem
647 3667 954 3724 Laclantius
975 3665 1177 3732 voluit;
1204 3665 1347 3720 unde
1371 3660 1584 3720 irrideri
1615 3662 1752 3717 hanc
1775 3663 1847 3718 ob
1867 3676 2090 3734 compa-

488 3760 760 3818 rationem
790 3776 820 3815 a
847 3759 1068 3815 Petavio
1097 3773 1202 3812 non
1246 3755 1465 3812 debuit:
1500 3769 1676 3825 neque
1721 3771 1902 3808 sonum
1943 3769 2094 3808 uoca-

493 3859 593 3909 lem
611 3893 627 3921 ,
658 3867 900 3924 quentea
919 3852 974 3907 in
1002 3849 1410 3921 comparatione
1439 3845 1700 3913 adhibet,
1749 3847 2003 3902 transfert
2027 3845 2095 3901 ad

493 3947 758 4013 Verbhm,
780 3954 1050 4017 quatenus
1098 3958 1128 3998 e
1159 3940 1335 3998 Patris
1383 3947 1566 3994 mente
1595 3937 1661 3994 ab
1691 3946 1898 3994 teterno
1945 3938 2096 4009 geni-

495 4054 610 4101 tum
629 4043 750 4111 fuit,
778 4040 874 4098 sed
896 4057 956 4096 ea
973 4041 1195 4106 ratione,
1225 4037 1400 4109 inquit
1425 4077 1440 4101 ,
1473 4035 1595 4104 quia
1621 4050 1741 4090 voce
1779 4039 1891 4106 ejus
1913 4035 1982 4090 ad
2002 4051 2096 4108 po-

495 4139 678 4212 pulum
704 4136 872 4206 fuerat
921 4149 1130 4200 usurus,
1157 4131 1212 4186 id
1234 4141 1328 4198 est,
1350 4128 1487 4199 quod
1515 4127 1603 4181 ille
1638 4129 1879 4200 magister
1895 4132 2098 4200 futurus

497 4241 625 4287 esset
655 4230 905 4285 doctrinae
931 4226 1028 4282 Dei
1055 4235 1102 4282 et
1129 4227 1344 4284 caelestis
1364 4228 1543 4282 arcani
1571 4227 1640 4281 ad
1680 4224 1907 4278 homines
1933 4221 2100 4294 perfe-

499 4324 666 4392 rendi,
699 4321 844 4394 quod
873 4329 1084 4391 spectat
1105 4318 1172 4375 ad
1211 4318 1361 4374 illam
1389 4318 1693 4375 doctrinam
1719 4357 1735 4382 ,
1764 4330 1922 4388 quam
1965 4313 2098 4369 divi-

499 4434 633 4476 num
662 4415 901 4472 Verbum
925 4415 1160 4471 humana
1199 4412 1432 4470 subinde
1474 4420 1667 4468 natura
1709 4410 1953 4466 indutum
1999 4422 2098 4464 cx-

496 4511 702 4585 pressis
751 4511 972 4568 vocibus
1001 4508 1240 4566 tradidit.
1276 4507 1384 4565 Sed
1423 4507 1493 4564 de
1531 4501 1900 4562 Antenicaanis
1929 4499 2098 4556 Patri-

492 4605 598 4662 hns
625 4603 908 4670 hactenus,
937 4617 1072 4673 quos
1093 4617 1214 4657 cum
1240 4600 1418 4658 eidem
1448 4615 1639 4656 omnes
1671 4595 1917 4653 formula:
1945 4594 2097 4650 insis.

2195 3387 2474 3457 potentiam
2499 3384 2828 3457 appellavit)
2880 3387 3020 3457 facta
3058 3395 3132 3440 est
3175 3386 3292 3456 ipsa
3340 3380 3689 3456 manifestatio
3719 3384 3810 3441 sui

2193 3480 2308 3553 (ubi
2339 3481 2805 3552 manifestationem
2833 3489 3020 3552 aperte
3045 3488 3200 3536 vocat
3223 3480 3497 3554 imaginem
3521 3477 3721 3545 Patris,
3748 3480 3806 3536 in

2195 3589 2300 3645 qua
2334 3575 2506 3630 Patris
2531 3573 2832 3631 substantia
2892 3574 3177 3630 manifesta
3239 3575 3296 3629 fit
3327 3575 3429 3645 ipsi
3466 3573 3650 3645 Patri)
3694 3591 3814 3645 qua:

2195 3669 2454 3740 generatio
2479 3677 2616 3723 estet
2639 3668 2846 3735 dicitur,
2884 3676 2930 3722 et
2949 3668 3106 3740 juxta
3135 3668 3230 3720 hoc
3250 3667 3378 3738 foris
3393 3666 3815 3723 exsistenswm-

2196 3763 2277 3816 nis
2322 3763 2457 3816 enim
2503 3762 2880 3833 cognoscentia,
2931 3760 3210 3816 secundum
3259 3759 3398 3831 quod
3447 3759 3816 3830 cognoscentia

2196 3862 2290 3919 est,
2316 3851 2442 3922 foris
2471 3862 2544 3908 est
2579 3852 2642 3908 ab
2671 3853 2786 3920 illo,
2819 3852 2910 3924 qui
2937 3854 3080 3924 cupit
3109 3868 3416 3924 cognoscere
3443 3869 3461 3908 :
3488 3851 3616 3921 [oris
3636 3862 3816 3909 autem

2198 3945 2314 3999 dico
2344 3945 2483 4000 sicut
2519 3946 2572 4000 in
2599 3947 2934 4018 inspectione,
2957 3945 3238 4002 secundum
3267 3945 3408 4016 quod
3431 3955 3506 4000 est
3527 3944 3700 4000 videre
3722 3962 3812 4001 se-

2199 4046 2298 4093 met
2327 4039 2519 4110 ipsum.
2563 4038 2813 4095 lntimam
2839 4056 2969 4113 ergo
3003 4049 3374 4112 aeternamque
3398 4039 3540 4097 hanc
3561 4041 3818 4112 manifes-

2201 4132 2443 4188 tationem
2494 4142 2549 4189 et
2587 4135 2966 4205 generationem
3011 4136 3290 4208 agnoscit,
3338 4135 3480 4192 sicut
3521 4134 3712 4191 intima
3755 4145 3820 4193 et

2200 4239 2404 4284 (eterna
2454 4227 2553 4283 fuit
2597 4227 2774 4284 Patris
2804 4227 3044 4300 cognitio
3067 4269 3083 4296 ,
3129 4243 3236 4300 qua
3265 4243 3326 4286 se
3361 4229 3536 4299 ipsum
3570 4227 3625 4284 in
3666 4226 3815 4285 Filio

2201 4320 2455 4392 cognovit
2481 4337 2495 4375 :
2517 4319 2661 4390 quod
2685 4320 2984 4378 luculenter
3005 4321 3200 4391 probat
3230 4320 3416 4377 multis
3442 4321 3495 4376 in
3522 4319 3660 4376 locis
3683 4329 3808 4378 tum

2203 4414 2506 4484 praesertim
2538 4413 2632 4469 lib.
2666 4427 2726 4481 It,
2758 4429 2882 4485 pag.
2911 4413 3042 4481 273,
3067 4413 3104 4468 f.
3131 4411 3188 4468 ld
3217 4414 3392 4485 ipsum
3422 4411 3594 4468 fusius
3615 4414 3820 4470 statuit

2204 4506 2302 4562 lib.
2328 4523 2408 4572 ιιι,
2435 4523 2558 4579 pag.
2583 4505 2713 4565 275.
2740 4506 2766 4560 f
2788 4519 2840 4562 et
2875 4522 2931 4578 g,
2960 4521 3026 4564 ex
3056 4522 3164 4578 quo
3195 4523 3258 4563 ex
3289 4521 3460 4578 pauca
3488 4507 3816 4564 transcribi-

2203 4615 2326 4654 mus
2351 4617 2366 4655 :
2400 4598 2748 4671 Intelligentia
2779 4600 2916 4670 quod
2952 4599 3192 4672 intelligit
3222 4600 3350 4669 foris
3380 4608 3473 4667 est,
3517 4611 3565 4656 et
3589 4600 3644 4654 id
3671 4602 3818 4671 quod

497 4707 675 4755 tentes
697 4696 914 4762 audisti,
940 4710 1101 4766 quam
1137 4693 1288 4750 Zeno
1324 4693 1604 4764 usurpavit
1633 4732 1648 4756 ,
1685 4690 1794 4746 duo
1831 4687 1948 4743 haec
1987 4696 2097 4742 Sta-
2125 4693 2176 4754 D
2201 4692 2441 4764 intelligit
2462 4692 2620 4747 intus.
2652 4691 2786 4748 llinc
2821 4691 3062 4762 Patrem,
3091 4692 3185 4765 qui
3214 4693 3484 4766 intelligit,
3520 4695 3703 4764 posuit
3729 4695 3821 4750 in-

499 4802 613 4850 tuta
641 4789 930 4860 intelliges,
963 4789 1106 4843 hunc
1129 4803 1235 4843 non
1260 4801 1421 4853 nova,
1451 4783 1763 4858 sed,veteri
1801 4796 1956 4836 usum
1991 4779 2100 4834 for-

502 4889 672 4948 mula,
704 4897 866 4956 quam
887 4880 1097 4936 scilicet
1145 4895 1178 4935 a
1206 4887 1286 4934 tot
1306 4879 1554 4935 Patribus
1591 4875 1840 4932 traditam
1871 4887 2100 4944 accepe-

502 4988 609 5042 rat,
643 4977 696 5030 in
724 4988 1022 5045 eorumque
1066 4972 1217 5028 libris
1245 4971 1547 5037 didicerat;
1585 4969 1706 5024 illos
1753 4979 1933 5024 autem
1990 4980 2096 5020 non

501 5085 622 5126 eam
649 5070 700 5123 in
723 5067 1044 5123 sententiam
1089 5064 1398 5121 adhibuisse
1443 5064 1580 5119 hanc
1619 5061 1906 5119 formulam
1941 5100 1955 5122 ,
1993 5073 2099 5130 qua

503 5161 721 5217 Arianis
753 5160 1128 5228 praecinerent,
1164 5166 1222 5212 ut
1251 5156 1572 5212 existimavit
1594 5155 1874 5220 Petavius,
1922 5151 2018 5206 sed
2047 5152 2100 5205 in

503 5269 624 5311 eam
657 5293 672 5317 ,
703 5241 808 5322 qua
835 5249 984 5305 Zeno
1018 5249 1343 5304 Arianorum
1377 5249 1717 5320 impugnator
1760 5244 2058 5302 acerrimus
2085 5283 2100 5308 ,

505 5347 654 5419 ipsos
675 5345 859 5415 legens
884 5343 1020 5399 adeo
1041 5354 1188 5399 recte
1210 5343 1585 5414 intelligendos
1607 5340 1812 5414 putavit
1839 5383 1854 5408 ,
1909 5348 1965 5393 ut
2014 5351 2102 5392 ea-

501 5442 626 5498 dem
659 5438 884 5496 formula
914 5437 1015 5492 sibi
1065 5452 1278 5508 quoque
1323 5437 1576 5494 utendum
1623 5435 1752 5492 nihil
1785 5433 2104 5505 ambigeret.

509 5573 538 5646 §
567 5569 702 5628 Vlll.
728 5597 800 5611 —
824 5565 1024 5622 Marius
1061 5563 1350 5621 Victorinus
1379 5583 1410 5621 a
1444 5565 1641 5621 Petavii
1676 5581 1896 5622 censura
1935 5564 2102 5620 vindi-

1213 5671 1377 5715 catus.

579 5803 654 5859 De
692 5800 862 5859 Mario
887 5797 1165 5857 Victorino
1193 5839 1210 5870 ,
1252 5801 1341 5870 qui
1391 5800 1442 5855 in
1467 5800 1642 5858 eadem
1671 5818 1780 5860 esse
1813 5820 1970 5860 causa
1998 5803 2101 5864 Pe-

506 5895 647 5955 tavio
677 5894 825 5951 visos
855 5901 958 5958 est,
1000 5891 1126 5964 quid
1155 5891 1348 5952 attinet
1375 5892 1588 5967 dicere,
1617 5912 1739 5954 cum
1763 5897 1853 5955 ille
1873 5897 2010 5956 adeo
2029 5914 2096 5955 cx

2203 4795 2307 4853 tus,
2339 4785 2529 4841 Filium
2556 4794 2762 4854 autem,
2788 4801 2948 4858 quem
2979 4787 3248 4860 intelligit,
3285 4803 3381 4843 seu
3412 4789 3465 4843 in
3504 4803 3615 4860 quo
3643 4803 3706 4846 se
3732 4789 3821 4852 in-

2201 4894 2321 4935 sum
2351 4879 2622 4948 intelligit,
2650 4883 2798 4949 forts.
2826 4879 2937 4936 Hac
2964 4880 3176 4936 ratione
3201 4888 3408 4935 motum
3440 4881 3732 4952 quemdam
3757 4882 3818 4939 in

2203 4971 2365 5028 Patre
2391 4973 2636 5044 agnoscit
2662 4974 2955 5028 interiorem
2989 4987 3044 5030 et
3075 4975 3129 5029 in
3168 4991 3222 5030 se
3244 4991 3566 5038 conversum,
3603 4991 3672 5032 ex
3703 4993 3821 5048 quo

2206 5067 2376 5124 Filius
2407 5077 2736 5138 generatur;
2778 5083 2940 5139 quem
2971 5068 3025 5123 in
3056 5084 3170 5124 rem
3205 5080 3529 5140 praesentem
3559 5071 3816 5141 explicat

2204 5161 2316 5216 sic:
2351 5161 2565 5232 Semper
2591 5170 2754 5215 motus
2785 5178 2848 5217 eo:
2874 5161 3180 5232 substantia,
3210 5172 3260 5217 et
3295 5164 3351 5217 in
3379 5163 3690 5232 substantia,
3735 5168 3823 5222 vel

2204 5254 2372 5325 potius
2397 5253 2514 5322 ipsa
2539 5251 2822 5308 substantia
2846 5270 2865 5320 ;
2904 5255 2992 5324 qui
3024 5270 3138 5309 cum
3166 5255 3311 5323 [oras
3339 5264 3577 5328 spectat,
3610 5254 3714 5312 hoc
3741 5269 3824 5314 est

2207 5336 2379 5400 autent
2405 5349 2547 5418 foras
2573 5355 2823 5418 spectare,
2856 5355 3048 5402 motum
3078 5348 3154 5403 vel
3182 5348 3454 5403 motionem
3483 5365 3633 5416 esse;
3674 5351 3824 5421 quod

2207 5439 2375 5510 ipsum
2404 5438 2499 5492 hoc
2537 5438 2673 5492 illud
2699 5448 2776 5494 est
2803 5455 2856 5493 se
2897 5439 3090 5508 uidere,
3132 5456 3186 5495 se
3222 5441 3527 5516 intelligere,
3569 5458 3633 5498 ac
3667 5460 3828 5500 nosse

2208 5531 2334 5586 velle
2354 5547 2375 5586 :
2405 5548 2520 5586 cum
2541 5540 2712 5586 autem
2737 5548 2792 5585 se
2813 5531 2967 5598 videt,
2996 5533 3228 5604 geminus
3253 5534 3478 5602 exsistit,
3494 5545 3543 5590 et
3564 5534 3825 5608 intelligi-

2207 5632 2292 5678 tur
2329 5622 2525 5688 videns,
2555 5631 2602 5677 et
2627 5622 2764 5693 quod
2791 5623 3010 5691 videtur,
3043 5625 3150 5696 ipse
3170 5625 3260 5695 qui
3293 5623 3450 5692 videt,
3481 5625 3656 5696 ipsum
3675 5629 3826 5698 quod

2205 5718 2441 5772 videtur:
2466 5716 2590 5788 quia
2610 5731 2666 5772 se
2692 5715 2847 5784 videt,
2879 5715 2978 5772 hoc
2997 5727 3072 5772 est
3093 5719 3236 5790 foras
3267 5727 3532 5790 spectans,
3563 5718 3700 5788 foris
3724 5739 3826 5794 ge—

2205 5813 2372 5880 nitus,
2400 5811 2478 5866 vel
2505 5811 2774 5878 exsistens,
2797 5811 2996 5881 utquid
3022 5812 3089 5866 sit
3121 5811 3394 5884 intelligat.
3430 5809 3572 5884 Ergo
3605 5814 3654 5866 si
3686 5817 3828 5884 foris

2204 5914 2298 5975 est,
2324 5914 2372 5962 et
2399 5922 2441 5961 st
2485 5905 2706 5977 genitus,
2731 5903 2938 5961 Filius:
2967 5922 3125 5978 quem
3151 5914 3330 5965 tamen
3351 5905 3544 5964 eadem
3565 5923 3693 5965 cum
3716 5909 3824 5968 Pa.
