3998 6332
232 265 333 323 H5

227 395 308 442 tre
345 383 652 439 substantia
684 381 965 454 prteditum
1005 380 1364 436 demonstrat.
1409 377 1564 434 liunc
1607 374 1829 433 tandem
1851 384 1912 444 Α

226 486 454 546 motum,
487 494 596 550 quo
618 477 779 534 Pater
803 476 996 532 Filium
1027 476 1233 547 genuit,
1267 474 1610 542 operationem
1654 479 1708 526 et
1741 485 1827 524 ac-

222 573 414 630 tionem
447 581 629 641 vocat,
665 581 722 630 et
762 569 948 627 addit:
983 569 1086 624 llic
1118 576 1317 640 partus,
1350 566 1433 620 hic
1463 565 1674 622 natalis.
1708 561 1827 618 Alia

221 667 469 740 ejusdem
508 667 724 740 generis
759 665 907 736 plura
950 663 1166 720 adferre
1206 676 1488 735 possemus
1528 657 1828 730 prmsertim

218 777 281 818 ex
308 761 450 817 libro
475 777 552 826 tv,
587 776 709 832 pag.
742 759 848 814 287
875 766 931 815 et
953 756 1061 812 ‘288
1087 773 1101 822 ;
1127 755 1220 811 sed
1249 753 1364 809 hanc
1386 753 1517 808 satis
1539 753 1650 806 visa
1676 758 1826 819 sunt,

217 865 276 912 ut
294 857 533 928 quisque
561 854 846 926 intelligat,
869 850 1333 924 manifestationem
1363 847 1824 918 Operationemque,

214 966 317 1023 qua
347 952 493 1005 intus
520 949 683 1003 Pater
704 989 721 1016 ,
754 955 810 1003 et
842 944 1011 1002 Filius
1043 944 1172 1016 foris
1194 955 1314 996 esse
1349 939 1576 994 truditur
1598 981 1612 1004 ,
1644 937 1712 992 ad
1739 951 1832 1007 ge-

217 1046 562 1099 nerationem
607 1053 870 1097 aeternam
913 1038 1269 1107 intimamque
1313 1034 1424 1090 Deo
1456 1048 1522 1088 ex
1567 1029 1832 1088 Victorini

213 1135 491 1192 sententia
522 1132 890 1190 referendam.
924 1130 1112 1187 Altero
1151 1137 1330 1184 autem
1367 1125 1528 1180 modo
1556 1140 1677 1180 cum
1714 1139 1830 1177 ma-

213 1228 613 1299 nifestationem
653 1233 711 1282 et
753 1225 1005 1279 actionem
1045 1220 1184 1276 idem
1220 1218 1529 1275 Victorinus
1559 1215 1724 1270 refert
1747 1212 1830 1280 {ad

213 1339 393 1381 rerum
427 1321 800 1385 creationem,
849 1313 1393 1373 animadvertendum
1437 1318 1540 1375 est,
1590 1323 1708 1364 eam
1751 1308 1823 1363 ita

213 1415 407 1473 referri
438 1457 454 1481 ,
487 1422 549 1469 ut
576 1412 746 1469 Filius
774 1411 866 1468 Dei
895 1409 966 1465 ab
990 1418 1194 1465 aeterno
1246 1407 1408 1462 fuerit
1432 1406 1575 1480 λὸγος
1601 1403 1831 1456 omnium

213 1525 326 1581 quia
350 1518 473 1564 sunt
501 1523 568 1562 ex
597 1506 692 1562 lib.
736 1521 777 1572 ι,
820 1519 942 1576 pag.
977 1501 1108 1568 260,
1139 1501 1194 1567 b,
1222 1501 1261 1568 f,
1285 1514 1406 1556 cum
1435 1498 1644 1553 scilicet
1671 1495 1832 1552 Pater

215 1599 392 1656 omnia
438 1599 616 1654 futura
661 1594 906 1652 decrevit
950 1594 1006 1650 in
1045 1591 1259 1661 Verbo;
1304 1607 1407 1645 non
1451 1590 1612 1656 enim,
1657 1586 1832 1658 inquit

216 1708 333 1765 pag.
365 1690 504 1756 262,
537 1689 594 1757 h,
619 1690 763 1764 λόγος
791 1688 982 1743 locutio
1000 1685 1239 1758 quaedam
1261 1693 1358 1750 est,
1391 1682 1482 1738 sed
1512 1682 1737 1752 potentia
1762 1679 1831 1734 ad

1226 257 1679 320 DlSSERTATIO
1719 256 1782 325 11,
1822 256 1912 314 DE
1955 257 2010 312 S.
2055 256 2210 314 ΖΕΝ.
2259 255 2626 316 DOCTRINA.

3435 269 3536 324 Hi

2575 375 2802 437 CAPUT
2842 379 2904 436 ll.

1935 535 2039 586 Ql'O
2059 535 2297 578 CONSILIO
2320 537 2367 578 S.
2392 538 2528 578 ZENO
2550 540 2618 580 DE
2647 541 2872 582 ETERNA
2900 542 3024 584 FILII
3048 543 3136 585 DEI
3159 543 3532 588 GENEBATIONE

2008 630 2152 671 BAUD
2179 629 2513 692 εειυιιεκυψί
2534 632 2788 684 θυιειὶιτ,
2806 634 3043 684 ρυοεουε
3058 637 3202 678 εωει
3219 637 3535 680 TBACTATUS

2007 725 2078 765 ET
2105 723 2238 774 QUAS
2263 724 2540 766 FORMULAS
2571 726 3077 770 ΚΕΡΗΒΕΗΕΝΒΕΒΙΤ.

2011 852 2388 916 Difﬁcultatem
2441 870 2546 910 non
2596 856 2864 913 modicam
2911 856 3234 928 quibusdam
3282 858 3533 931 injiciunt

1937 964 2041 1004 non
2069 948 2232 1004 nulla:
2263 940 2544 1006 sententiae
2571 951 2624 1006 iu
2657 959 2814 1006 tract.
2850 953 2876 1006 1
2910 950 2974 1004 de
3007 949 3159 1015 Fide,
3193 952 3388 1023 quibus
3416 953 3535 1024 pri-

1936 1055 2025 1095 mo
2057 1040 2312 1112 adspectu
2344 1041 2555 1098 videtur
2579 1041 2638 1097 S.
2662 1041 2808 1097 Zeno
2833 1033 2888 1097 et
2918 1041 3038 1099 fidei
3065 1043 3411 1100 didascaliam
3439 1061 3534 1101 ne-

1935 1150 2094 1206 gare,
2127 1144 2180 1191 et
2211 1135 2611 1205 reprehendere
2639 1152 2740 1193 nec
2771 1153 2878 1193 non
2912 1138 3228 1209 impugnare
3257 1140 3409 1206 illos,
3441 1142 3535 1213 qui

1936 1228 1990 1283 in
2042 1230 2355 1284 tractatibus
2405 1228 2564 1285 fidem
2619 1240 2935 1300 exponunt,
2991 1239 3151 1302 atque
3201 1235 3532 1304 argumentis

1936 1321 2276 1377 confirmant.
2307 1321 2414 1378 Sed
2447 1322 2489 1377 si
2519 1323 2638 1393 quis
2665 1322 2724 1378 S.
2759 1322 2996 1379 Zenonis
3023 1333 3258 1380 mentem
3281 1366 3297 1392 ,
3327 1341 3389 1381 ac
3416 1335 3528 1381 tra-

1935 1424 2110 1472 ctatus
2139 1415 2256 1486 ejus
2278 1414 2551 1472 scribendi
2578 1417 2919 1473 occasionem
2948 1416 3116 1487 probe
3140 1417 3355 1480 callent.
3387 1433 3538 1490 quie-

1935 1524 2166 1580 cumque
2193 1509 2245 1564 in
2277 1509 2418 1565 hanc
2446 1525 2559 1566 rem
2588 1509 2804 1566 duriora
2832 1520 3150 1579 occurrunt,
3185 1511 3341 1568 facile
3371 1511 3534 1568 intel-

1933 1599 2079 1672 liget.
2113 1599 2169 1655 lu
2200 1600 2433 1657 concilio
2461 1600 2771 1656 Sardicensi
2796 1600 2864 1656 ad
2892 1602 3342 1673 compescendam
3371 1605 3530 1658 Aria-

1936 1707 2126 1748 norum
2177 1692 2490 1759 audaciam,
2539 1694 2628 1764 qui
2677 1692 2911 1750 Nicaeum
2967 1693 3092 1751 fidei
3147 1693 3377 1751 formula
3424 1711 3532 1751 non

217 1786 502 1846 creandum
546 1783 743 1855 aliquid
773 1780 1110 1854 confabulans
1145 1781 1232 1847 iis,
1273 1777 1455 1848 quibus
1486 1779 1718 1847 futurum
1753 1783 1827 1829 est

1945 1787 2194 1855 :onlenti,
2245 1801 2414 1843 novas
2461 1787 2688 1843 subinde
2733 1788 3149 1860 explicationes,
3205 1788 3532 1859 additiones,

227 1898 352 1936 esse.
402 1877 542 1934 Vide
592 1893 644 1948 p.
684 1877 813 1943 270,
858 1876 916 1931 d.
945 1875 1080 1931 Hinc
1108 1884 1287 1930 autem
1322 1871 1516 1929 Filium
1550 1870 1724 1926 relate
1754 1869 1822 1924 ad

216 1983 505 2031 creaturas
553 1972 695 2048 λόγον
741 1980 787 2024 et
835 1971 1148 2025 voluntatem
1191 1966 1365 2021 Patris
1398 1962 1596 2020 ibidem
1633 1969 1822 2029 vocat,

217 2083 374 2140 quem
395 2067 467 2122 ab
493 2074 704 2120 mterno
725 2072 782 2118 et
804 2063 961 2118 unius
982 2075 1105 2116 cum
1133 2059 1294 2115 Patre
1321 2055 1642 2113 substantia:
1663 2053 1828 2110 fuisse

217 2160 425 2217 adserit
467 2173 592 2230 pag.
632 2155 763 2222 265,
815 2169 866 2209 a.
913 2152 1155 2210 Tandem
1191 2150 1503 2206 voluntatem
1551 2147 1692 2204 hanc
1732 2145 1829 2202 Dei

216 2264 354 2309 stato
384 2262 634 2322 tempore
665 2262 986 2320 progressam
1028 2243 1195 2300 tradit
1240 2243 1294 2298 in
1340 2252 1605 2311 actuosam
1645 2249 1828 2311 poten-

219 2353 359 2418 tium,
392 2346 628 2410 ibidem,
661 2359 781 2400 cum
810 2343 1019 2398 scilicet
1046 2341 1098 2396 in
1126 2336 1444 2408 e/fectionem
1475 2351 1685 2401 eorum,
1718 2347 1832 2403 quae

221 2454 356 2508 sunt,
382 2455 677 2514 progressa
705 2446 790 2496 est
819 2455 870 2506 p.
903 2436 1030 2504 9.66,
1077 2450 1127 2490 e.
1172 2435 1291 2503 Qua
1319 2433 1372 2488 in
1400 2447 1458 2488 re
1489 2446 1612 2488 cum
1643 2428 1821 2485 mani-

221 2537 476 2595 festatum
511 2533 670 2591 nobis
701 2533 769 2588 sit
798 2530 1034 2588 Verbum
1063 2571 1079 2597 ,
1123 2527 1243 2583 lucc
1277 2523 1640 2581 manifestatio
1661 2565 1676 2590 ,
1733 2536 1830 2577 seu

221 2632 531 2706 apparentia
560 2673 575 2697 ,
610 2629 685 2684 uti
728 2634 888 2684 vocat
916 2668 932 2692 ,
979 2623 1220 2680 exterior
1251 2619 1530 2676 Victorino
1557 2616 1752 2672 natalis
1777 2623 1834 2671 et

224 2724 511 2798 generatio
541 2720 789 2793 qumdam
815 2718 1071 2774 habetur:
1108 2714 1281 2787 inquit
1306 2711 1451 2770 enim
1484 2710 1577 2766 lib.
1611 2725 1683 2773 tv,
1706 2722 1828 2780 pag.

222 2817 343 2886 284,
367 2817 400 2872 ιι
429 2835 443 2870 :
474 2814 796 2885 Apparentia
816 2828 934 2867 vero
959 2809 1021 2864 ab
1045 2808 1260 2865 occultis
1284 2815 1430 2861 ortus
1460 2814 1557 2870 est,
1581 2813 1628 2858 et
1653 2803 1717 2857 ab
1741 2818 1832 2856 oc-

226 2913 375 2968 cultis
406 2919 575 2976 ortus,
612 2919 659 2964 et
690 2907 878 2963 natalis
901 2915 993 2972 est,
1033 2914 1082 2960 et
1119 2907 1230 2978 ejus
1254 2901 1463 2966 natalis,
1494 2899 1582 2970 qui
1609 2908 1656 2953 et
1685 2907 1830 2952 ante-

225 3022 375 3078 quam
415 3006 494 3060 sic
534 3003 778 3066 oriretur,
810 2999 1080 3065 exstiterit,
1118 2996 1207 3052 ubi
1234 3009 1494 3065 expresse
1521 2990 1826 3065 generatio-

228 3114 344 3155 nem
413 3095 843 3169 metaphoricam
898 3091 1078 3149 Verbo
1136 3089 1325 3146 tribuit
1376 3089 1428 3142 in
1488 3086 1601 3157 ipsa
1650 3099 1832 3141 rerum

1933 1882 2408 1951 correctiouesque
2427 1880 2957 1949 commentabantur,
2994 1881 3123 1937 illud
3151 1893 3368 1938 cautum
3398 1883 3520 1954 fuit,

1930 1973 2073 2046 quod
2118 1974 2280 2028 refert
2317 1971 2376 2029 S.
2421 1971 2752 2030 Athanasius
2781 1975 2833 2030 in
2865 1983 3010 2030 tomo
3038 1973 3104 2029 ad
3135 1975 3529 2046 Antiochenos,

1929 2070 2020 2142 qui
2055 2077 2326 2139 tamquam
2356 2065 2572 2123 concilii
2605 2066 2955 2123 Alexandrini
2983 2065 3236 2139 synodica
3262 2067 3526 2124 habetur:

1935 2161 2199 2230 Quamvis,
2234 2159 2409 2232 inquit
2433 2176 2581 2216 num.
2613 2160 2667 2227 5,
2699 2176 2820 2232 pag.
2854 2159 2981 2228 772,
3013 2176 3116 2215 non
3148 2160 3284 2216 nulli
3309 2162 3537 2233 postula-

1931 2258 2066 2323 rint,
2092 2266 2145 2311 ut
2177 2256 2412 2328 quadam
2435 2255 2497 2310 de
2521 2255 2624 2326 ﬁde
2647 2254 3006 2322 scriberentur,
3039 2254 3188 2325 quasi
3213 2253 3410 2324 aliquid
3435 2253 3538 2308 Ni-

1933 2365 2088 2405 cwnaz
2125 2349 2322 2420 synodo
2352 2349 2563 2414 deesset,
2603 2355 2755 2418 atque
2790 2348 2845 2402 id
2882 2347 3110 2402 obtinere
3137 2347 3310 2402 conati
3349 2345 3538 2400 temere

1934 2443 2164 2516 fuerint;
2213 2441 2440 2514 synodus
2485 2450 2653 2495 tamen
2701 2440 2938 2497 Serdica:
2975 2448 3153 2516 coacta
3185 2455 3294 2494 rem
3328 2439 3540 2510 indigne

1935 2515 2092 2603 tulit,
2135 2535 2445 2605 sancivitque
2472 2573 2488 2601 ,
2543 2543 2602 2588 ut
2642 2533 2842 2588 nullam
2886 2515 3022 2588 ultra
3068 2534 3132 2588 de
3169 2531 3272 2602 ﬁde
3307 2532 3540 2586 ederetur

1933 2633 2260 2703 rescriptum,
2300 2632 2388 2686 sed
2408 2631 2667 2702 sufﬁceret
2698 2630 2827 2702 ﬁdes
2855 2645 2886 2684 a
2915 2629 3160 2684 Patribus
3188 2626 3385 2682 Nictea:
3413 2642 3538 2700 pro-

1935 2725 2188 2796 mulgata,
2228 2724 2417 2796 quippe
2435 2739 2550 2792 qua:
2575 2723 2629 2777 in
2660 2722 2806 2776 nullo
2831 2722 3091 2792 deﬁceret,
3128 2721 3217 2775 sed
3244 2719 3396 2790 plena
3421 2720 3534 2790 pie-

1937 2820 2060 2874 tatis
2084 2828 2246 2886 esset;
2269 2823 2568 2888 statuitque,
2589 2833 2651 2872 ne
2664 2817 2827 2872 altera
2857 2817 3091 2871 ederetur
3111 2816 3232 2886 ﬁdei
3259 2815 3535 2885 professio,

1938 2928 2000 2966 ne
2025 2927 2140 2983 qute
2170 2909 2362 2965 Niciam
2397 2910 2587 2982 scripta
2627 2912 2817 2980 fuerat,
2848 2909 3150 2980 imperfecta
3186 2916 3533 2977 reputaretur,

1938 3020 2103 3076 neque
2121 3004 2322 3060 occasio
2349 3003 2412 3057 iis
2441 3002 2668 3068 daretur,
2694 3002 2784 3074 qui
2803 3017 2934 3074 sape
2963 3015 3174 3055 numero
3194 2999 3257 3054 de
3279 2999 3381 3066 ﬁde
3405 2998 3531 3052 serio

1941 3101 2056 3155 bere
2097 3116 2157 3154 ac
2196 3097 2413 3168 deﬁnire
2462 3097 2659 3153 volant.
2702 3101 2772 3152 At
2798 3095 2905 3151 hac
2934 3095 3186 3151 cautione
3216 3093 3286 3150 ab
3323 3093 3538 3149 Ariauis

227 3193 536 3254 creatione;
577 3199 627 3245 et
670 3198 941 3260 antequam
973 3187 1046 3241 sic
1077 3185 1318 3250 oriretur,
1355 3181 1608 3244 aflirmat,
1655 3180 1830 3250 ipsum

1945 3202 2283 3264 contempta.
2315 3191 2368 3247 in
2408 3206 2475 3246 eo
2502 3189 2744 3261 quotidie
2767 3188 3142 3253 laborabatur,
3177 3196 3236 3242 ut
3256 3201 3363 3258 quo
3392 3185 3540 3257 quis-

234 3287 302 3343 ab
345 3297 554 3342 aeterno
601 3283 877 3340 exstitisse
917 3297 982 3337 ex
1027 3279 1119 3336 illa
1159 3275 1507 3348 generatione
1545 3283 1746 3330 aeterna
1778 3281 1834 3329 et

229 3384 438 3449 intima,
484 3380 556 3436 de
583 3395 688 3450 qua
719 3379 775 3432 in
803 3373 1172 3448 superioribus
1201 3371 1336 3426 satis
1361 3369 1563 3426 dictum
1591 3377 1694 3423 est.
1723 3365 1832 3422 Ne-

229 3476 336 3548 gari
361 3473 588 3547 quidem
611 3470 797 3544 nequit
819 3469 935 3525 haec
965 3467 1214 3524 subtilius
1237 3472 1293 3522 et
1319 3463 1604 3521 obscurius
1631 3461 1833 3533 scripta

229 3585 255 3624 a
284 3565 569 3623 Victorino
592 3608 608 3634 ,
641 3573 804 3635 atque
847 3577 912 3618 ex
944 3559 1255 3616 dialectices
1277 3600 1292 3624 ,
1326 3557 1378 3612 in
1405 3572 1509 3628 qtta
1538 3555 1834 3627 plurimum

172 3647 176 3649 Α
235 3660 610 3718 delectabatur
632 3700 649 3726 ,
681 3656 880 3727 regulis
909 3654 1147 3711 derivata
1174 3694 1188 3717 ,
1227 3649 1279 3706 id
1308 3649 1451 3722 quod
1481 3651 1532 3705 iu
1560 3663 1626 3704 eo
1652 3661 1837 3718 repre-

234 3753 418 3810 hendit
459 3752 519 3808 S.
559 3749 952 3822 Hieronymus:
1002 3744 1096 3801 sed
1142 3743 1288 3800 aliud
1330 3751 1414 3798 est
1452 3741 1832 3797 obscuritatem

230 3847 661 3916 dialecticenque
690 3843 744 3899 in
787 3841 906 3912 ejus
952 3839 1106 3895 libris
1149 3837 1411 3892 adversus
1441 3833 1672 3889 Arianos
1711 3846 1836 3904 per—

230 3945 517 4015 stringere,
567 3939 714 3995 aliud
761 3936 1022 3992 obscuras
1062 3931 1321 4003 quasdam
1373 3929 1540 4000 ipsius
1578 3926 1839 3984 formulas

231 4038 522 4093 deﬂectere
554 4034 606 4088 in
639 4030 963 4088 sententiam
990 4069 1008 4096 ,
1047 4041 1208 4100 quam
1251 4022 1628 4080 disertissimis
1657 4019 1838 4076 verbis

233 4130 318 4185 ille
347 4127 479 4184 totis
506 4134 737 4193 quatuor
770 4121 962 4179 iisdem
992 4119 1140 4175 libris
1169 4118 1486 4187 impugnat,
1529 4113 1671 4184 quod
1706 4112 1835 4168 fecit

235 4223 450 4287 f’etav.,
487 4229 545 4274 ut
577 4233 644 4273 ne
675 4216 743 4272 de
773 4213 1217 4284 interpretatione
1241 4206 1562 4281 cogitaverit
1591 4206 1832 4277 quidem.

235 4313 396 4369 Vides
425 4311 672 4374 interim,
729 4302 944 4380 [xcvm]
997 4304 1167 4359 lector
1192 4301 1416 4372 Optime,
1462 4313 1565 4368 qua
1591 4296 1842 4352 cautione

239 4404 567 4462 vers:mdum
599 4402 669 4457 sit
715 4399 770 4454 iu
819 4397 1164 4469 antiquorum
1195 4390 1557 4448 voluminibus
1585 4429 1598 4453 ,
1640 4403 1707 4444 ne
1734 4403 1840 4460 qua

239 4499 491 4554 fallamur
519 4495 764 4566 ipsormu
797 4491 1069 4546 locutione
1090 4531 1106 4555 ,
1148 4502 1307 4559 quam
1337 4499 1406 4540 ex
1441 4491 1624 4538 nostra
1652 4481 1839 4550 vulga-

1937 3289 2058 3361 quis
2084 3303 2210 3344 suas
2239 3299 2420 3360 partes
2447 3288 2531 3358 (in
2564 3301 2698 3358 quas
2726 3286 2827 3355 ipsi
2859 3285 3000 3341 inter
3045 3297 3104 3339 se
3134 3297 3349 3354 quoque
3381 3291 3536 3338 erant

1937 3382 2132 3454 divisi)
2174 3391 2434 3454 augeret,
2477 3379 2949 3451 simplicioresque
2991 3377 3305 3448 deciperet;
3353 3377 3530 3431 varias

1937 3475 2123 3531 ederet
2147 3472 2298 3542 ﬁdes,
2335 3487 2428 3527 seu
2458 3479 2705 3526 tractatus
2726 3469 2871 3539 ﬁdei,
2904 3468 2959 3524 in
2989 3467 3184 3539 quibus
3211 3480 3363 3522 suam
3390 3466 3540 3537 quis-

1938 3582 2042 3639 que
2076 3565 2397 3622 sententiam
2437 3575 2493 3620 et
2532 3575 2776 3619 errorem
2813 3559 3000 3618 multis
3039 3557 3539 3616 ratiocinationibus

1914 3661 1993 3718 ‘et
2018 3659 2352 3732 argumentis
2381 3666 2661 3714 statueret.

2014 3754 2213 3810 llarnm
2263 3751 2612 3807 formularum
2653 3759 2707 3806 et
2759 3750 2951 3806 horum
2992 3755 3312 3804 tractatuum
3357 3743 3539 3801 multi-

1942 3847 2234 3918 plicitatem
2265 3861 2328 3901 ac
2367 3859 2598 3917 pugnam
2642 3844 2901 3916 praeclare
2929 3841 3172 3915 depingit
3198 3855 3415 3898 coaevus
3441 3854 3539 3894 an-

1941 3952 2059 3999 ctor
2085 3942 2144 3999 S.
2181 3940 2412 3996 llilarius
2440 3939 2534 3995 lib.
2563 3955 2601 3993 Il
2639 3937 2706 3994 ad
2735 3936 3113 3993 Constantium
3146 3951 3295 3991 num.
3321 3935 3376 4000 4,
3408 3949 3512 4006 pag

1943 4035 2068 4103 545,
2110 4035 2200 4091 ubi
2242 4042 2527 4104 postquam
2576 4031 2866 4087 affirmavit
2907 4030 3159 4096 Arianos,
3207 4027 3334 4084 dum
3377 4026 3538 4082 fidem

1941 4127 2210 4200 requisiti,
2254 4142 2347 4181 sua
2377 4125 2624 4186 scribunt.
2653 4132 2700 4179 et
2742 4123 2869 4177 dum
2905 4136 3022 4192 qua:
3049 4119 3146 4174 Dei
3179 4128 3321 4186 sunt,
3353 4117 3542 4188 praedi-

1944 4231 2081 4291 cant,
2109 4221 2282 4277 orbem
2306 4229 2553 4277 tete-ruunt
2583 4219 2774 4274 erroris
2804 4228 2850 4272 et
2885 4214 3145 4270 redeuntis
3171 4214 3224 4267 in
3260 4229 3316 4267 se
3342 4227 3544 4282 semper

1943 4315 2235 4374 certaminis
2277 4311 2664 4368 circumtulisse.
2713 4308 2824 4366 Sub
2869 4308 3020 4379 cujus
3060 4305 3377 4361 necessitatis
3410 4315 3542 4359 tam-

1942 4425 2094 4482 quam
2115 4404 2440 4479 improbabili
2460 4403 2743 4469 occasione,
2767 4400 3047 4456 scribenda:
3063 4409 3216 4470 atque
3238 4396 3545 4452 innovandaz

1945 4503 2068 4576 ﬁdei
2104 4499 2288 4556 exinde
2325 4515 2448 4554 usus
2485 4497 2713 4551 inolevit.
2758 4495 2859 4562 Qui
2892 4486 3162 4564 postquam
3207 4507 3336 4546 nova
3374 4491 3545 4560 potius

241 4595 351 4650 rive
393 4588 668 4648 sententia
711 4582 1084 4657 explicandam
1134 4589 1419 4650 putemus,
1471 4593 1592 4632 cum
1625 4575 1702 4631 illi
1733 4588 1833 4630 non

1947 4575 2096 4664 coepit
2126 4592 2366 4654 condere,
2393 4605 2543 4660 quant
2564 4596 2768 4658 accepta
2797 4586 3056 4650 retinere;
3083 4600 3175 4639 nec
3209 4592 3432 4638 veterata
3457 4583 3547 4637 de-

241 4700 529 4758 numquam
554 4675 715 4738 aliam
741 4680 822 4734 vel
847 4677 946 4733 aevi
968 4675 1049 4732 vel
1075 4674 1279 4730 scholae
1308 4671 1533 4741 alicujus
1563 4669 1838 4742 propriam

243 4781 286 4834 ei
316 4775 578 4834 locutioni
604 4770 974 4843 subjecerint;
1007 4768 1057 4824 id
1087 4765 1229 4841 quod
1253 4776 1363 4822 tum
1406 4762 1706 4834 praesertim
1748 4777 1842 4817 su-

244 4870 433 4940 spicari
474 4881 574 4941 par
610 4875 716 4931 est,
746 4879 868 4919 cum
897 4877 964 4918 ex
990 4860 1146 4917 obvia
1179 4857 1536 4929 explicatiOne
1567 4853 1844 4926 indignum

247 4962 438 5037 aliquid
473 4961 704 5024 eruitur,
737 4955 880 5029 quod
913 4956 964 5011 in
997 4966 1244 5010 errorem
1276 4959 1331 5006 et
1360 4949 1594 5005 dedecus
1623 4947 1838 5018 sapien-

249 5059 596 5116 tissimorum.
634 5054 716 5109 vel
749 5053 916 5108 etiam
950 5047 1416 5105 sanctissimorum
1447 5042 1727 5098 hominum
1755 5056 1844 5098 ce-

250 5152 352 5208 dat.
384 5153 498 5208 lloc
527 5149 794 5221 principio
824 5162 922 5202 nos
948 5145 1008 5201 S.
1039 5143 1311 5200 Zenonem
1338 5183 1352 5205 ,
1385 5153 1545 5210 quem
1578 5137 1632 5193 in
1665 5135 1844 5206 perui-

252 5246 374 5302 ciosi
407 5245 633 5299 nimium
664 5240 868 5297 erroris
891 5235 1252 5308 suspicionem
1279 5231 1595 5286 devocatum
1619 5243 1649 5282 a
1679 5227 1843 5284 Peta-

253 5339 333 5390 vin
375 5337 715 5407 legeramns,
763 5327 1100 5386 accuratiori‘
1128 5323 1381 5382 examine
1429 5319 1844 5392 pervolventes,

252 5429 536 5500 genuinam
556 5426 674 5496 ejus
693 5421 1018 5480 sententiam
1045 5418 1178 5474 satis
1200 5415 1451 5472 eduxisse
1471 5421 1525 5468 et
1545 5411 1848 5483 explicasse

255 5525 405 5580 nobis
429 5523 680 5578 videmur
708 5562 721 5586 ,
749 5533 872 5590 qua:
903 5516 970 5571 ad
1000 5511 1474 5571 Antenicaanorum
1507 5520 1721 5577 quoque
1752 5504 1856 5558 Pa--

257 5629 391 5675 trum
417 5615 794 5688 Victorinique
831 5611 1094 5669 vindicias
1135 5603 1529 5678 comparandas
1568 5614 1676 5658 nou
1703 5599 1852 5656 nihi-

256 5709 362 5768 lum
390 5709 648 5768 contulit.

839 5807 1292 5863 ..ΜΞΝ-

1951 4688 2133 4763 fendit,
2164 4702 2256 4741 nec
2283 4686 2523 4739 innovata
2553 4680 2777 4752 firmavit
2801 4695 2818 4733 :
2845 4687 2890 4732 et
2919 4682 3057 4751 facta
3087 4689 3160 4732 est
3195 4678 3324 4748 ﬁdes
3349 4686 3546 4748 tempo-

1951 4799 2090 4847 rum,
2141 4780 2310 4854 potius
2348 4793 2500 4850 quam
2547 4773 2964 4846 Evangeliorum,
3003 4770 3124 4826 dum
3162 4780 3212 4826 et
3265 4770 3545 4824 secundum

1950 4891 2112 4930 annos
2142 4869 2446 4928 describitur
2465 4913 2480 4936 ,
2525 4877 2573 4924 et
2602 4866 2883 4923 secundum
2906 4864 3276 4936 confessionem
3301 4859 3545 4931 baptismi

1953 4985 2052 5024 non
2085 4976 2304 5023 tenetur.
2341 4962 2698 5020 Periculosum
2737 4960 2880 5016 nobis
2915 4957 3194 5013 admodum
3220 4965 3370 5025 atque
3394 4954 3552 5009 etiam

1945 5060 2232 5117 miserabile
2254 5068 2346 5121 est.
2375 5067 2444 5113 tot
2475 5071 2612 5111 nunc
2637 5054 2766 5126 ﬁdes
2790 5053 3048 5118 exsistere,
3082 5057 3202 5119 quot
3225 5046 3554 5112 voluntates;

1947 5164 1995 5211 et
2021 5163 2090 5210 tot
2118 5153 2260 5208 nobis
2294 5150 2554 5206 doctrinas
2605 5163 2734 5211 esse,
2766 5155 2887 5216 quot
2932 5158 3142 5208 mores;
3181 5150 3228 5196 et
3269 5149 3339 5196 tot
3366 5156 3554 5195 causas

1951 5247 2391 5319 blasphemiarum
2417 5241 2696 5315 pullulare,
2740 5247 2861 5310 quot
2895 5238 3021 5292 vitia
3046 5244 3167 5291 sunt
3192 5251 3211 5291 :
3241 5243 3348 5289 tum
3369 5243 3458 5289 aut
3481 5234 3554 5288 ita

1953 5341 2081 5412 ﬁdes
2109 5340 2424 5404 scribuntur,
2455 5345 2514 5391 ut
2533 5335 2784 5399 volumus,
2809 5341 2896 5386 aut
2915 5331 3011 5392 ita.
3033 5338 3088 5385 ut
3111 5329 3372 5393 nolumus,
3397 5327 3554 5381 intel-

1958 5436 2206 5509 liguntur.
2227 5431 2396 5506 [και]
2433 5429 2496 5484 Et
2514 5444 2650 5495 cum,
2674 5425 2954 5483 secundum
2973 5439 3134 5478 unum
3150 5421 3312 5476 Deum
3332 5429 3381 5475 et
3395 5435 3557 5473 unum

1962 5528 2244 5584 Dominum
2273 5535 2321 5581 et
2342 5541 2502 5580 unum
2533 5523 2805 5594 baptisma,
2828 5521 2983 5575 etiam
3010 5518 3139 5588 ﬁdes
3170 5531 3276 5569 una
3300 5513 3386 5577 sit,
3415 5527 3559 5567 exce-

1962 5625 2131 5680 dimus
2154 5621 2220 5677 ab
2243 5637 2303 5677 ea
2319 5619 2442 5688 ﬁde,
2463 5634 2577 5691 qua:
2601 5618 2716 5674 sola
2745 5624 2818 5671 est
2840 5633 2859 5670 :
2897 5621 2942 5668 et
2966 5612 3090 5667 dum
3117 5610 3288 5680 plures
3312 5607 3462 5676 ﬁunt,
3490 5605 3560 5660 ad

1964 5718 2020 5774 id
2040 5725 2299 5790 creperum
2330 5730 2456 5781 esse,
2489 5729 2553 5768 ne
2581 5711 2690 5768 ulla
2715 5710 2818 5774 sit;
2860 5715 3093 5790 etnum.
3134 5701 3191 5771 5,
3228 5699 3317 5757 ubi
3345 5703 3561 5786 contrav

1967 5780 2261 5868 dictionum
2277 5808 2521 5879 exempla
2546 5803 2787 5875 subjiCit:
2808 5789 3009 5857 Conécii
3030 5799 3163 5855 enim
3182 5795 3348 5864 nobis,
3367 5780 3562 5866 inquiti
