3998 6332
404 216 509 275 115

1779 212 2323 273 ΡΒΟιΕϐυΗΙίΝΑ.

3603 213 3705 284 its

398 324 616 393 invicem
644 354 823 393 sunms
852 378 867 403 ,
915 335 1243 408 postnicteni
1270 340 1539 389 conventus
1566 332 1838 404 synodum,
1869 331 1999 388 nihil
2025 334 2081 401 Α
2103 350 2163 389 ac
2202 335 2325 406 ﬁdei
2352 336 2619 394 surcularis
2644 349 2819 396 amore
2836 342 3108 415 jactantiat
3134 357 3406 411 acceitsus,
3450 347 3710 402 nascentis

403 433 551 488 aliud
573 450 726 507 quam
754 432 909 503 fidem
928 430 1098 485 scribi.
1125 428 1263 484 Dum
1285 428 1339 483 in
1367 426 1529 483 verbis
1558 443 1735 500 pugna
1756 434 1852 493 est,
1881 425 2004 479 dum

404 525 471 580 de
498 525 802 579 novitatibus
825 523 1038 595 questio
1057 530 1151 588 est,
1176 520 1299 575 dum
1320 520 1384 575 de
1406 519 1657 593 ambiguis
1685 519 1883 575 occasio
1906 524 2001 585 est,

406 622 529 677 dum
556 620 621 677 de
637 618 933 676 auctoribus
960 619 1169 687 querela
1194 628 1292 685 est,
1316 618 1529 673 dum‘de
1546 617 1729 672 studiis
1750 624 2004 671 certamen

388 723 503 779 'est,
541 714 667 768 dum
701 714 757 768 in
791 728 1039 769 consensu
1073 711 1344 784 diﬁcultas
1382 719 1480 775 est,
1522 708 1647 764 dum
1685 707 1818 764 alter
1859 708 2007 764 alteri

408 806 681 863 anathema
709 822 818 863 esse
845 807 995 877 cmpit
1019 822 1037 860 :
1066 821 1226 879 prape
1240 807 1357 879 jam
1381 819 1527 859 nemo
1556 801 1748 858 Christi
1778 812 1873 857 est.
1908 798 2004 855 In-

407 909 543 957 certo
564 900 699 956 enim
721 900 1077 957 doctrinarum
1102 908 1250 954 vento
1272 912 1516 969 uagantur
1537 913 1557 951 :
1585 905 1631 951 et
1651 905 1743 950 aut
1767 894 1891 950 dum
1914 895 2009 950 do-

408 1006 602 1058 cemus,
628 991 993 1065 perturbamus
1016 1007 1036 1057 ;
1063 1000 1152 1046 aut
1173 990 1298 1046 dum
1318 990 1580 1055 docemur,
1603 1005 1856 1043 erramus.
1885 986 2010 1045 laus

408 1101 526 1142 vero
550 1087 772 1157 proximi
795 1086 921 1143 anni
941 1085 1092 1156 fides,
1115 1085 1238 1155 quid
1258 1086 1374 1158 jam
1401 1084 1466 1138 de
1494 1083 1848 1139 immutatione
1875 1084 1929 1138 in
1954 1099 2009 1138 se

412 1180 589 1236 habet?
609 1181 871 1250 Primum,
893 1198 1008 1253 qua:
1027 1182 1329 1238 homousion
1351 1180 1579 1237 decernit
1599 1178 1778 1235 taceri:
1798 1194 2012 1250 sequens

410 1290 638 1342 rursum,
665 1289 779 1345 qua:
808 1274 1109 1329 Itomousion
1138 1273 1392 1337 decernit,
1416 1283 1465 1329 et
1485 1270 1735 1343 predicat
1758 1285 1777 1325 :
1803 1273 2011 1326 tertium

411 1366 675 1439 deinceps,
714 1384 828 1439 quas
867 1368 1030 1424 asiam
1067 1367 1369 1436 simpliciter
1403 1384 1437 1422 a
1481 1364 1722 1421 Patribus
1758 1380 2011 1436 prauum-

413 1468 576 1530 ptam,
619 1477 707 1528 per
732 1460 1104 1532 indulgentiam
1133 1469 1376 1515 excusat:
1411 1466 1724 1530 postremum
1750 1465 2011 1529 quartum,

412 1570 529 1625 qua:
550 1570 652 1608 non
674 1562 900 1617 excusat,
933 1551 1023 1606 sed
1048 1551 1373 1607 condemnat.
1413 1549 1485 1605 Et
1517 1556 1637 1619 post
1661 1563 1828 1620 pauca
1856 1565 1869 1601 :
1909 1548 2017 1602 An-

410 1667 544 1706 nuas
569 1659 720 1719 atque
743 1657 1027 1706 menstruas
1055 1646 1215 1720 (adeo
1238 1644 1549 1716 frequenter
1572 1642 1937 1709 mutabantur,
1962 1652 2019 1698 et

2106 423 2206 483 Dei
2246 427 2309 483 de
2355 427 2461 495 Deo
2502 429 2834 504 Spiritusqne
2868 435 3034 488 sancti
3063 434 3468 495 inaestimabilem
3510 437 3711 493 incom-

2106 518 2597 590 preltettsibiientque
2637 524 2920 581 diuinitatis
2946 528 3367 598 perpetuitatem,
3399 532 3523 602 jure
3551 531 3669 597 ipso
3688 571 3704 597 ,

2105 627 2206 681 quo
2232 628 2293 668 ex
2316 630 2370 668 se
2395 624 2486 681 est,
2518 617 2832 688 argumentis
2860 634 3062 690 cogere,
3084 621 3401 688 examinare,
3426 622 3614 687 metiri,
3644 638 3710 676 ac

2107 705 2394 761 discernere
2422 723 2571 777 posse
2600 710 2958 778 prtesumebat.
2992 710 3127 768 Ilnic
3162 726 3316 784 ergo,
3348 712 3474 771 licet
3502 715 3711 772 fortas-
3736 740 3743 745 ·

2106 796 2185 853 sis
2211 812 2318 855 non
2350 799 2489 856 mala
2520 809 2703 858 mente
2733 802 2873 859 hanc
2895 803 3321 873 disputationem
3349 808 3571 878 aggredi
3600 810 3715 866 vela-

2108 889 2204 957 let,
2238 898 2296 947 nt
2325 891 2394 946 ab
2422 890 2591 949 hocce
2617 895 2836 951 curioso
2865 895 3048 952 studio
3075 909 3363 966 avocant,
3410 901 3715 969 periculum

2107 982 2374 1054 ejusmodi
2415 986 2836 1058 disputationum
2864 1001 2990 1046 ante
3025 992 3213 1048 oculos
3256 992 3438 1064 posuit
3474 1005 3571 1053 :et
3611 997 3717 1053 liae

2111 1080 2396 1137 occasione
2418 1089 2682 1166 tractatus
2710 1082 2836 1139 lidei
2860 1120 2875 1151 ,
2907 1084 3000 1155 qui
3043 1086 3312 1144 similibus
3339 1089 3718 1146 ratiocinatio-

2112 1174 2273 1231 nibus
2302 1174 2369 1230 ab
2397 1174 2615 1231 Arionis
2642 1176 2698 1233 in
2734 1177 2853 1233 dies
2877 1176 3202 1245 edebantur,
3234 1180 3286 1235 in
3331 1181 3587 1239 invidiam
3616 1198 3716 1239 ro-

2113 1275 2235 1333 cat;
2268 1266 2466 1339 quippe
2493 1269 2585 1338 qui
2617 1268 2777 1325 iidem
2800 1311 2814 1334 ,
2862 1286 3022 1343 quam
3058 1271 3430 1342 explicandam
3468 1282 3526 1330 et
3552 1288 3722 1346 argu-

2115 1361 2314 1417 mentis
2342 1363 2769 1420 confirmandam
2805 1365 2908 1421 sibi
2946 1372 3312 1436 sumpserant,
3350 1364 3637 1425 discidisse
3662 1377 3725 1426 et

2116 1451 2453 1508 destruxisse
2490 1454 2973 1513 convincebantur.
3016 1457 3076 1513 in
3117 1456 3256 1513 hanc
3291 1439 3728 1516 rem'credttlila-

2118 1553 2239 1613 lem,
2278 1561 2377 1603 seu
2412 1545 2572 1604 ﬁdem
2602 1549 2902 1619 simplicem
2931 1567 3043 1622 prie
3076 1552 3262 1609 subtili
3290 1552 3537 1612 doctrina
3563 1568 3726 1611 com-

2123 1637 2370 1705 mendat,
2401 1640 2547 1710 quod
2583 1654 2645 1697 ea
2674 1658 2778 1699 una
2808 1645 3100 1700 universim
3130 1648 3436 1707 necessaria
3472 1649 3572 1716 sit,
3607 1652 3730 1707 itare

417 1757 573 1798 nova:
618 1739 849 1797 subinde
894 1735 1230 1808 edebantur)
1273 1736 1335 1790 de
1374 1734 1484 1792 Deo
1514 1736 1642 1805 ﬁdes
1672 1735 2014 1803 decernimus,
2048 1736 2097 1798 B
2123 1743 2301 1789 autem
2334 1738 2770 1807 praesumptionis
2800 1747 2857 1795 et
2884 1739 3109 1810 periculi
3137 1741 3318 1813 plena;
3351 1742 3496 1799 unde
3522 1744 3598 1800 ait
3624 1752 3732 1800 tiu-

414 1824 629 1890 decretis
667 1836 990 1904 pmnitemus,
1036 1832 1335 1901 praenitentes
1382 1828 1733 1901 defendimus,
1781 1829 2021 1901 defensos

417 1926 912 1985 anathematizamus
935 1944 957 1995 ;
995 1935 1085 1981 aut
1109 1926 1163 1981 in
1192 1925 1382 1981 nostris
1423 1924 1616 1989 aliena,
1646 1934 1735 1978 aut
1767 1924 1821 1978 in
1839 1923 2024 1978 alienis

413 2031 591 2077 nostra
616 2020 965 2085 damnamus;
1006 2027 1053 2074 et
1083 2016 1374 2072 mordentes
1412 2017 1646 2079 invicem,
1666 2016 1785 2087 jam
1809 2030 2011 2070 assum-

420 2116 496 2188 pti
523 2130 701 2171 sumus
736 2113 799 2168 ab
829 2113 1068 2169 inuicem.
1119 2111 1286 2167 Erant
1312 2112 1508 2182 quippe
1538 2113 1717 2181 plures
1746 2109 1869 2166 ildci
1911 2110 2023 2167 for-

420 2207 606 2274 mulae,
650 2215 760 2261 tum
807 2204 974 2260 variis
1008 2204 1337 2262 Arianorum
1380 2215 1436 2260 et
1471 2201 1935 2260 Setniarianorum
1969 2204 2024 2259 in

425 2300 652 2375 synodis
680 2298 875 2368 editas,
920 2311 1028 2355 tum
1071 2313 1190 2368 quae
1236 2313 1265 2352 a
1309 2296 1627 2370 quibusdam
1658 2296 1929 2369 episcopis
1971 2299 2024 2357 in

422 2408 537 2449 sua:
562 2401 727 2449 sectte
756 2390 1125 2448 defensionem
1156 2387 1656 2461 promulgabantur.
1691 2388 1818 2445 Haec
1845 2390 2028 2461 itaque

423 2495 550 2541 sunt
573 2485 648 2540 illi
665 2484 813 2540 multi
833 2490 1103 2551 tractatus,
1128 2482 1303 2539 multa:
1322 2481 1473 2551 ﬁdes,
1493 2491 1540 2537 et
1562 2481 1769 2552 quidem
1790 2481 2023 2550 novellae,

421 2590 469 2635 et
495 2580 602 2635 litis
629 2578 802 2633 labore
827 2587 870 2632 et
896 2575 1074 2648 favore
1093 2577 1320 2642 nutritae,
1351 2590 1485 2649 quas
1515 2575 1573 2634 S.
1607 2575 1756 2633 Zeno
1785 2591 2029 2634 comme-

430 2679 608 2729 morat
653 2680 863 2729 tractat.
889 2687 903 2727 ι
933 2671 1025 2727 lib.
1056 2687 1094 2739 t,
1120 2686 1270 2728 num.
1304 2671 1358 2726 ὅ.
1721 2716 1731 2721 -

500 2764 556 2820 ln
585 2765 666 2821 Itis
691 2775 876 2822 autem
906 2775 1107 2836 quanta
1127 2764 1422 2821 subtilitate
1454 2762 1679 2836 ingenii,
1715 2774 2029 2839 quantaque

427 2858 956 2929 argumentationum
997 2856 1051 2914 vi
1088 2867 1370 2917 uteremur
1409 2858 1648 2914 lncretici
1677 2873 1875 2930 magno
1903 2875 2029 2916 cum

427 2949 725 3019 legentium
768 2948 1043 3029 periculo,
1086 2959 1234 3021 patet
1274 2966 1345 3007 ex
1380 2950 1657 3007 Athanasii
1695 2951 1924 3022 epistola
1963 2952 2030 3009 ad

429 3047 727 3116 Episcopus
753 3044 979 3119 [Egypti
1013 3056 1067 3102 et
1090 3045 1276 3119 Libya:
1311 3062 1433 3118 pag.
1466 3047 1572 3103 278
1596 3089 1609 3112 .
1640 3061 1789 3103 num.
1823 3047 1894 3116 8,
1939 3048 2029 3104 ubi

2127 1840 2264 1882 mer.
2298 1827 2322 1881 i
2354 1845 2368 1882 :
2400 1826 2883 1900 Manifestissimum
2912 1841 3062 1897 puto;
3083 1832 3236 1887 nimis
3261 1843 3432 1889 astuto
3469 1851 3577 1892 esse
3602 1837 3733 1890 sim—

2127 1919 2313 1989 plicem
2350 1920 2614 1977 meliorem
2654 1939 2674 1977 :
2716 1926 2837 1992 quia
2882 1926 3104 1995 simplex
3149 1927 3385 1984 omnibus
3423 1927 3523 1985 Dei
3565 1931 3737 1987 verbis

2127 2012 2430 2081 simpliciter
2456 2013 2657 2081 credit;
2682 2025 2885 2072 astutus
2913 2026 3084 2073 autem
3112 2019 3274 2074 nimia
3300 2021 3555 2093 sapientia
3586 2024 3739 2095 infa-

2129 2112 2339 2171 tuatus,
2380 2105 2796 2177 inquisitionibus
2836 2111 2980 2165 vanis
3022 2122 3179 2166 semet
3220 2113 3393 2183 ipsum
3431 2118 3731 2186 confluit.

2127 2195 2245 2253 Non
2275 2198 2457 2271 itaque
2482 2199 2785 2272 simplicem
2828 2202 3186 2262 didascalism
3220 2205 3344 2264 ﬁdei
3371 2207 3430 2265 S.
3452 2207 3598 2266 Zeno
3624 2209 3737 2266 huc

2129 2288 2249 2345 loco
2277 2289 2661 2363 reprehendit,
2693 2309 2855 2366 quam
2902 2312 3007 2352 non
3040 2308 3199 2369 negat
3237 2300 3638 2368 necessariam,
3675 2311 3739 2360 ut

2128 2382 2251 2452 quis
2275 2382 2411 2438 sciet
2432 2424 2448 2451 ,
2476 2384 2738 2456 quidquid
2762 2387 2988 2445 credere
3011 2389 3208 2457 debet;
3239 2392 3334 2447 sed
3357 2402 3578 2464 argutas
3604 2393 3736 2452 ildei

2129 2472 2546 2546 disputationes,
2566 2495 2699 2551 quas
2719 2490 2893 2547 vocat,
2913 2498 3012 2539 seu
3032 2484 3258 2541 nimium
3283 2486 3335 2541 in
3356 2486 3459 2543 [ide
3488 2486 3566 2560 [c]
3604 2502 3739 2545 acu-

2130 2581 2278 2637 men,
2306 2570 2695 2636 curiositatem.
2721 2572 3152 2647 dialecticenque
3176 2576 3440 2649 pluribus,
3456 2581 3734 2649 peruiae-

2130 2676 2246 2719 sam
2277 2662 2430 2720 unice
2459 2665 2826 2724 condemnat:
2860 2667 3158 2741 Disputatio
3184 2672 3351 2740 enim,
3381 2674 3558 2746 inquit
3586 2690 3641 2731 ιι.
3671 2676 3733 2743 2,

2129 2758 2261 2812 sicut
2289 2759 2472 2815 excolit
2500 2760 2654 2828 ﬁdem
2672 2779 2693 2828 ;
2713 2763 2808 2828 ita,
2835 2764 2882 2818 si
2911 2775 3113 2820 uersuta
3139 2767 3238 2833 sit,
3269 2767 3499 2823 eradicet
3528 2769 3690 2840 fidem
3717 2802 3735 2838 δ

2133 2850 2269 2906 utin
2295 2850 2619 2908 Arianorum
2642 2853 3099 2925 disputationibus
3114 2868 3277 2931 atque
3296 2862 3611 2918 tractatibus
3636 2880 3736 2919 ex-

2132 2945 2393 3012 perientia
2423 2946 2670 3002 docebat.
2713 2947 2897 3021 Itaque
2936 2952 3131 3007 similia
3150 2994 3167 3021 ,
3197 2967 3262 3008 ac
3287 2953 3379 3009 alii
3409 2957 3621 3025 Patres,
3668 2958 3734 3016 8.

2135 3034 2284 3092 Zeno
2315 3037 2533 3094 tradidit
2558 3040 2673 3096 sive
2699 3040 2801 3096 hoc
2825 3058 3079 3101 sermone
3100 3047 3124 3101 l
3151 3046 3216 3101 de
3239 3044 3394 3114 Fide,
3415 3064 3575 3119 quem
3604 3050 3747 3108 lutc-

428 3138 728 3195 catholicos
757 3140 823 3194 ab
851 3138 1115 3210 ejusmodi
1143 3140 1469 3209 scriptorum
1496 3138 1728 3196 lectione
1757 3138 2035 3197 deterrere
2061 3126 2109 3192 C
2141 3142 2298 3188 tenus
2322 3136 2668 3193 commentati
2694 3152 2901 3202 sumus,
2935 3138 3049 3194 sive
3078 3141 3232 3208 alibi.
3264 3150 3319 3198 et
3344 3144 3588 3215 pluribus
3613 3148 3743 3217 qui-

430 3242 658 3289 conatur
695 3229 778 3288 his
818 3232 999 3289 verbis
1026 3249 1040 3288 :
1083 3230 1226 3286 Nam
1253 3232 1456 3287 etiamsi
1479 3248 1624 3288 uoces
1655 3248 1720 3288 ea:
1745 3231 2032 3305 Scripturis

429 3335 748 3390 mutuentur,
772 3325 1046 3382 scribentes
1077 3324 1412 3382 nihilominus
1440 3326 1692 3395 repellite,
1716 3328 1832 3381 licet
1857 3327 2033 3381 ortho-

430 3421 582 3476 doxte
608 3421 732 3491 ﬁdei
762 3419 911 3475 verba
951 3420 1288 3491 protulerint,
1331 3437 1421 3475 nec
1464 3420 1536 3476 sic
1572 3420 1831 3490 loquentes
1870 3421 2033 3474 velitis

426 3512 709 3568 attendere.
756 3510 865 3566 Nec
910 3513 1064 3566 etiam
1105 3522 1245 3567 recta
1283 3521 1446 3568 mente
1475 3512 1774 3583 loquuntur,
1818 3513 1908 3566 sed
1952 3513 2035 3566 his

432 3604 599 3658 verbis
626 3603 761 3659 velut
792 3605 960 3657 ovium
1002 3604 1138 3674 pelle
1172 3604 1373 3672 induti,
1414 3605 1554 3659 intus
1582 3606 1759 3661 eadem
1790 3621 1849 3660 ac
1878 3604 2035 3659 Arius

430 3696 774 3751 sentiunt.....
805 3692 989 3767 Itaque
1022 3696 1065 3751 si
1091 3712 1206 3767 quas
1230 3696 1523 3762 scriberent,
1551 3714 1614 3752 ea
1640 3697 1915 3753 scriberent
1945 3713 2034 3753 or-

437 3786 685 3853 thodoxi,
707 3795 764 3840 ut
800 3802 1015 3857 magnus
1042 3785 1255 3852 Hosius,
1295 3799 1401 3843 etc.
1435 3789 1597 3857 (alios
1625 3788 1918 3845 catholicos
1953 3804 2037 3843 rc-

434 3878 815 3953 censct).......
847 3883 906 3936 εἰ
941 3881 1020 3937 illi
1049 3880 1282 3955 (Ariani)
1316 3882 1397 3936 his
1423 3880 1750 3955 (catholicis)
1772 3890 1937 3936 essent
1964 3881 2035 3935 si-

432 3977 604 4041 miles,
638 3976 813 4034 nullus
842 3978 1072 4049 profecto
1094 3976 1145 4030 in
1166 3976 1375 4035 illorum
1398 3976 1604 4046 scriptis
1626 3985 1755 4032 esset
1785 3976 2039 4045 suspicio-

435 4069 515 4124 nis
540 4070 683 4125 lacus
707 4085 727 4125 :
754 4070 974 4137 simplex
994 4068 1130 4127 enim
1149 4085 1211 4123 ac
1237 4069 1518 4125 candidum
1544 4078 1621 4124 est
1652 4068 1875 4124 virorum
1899 4070 2038 4138 Apo-

432 4164 737 4219 stolicorum
766 4164 1050 4235 ingenium.
1084 4163 1150 4218 Et
1175 4178 1399 4218 numero
1424 4163 1456 4218 9
1489 4179 1503 4217 :
1540 4162 1675 4230 Quia
1700 4177 1818 4221 vero
1847 4163 2040 4234 scripta

433 4266 669 4312 auctores
685 4273 771 4312 eos
791 4257 995 4326 habent,
1016 4257 1103 4329 qui
1121 4273 1214 4329 pro
1235 4255 1612 4330 propugnanda
1633 4257 1840 4313 hteresis
1882 4273 2040 4313 causa

432 4350 666 4407 mercede
701 4360 820 4407 sunt
864 4351 1274 4409 conducti.......
1303 4350 1653 4422 evigilandum
1683 4359 1730 4405 et
1758 4350 2039 4406 cavendum

430 4456 529 4514 est,
559 4451 867 4519 fratres...“
894 4463 959 4503 ne
984 4463 1084 4520 qua
1112 4449 1256 4520 fraus
1286 4462 1350 4501 ea;
1375 4446 1642 4502 uerborum
1672 4445 1927 4518 elegantia
1950 4462 2032 4502 asc

2136 3222 2260 3280 dem
2303 3224 2355 3280 in
2394 3225 2563 3289 locis,
2602 3243 2722 3299 quae
2744 3244 3068 3288 enumerare
3105 3233 3263 3289 nimis
3292 3246 3437 3292 esset
3480 3237 3736 3309 longum;

2135 3329 2257 3370 cum
2282 3317 2484 3373 scilicet
2516 3318 2840 3375 Arianorum
2874 3322 3123 3392 petulans
3148 3325 3422 3395 ingenium
3452 3342 3737 3394 coercere,

2136 3417 2194 3465 et
2221 3409 2440 3466 nimiam
2468 3427 2794 3469 arcanorum
2822 3415 2945 3471 fidei
2972 3416 3468 3490 im'estigandnrum
3500 3422 3735 3479 curiosi-

2140 3513 2303 3559 tatem
2340 3505 2636 3574 reprimere
2667 3506 2925 3571 studens.
2967 3510 3300 3571 credendum
3346 3513 3569 3584 quidem
3609 3530 3743 3573 esse

2137 3595 2338 3665 docuit,
2371 3599 2630 3671 quidquid
2672 3601 2740 3656 de
2785 3601 2907 3659 Filii
2952 3604 3235 3663 nativitate
3265 3608 3526 3676 traditur;
3560 3619 3616 3664 at
3647 3627 3747 3665 ar-

2137 3696 2600 3764 gumentationibus
2640 3699 2781 3753 vanis
2816 3701 3020 3769 opinari
3061 3703 3208 3770 uelle,
3242 3717 3344 3758 non
3375 3706 3611 3770 colentis,
3644 3709 3742 3760 std

2139 3786 2393 3844 dementis
2437 3807 2544 3845 esse
2582 3791 2893 3850 affirmavit.
2939 3794 3071 3853 Vide
3111 3805 3266 3854 tract.
3315 3798 3349 3855 8
3384 3798 3477 3855 lib.
3516 3815 3590 3868 tt,
3636 3817 3742 3858 nu-

2138 3894 2293 3935 mero
2323 3882 2374 3935 l.

2210 3975 2364 4042 Quod
2396 3977 2440 4032 si
2471 3975 2531 4033 S.
2559 3977 2707 4035 Zeno
2734 3988 2891 4037 tract.
2926 3980 3050 4038 ﬁdei
3077 3997 3106 4037 ι
3137 3984 3422 4042 catholicis
3448 3987 3611 4044 etiam
3640 3986 3745 4043 bo-

2140 4068 2375 4125 minibus
2404 4071 2566 4127 scribi
2602 4072 2920 4129 adversatus
2944 4089 3071 4131 vere
3097 4076 3212 4145 fuit,
3258 4077 3423 4147 iecit,
3451 4080 3595 4151 quod
3631 4095 3747 4135 ca:-

2142 4161 2243 4217 teri
2271 4162 2645 4220 Occidentales
2676 4164 2952 4222 faciebant
2974 4168 3216 4239 episcopi
3240 4211 3256 4237 ,
3289 4172 3379 4242 qui
3417 4172 3641 4241 proinde
3667 4173 3746 4228 de

2140 4253 2505 4312 Orientalibus
2533 4272 2639 4313 non
2672 4260 2809 4313 bene
2836 4259 3144 4316 sentiebant
3170 4300 3187 4329 ,
3218 4275 3340 4317 cum
3374 4261 3443 4318 de
3472 4262 3596 4319 ﬁdei
3630 4267 3745 4319 Ior-

2142 4350 2302 4404 mulis
2323 4365 2417 4406 seu
2440 4351 2756 4408 tractatibus
2783 4368 2880 4423 per
2906 4353 3129 4410 eosdem
3155 4355 3316 4412 editis
3339 4356 3581 4413 auditum
3614 4356 3739 4413 fuit.

2141 4440 2280 4497 Hinc
2306 4441 2363 4499 S.
2401 4443 2636 4501 llilarius
2668 4452 2724 4502 ttt
2750 4444 3050 4502 catholicos
3075 4446 3387 4506 Orientales
3414 4448 3745 4509 Occidenta-

433 4516 662 4611 tutiaque
697 4540 911 4596 oriatur.
941 4516 1090 4599 Hanc
1112 4516 1443 4599 Arianorum
1480 4541 1532 4595 in
1564 4539 1726 4596 rebus
1753 4516 1879 4596 fidei
1915 4556 2035 4612 per—
2058 4516 2112 4579 D
2142 4534 2284 4591 libus
2317 4549 2381 4590 ea
2405 4535 2473 4591 de
2504 4552 2562 4593 re
2589 4537 2879 4609 indignans
2903 4540 3243 4609 conciliaret,
3282 4557 3469 4598 eorum
3498 4554 3743 4602 mentem

433 4648 623 4705 perant
657 4633 1149 4707 philosophantium
1182 4634 1533 4690 calliditatem
1565 4633 1656 4690 alii
1689 4649 1904 4706 quoque
1933 4634 2035 4690 Pa-

435 4737 548 4784 tres
573 4735 862 4785 testantur.
897 4728 1027 4784 Vide
1051 4728 1201 4800 plura
1232 4727 1480 4801 Gregorii
1504 4728 1773 4801 Nysszeni,
1805 4728 2035 4785 Nazian-

435 4821 580 4890 zeni,
611 4820 815 4883 Basilii.
854 4821 1159 4892 Epipltanii,
1190 4820 1455 4887 Faustini,
1485 4819 1697 4893 Cyrilli,
1720 4831 1776 4878 et
1801 4823 2033 4891 Ambro-

434 4915 503 4973 sii
550 4918 859 4973 testimonia
902 4933 933 4973 a
983 4917 1201 4974 Petavio
1245 4916 1474 4974 collecta
1523 4918 1578 4973 in
1629 4916 2035 4989 Prolegomenis

435 5022 558 5077 cap.
595 5008 631 5065 5
651 5049 667 5076 ,
699 5025 727 5064 a
758 5025 910 5067 num.
943 5009 998 5066 ὅ.
1042 5009 1190 5066 lianc
1220 5023 1353 5067 vero
1389 5008 1737 5080 sophisticam
1768 5012 2037 5071 callidita-

437 5109 547 5157 tem
590 5111 645 5158 et
689 5102 978 5158 humanam
1021 5112 1463 5174 argumentorum
1518 5103 1988 5163 ratiocinationem
2017 5147 2033 5173 ,

433 5208 557 5265 qum
596 5193 827 5249 Arianos
873 5197 926 5251 in
975 5204 1050 5251 tot
1090 5211 1305 5253 errores
1335 5196 1741 5275 sententiasque
1769 5196 2037 5255 distraxe—

436 5294 539 5351 rat,
577 5294 761 5356 utpote
791 5284 1012 5355 periculi
1053 5286 1267 5359 plenam
1300 5286 1547 5344 catholici
1580 5288 1768 5345 Patres
1800 5289 2033 5347 maxime

432 5377 745 5451 fugiendam
798 5389 1056 5449 putarunt
1102 5398 1120 5440 :
1171 5392 1228 5438 et
1278 5381 1403 5438 hinc
1448 5381 1560 5452 iam
1607 5390 1777 5465 patet,
1819 5381 1948 5453 quid
1977 5381 2031 5439 in

435 5487 596 5529 causa
646 5470 842 5537 fuerit,
886 5486 984 5528 cur
1019 5472 1074 5529 S.
1119 5471 1266 5529 Zeno
1304 5472 1427 5529 fidei
1474 5480 1730 5530 tractatus
1761 5474 1879 5531 ﬁeri
1909 5489 2034 5546 pro-

436 5567 670 5623 Μίδαι-γι.
710 5564 896 5622 Frater
934 5566 1057 5636 ille,
1097 5584 1258 5638 quem
1301 5577 1530 5625 tractatu
1567 5571 1590 5626 i
1626 5569 1937 5640 alloquitur,
1986 5570 2035 5627 is

438 5669 582 5726 erat,
615 5660 706 5732 qui
736 5661 906 5733 ipsum
934 5662 1126 5733 fontem
1155 5661 1437 5716 diuinitatis
1466 5660 1837 5735 philosOphicis
1864 5678 2035 5733 argu-

439 5755 622 5819 mentis
646 5757 920 5823 exhaurire
939 5757 1241 5825 conabatur,
1276 5772 1422 5827 num.
1453 5758 1518 5831 ὃς
1540 5758 1626 5842 qui
1646 5757 1739 5814 sub
1769 5772 1893 5814 sono
1914 5756 2038 5842 legis

2143 4628 2540 4700 consiliumque
2576 4646 2640 4686 ex
2672 4633 2998 4688 necessitate
3039 4649 3270 4707 purgare
3308 4637 3510 4694 studuit
3553 4639 3608 4694 in
3637 4640 3739 4697 lib.

2141 4720 2210 4779 de
2238 4721 2471 4795 Synodis
2508 4723 2575 4779 ad
2606 4725 2894 4794 episcopos
2923 4724 3110 4784 Gallia:
3139 4745 3290 4785 num.
3320 4730 3392 4788 63
3422 4749 3436 4785 :
3468 4731 3619 4788 Nihil
3643 4750 3746 4788 au-

2139 4829 2238 4877 tem
2260 4822 2450 4874 mirum
2479 4819 2640 4875 videri
2665 4821 2805 4876 vobis
2830 4822 2994 4887 debet,
3022 4820 3237 4879 Fratres
3265 4824 3574 4890 charissimi.
3599 4831 3746 4899 quod

2140 4922 2244 4969 tam
2275 4917 2566 4986 frequenter
2590 4916 2777 4984 exponi
2814 4916 2942 4986 ﬁdes
2976 4928 3156 4987 coepta:
3183 4928 3302 4974 sunt
3333 4935 3353 4974 :
3387 4923 3745 4977 necessitatem

2139 5008 2272 5062 hanc
2300 5011 2448 5080 furor
2475 5007 2742 5063 hereticus
2771 5009 3008 5078 impertit.
3042 5009 3110 5066 Et
3140 5026 3261 5066 mox
3295 5013 3313 5068 Ξ
3348 5013 3511 5084 Atque
3539 5015 3744 5070 utinam

2136 5101 2337 5171 penitus
2371 5100 2658 5156 nescirent!
2700 5116 2816 5155 cum
2851 5104 3156 5173 procliviore
3184 5105 3316 5158 enim
3346 5107 3495 5160 uenia
3526 5107 3748 5178 ignora-

2135 5202 2266 5260 rent,
2302 5207 2453 5262 quam
2483 5191 2838 5249 obtrectarent.
2878 5193 2985 5250 Sed
3020 5194 3211 5250 horum
3241 5195 3619 5268 Episcoporunt
3644 5199 3749 5253 do-

2137 5284 2218 5340 lor
2238 5301 2292 5340 se
2320 5286 2453 5339 intra
2476 5285 2736 5341 silentiam
2760 5302 2862 5342 non
2884 5288 3147 5344 continens
3172 5329 3187 5356 ,
3211 5290 3460 5346 unitatem
3490 5291 3610 5361 ﬁdei
3640 5293 3747 5348 Iut-

2130 5383 2225 5454 jus
2257 5381 2471 5451 quierit,
2507 5396 2622 5453 qua
2644 5383 2759 5452 jant
2792 5382 2989 5453 pridem
3012 5399 3102 5453 per
3130 5382 3259 5438 alios
3286 5385 3480 5440 amisit.
3518 5384 3745 5443 Interim

2140 5480 2319 5529 tamen
2349 5472 2497 5543 ipsos
2527 5473 2837 5529 Gallicanos
2872 5474 3158 5547 episcopos
3194 5479 3571 5548 commendat,
3601 5490 3744 5536 tam-

2140 5578 2299 5634 quam
2340 5564 2512 5619 beatos
2545 5566 2599 5618 in
2630 5564 2852 5639 Domino
2881 5575 2929 5622 et
2958 5567 3231 5639 gloriosos,
3273 5569 3384 5640 qui,
3404 5571 3510 5638 ,eit,
3538 5573 3745 5643 perfec-

2142 5664 2244 5710 tam
2291 5666 2442 5726 atque
2477 5656 2828 5728 Apostolicatn
2868 5659 3025 5731 ﬁdem
3065 5663 3388 5719 conscientia:
3417 5664 3748 5737 professione

2142 5755 2436 5824 retinentes,
2466 5754 2782 5836 conscriptas
2808 5753 2936 5837 ﬁdes
2965 5755 3065 5832 huc
3089 5773 3249 5848 usque
3267 5760 3474 5843 nescitis
3507 5760 3745 5837 :quibqs
