3952 6320
128 271 243 326 117

1088 262 1532 322 DISSERTATIO
1571 262 1636 330 ll,
1687 260 1774 318 DE
1812 261 1870 317 S.
1916 260 2072 318 ΖΕΝ.
2110 259 2478 318 DOCTRINA.

3349 264 3450 321 118

123 384 378 441 Zenonis
404 401 561 442 mens
578 384 1013 442 Oet-identalibus
1031 383 1354 447 communis,
1377 391 1431 437 et
1454 381 1552 452 ipsi
1577 380 1738 436 etiam
1769 382 1815 440 A
1845 377 2002 450 longa
2031 379 2383 436 excusatione
2410 379 2776 451 arripiendam
2809 379 2997 449 duxit;
3025 381 3152 456 quia
3174 383 3286 455 jam
3320 383 3448 441 hinc

126 477 349 540 Hilario
392 494 492 551 pro
517 479 885 537 Orientalibus
921 478 1207 536 disserenti
1247 475 1621 533 commendata
1649 490 1740 531 co-

126 574 444 642 gnoscitur.

210 663 422 720 Verum
453 663 762 736 displicebit
791 663 1040 730 fortasse,
1082 662 1224 734 quod
1262 661 1362 717 sub
1385 660 1546 716 linem
1575 669 1642 715 tr.
1677 659 1742 716 de

133 755 280 812 Fide
305 757 630 826 inculcatur,
663 757 750 814 ubi
776 773 884 815 non
913 757 1074 813 modo
1103 758 1405 813 universam
1431 755 1739 811 divinorum

130 853 526 923 mysteriorum
555 851 1026 924 investigationem
1054 851 1601 922 disputationemque,
1645 848 1740 904 sed

130 944 313 1014 ipsam
345 947 544 1015 pariter
579 945 797 1000 illorum
833 945 1095 1000 adversus
1140 944 1423 999 haereticos
1469 939 1741 997 defensio-

132 1051 267 1090 nem
297 1035 602 1106 improbare
632 1037 865 1092 videtur.
894 1036 1171 1106 Disputare
1195 1035 1382 1090 devita.
1415 1032 1584 1106 Negat
1605 1050 1738 1104 quo-

129 1132 260 1182 dam
289 1129 440 1183 modo
463 1129 632 1184 Deum
654 1171 669 1197 ,
705 1129 934 1202 quisquis
963 1130 1154 1184 adserit
1182 1128 1274 1200 (id
1301 1138 1384 1183 est
1416 1127 1648 1182 vindicat
1685 1138 1740 1182 et

130 1220 404 1293 defendit)
430 1220 591 1276 Deum
619 1238 638 1276 :
663 1223 892 1293 defensio
921 1221 1056 1276 enim
1082 1236 1184 1274 non
1207 1220 1305 1274 nisi
1331 1219 1569 1274 imbecilli
1599 1234 1736 1290 pra:-

128 1325 323 1371 statar.
350 1314 547 1371 Verum
592 1314 680 1371 hic
728 1330 834 1370 non
861 1315 1021 1370 aliam
1051 1313 1420 1369 defensionem
1445 1312 1738 1384 reprehen-

128 1411 248 1476 dit,
287 1425 447 1482 quam
479 1425 599 1482 quae
630 1409 1025 1482 pliilosophicis
1060 1407 1393 1479 argumentis
1420 1407 1471 1461 in
1508 1405 1738 1461 Ariano-

131 1519 257 1558 rum
292 1502 556 1559 rationem
587 1503 674 1559 hic
704 1504 869 1558 frater
893 1502 1110 1573 aggredi
1144 1500 1358 1556 volebat
1391 1514 1549 1554 :eam
1584 1514 1733 1565 vero,

130 1614 257 1670 qum
305 1598 806 1654 ratiocinationibus
850 1596 1069 1652 omissis
1117 1605 1289 1651 totum
1340 1593 1612 1666 ingenium
1667 1590 1735 1646 ad

133 1691 510 1748 vindicandam
557 1689 757 1758 ﬁdem,
801 1697 855 1745 et
897 1688 1275 1744 auctoritatem
1325 1700 1532 1741 sacram
1564 1681 1735 1754 expli-

1847 488 1951 528 non
1978 471 2274 544 pervident,
2307 489 2415 545 quo
2437 473 2560 544 jure
2589 474 2648 530 S.
2680 474 2826 530 Zeno
2853 475 3078 533 fratrem
3113 491 3220 533 non
3251 493 3315 534 ea
3345 480 3451 533 uti-

1846 580 1953 634 que
1985 564 2334 632 necessitate,
2377 580 2482 636 qua
2523 565 2762 623 Hilarius
2785 568 3153 638 premebatur,
3183 569 3280 626 sed
3307 570 3447 640 sola,

1845 657 1921 713 uti
1950 664 2208 728 apparet,
2239 657 2556 713 curiositate
2585 655 2653 713 ad
2688 659 3074 729 disputandum
3114 661 3406 717 adductum
3429 704 3444 730 ,

1844 749 1912 804 ab
1939 747 2038 802 hac
2063 747 2354 818 scriptione
2381 748 2664 805 deterrere
2693 758 2751 805 et
2775 761 3026 810 avertere
3063 762 3291 810 conatus
3318 763 3402 810 est
3428 772 3444 822 ;

1844 858 1950 898 non
1983 841 2126 913 quod
2149 857 2278 899 vere
2304 842 2572 898 inlicitum
2596 856 2809 915 putaret
2847 846 2914 902 de
2947 849 3219 921 mysteriis
3247 849 3447 906 divinis

1843 950 1975 990 sana
2006 937 2272 990 sententia
2299 935 2590 1003 disserere,
2634 937 2729 992 sed
2767 939 2908 1009 qttod
2937 940 3257 1011 quotidiano
3288 943 3446 998 Aria-

1843 1045 2035 1085 norum
2064 1029 2439 1099 experimento
2468 1029 2717 1099 edoctus,
2759 1047 2827 1087 ex
2865 1032 3176 1104 huiusmodi
3202 1036 3444 1108 disiiuta-

1845 1121 2081 1177 tionibus
2109 1121 2379 1178 lnereseos
2405 1123 2747 1180 incurrendze
2781 1126 3086 1196 periculum
3113 1128 3441 1196 immineret;

1842 1220 1984 1292 quod
2021 1235 2182 1276 nemo
2212 1220 2449 1290 prudens
2481 1236 2546 1277 ne
2573 1220 2704 1277 dum
2735 1239 2842 1278 non
2877 1224 3313 1296 reprehenderit,
3347 1228 3443 1282 sed

1841 1315 2314 1371 commendatione
2355 1314 2534 1385 potius
2572 1315 2792 1387 dignum
2835 1317 3072 1388 putarit,
3119 1318 3204 1374 vel
3248 1334 3308 1374 ea
3359 1336 3446 1374 ra-

1843 1410 2011 1476 tione,
2033 1424 2193 1480 quam
2226 1407 2366 1464 idem
2394 1408 2450 1464 S.
2481 1407 2630 1464 Zeno
2653 1409 2895 1480 suggerit
2913 1426 3062 1465 num.
3090 1411 3146 1477 5,
3172 1411 3237 1465 sit
3255 1411 3446 1483 quippe

1841 1503 2000 1556 tutius
2031 1502 2323 1572 imperitum
2355 1501 2539 1564 uideri,
2579 1517 2734 1571 quam
2772 1518 2879 1557 esse
2911 1503 3246 1576 sacrilegum.
3288 1504 3441 1573 Quod

1839 1596 2055 1667 quidem
2097 1595 2380 1651 consilium
2409 1595 2571 1650 etiam
2603 1603 2725 1664 post
2763 1594 3044 1651 Zenonem
3089 1596 3278 1652 harum
3309 1612 3446 1668 quo-

1838 1705 1942 1760 que
1987 1689 2038 1744 in
2081 1689 2314 1760 partium
2364 1687 2650 1760 EpiscOpis
2698 1688 3021 1759 praestitisse
3061 1690 3441 1760 cognoscimus

127 1785 365 1842 condam
409 1783 769 1840 transferebat
791 1824 807 1848 ,
851 1796 1188 1853 nequaquam
1218 1778 1560 1850 reprobavit;
1608 1793 1729 1832 nam
1763 1786 1810 1847 B
1837 1798 1959 1838 eum
1991 1798 2054 1838 ex
2099 1781 2304 1847 multis,
2337 1789 2448 1834 tum
2478 1780 2781 1851 praesertim
2813 1796 2880 1836 ex
2909 1780 2967 1837 S.
2998 1779 3325 1847 Gaudentio,
3350 1782 3441 1851 qui

128 1895 288 1936 num.
315 1879 370 1945 5,
399 1880 473 1935 ait
501 1895 518 1936 :
551 1878 611 1935 Si
640 1878 873 1949 peritiam
905 1876 1032 1948 legis
1062 1872 1329 1930 ostendere
1355 1871 1520 1943 cupis,
1554 1870 1729 1924 lectio-

127 1990 259 2029 num
296 1972 468 2029 nubilo
496 1973 784 2028 disserena.
823 1970 966 2025 Doce
994 1985 1107 2024 eam
1128 1967 1224 2023 sibi
1253 1983 1356 2022 non
1378 1982 1486 2022 esse
1524 1976 1730 2020 contra-

125 2070 289 2123 riam.
323 2065 456 2122 Doce
473 2067 668 2134 omnia,
698 2080 814 2136 qua:
838 2065 1000 2132 canit,
1035 2080 1142 2118 esse
1167 2060 1441 2117 credenda.
1471 2059 1568 2115 Uni
1601 2073 1730 2116 auc-

128 2161 339 2217 toritati
371 2175 537 2216 sacrae
567 2160 620 2215 iu
655 2159 993 2224 tractatibus,
1021 2172 1154 2228 quos
1184 2155 1398 2228 probat,
1433 2154 1602 2210 voluit
1641 2154 1726 2210 iti-

126 2253 292 2319 sisti;
331 2261 384 2308 et
418 2251 593 2308 solum
626 2250 930 2322 repudiavit
973 2250 1439 2306 ratiocinationem
1488 2248 1726 2319 philoso-

129 2348 345 2418 pliicatn
377 2345 588 2402 Asianis
623 2347 903 2410 usitatam,
935 2359 1000 2400 ae
1035 2359 1281 2400 errorum
1316 2342 1550 2409 fontem;
1583 2357 1726 2412 qua',

131 2449 187 2496 ut
215 2440 406 2497 eadem
437 2439 490 2496 in
549 2455 713 2496 causa
743 2441 949 2495 notavit
973 2438 1298 2495 Ambrosius
1329 2435 1422 2491 lib.
1461 2437 1566 2490 ide
1595 2432 1730 2490 Fide

129 2548 254 2604 cap.
287 2532 350 2601 5,
385 2547 532 2588 num.
565 2533 636 2587 42
660 2573 674 2598 ,
707 2548 810 2587 non
835 2530 1136 2586 adstruendi
1161 2531 1262 2583 vim
1288 2528 1464 2597 habet,
1502 2527 1591 2584 sed
1621 2538 1730 2581 stu-

128 2630 278 2684 dittrn
305 2627 626 2682 destruendi.
665 2625 819 2694 Quod
856 2627 900 2682 si
939 2625 1003 2680 ad
1035 2625 1363 2680 Arianorum
1406 2623 1509 2678 tela
1541 2631 1728 2678 retun-

131 2723 306 2778 denda
337 2722 748 2778 ratiocinatione
774 2720 952 2791 aliqua
975 2719 1243 2774 subtiliori
1271 2720 1346 2774 uti
1379 2732 1515 2788 Opus
1545 2726 1724 2785 esset;

132 2818 220 2873 hic
259 2830 469 2888 quoque
528 2815 587 2872 Β.
629 2815 903 2871 Zenonem
965 2813 1186 2868 minime
1225 2811 1616 2867 adsentientem
1659 2826 1725 2866 ex

135 2910 358 2980 periculi
388 2919 534 2966 metu
564 2909 934 2965 inveniremus
969 2924 980 2960 :
1019 2922 1179 2977 quem
1211 2921 1344 2961 sane
1381 2916 1585 2961 metum
1623 2905 1725 2975 ipsi

137 3004 339 3060 llilario
365 3005 642 3061 incussum
673 3003 918 3058 videmus
945 3043 959 3067 ,
991 3016 1113 3057 cum
1143 3016 1206 3055 ea
1235 3000 1562 3055 necessitate
1591 2999 1724 3054 duc-

137 3107 253 3162 tus,
293 3097 431 3152 inter
473 3093 853 3152 Occidentales
895 3094 1102 3166 primus
1143 3092 1311 3147 libros
1353 3090 1422 3147 de
1461 3091 1727 3146 Trinitate

133 3187 460 3244 concinnare
501 3200 727 3245 coactus
761 3196 864 3243 est.
903 3185 1312 3256 Compellimur,
1346 3184 1518 3255 inquit
1551 3183 1643 3238 lib.
1685 3199 1723 3238 ιι
1753 3176 1798 3241 C

135 3282 203 3339 de
230 3283 402 3349 Trin.,
427 3298 578 3339 num.
601 3281 660 3347 2,
685 3282 1042 3336 hereticorum
1071 3278 1536 3351 blasphemantium
1563 3277 1717 3346 vitiis,

136 3375 329 3430 inlicita
356 3393 505 3450 agere
523 3417 538 3444 ,
576 3375 745 3431 ardua
771 3374 1018 3430 scandere
1039 3416 1054 3440 ,
1084 3371 1370 3440 ineffabilia
1401 3373 1604 3443 eloqui,
1636 3373 1721 3427 in-

134 3485 370 3525 concessa
411 3486 743 3542 praesumere.
791 3468 857 3523 Et
905 3485 1021 3523 cum
1058 3467 1169 3523 sola
1212 3465 1316 3536 ﬁde
1351 3468 1569 3537 expleri,
1611 3482 1724 3538 qua:

135 3575 384 3636 praecepta
411 3575 550 3634 sunt,
581 3574 871 3638 oporteret,
905 3566 1124 3620 adorare
1153 3565 1387 3620 videlicet
1417 3574 1461 3618 et
1492 3568 1724 3622 venerari

138 3676 250 3714 cum
285 3677 340 3716 eo
370 3660 591 3730 Filium,
621 3672 798 3716 sancto
826 3661 1028 3732 Spiritu
1041 3661 1328 3728 abundare;
1348 3662 1580 3732 cogimur
1615 3678 1724 3718 ser-

138 3755 298 3809 monis
337 3755 497 3809 nostri
540 3755 880 3810 humilitatem
926 3755 994 3809 ad
1038 3773 1132 3821 ea,
1187 3769 1306 3827 qua:
1353 3755 1726 3810 inenarrabilia

139 3856 284 3912 sunt,
313 3849 584 3903 extendere
602 3889 618 3915 ,
651 3858 699 3903 et
725 3850 779 3902 in
808 3848 990 3904 vitium
1013 3850 1133 3903 vitio
1158 3857 1477 3903 coarctamur
1506 3849 1673 3904 alieno
1706 3864 1724 3904 :

139 3951 192 3995 ut
210 3957 319 4012 quia
345 3943 594 3998 contineri
625 3943 876 4014 religione
905 3944 1152 3998 mentium
1181 3945 1548 4014 oportuissent,
1591 3960 1727 3999 nunc

140 4033 192 4086 in
222 4035 497 4102 periculum
528 4035 741 4089 humani
769 4035 956 4107 eloquii
985 4039 1334 4106 proferantur.
1362 4035 1426 4091 Et
1457 4051 1607 4091 num.
1643 4035 1676 4090 5
1709 4054 1723 4091 :

144 4125 334 4182 Horum
369 4129 525 4200 igitur
564 4128 846 4199 inﬁdelitas
888 4130 943 4182 in
981 4145 1170 4199 anceps
1214 4145 1306 4184 nos
1343 4145 1404 4183 ac
1445 4129 1726 4201 periculum

144 4221 405 4289 protrahit,
434 4233 491 4278 ut
519 4239 722 4280 necesse
750 4225 816 4279 sit
843 4224 906 4279 de
948 4226 1102 4280 tantis
1130 4243 1189 4280 ac
1215 4236 1317 4280 tam
1345 4226 1619 4280 reconditis
1639 4243 1724 4281 re-

145 4316 231 4368 bus
249 4315 438 4386 aliquid
464 4317 601 4372 ultra
630 4319 988 4391 prtescriptnm
1015 4317 1214 4373 caeleste
1237 4322 1582 4390 proferre.....
1617 4317 1724 4373 Int-

143 4425 355 4464 mensum
397 4422 470 4466 est
506 4421 700 4479 autem,
745 4413 882 4484 quod
929 4413 1169 4483 exigitur,
1218 4411 1725 4483 incomprehensibile

145 4513 248 4568 est,
279 4505 411 4572 quod
440 4505 658 4560 nudetur
677 4547 690 4570 ,
733 4515 787 4559 ut
836 4506 973 4559 ultra
1005 4505 1397 4575 prce/initionent
1433 4504 1525 4561 Dei
1555 4523 1720 4560 sermo

1836 1875 1993 1946 paulo
2033 1883 2155 1945 post
2199 1872 2437 1929 Zenonis
2476 1873 2685 1928 obitum
2729 1872 3034 1928 Brixianam
3062 1875 3208 1929 rexit
3236 1873 3431 1929 Eccle-

1833 1973 1968 2028 siam
1998 1990 2011 2026 :
2043 1974 2088 2028 is
2119 1971 2287 2038 enim,
2323 1987 2488 2027 serm.
2517 1971 2605 2039 14,
2630 1985 2754 2041 pag.
2790 1970 2914 2038 169,
2942 1970 3059 2026 haec
3087 1971 3290 2041 scripta
3319 1971 3444 2026 reli-

1833 2071 1948 2140 quit
1974 2087 1987 2125 :
2015 2066 2232 2123 Credere
2257 2068 2424 2138 itaque
2455 2082 2549 2120 nos
2574 2073 2773 2136 Oportet
2800 2081 2902 2119 non
2933 2064 3085 2120 aliter
3115 2081 3221 2120 esse
3244 2061 3432 2132 Deum,

1831 2177 1986 2232 quam
2017 2178 2070 2216 se
2093 2161 2204 2231 ipse
2226 2160 2436 2232 praprio
2457 2175 2691 2214 sermone
2718 2159 2955 2214 reuelauit
2976 2176 3084 2216 esse
3105 2158 3437 2215 credendum.

1834 2257 2000 2312 Facta
2029 2271 2226 2327 quoque
2265 2259 2376 2329 ejus
2404 2271 2504 2310 non
2545 2254 2788 2309 debemus
2823 2253 3000 2309 rebelli
3040 2254 3232 2323 spiritu
3268 2252 3442 2307 discu-

1833 2363 1972 2419 tere,
2015 2354 2105 2408 sed
2147 2352 2286 2419 ﬁdeli
2327 2352 2500 2406 studio
2542 2350 2830 2416 admirari;
2874 2350 3116 2421 quoniam
3154 2358 3323 2404 rectus
3367 2357 3442 2402 est

1832 2463 1998 2502 sermo
2031 2445 2278 2511 Domini;
2309 2453 2355 2499 et
2385 2444 2557 2499 omnia
2579 2459 2736 2512 opera
2756 2443 2871 2514 ejus
2896 2443 2949 2496 in
2977 2442 3196 2510 ﬁde.....
3225 2440 3444 2496 Desina-

1833 2559 1948 2596 mus
1983 2559 2105 2613 ergo
2137 2541 2239 2611 ﬁde
2278 2539 2508 2612 neglecta
2548 2537 2930 2593 contumeliosis
2957 2535 3319 2607 quwstionibus
3358 2536 3441 2588 di-

1831 2636 2006 2690 uinum
2057 2633 2267 2704 pulsare
2309 2633 2628 2703 mysterium.
2679 2630 2736 2687 S.
2789 2629 2984 2685 Petrus
3023 2629 3435 2702 Cbrysologus,

1832 2727 2120 2783 Ravennas
2152 2725 2628 2796 archiepiscopus,
2667 2738 2909 2778 sermon.
2943 2722 3013 2777 62
3043 2722 3112 2777 de
3143 2723 3436 2794 Symbolo,

1831 2819 2061 2874 Adtende
2089 2818 2262 2882 homo,
2298 2816 2508 2887 inquit,
2550 2833 2649 2887 qua
2684 2815 2971 2870 reverentia
3011 2813 3101 2868 tibi
3141 2814 3271 2884 ﬁdes
3308 2816 3438 2868 insi-

1832 2923 2024 2968 nuatur
2051 2922 2100 2968 et
2133 2913 2377 2976 traditur;
2405 2911 2527 2964 audi
2557 2907 2793 2975 Patrem,
2826 2916 2880 2960 ut
2907 2908 3122 2972 sentias,
3155 2907 3434 2978 intelligas,

1831 3008 2009 3061 credas
2028 3021 2047 3071 ;
2074 3022 2174 3060 non
2211 3004 2454 3059 discutias
2495 3001 2732 3056 Filium:
2762 3010 2810 3054 et
2845 3000 2965 3070 quia
2994 3011 3066 3054 est
3103 3000 3438 3068 conﬁtearis;

1833 3119 1934 3157 non
1965 3100 2101 3156 unde
2130 3109 2176 3154 et
2203 3098 2408 3170 quando
2439 3108 2484 3152 et
2513 3095 2771 3167 quomodo
2799 3094 2886 3162 sit,
2927 3094 3228 3149 temerarius
3260 3093 3437 3162 inqui-

1830 3212 1934 3250 ras.
1968 3195 2124 3249 Plura
2162 3193 2406 3264 ejusdem
2445 3190 2663 3262 generis
2713 3195 3037 3253 occurrunt,
3075 3202 3196 3258 quae
3234 3186 3440 3243 referre

1829 3304 1928 3344 nec
1957 3295 2139 3352 vacat,
2183 3300 2284 3341 nec
2321 3299 2457 3355 opus
2484 3292 2599 3348 est,
2643 3297 2765 3338 cum
2796 3282 2928 3336 satis
2955 3297 3019 3335 ex
3061 3279 3223 3336 dictis
3252 3277 3429 3334 Zeno-

1828 3383 1986 3438 niana
2014 3378 2278 3435 sententia
2311 3375 2580 3448 explicata
2607 3381 2662 3430 et
2691 3373 2957 3429 vindicata
2986 3371 3256 3428 videatur.

2452 3507 2680 3566 CAPUT
2722 3505 2812 3563 Ill.

1870 3646 2049 3688 VABIE
2088 3643 2305 3686 ZENONIS
2345 3642 2412 3683 DE
2453 3639 2844 3682 INCARNATIONE
2878 3635 3086 3680 CHRISTI
3128 3635 3394 3678 FOBIULE

2437 3734 2818 3777 \‘lNDICANTUR.

1901 3845 2032 3913 Quae
2070 3841 2137 3898 de
2166 3850 2368 3896 :eterna
2394 3838 2559 3894 divini
2591 3836 2759 3893 Verbi
2781 3833 3140 3908 generatione
3177 3831 3428 3888 duriores

1831 3940 1961 3995 visa:
1988 3945 2112 3993 sunt
2148 3934 2383 3991 Zenonis
2412 3932 2654 3988 formulae
2675 3971 2690 3997 ,
2730 3930 2906 4000 capite
2945 3927 3117 3999 primo
3143 3926 3430 3997 explicata:

1832 4033 1988 4089 nobis
2017 4040 2144 4086 sunt
2184 4047 2196 4084 :
2234 4043 2376 4084 nunc
2415 4044 2537 4099 qua:
2575 4027 2640 4080 ad
2681 4023 3032 4096 temporalem
3061 4021 3306 4092 ejusdem
3339 4037 3433 4092 ge-

1833 4126 2169 4182 nerationem
2213 4122 2516 4193 pertinent,
2559 4117 2910 4189 explanandrc
2946 4123 3262 4187 supersunt.
3295 4113 3432 4170 Tres

1829 4231 2010 4276 autem
2042 4219 2126 4274 lite
2154 4217 2271 4274 fere
2291 4225 2437 4272 sunt.
2466 4214 2646 4269 Prima
2673 4228 2794 4266 cum
2825 4211 2916 4265 Dei
2949 4208 3144 4266 Filium
3177 4209 3427 4276 induisse,

1827 4314 2134 4386 suscepisse,
2166 4321 2409 4384 gestasse,
2445 4305 2525 4362 uel
2550 4303 2905 4377 adsumpsisse
2944 4302 3199 4356 hominem
3224 4300 3429 4372 pluries

1826 4407 1982 4473 dixit;
2009 4421 2128 4476 quae
2159 4403 2361 4459 locutio
2390 4401 2594 4457 idcirco
2622 4394 3065 4469 reprehenditur,
3097 4394 3239 4466 quod
3264 4393 3430 4448 homi-

1829 4503 1908 4555 nis
1951 4499 2168 4554 nomine
2205 4513 2310 4552 non
2346 4505 2454 4552 tam
2479 4502 2694 4559 natura,
2728 4506 2890 4562 quam
2929 4504 3165 4562 persona
3195 4489 3428 4546 humana

146 4594 205 4647 de
230 4593 333 4650 Deo
361 4599 444 4651 sit.
485 4595 670 4651 Posuit
715 4609 915 4652 natura:
953 4598 1162 4652 nomina
1197 4597 1401 4652 Patrem
1423 4639 1436 4662 ,
1490 4596 1717 4663 Filium,
1750 4579 1803 4639 Ι)
1828 4593 2213 4666 comprehendi
2241 4591 2398 4657 solet,
2427 4603 2588 4659 quam
2621 4595 2946 4656 postremam
2974 4601 3003 4640 a
3035 4585 3218 4641 divino
3253 4585 3429 4641 Verbo

147 4691 384 4760 Spiritum
421 4702 674 4746 sanctum.
712 4690 875 4746 Extra
903 4692 1306 4763 sigﬁtiﬁcantiam
1334 4692 1584 4747 sermonis
1612 4702 1720 4758 est,

147 4793 279 4839 extra
313 4801 490 4841 sensus
526 4785 903 4850 intentionem,
944 4795 1090 4840 extra
1126 4785 1477 4854 intelligentia:
1505 4801 1720 4858 concep-

148 4877 319 4933 tionem
347 4880 594 4951 quidquid
627 4881 763 4935 ultra
801 4881 1048 4951 quaeritur
1079 4897 1096 4934 :
1122 4897 1224 4934 non
1261 4881 1581 4948 enuntiatur,
1621 4897 1725 4936 non

150 4976 418 5049 dirimitur,
456 4991 560 5031 non
603 4986 820 5032 tenetur.
882 4975 1156 5030 Verborum
1207 4973 1604 5044 signiﬁcantium
1651 4976 1725 5028 rei

148 5070 298 5137 ipsius
337 5080 522 5127 natura
568 5072 838 5138 consumit,
882 5085 1058 5125 sensus
1107 5069 1581 5140 contemplationem
1625 5070 1720 5120 im-

151 5165 466 5235 perspicobile
497 5163 666 5219 lumen
697 5165 938 5228 obctecat,
971 5161 1323 5233 intelligentia!
1365 5161 1721 5232 capacitatem,

150 5257 376 5328 quidquid
396 5259 497 5328 fine
529 5258 675 5312 nullo
704 5257 1010 5323 continetur,
1038 5255 1254 5310 excedit.
1287 5255 1395 5308 Sed
1424 5269 1516 5307 nos
1545 5269 1720 5307 neces-

151 5349 300 5406 sitatis
325 5351 474 5426 hujus
504 5352 566 5405 ab
588 5365 664 5416 eo,
697 5351 783 5422 qui
814 5352 921 5404 lucc
959 5349 1131 5403 omnia
1152 5358 1244 5412 est,
1277 5346 1374 5419 [ctl
1406 5347 1599 5401 ueniant
1631 5347 1725 5400 de-

149 5455 428 5512 precantes,
469 5444 794 5508 audebimus,
837 5457 1149 5514 quwremus,
1198 5440 1480 5510 loquemur.
1525 5439 1580 5496 Si
1607 5439 1726 5496 hac

154 5537 431 5607 scriptione
460 5552 521 5593 se
554 5538 783 5593 Hilarius
810 5552 921 5592 rem
950 5536 1199 5588 inlicitam
1239 5550 1390 5606 agere
1411 5573 1425 5601 ,
1464 5533 1516 5586 in
1546 5534 1724 5588 vitium

155 5637 345 5684 cantare
369 5675 385 5698 ,
419 5632 472 5684 in
505 5645 691 5699 anceps
728 5639 772 5683 et
810 5627 1090 5700 periculum
1128 5625 1364 5697 protrahi
1399 5625 1721 5692 conﬁtetur;

155 5729 202 5777 et
239 5723 608 5780 eeelesiastiea
655 5723 778 5779 licet
821 5722 1144 5777 necessitate
1185 5730 1557 5789 premi-retur,
1605 5734 1724 5774 eam

160 5817 502 5890 nihilominus
526 5830 630 5887 non
659 5817 776 5885 sine
805 5815 950 5872 renia
971 5812 1318 5886 deprecanda,
1349 5825 1451 5868 nec
1479 5811 1596 5867 sine
1619 5820 1724 5868 tam

1830 4689 2170 4758 adsumptam
2211 4697 2408 4751 nemo,
2442 4682 2549 4737 nisi
2592 4679 2948 4736 Nestorianus
2991 4677 3246 4734 afﬁrmat.
3297 4678 3431 4734 lluic

1832 4785 2041 4840 videtur
2085 4778 2345 4836 accedere
2388 4777 2488 4832 alia
2523 4773 2756 4831 formula
2785 4791 2849 4829 ex
2885 4782 3114 4829 tractatu
3148 4771 3216 4828 16
3250 4771 3424 4838 lib.'l,

1832 4893 1979 4932 num.
2024 4875 2112 4940 M,
2152 4871 2242 4927 ubi
2276 4885 2507 4943 persona:
2547 4867 2767 4922 hominis
2805 4867 3009 4922 mentio
3041 4866 3135 4920 lit:
3165 4864 3429 4919 Dominus

1827 4985 1893 5025 ea:
1939 4984 2156 5040 persona
2201 4966 2423 5020 hominis
2449 5005 2464 5032 ,
2511 4979 2659 5034 quem
2703 4961 3080 5029 adsumpserat.
3130 4957 3317 5012 Altera
3359 4973 3429 5012 ex

1831 5072 1988 5118 tract.
2017 5060 2050 5116 6
2076 5061 2168 5115 lib.
2201 5075 2257 5126 ll,
2299 5075 2352 5112 n.
2397 5061 2448 5122 1,
2482 5073 2602 5112 cum
2643 5053 2736 5109 Dei
2765 5051 2962 5107 Filium
3005 5050 3259 5104 hominem
3301 5051 3428 5104 mise-

1829 5166 1936 5210 tum
1968 5161 2151 5216 vocat,
2196 5165 2259 5204 ac
2300 5149 2342 5202 si
2381 5149 2558 5201 divina
2587 5156 2640 5199 et
2678 5144 2909 5198 humana
2945 5151 3136 5197 natura
3177 5143 3232 5196 in
3264 5157 3428 5198 unum

1831 5249 2048 5303 mistum
2081 5241 2408 5303 coaluerint,
2432 5254 2551 5308 quas
2582 5237 2896 5308 Eutychetis
2925 5235 3152 5291 itaaresis
3178 5233 3297 5289 fuit.
3327 5234 3429 5291 Cui

1833 5339 2091 5396 locutioni
2131 5333 2340 5391 accedit
2381 5332 2471 5386 illa
2503 5340 2659 5386 tract.
2701 5331 2734 5386 8
2761 5328 3004 5400 ejusdem
3042 5328 3134 5383 lib.
3170 5342 3230 5392 ll,
3262 5343 3318 5381 n.
3346 5328 3380 5382 2
3412 5347 3428 5385 :

1837 5431 2024 5488 Mistus
2056 5432 2222 5498 itaque
2252 5428 2490 5480 humana:
2520 5423 2662 5477 carni
2689 5437 2742 5476 se
2769 5421 2915 5492 ﬁngit
2943 5421 3210 5488 infantem.
3246 5417 3428 5474 Tertia

1833 5543 1897 5583 ex
1933 5530 2158 5579 tractatu
2188 5521 2224 5574 2
2261 5519 2355 5573 lib.
2394 5534 2432 5582 l,
2468 5532 2617 5571 num.
2647 5515 2702 5581 9,
2738 5529 2856 5569 cum
2887 5513 3059 5568 Deum
3089 5513 3141 5564 in
3170 5509 3428 5565 hominem

1835 5621 2145 5674 demutatmn
2173 5615 2376 5668 Auctor
2412 5609 2575 5664 tradit
2595 5649 2610 5674 ,
2638 5618 2693 5662 et
2723 5616 2878 5662 tract.
2912 5605 3008 5669 i2,
3039 5604 3091 5657 in
3116 5601 3320 5656 homine
3347 5602 3430 5656 in-

1835 5713 2051 5772 clusum,
2088 5723 2180 5762 seu
2213 5706 2266 5759 in
2296 5711 2583 5773 legumento
2607 5701 2776 5754 carnis
2800 5696 3076 5760 inclusum,
3111 5703 3164 5746 ut
3198 5700 3358 5750 tract.
3391 5695 3426 5750 9

1837 5805 2080 5877 ejusdem
2113 5800 2235 5857 libri
2269 5797 2507 5870 loquitur
2539 5808 2688 5850 num.
2723 5792 2772 5846 l.
2803 5789 2906 5846 Sed
2937 5788 3060 5844 duae
3086 5785 3293 5859 priores
3321 5789 3433 5844 toi--
