3998 6332
454 277 581 332 -119

1834 275 2208 334 Ριιοιιιιιςθιι
2218 277 2302 334 EN
2311 279 2344 334 Α
2361 319 2373 334 .

3656 277 3778 334 ,1Ξο

475 397 656 466 mulae,
694 397 738 454 si
777 398 951 471 rigide
977 396 1305 469 accipiendae
1332 405 1479 464 sunt,
1512 395 1949 452 contradictoriae
1990 397 2071 454 in-
2099 401 2149 460 A
2179 401 2462 470 perspicue
2500 399 2825 473 adsumptum
2873 401 3129 458 hominem
3175 402 3245 458 de
3291 401 3402 458 sola
3439 410 3631 457 natura
3679 399 3780 454 hu-

473 492 784 561 veniuntur,
817 502 874 550 et
897 492 1182 548 contrariis
1211 491 1370 562 plane
1402 490 1704 548 hazresibus
1731 490 2073 548 Nestorianm

477 599 532 644 et
565 587 908 660 Eutychiame
934 587 1132 642 favent.
1166 585 1491 658 Hoeaulem
1520 585 1692 654 ipsmn
1717 585 1849 640 satis
1880 584 2072 648 innttit,

477 683 584 740 alio
615 682 774 751 plane
810 698 976 737 sensu
1004 724 1018 746 ,
1058 698 1218 749 quam
1261 697 1419 750 quem
1461 679 1626 734 verba
1657 679 1825 750 rigide
1856 687 2074 748 accepta

477 774 722 832 referunt
748 818 762 841 ,
795 773 1175 844 pronuntiatus
1205 772 1390 842 fuisse.
1428 771 1482 827 Id
1511 785 1676 842 porro
1703 771 2076 840 antiquitatem

479 873 649 926 nostri
677 869 975 934 Scriptoris
1001 869 1234 924 maxime
1257 867 1442 923 statuit
1472 888 1484 919 ;
1514 881 1635 922 eum
1670 863 1908 920 nondum
1940 864 2081 920 natis

477 964 682 1020 srcculo
727 963 774 1019 V
809 963 1049 1020 Nestorii
1077 972 1133 1018 et
1166 961 1484 1035 Eutychetis
1521 960 1851 1026 hmresibus,
1885 959 2080 1030 quibus

477 1058 586 1114 illa:
613 1057 862 1113 formulae
885 1056 1137 1113 videntur
1159 1055 1359 1122 favere,
1385 1055 1558 1110 sancti
1584 1054 1776 1110 Patres
1805 1052 1970 1108 tutius
1998 1052 2078 1107 lo-

477 1163 776 1225 querentur
810 1153 974 1225 (quod
1018 1167 1186 1224 sarpe,
1225 1151 1329 1207 alia
1355 1150 1479 1207 licet
1507 1150 1818 1214 occasione,
1851 1149 2077 1218 August.

483 1245 758 1318 advertit)
806 1257 865 1300 ut
916 1245 984 1301 de
1023 1245 1278 1301 lneretico
1322 1259 1507 1306 sensu,
1539 1243 1631 1314 qui
1659 1242 1866 1299 eisdem
1898 1253 2083 1309 postea

480 1339 761 1407 subjectus
793 1338 909 1398 fuit.
928 1354 996 1394 ne
1011 1339 1313 1409 cogitarent
1340 1335 1458 1410 [cn]
1476 1335 1694 1406 quidem
1721 1354 1733 1388 :
1760 1334 1904 1390 unde
1926 1333 2086 1390 modo

483 1431 588 1487 hac
615 1476 630 1498 ,
663 1433 824 1488 modo
867 1432 955 1486 illa
986 1432 1088 1488 etsi
1131 1431 1402 1488 contraria
1450 1428 1685 1486 formula
1735 1428 1959 1483 liberius
1982 1469 1998 1494 ,
2032 1428 2084 1482 in

485 1527 816 1582 catholicum
851 1537 1029 1582 tamen
1061 1525 1422 1595 eamdemque
1451 1538 1674 1581 sensum
1705 1523 2010 1579 utebantur.

555 1619 734 1676 Prima
780 1619 981 1675 locutio
1017 1619 1273 1674 hominem
1318 1617 1640 1686 adsumpsit,
1664 1617 1914 1685 suscepit,
1955 1625 2087 1682 etc.,

484 1714 663 1769 solum
695 1722 818 1785 post
849 1712 1159 1768 Nestorium
1187 1711 1486 1782 displicuit,
1511 1726 1632 1764 eum
1655 1720 1810 1764 antea
1833 1723 1863 1762 a
1889 1707 2092 1762 sanctis

2180 506 2336 548 mana
2370 491 2660 558 intellexit,
2691 504 2745 548 ιιι
2777 495 2991 550 unicam
3023 510 3314 567 personam
3347 495 3401 551 in
3431 493 3649 553 Christo
3679 511 3777 550 ex-

2178 585 2383 640 stitisse
2422 585 2626 642 diserte
2657 585 2895 643 adserat.
2927 588 3080 656 Quod
3111 603 3241 644 vero
3279 588 3425 645 Zeno
3454 589 3532 644 ait
3557 605 3622 644 ea:
3664 605 3779 658 per-

2180 693 2306 731 sona
2337 677 2557 732 hominis
2581 720 2594 744 ,
2627 693 2815 734 vocem
2848 695 3095 750 personae
3141 696 3246 737 non
3278 681 3610 738 scholastico
3637 723 3651 745 ,
3689 681 3783 735 sed

2180 772 2389 843 vulgari
2415 787 2576 828 sensu
2610 772 2818 829 Latinis
2847 774 3018 828 sacris
3051 773 3423 844 Scriptoribus
3463 775 3666 830 usitato
3692 789 3785 829 ac-

2183 864 2327 935 cepit
2357 880 2452 932 pro
2473 880 2560 929 eo,
2589 865 2733 936 quod
2758 866 2863 921 diei
2887 866 3024 921 alias
3052 867 3188 923 solet
3220 869 3296 923 uti
3319 869 3494 935 homo,
3520 873 3617 923 seu
3648 879 3784 923 taut-

2183 973 2337 1027 quam
2363 960 2535 1025 honto,
2557 959 2700 1030 quod
2730 960 2850 1015 aliis
2877 959 3105 1015 aliorum
3134 961 3354 1015 Patrum
3383 961 3650 1032 exemplis
3674 970 3787 1016 sta-

2189 1051 2390 1106 tuimus
2417 1051 2604 1107 adnot.
2635 1053 2703 1108 75
2731 1051 2785 1108 iu
2816 1061 2969 1132 tract.
3005 1053 3072 1108 16
3099 1053 3192 1109 lib.
3228 1070 3266 1106 ι.

2261 1144 2443 1201 Altera
2467 1156 2647 1200 autem
2678 1145 2905 1201 formula
2938 1147 3230 1200 mixtionem
3255 1146 3590 1218 exprimens,
3614 1145 3793 1202 Patri-

2190 1238 2288 1292 bus
2317 1247 2443 1292 ante
2469 1237 2746 1310 Eutychen
2779 1237 3032 1308 frequens
3061 1247 3167 1306 est;
3201 1238 3446 1310 adeoque
3477 1239 3531 1294 in
3561 1253 3624 1295 ea
3654 1237 3794 1293 nihil

2193 1329 2465 1386 haereseos
2508 1329 3018 1400 deprehenderunt.
3066 1341 3123 1386 ut
3156 1332 3492 1402 Augustinus
3529 1347 3617 1403 ep.
3663 1332 3792 1396 157,

2191 1423 2264 1478 al.
2294 1425 2327 1479 5
2351 1465 2364 1489 ,
2407 1439 2556 1479 num.
2590 1425 2652 1479 ll
2684 1467 2697 1490 ,
2731 1424 2898 1481 Verbi
2942 1425 3375 1482 incarnationem
3411 1424 3640 1482 deﬁnire
3684 1443 3796 1481 ιιοιι

2195 1515 2454 1573 dubitarit
2493 1537 2506 1571 :
2547 1516 2767 1573 Mistum
2808 1517 2908 1574 Dei
2954 1529 3002 1575 et
3042 1519 3281 1574 hominis.
3331 1519 3588 1575 Miscendi
3613 1530 3798 1575 autem

2195 1609 2422 1664 verbum
2471 1609 2575 1690 hoc
2625 1610 2747 1666 loco
2787 1610 2986 1666 divinae
3038 1611 3395 1682 humana:th
3437 1621 3643 1667 natura:
3689 1627 3801 1668 non

2196 1702 2611 1769 confusionem,
2641 1703 2734 1758 sed
2767 1704 3022 1759 unionem
3050 1745 3066 1768 ,
3110 1719 3206 1760 seu
3246 1705 3685 1771 conjunCtionem
3727 1706 3806 1759 si-

489 1806 743 1862 Patribus
791 1816 942 1863 recto
981 1820 1144 1861 sensu
1177 1803 1527 1859 adhiberetur
1551 1845 1566 1870 ,
1602 1813 1656 1857 ιιι
1707 1800 2087 1858 animadvertit
2119 1804 2167 1863 Β
2194 1799 2411 1869 gnificat
2435 1798 2486 1854 iu
2513 1813 2741 1867 persona
2767 1797 2952 1860 Verbi;
2979 1798 3124 1854 unde
3149 1799 3484 1870 Augustinus
3506 1799 3805 1870 proposita:

487 1898 808 1968 Agoliardus
846 1899 1109 1954 adversus
1140 1895 1401 1961 Felicem,
1421 1913 1570 1950 num.
1600 1893 1635 1948 8
1663 1913 1674 1948 :
1723 1893 1942 1948 Videtur
1963 1893 2092 1947 milti

486 1993 644 2047 etiam
671 2001 840 2048 uestra
878 1990 1109 2044 charitas
1139 1988 1466 2044 admouenda
1503 1989 1567 2042 de
1603 1987 1729 2054 ltoc,
1773 1986 1910 2057 quod
1939 1984 2094 2040 Felix

489 2088 779 2156 frequenter
808 2085 997 2156 gaudet
1027 2085 1196 2138 dicere
1224 2083 1480 2137 hominem
1521 2082 1850 2153 adsumptum
1881 2080 1956 2136 vel
1984 2084 2093 2152 for-

489 2193 628 2231 mam
660 2177 811 2232 serui.
859 2175 1187 2245 Quamquam
1214 2175 1348 2230 enim
1380 2183 1427 2230 et
1465 2175 1549 2245 pie
1573 2173 1678 2228 dici
1705 2175 1873 2242 potuit
1898 2214 1912 2236 .
1943 2173 2094 2228 sicuti

493 2283 541 2327 et
572 2271 984 2342 frequentissime
1005 2270 1200 2324 dictum
1231 2286 1262 2324 a
1290 2267 1499 2325 Sanctis
1525 2266 1768 2322 Patribus
1793 2267 2046 2320 inuenitur
2076 2282 2095 2320 :

492 2375 662 2421 tamen
689 2363 1123 2418 coasiderandum
1154 2370 1248 2421 est.
1275 2351 1412 2430 quod
1448 2360 1503 2414 in
1539 2352 1783 2415 Nestorio
1814 2359 1922 2414 haec
1946 2358 2096 2412 verba

492 2457 684 2513 nostris
721 2455 1102 2514 disnlicuerunt
1135 2470 1154 2508 :
1181 2455 1326 2524 quod
1357 2469 1488 2509 sane
1517 2454 1864 2508 verissimum
1895 2461 1980 2507 est
2003 2494 2019 2516 ,
2051 2450 2097 2506 si

457 2531 466 2543 ’
491 2549 831 2605 Victorinum
862 2547 1124 2618 excipias,
1143 2547 1234 2618 qui
1263 2558 1392 2603 ante
1417 2545 1648 2600 Nestorii
1669 2553 1910 2610 aetatem,
1935 2543 2032 2599 lib.
2061 2558 2097 2598 ιι

496 2639 759 2696 adversus
788 2640 974 2695 Arium
1002 2655 1122 2711 pag.
1150 2639 1280 2707 272,
1316 2649 1448 2694 tom.
1478 2654 1532 2693 tv
1559 2637 1697 2694 Bibl.
1727 2636 1833 2693 PP.
1869 2636 2097 2691 novissi.

501 2747 605 2787 ma:
639 2731 897 2788 editionis
937 2732 1210 2803 Lugdun.,
1248 2746 1355 2788 non
1396 2730 1653 2786 hominem
1674 2773 1688 2795 ,
1715 2729 1809 2784 sed
1833 2745 2041 2784 carnem
2070 2743 2100 2782 a

501 2825 683 2882 Verbo
732 2826 1076 2895 adsumptam
1131 2825 1238 2884 dici
1293 2825 1484 2880 voluit.
1533 2826 1803 2880 (Steterunt
1849 2823 2102 2893 antiquos

502 2920 716 2986 Patres,
748 2921 840 2990 qui
873 2920 1064 2976 eadem
1101 2919 1333 2975 formula
1357 2918 1626 2976 catholice
1657 2919 1737 2972 usi
1763 2927 1909 2982 sunt,
1943 2917 1988 2972 si
2015 2932 2103 2971 re-

498 3025 726 3067 censere
752 3026 940 3067 omnes
980 3011 1265 3076 vellemus,
1315 3012 1475 3066 nimis
1506 3019 1654 3066 esset
1692 3010 1932 3080 longum.
1958 3007 2103 3063 Satis

499 3105 574 3159 sit
617 3104 862 3160 indicare
893 3104 1287 3160 Tertulliauuiu
1316 3149 1332 3175 ,
1366 3104 1710 3160 Lactantium
1740 3144 1751 3167 ,
1795 3101 2056 3158 Hilarium
2087 3143 2101 3167 ,

2201 1892 2400 1948 ibidem
2439 1893 2724 1962 qutustioui
2756 1936 2770 1960 ,
2811 1893 3065 1962 quomodo
3105 1891 3246 1947 Deus
3291 1893 3482 1946 homini
3527 1893 3808 1961 permistus

2195 1986 2262 2040 sit
2294 1986 2432 2056 (hac
2454 1988 2597 2042 enim
2629 2001 2759 2042 voce
2787 1987 2953 2042 utitur
2979 1987 2998 2058 )
3027 1999 3307 2058 postquam
3337 1988 3488 2059 prius
3521 1988 3808 2058 respondit

2199 2094 2293 2150 per
2314 2081 2471 2135 aliam
2499 2081 2876 2152 quaestionem,
2907 2081 3162 2149 quomodo
3194 2082 3470 2136 misceatur
3489 2083 3665 2136 artium
3687 2099 3811 2136 cor—

2199 2174 2336 2244 pori,
2375 2173 2552 2229 eidem
2594 2174 2990 2244 comparationi
3025 2174 3285 2229 insistens
3323 2175 3535 2243 reponit
3563 2175 3810 2229 secundo

2201 2267 2279 2321 sic
2314 2285 2327 2319 ἴ
2361 2265 2508 2320 Sicut
2533 2266 2585 2320 in
2613 2268 2809 2321 unitate
2835 2283 3068 2337 personae
3097 2268 3272 2321 anima
3300 2267 3476 2322 unitur
3497 2268 3724 2337 corpori,
3756 2277 3812 2321 ut

2200 2360 2353 2414 homo
2379 2361 2445 2414 sit
2470 2376 2489 2424 ;
2526 2360 2600 2416 ita
2628 2361 2680 2414 in
2717 2361 2916 2416 unitate
2949 2377 3184 2432 persona:
3208 2358 3348 2416 Deus
3379 2363 3556 2416 unitur
3585 2360 3808 2427 homini,

2203 2463 2260 2508 ut
2290 2453 2525 2508 Christus
2557 2454 2666 2508 sit:
2700 2453 2789 2508 ubi
2816 2455 3028 2509 uniendi
3073 2455 3296 2510 verbum
3331 2470 3432 2526 pro
3455 2470 3545 2520 eo,
3574 2455 3721 2525 quod
3757 2456 3810 2510 in

2203 2547 2504 2618 quaestione
2555 2547 2888 2618 propositum
2948 2547 3141 2614 fuerat,
3193 2548 3463 2612 miscendi,
3515 2532 3813 2619 supposuit

2204 2649 2479 2714 tamquam
2513 2657 2677 2696 unum
2709 2651 2763 2696 et
2784 2641 2926 2696 idem
2955 2659 2967 2695 :
3004 2648 3060 2696 et
3090 2640 3216 2696 dein
3250 2651 3453 2702 manet,
3489 2640 3591 2695 hoc
3623 2641 3814 2697 audito

2205 2737 2425 2792 nomine
2445 2735 2783 2790 recedendum
2811 2751 2844 2788 a
2871 2734 3242 2789 consuetudine
3270 2749 3564 2803 corporum,
3591 2749 3693 2804 qua
3720 2751 3814 2788 so-

2205 2832 2306 2886 lent
2330 2831 2432 2884 duo
2454 2831 2677 2896 liquores
2708 2831 2782 2884 ita
2818 2830 3156 2894 commisceri,
3194 2838 3250 2882 ut
3280 2840 3458 2883 neuter
3483 2838 3648 2882 servet
3675 2829 3816 2883 inte-

2205 2923 2441 2994 gritatem
2471 2938 2618 2976 snant
2642 2964 2657 2987 ,
2689 2931 2794 2978 etc.
2825 2920 3092 2991 Leporius
3117 2921 3169 2976 in
3203 2921 3388 2976 libello
3416 2918 3818 2975 Emendationis

2210 3015 2649 3085 conjunctiouem
2684 3015 2826 3070 hanc
2857 3014 3119 3070 miscendi
3144 3013 3311 3068 verbo
3339 3012 3700 3085 signiﬁcatam
3731 3012 3819 3068 in-

2210 3111 2480 3180 telligens,
2514 3109 2667 3173 Novit
2693 3110 2851 3175 enim,
2873 3108 3066 3179 inquit,
3091 3109 3201 3162 sine
3230 3107 3562 3174 corruptione
3583 3107 3816 3170 misceri,

506 3196 940 3269 Hieronymum,
997 3196 1357 3265 Augustinum
1393 3238 1409 3263 ,
1451 3204 1528 3258 et,
1557 3196 1701 3266 quod
1747 3195 1918 3265 pluris
1977 3203 2096 3260 est,

2211 3214 2258 3258 et
2285 3213 2450 3258 tamen
2479 3204 2530 3258 in
2561 3204 2773 3259 veritate
2804 3203 3026 3257 misceri.
3061 3202 3264 3257 Eodem
3288 3201 3455 3258 verbo
3478 3201 3530 3255 in
3559 3202 3816 3257 eamdem

503 3289 679 3360 ipsum
708 3306 927 3360 quoque
957 3289 1015 3347 S.
1045 3290 1285 3346 Leonem
1307 3333 1321 3356 ,
1359 3291 1448 3362 qui
1477 3291 1777 3346 acerrimus
1814 3290 1939 3346 licet
1965 3289 2103 3344 Nes-

508 3383 736 3438 toriame
767 3383 993 3439 haeresis
1024 3384 1366 3454 impttguator
1385 3425 1400 3452 ,
1431 3399 1686 3440 sermone
1724 3392 1904 3438 tamen
1935 3383 2004 3440 94
2036 3383 2105 3439 de

501 3475 770 3546 Transﬁg.
795 3489 916 3545 cap.
947 3475 1005 3542 ἓ,
1037 3476 1261 3548 suscepti
1290 3476 1534 3537 hominis.
1564 3483 1620 3530 et
1647 3491 1814 3531 serm.
1847 3475 1917 3530 55
1949 3492 2040 3529 seu
2069 3473 2104 3527 4

506 3569 575 3623 de
606 3568 906 3639 Epiphania
939 3570 1115 3623 unitas
1147 3569 1348 3623 hontiui
1375 3568 1616 3639 scripsit.
1650 3566 1892 3622 Hominis
1922 3577 2102 3622 autem

508 3664 730 3719 nomine
765 3661 820 3716 hi
850 3677 1035 3717 omnes
1065 3662 1252 3719 Patres
1281 3671 1540 3724 naturam.
1576 3676 1679 3718 non
1710 3679 1983 3731 personam
2013 3661 2106 3715 ho-

503 3756 658 3809 minis
687 3763 1034 3823 acceperunt.
1084 3754 1219 3808 llinc
1259 3754 1317 3810 S.
1358 3753 1692 3824 Augustinus
1736 3753 1804 3808 de
1839 3753 2101 3808 Praedest.

507 3847 827 3910 Sanctorum
870 3861 1018 3901 Itum.
1053 3847 1145 3911 5|,
1189 3859 1473 3918 postquam
1518 3857 1812 3915 susceptum
1849 3845 2105 3900 hominem
2143 3838 2152 3841 ’

507 3939 668 4006 dixit,
698 3939 848 3995 addit
877 3953 1000 3994 mox
1032 3950 1317 4010 susceptam
1347 3948 1595 3993 naturam
1631 3940 1873 3992 hominis.
1905 3938 2104 3994 Simili-

506 4045 591 4091 ter
621 4034 878 4101 Hilarins,
911 4033 1003 4105 qui
1042 4035 1094 4088 iu
1125 4048 1247 4102 cap.
1277 4035 1312 4089 5
1336 4032 1570 4088 Matthzei
1594 4073 1609 4100 ,
1645 4049 1794 4086 uum.
1826 4032 1862 4086 2
1884 4075 1898 4098 ,
1931 4032 2104 4087 homi-

507 4146 656 4196 nem,
695 4145 847 4198 quem
881 4127 1274 4199 adsumpserat,
1305 4127 1549 4196 scripsit;
1587 4127 1637 4180 in
1673 4127 1806 4193 psal.
1851 4142 1972 4193 va,
2009 4143 2107 4180 nu-

508 4238 645 4279 mer.
683 4223 781 4290 12,
821 4223 1110 4292 adsumpta:
1155 4237 1218 4276 ea:
1253 4220 1466 4293 Virgine
1509 4223 1679 4276 carnis
1726 4231 2007 4287 naturam;
2054 4221 2104 4275 itt

511 4333 598 4390 ps.
629 4333 814 4383 cxx1v,
851 4333 1002 4372 num.
1043 4317 1079 4371 4
1104 4357 1120 4384 ,
1152 4316 1562 4387 adsumptionem
1595 4316 1765 4369 carnis
1794 4324 2024 4380 nostra;
2056 4323 2112 4369 et

510 4411 566 4467 in
592 4425 712 4480 cap.
747 4426 800 4465 tv
827 4409 1043 4474 Matth.,
1061 4424 1210 4464 num.
1239 4409 1326 4475 it,
1353 4412 1612 4464 materiem
1641 4407 1904 4478 adsumpti
1928 4423 2109 4479 corpo-

509 4508 584 4560 ris
624 4516 908 4562 memorat.
939 4504 1086 4560 Zeno
1115 4505 1316 4574 pariter
1345 4512 1502 4559 tract.
1537 4504 1572 4559 8
1605 4503 1698 4558 lib.
1733 4519 1799 4571 ιι,
1845 4516 1993 4556 ιιιιιιι.
2034 4500 2071 4555 2
2094 4542 2108 4566 ,

510 4597 569 4653 in
596 4597 704 4653 line
728 4600 803 4652 ait
847 4618 860 4654 :
893 4595 1113 4652 Carnem
1141 4597 1257 4652 ideo
1287 4598 1530 4668 dignatus
1561 4606 1633 4650 est
1669 4596 1901 4651 induere.
1934 4591 2110 4650 Crete-

509 4707 631 4748 rum
671 4691 953 4764 adsumpti,
988 4691 1073 4747 vel
1100 4692 1322 4763 suscepti
1349 4691 1572 4746 hominis
1605 4691 1804 4746 locutio
1834 4706 1900 4744 eo
1931 4689 2108 4744 minus

513 4785 570 4841 in
615 4785 854 4856 antiquis
897 4784 1376 4854 reprehendenda,
1425 4785 1568 4854 quod
1619 4785 1672 4840 in
1724 4784 2112 4856 posterioribus

512 4878 768 4937 Nestorio
799 4879 975 4934 adlmc
1001 4893 1066 4933 eo
1095 4887 1279 4944 recto,
1312 4895 1418 4949 quo
1448 4878 1710 4942 diximus,
1758 4895 1922 4934 sensu
1953 4895 2102 4932 usur-
2137 4904 2186 4963 υ

515 4982 638 5041 pata
679 4972 954 5026 invenitur
983 4971 1035 5026 in
1059 4971 1190 5040 ipsis
1219 4986 1433 5042 quoque
1465 4969 1589 5025 fidei
1620 4970 1886 5037 formulis,
1922 4972 1992 5026 uti
2025 4980 2108 5026 est

515 5064 604 5118 illa
636 5078 664 5116 a
719 5063 964 5119 Marteue
1011 5061 1155 5118 edita
1198 5072 1330 5117 tum.
1374 5077 1392 5117 ι
1436 5063 1504 5119 de
1531 5062 1717 5133 Antiq.
1753 5061 1961 5117 Eccles.
1995 5062 2102 5117 Rit.

516 5170 638 5226 pag.
673 5155 803 5218 165.
838 5157 888 5211 itt
924 5156 1135 5228 Hytnuo
1165 5155 1236 5212 Te
1264 5155 1456 5220 Deum,
1485 5157 1573 5225 qui
1606 5156 1896 5210 Ambrosio
1919 5171 1974 5212 et
2001 5158 2109 5210 Au-

513 5247 732 5317 gustino
760 5246 918 5316 vulgo
950 5247 1234 5309 tribuitur,
1285 5257 1340 5302 et
1378 5247 1520 5317 apud
1561 5248 1745 5318 plures
1772 5249 2065 5318 scriptores
2086 5289 2101 5313 ,

511 5339 587 5394 uti
622 5348 790 5408 patet,
819 5339 902 5395 vel
933 5355 999 5395 ex
1026 5355 1134 5395 uno
1161 5339 1398 5396 Facundi
1431 5341 1836 5398 Hermiauensis
1863 5342 2107 5395 testimo-

510 5431 603 5487 nio
629 5432 706 5487 sic
736 5432 1023 5488 scribentis
1054 5432 1148 5487 lib.
1183 5449 1232 5488 IX
1265 5448 1429 5503 prope
1461 5435 1621 5489 linem
1644 5453 1657 5486 :
1678 5434 1887 5504 Antiqui
1917 5433 2107 5488 Docto-

507 5539 591 5579 res
613 5523 874 5591 dixerunt,
905 5523 1148 5594 quoniam
1177 5522 1316 5579 Deus
1345 5524 1571 5578 Verbum
1595 5525 1660 5578 sit
1683 5525 2039 5595 principaliter
2059 5535 2107 5579 et

509 5617 790 5677 secundant
819 5617 1089 5672 essentiam
1116 5618 1412 5689 unigenitus
1445 5614 1612 5672 Filius
1637 5615 1738 5671 Dei
1769 5635 1786 5672 :
1811 5617 1962 5672 homo
1988 5603 2107 5672 vero

509 5710 814 5778 adsumptus
843 5727 906 5765 ex
932 5712 1124 5766 unitate
1150 5711 1263 5779 eius
1287 5725 1515 5782 persona:
1534 5711 1749 5782 accepit,
1781 5719 1836 5764 ut
1867 5710 2107 5782 unigeni-

510 5811 589 5855 tus
619 5800 788 5858 Filius
814 5820 1012 5875 semper
1047 5813 1198 5869 esset,
1229 5812 1277 5858 et
1303 5803 1556 5858 diceretur
1592 5819 1610 5857 :
1649 5803 1700 5857 in
1743 5794 1942 5874 quibus
1970 5797 2108 5858 adeo

2211 3297 2534 3353 sententiam
2578 3297 2660 3352 usi
2694 3298 2843 3352 fuere
2870 3296 3126 3360 lrenams,
3158 3295 3544 3361 Tertullianus,
3578 3295 3818 3367 Cypria-

2213 3406 2335 3457 nus,
2362 3391 2648 3462 Firmicus,
2688 3390 2944 3458 Hilarius,
2969 3399 3044 3457 et,
3075 3400 3134 3446 ut
3163 3392 3440 3446 mittamus
3461 3399 3714 3455 cmteros,
3751 3391 3812 3446 S.

2209 3484 2320 3539 Leo
2333 3483 2653 3556 Eutychetis
2671 3483 2974 3553 damnatur,
2992 3497 3156 3538 serui.
3177 3484 3268 3550 29.,
3286 3483 3354 3539 de
3365 3483 3546 3539 Nativ.
3565 3483 3755 3554 5.cap.
3769 3484 3815 3536 ιε

2213 3577 2280 3634 Ut
2317 3588 2513 3632 natura:
2549 3577 2698 3631 alteri
2738 3577 2901 3631 altera
2926 3578 3260 3643 misceretur;
3305 3588 3360 3632 et
3399 3592 3567 3632 εει-ιιι.
3611 3577 3703 3639 55,
3750 3575 3820 3630 de

2211 3668 2404 3739 Epiuh.
2432 3667 2488 3732 4.
2542 3682 2661 3737 cap.
2687 3669 2721 3723 4
2749 3688 2763 3723 :
2792 3666 3012 3723 Natura:
3029 3672 3201 3723 carnis
3221 3668 3510 3733 immistus;
3559 3681 3660 3722 nec
3703 3683 3820 3722 non

2210 3758 2347 3833 [cui]
2376 3759 2599 3830 Vigilius
2621 3759 2715 3815 lib.
2747 3776 2762 3814 ι
2791 3771 2976 3814 contra
3003 3759 3284 3831 Eutychen
3310 3759 3485 3815 adhuc
3511 3771 3632 3829 post
3655 3759 3821 3831 hujus

2214 3852 2439 3907 haeresis
2481 3862 2659 3907 ortum
2684 3896 2700 3918 ,
2731 3867 2763 3905 a
2790 3867 2892 3922 qua
2937 3852 3038 3906 hoc
3079 3853 3333 3907 mistionis
3363 3867 3564 3908 nomen
3605 3854 3710 3907 alia
3741 3854 3821 3907 si-

2212 3945 2560 4016 gnificatione
2587 3956 2868 4016 aet-cptum
2908 3945 3048 4001 male
3077 3945 3265 4000 audire
3300 3957 3563 4016 cmperat.
3595 3947 3824 4020 Perspi-

2211 4051 2311 4093 cue
2356 4046 2534 4091 autem
2576 4036 2727 4092 Zeno
2777 4036 3083 4094 mistionem
3116 4053 3214 4108 pro
3249 4040 3660 4109 conjunctione,
3690 4055 3821 4110 qua:

2215 4140 2422 4184 natura:
2449 4131 2646 4185 divina:
2676 4139 2730 4185 et
2763 4130 3011 4185 humana:
3037 4131 3402 4202 integritatem
3428 4147 3535 4186 non
3562 4131 3815 4198 lmderet,

2212 4224 2488 4294 accepisse
2521 4233 2661 4294 patet
2692 4225 2775 4279 vel
2805 4240 2870 4280 ex
2903 4224 3022 4294 ipso
3050 4233 3204 4280 tract.
3239 4227 3272 4280 8
3303 4226 3398 4280 lib.
3428 4243 3488 4289 tt,
3525 4242 3698 4281 ιιιιιιιω
3730 4227 3770 4282 Ξ).
3799 4269 3816 4292 ,

2214 4316 2300 4371 ubi
2324 4316 2530 4370 mistum
2561 4315 2776 4384 quidem
2804 4316 3053 4372 humana:
3083 4317 3233 4371 carni
3268 4319 3356 4373 Dei
3389 4317 3590 4374 Filium
3627 4319 3816 4381 tradit,

2215 4411 2310 4464 sed
2342 4410 2409 4462 ita
2448 4417 2506 4463 ttt
2538 4409 2741 4479 integra
2780 4419 2926 4464 esset
2971 4418 3195 4480 utraque
3233 4418 3422 4465 natura
3455 4427 3468 4466 :
3510 4410 3822 4483 Ibidemque

2215 4500 2378 4565 salvo,
2409 4501 2600 4572 inquit,
2627 4501 2764 4568 quod
2788 4511 2916 4568 erat,
2944 4502 3219 4556 meditatur
3244 4519 3354 4558 esse
3377 4505 3514 4574 quod
3541 4521 3645 4558 non
3669 4516 3781 4559 erat
3800 4524 3818 4558 :

2216 4595 2411 4663 quibus
2441 4595 2634 4648 similia
2667 4593 2828 4648 habet
2851 4603 3004 4648 tract.
3037 4594 3092 4660 9,
3133 4610 3284 4649 num.
3309 4595 3363 4655 9..
3391 4605 3446 4651 et
3478 4607 3634 4652 tract.
3668 4597 3724 4662 7,
3761 4599 3816 4652 in

2216 4689 2340 4744 ftnc.
2374 4686 2648 4742 Clu-ianm
2693 4702 2858 4759 porro
2894 4690 3147 4742 hominem
3195 4690 3404 4744 mistum
3446 4699 3634 4760 aperte
3677 4691 3820 4746 dixit

2217 4789 2372 4835 tract.
2407 4778 2439 4832 6
2473 4779 2562 4834 lib.
2609 4794 2668 4844 ιι,
2709 4795 2856 4835 num.
2894 4781 2944 4845 1,
3002 4795 3066 4836 eo
3099 4783 3349 4849 consilio,
3393 4792 3452 4837 ut
3487 4798 3586 4838 nec
3615 4799 3819 4855 purum

2218 4873 2528 4936 hominem,
2575 4887 2674 4926 uec
2717 4873 2880 4927 Deum
2931 4888 3121 4942 purum
3165 4874 3350 4946 (quod
3389 4874 3514 4930 duae.
3553 4877 3820 4932 volebant

2218 4963 2452 5018 haereses
2481 4963 2675 5018 ibidem
2722 4966 2982 5036 notatae),
3015 4966 3108 5021 sed
3155 4983 3220 5022 ex
3273 4978 3480 5023 natura:
3526 4969 3817 5040 utriusque

2213 5056 2593 5127 conjunctione
2634 5058 2990 5123 compesitum
3043 5059 3336 5128 quoddam,
3389 5075 3483 5114 Seu
3537 5071 3614 5125 ut,
3667 5063 3817 5133 quod

2215 5147 2524 5202 Lactantius
2551 5147 2626 5201 ait
2662 5147 2755 5202 lih.
2783 5163 2855 5210 tv,
2890 5163 3010 5219 cap.
3049 5151 3138 5213 15,
3169 5161 3214 5204 et
3258 5151 3423 5206 Deum
3456 5155 3615 5225 fuisse
3643 5165 3692 5208 et
3723 5156 3818 5209 lto-

2213 5246 2401 5299 minem
2425 5259 2488 5298 ea:
2518 5257 2729 5314 utroque
2757 5261 2935 5316 genere
2963 5247 3263 5317 permistum
3293 5247 3514 5304 dcenrct
3540 5247 3636 5320 (ex
3665 5260 3818 5304 utro—

2215 5353 2312 5408 que
2359 5352 2535 5410 genere
2569 5347 2858 5390 concretnm
2895 5336 3106 5393 dixerat
3145 5337 3447 5410 Cyprianus
3479 5339 3570 5395 lib.
3607 5356 3643 5396 ιι
3673 5341 3814 5396 Tes-

2217 5433 2360 5495 tim.,
2391 5447 2509 5501 cap.
2541 5426 2654 5501 l0),
2688 5431 2739 5486 in
2758 5445 2864 5502 quo
2893 5432 3108 5503 egregia
3134 5433 3418 5488 catholicae
3451 5431 3575 5489 lidei
3603 5433 3814 5504 profes-

2213 5526 2296 5580 sio
2319 5525 2644 5580 contiuetur.
3641 5540 3646 5544 ν

2286 5617 2450 5671 Tertii
2501 5617 2713 5686 generis
2754 5617 3034 5684 formulas,
3084 5619 3307 5688 singula:
3340 5618 3468 5675 licet
3514 5619 3808 5691 separatim

2213 5709 2541 5780 duriusculze
2569 5709 2776 5778 sibique
2820 5713 3046 5770 invicem
3092 5711 3432 5782 aliquatenus
3460 5711 3815 5780 adversantes

2212 5792 2496 5857 videantur
2521 5842 2537 5866 ,
2579 5817 2698 5856 cum
2758 5809 2932 5858 tamen
2980 5801 3302 5878 professioni
3337 5819 3478 5861 nunc
3507 5789 3810 5879 espositze,
