3998 6332
264 299 358 354 HI

1120 264 1121 267 γ
1199 302 1648 362 DISSERTA'I‘IO
1682 304 1747 375 ιι,
1793 305 1881 363 nr.
1922 305 1978 364 s.
2020 304 2177 364 aeu.
2224 305 2592 366 ιιιιατιιιΝΑ.

3460 310 3564 367 19.2

258 427 365 481 qua
390 413 683 470 salmzin-
704 415 1078 473 incarnatione
1104 417 1433 488 declaratur,
1462 421 1599 492 quod
1627 434 1754 490 erat,
1791 438 1855 479 ex
1884 432 1941 494 Α
1964 425 2060 481 lib.
2094 440 2152 481 ιιι
2176 424 2378 483 Strom.
2400 469 2413 491 ,
2440 441 2563 499 pag.
2593 426 2699 485 466
2718 472 2732 498 ,
2757 429 2845 486 ubi
2887 428 3214 503 impugnans
3238 427 3561 485 Cassianum

259 508 499 565 auctoris
523 520 708 567 mente
736 510 879 568 haud
905 514 1105 584 opponi
1146 513 1392 571 dicenda:
1437 517 1576 581 sint;
1622 531 1692 573 eo
1731 531 1865 574 sane

260 611 510 672 spectare
539 613 862 673 nequeunt,
906 616 963 661 ut
1010 615 1271 663 mutatam
1314 608 1372 663 in
1412 607 1703 665 humanam
1735 611 1867 667 insi-

259 706 427 751 nuent
454 695 697 752 divinam
746 707 1015 762 naturam.
1044 712 1167 771 quae
1192 710 1275 756 est
1312 702 1663 759 immutabilis
1681 746 1697 771 ,
1721 715 1775 761 et
1797 718 1864 761 ex

257 785 375 857 ipso
396 788 621 846 Zenone
640 792 806 858 salua,
830 791 881 847 id
899 802 984 849 est
1012 793 1241 864 integra,
1262 795 1597 863 exstitit,nec
1610 798 1863 853 inclusam

256 881 407 937 illam
450 884 506 937 in
557 884 798 952 nomine,
826 900 985 957 quam
1014 888 1241 944 mundus
1265 890 1542 961 mundique
1570 908 1674 947 non
1727 896 1864 963 capit

250 976 741 1047 nragnitudoﬁdem
764 979 882 1050 ipse
909 989 1140 1036 testatur
1163 988 1300 1038 trac.
1325 984 1359 1039 9
1398 983 1492 1041 lib.
1522 999 1590 1053 ιι,
1624 1002 1774 1042 ιιιιιιι.
1807 989 1860 1045 1.

259 1070 338 1126 Eo
368 1072 539 1143 igitur
566 1075 747 1132 solum
778 1079 1074 1148 pertinent,
1106 1087 1167 1136 ut
1190 1080 1285 1137 Dei
1315 1081 1511 1139 Filium
1538 1098 1666 1140 vere
1691 1083 1865 1140 homi-

257 1156 380 1221 nem
413 1166 623 1223 factum
664 1168 1028 1242 intelligamus
1049 1213 1064 1238 ,
1100 1172 1324 1243 perinde
1352 1189 1416 1232 ac
1436 1176 1480 1231 si
1510 1190 1674 1248 purus
1700 1177 1863 1233 homo

261 1259 434 1315 videri
471 1262 685 1331 possit;
722 1264 904 1319 abdita
943 1270 1178 1335 quodam
1206 1268 1368 1324 modo
1405 1270 1461 1325 in
1499 1271 1671 1325 carnis
1722 1280 1864 1344 trgu-

258 1364 432 1408 mento
450 1352 640 1409 divina
665 1356 757 1411 illa
783 1358 1087 1428 majestate,
1121 1374 1303 1431 quam,
1331 1371 1387 1417 ιιι
1412 1368 1479 1418 tr.
1510 1364 1543 1419 5
1563 1362 1686 1419 libri
1717 1364 1864 1435 ejus-

256 1442 381 1499 dem
398 1444 664 1511 insinuat,
698 1465 803 1503 non
823 1459 984 1521 potest
1010 1454 1189 1506 mundi
1216 1455 1366 1509 istius
1395 1456 1717 1512 mediocritas
1745 1475 1862 1513 sus-

255 1537 442 1592 tinere.
475 1538 595 1594 Hoc
622 1541 816 1598 eodem
837 1556 1000 1600 sensu
1052 1545 1293 1603 divinum
1324 1547 1555 1606 Verbum
1577 1549 1863 1606 breviatum

252 1631 470 1686 vocavit
518 1646 645 1687 cum
668 1636 931 1704 Apostolo
972 1637 1139 1693 Paulo
1158 1653 1278 1711 cap.
1311 1654 1363 1696 ιι
1385 1639 1451 1696 ad
1473 1641 1630 1697 Rom.
1663 1656 1713 1696 v.
1756 1644 1858 1699 28:

252 1718 333 1774 Tu
358 1737 485 1776 eum
512 1722 791 1779 breviatum
821 1726 1086 1799 paulisper
1105 1729 1170 1783 ab
1195 1733 1483 1805 majestatis
1519 1748 1627 1788 sua:
1646 1734 1862 1791 innuen-

1967 519 2255 592 quemdain
2286 521 2557 579 Valentini
2588 524 2914 595 discipulum
2943 534 2997 581 et
3029 524 3336 581 Docitarum
3358 522 3563 598 princi-

1968 628 2118 685 pem,
2165 615 2568 686 nonnullosque
2594 617 2731 673 alios
2755 619 2932 674 eidem
2957 618 3154 675 haresi
3182 617 3452 682 addictos,
3474 615 3567 687 qui

1966 723 2087 767 cum
2117 708 2349 765 Tatiano
2376 712 2589 781 nuptias
2620 711 2952 770 damnabant
2979 756 2993 780 ,
3027 714 3143 770 haec
3184 713 3386 783 scripta
3433 711 3563 768 reli-

1965 802 2084 873 quis
2115 820 2128 858 :
2156 800 2364 858 Certum
2385 812 2459 860 est
2481 803 2758 859 Dominum
2784 821 2983 877 quoque
3012 807 3297 862 venisse...
3334 805 3403 859 ad
3429 820 3518 859 eos
3542 845 3558 873 ,

1965 894 2055 966 qui
2080 896 2313 951 sensibus
2338 912 2429 951 seu
2450 897 2841 969 cogitationibus
2889 899 3250 954 aberraverunt
3272 938 3288 962 ,
3342 897 3411 953 ad
3435 912 3559 963 nos,

1963 987 2197 1059 inquam,
2226 989 2361 1044 venit
2388 988 2640 1045 Seruator
2661 1005 2679 1046 :
2701 1005 2814 1062 qua!
2827 991 3029 1062 quidem
3051 1006 3114 1046 ea:
3156 999 3331 1045 nostra
3356 989 3409 1043 in
3431 1004 3565 1063 prte-

1965 1081 2125 1152 ceptis
2153 1081 2495 1137 inobedientia
2532 1092 2776 1156 corrupta
2803 1093 2941 1149 sunt,
2967 1084 3089 1138 dum
3119 1084 3270 1137 nimis
3312 1082 3461 1136 auide
3485 1096 3566 1137 tto-

1966 1172 2216 1244 luptatem
2236 1182 2674 1247 persequerentur,
2697 1192 2815 1230 cum
2842 1175 3424 1248 forsitauprotoplastus
3445 1190 3568 1229 nos-

1966 1273 2044 1319 ter
2073 1274 2273 1336 tempus
2309 1268 2652 1336 prteuenisset,
2695 1277 2743 1322 et
2771 1283 2875 1323 non
2901 1269 2956 1322 in
2994 1279 3221 1337 tempore
3252 1266 3568 1322 matrimonii

1964 1360 2185 1431 gratiam
2199 1361 2542 1433 appetivisset,
2573 1370 2621 1416 et
2642 1364 2925 1418 aberrasset
2950 1378 2969 1416 :
2997 1360 3234 1432 etpaqu
3262 1369 3408 1430 post,
3438 1375 3561 1432 pag.

1964 1452 2073 1508 470
2102 1471 2119 1508 :
2149 1451 2285 1520 Etsi,
2311 1454 2509 1525 inquit,
2541 1471 2656 1509 cum
2675 1471 2740 1511 ea
2767 1455 2931 1509 brutis
2965 1453 3315 1509 animantibus
3333 1452 3581 1508 insidiosi
3639 1489 3648 1497 ι

1965 1544 2169 1600 consilii
2195 1546 2443 1600 rationem
2464 1548 2677 1617 cepisset
2697 1562 2929 1617 serpens,
2955 1555 3004 1601 et
3035 1545 3390 1615 persuasisset,
3427 1544 3566 1600 dicat

1965 1637 2132 1693 Adam
2146 1639 2421 1694 adsensum
2443 1655 2550 1695 esse
2571 1656 2687 1694 cum
2706 1639 2821 1695 Eua
2833 1641 3201 1714 conjunctioni,
3222 1654 3404 1709 nempe
3429 1640 3568 1709 quod

1966 1731 2065 1786 hac
2089 1740 2277 1785 natura
2305 1732 2540 1787 alias'ust'
2568 1747 2671 1787 non
2692 1744 2855 1788 essent
2875 1731 3207 1805 protoplasti,
3230 1742 3407 1787 utnon
3434 1732 3568 1787 nulli

252 1814 405 1869 sitate
434 1818 764 1889 peregrinari
808 1823 1007 1887 fecisti,
1041 1831 1201 1879 tract.
1228 1825 1266 1880 2
1318 1827 1410 1882 lib.
1438 1842 1487 1893 ι,
1534 1844 1679 1883 num.
1705 1831 1759 1887 9.
1797 1832 1859 1887 Et
1892 1835 1940 1895 B
1965 1825 2293 1892 existimant;
2318 1842 2498 1881 rursus
2526 1825 2813 1882 maledictis
2840 1827 3116 1881 incessitur
3136 1827 3347 1891 creatio,
3378 1835 3568 1898 utqute

250 1916 409 1965 tract.
442 1910 479 1966 8
528 1911 624 1966 lib.
649 1927 703 1977 ιι,
732 1926 881 1968 nutu.
912 1916 947 1969 2
972 1915 1090 1971 :Dei
1118 1914 1291 1973 Filius
1312 1929 1540 1992 tempore
1561 1925 1856 1994 constituto,

227 1995 583 2059 dissimulata
602 2007 811 2062 interim
825 2012 1110 2083 majestate,
1131 2012 1195 2066 ab
1210 2013 1433 2070 wtberea
1442 2015 1561 2070 sede
1574 2021 1858 2089 profectus,

249 2098 303 2151 in
325 2098 715 2167 praedatum
760 2100 988 2173 Virginis
1023 2106 1214 2175 templo
1260 2108 1458 2164 sibimet
1486 2118 1659 2164 castra
1706 2122 1861 2166 meta-

251 2202 355 2258 tur,
384 2193 579 2264 quibus
620 2195 837 2251 latenter
859 2197 1157 2271 infunditur
1172 2201 1228 2254 in
1250 2201 1511 2258 hominem
1534 2205 1859 2276 gigniturus,

251 2285 548 2357 ibidemque
591 2288 772 2357 saluo,
822 2291 959 2362 quod
986 2301 1116 2356 erat,
1158 2295 1440 2349 meditatur
1461 2314 1569 2352 esse
1601 2297 1739 2370 quod
1760 2315 1863 2353 non

249 2387 359 2433 erat
388 2393 410 2433 :
440 2393 567 2450 quae
584 2380 722 2437 adeo
743 2392 871 2439 sunt
898 2394 1105 2455 aperta,
1133 2397 1193 2440 ut
1221 2386 1355 2442 nihil
1386 2388 1618 2459 amplius
1661 2390 1862 2448 addere

214 2476 598 2532 “necessesit.

888 2620 1117 2681 CAPUT
1155 2621 1247 2680 Ν.

384 2754 459 2797 ιιε
487 2753 725 2797 1⁵110101
753 2755 1038 2796 ιιλιεειτυιι
1067 2755 1304 2798 πριιιιτο
1350 2755 1478 2807 ουιυ
1505 2761 1717 2802 Αιιοτοιι

885 2851 1231 2895 τιιιιιυειιιτ.

292 2951 301 2957 ‘
327 2947 595 3003 Sanctum
638 2946 916 3005 Zenonem
944 2964 1066 3006 cum
1098 2955 1370 3009 communi
1396 2954 1614 3010 Patrum
1645 2969 1864 3011 senten-

258 3041 361 3107 tia,
393 3056 520 3114 quae
566 3040 788 3099 litterali
830 3042 1107 3101 Geneseos
1163 3047 1593 3118 interpretationi
1636 3062 1861 3120 prorsus

259 3135 537 3198 convenit,
559 3134 796 3204 priurum
818 3147 1098 3206 parentum
1128 3149 1412 3210 peccatum
1443 3142 1495 3196 in
1525 3156 1622 3196 esu
1653 3141 1860 3197 fructus

1965 1920 2187 1973 rationis
2225 1921 2514 1986 cxpertium
2544 1920 2888 1975 animantium
2917 1929 3104 1974 natura
3131 1918 3364 1974 homines
3395 1918 3567 1992 fecerit

1963 2013 2344 2080 imbecilliores,
2364 2031 2489 2086 quos
2524 2017 2783 2070 consecuti
2809 2023 2949 2081 sunt,
2972 2015 3059 2085 qui
3081 2030 3113 2068 a
3132 2012 3246 2069 Deo
3273 2014 3427 2085 primi
3454 2013 3567 2084 for-

1967 2108 2090 2162 ntali
2127 2112 2291 2179 fuere.
2323 2108 2420 2164 Sin
2446 2117 2617 2163 autem
2644 2117 2832 2162 natura
2859 2107 3067 2180 quidem
3097 2121 3203 2171 eos,
3229 2107 3358 2161 sicut
3389 2105 3561 2173 bruta,

1966 2200 2178 2255 deduxit
2216 2202 2285 2255 ad
2322 2201 2550 2271 filiorum
2587 2201 3027 2272 procreationem;
3070 2200 3195 2254 moti
3235 2209 3406 2253 autem
3445 2207 3566 2255 sunt

1966 2292 2135 2361 citius,
2165 2293 2586 2365 quanwportuit,
2601 2294 2789 2366 fraude
2812 2291 3033 2363 inducti,
3065 2306 3184 2345 cum
3200 2289 3372 2345 adhuc
3399 2299 3564 2345 essent

1957 2387 2206 2457 juvenes;
2221 2388 2418 2458 justum
2458 2387 2667 2453 quidem
2711 2395 2787 2442 est
2821 2384 2921 2440 Dei
2951 2384 3216 2457 judicium
3243 2385 3299 2438 in
3340 2398 3449 2449 eos,
3471 2382 3563 2453 qui

1968 2498 2071 2538 non
2112 2491 2477 2554 easpectarunt
2517 2482 2854 2539 uoluntatem.
2904 2482 3070 2535 Docet
3106 2479 3288 2548 itaque
3309 2475 3565 2534 Clemens

1967 2592 2035 2632 ex
2077 2591 2182 2632 non
2209 2576 2518 2643 nullorum,
2543 2590 2681 2646 quos
2720 2576 2842 2631 sine
2873 2573 3107 2645 prepriis
3138 2571 3450 2628 nominibus
3468 2584 3567 2641 ap-

1968 2670 2154 2742 pellat,
2173 2670 2469 2737 sententia,
2492 2668 2668 2725 Adam
2698 2676 2756 2723 et
2785 2669 2947 2723 Evam
2976 2668 3031 2723 in
3063 2681 3131 2722 eo
3154 2680 3404 2737 pecasse,
3423 2662 3568 2735 Quod

1968 2762 2132 2819 nimis
2179 2761 2337 2819 avide
2380 2762 2709 2832 voluptatem
2743 2767 3087 2832 appetentes,
3131 2774 3233 2813 non
3257 2759 3567 2831 uoluntatem

1967 2856 2230 2924 divinam,
2255 2869 2360 2926 qua
2378 2854 2690 2925 conjunctio
2710 2853 3117 2924 praeciperetur,
3135 2855 3577 2921 exspectassent,

1967 2951 2063 3009 sed
2095 2951 2246 3008 citius
2275 2965 2429 3021 quam
2448 2956 2677 3020 oportuit
2700 2948 3016 3003 matrimonii
3045 2950 3268 3020 gratiam
3286 2945 3568 3016 appetiois-
3602 2970 3605 2971 ν

1966 3052 2094 3099 sent.
2128 3040 2249 3097 Non
2273 3041 2426 3109 nulli,
2447 3041 2539 3113 qui
2563 3040 2703 3097 hanc
2724 3040 3054 3096 sententiam
3085 3041 3416 3108 ingererent,
3440 3037 3566 3108 ipsi,

1967 3151 2105 3209 quos
2149 3135 2367 3200 refellit.
2419 3136 2561 3191 forte
2612 3132 2833 3189 luerunt
2865 3131 3144 3198 btcretici;
3191 3145 3330 3202 quos
3384 3141 3565 3186 tamen

258 3228 407 3283 vetiti
436 3228 742 3285 collocasse
767 3229 941 3300 palam
964 3241 1048 3286 est
1069 3246 1133 3288 es
1157 3241 1316 3288 tract.
1368 3234 1402 3288 6
1435 3234 1527 3289 lib.
1560 3251 1600 3300 ι,
1627 3250 1777 3289 ιιιιιιι.
1801 3235 1856 3299 5,
1888 3237 1933 3299 C
1969 3230 2070 3285 hac
2118 3230 2177 3285 in
2214 3245 2274 3284 re
2301 3242 2409 3284 non
2446 3228 2672 3284 omnino
2708 3227 2918 3299 reiicit,
2953 3226 3051 3281 sed
3099 3240 3196 3296 per
3242 3224 3568 3295 particulam

256 3322 347 3377 ubi
376 3320 557 3376 Adam
586 3336 749 3376 sacra:
794 3322 996 3378 arboris
1026 3336 1233 3393 pontum
1268 3325 1401 3381 male
1428 3326 1576 3381 dulce
1614 3326 1864 3382 delibasse

256 3410 550 3470 allinnarit
578 3431 594 3468 τ
622 3422 677 3469 et
705 3415 957 3470 similiter
977 3431 1100 3472 cum
1131 3418 1183 3471 in
1218 3424 1372 3473 tract.
1408 3419 1477 3475 l3
1528 3418 1772 3488 ejusdem
1797 3419 1861 3473 li-

257 3510 338 3565 bri
369 3527 469 3581 per
497 3510 661 3564 letale
682 3508 910 3580 lignum,
941 3511 1084 3581 quod
1101 3512 1214 3565 sola
1240 3510 1426 3567 mulier
1453 3511 1685 3584 contigit.
1717 3525 1865 3566 mor-

254 3614 363 3660 tem
390 3605 446 3659 in
475 3604 651 3659 Adam
679 3615 732 3660 ct
766 3605 817 3660 in
849 3604 1017 3661 Evam
1049 3604 1327 3662 derivasse
1351 3606 1525 3672 docet,
1562 3605 1704 3662 idem
1732 3620 1861 3661 con-

258 3698 461 3754 lirmat.
519 3700 593 3754 At
633 3698 737 3755 hoc
766 3698 970 3755 eodem
1009 3706 1166 3756 tract.
1193 3701 1290 3768 15,
1325 3716 1471 3756 num.
1516 3701 1579 3768 5,
1608 3714 1862 3773 peccasse

258 3786 429 3847 Adam
472 3789 682 3848 indicat
709 3807 805 3862 per
829 3792 1004 3858 virile,
1045 3793 1187 3864 quod
1229 3788 1654 3861 circumciditur,
1687 3808 1863 3849 mem-

254 3885 411 3941 brum
440 3901 458 3950 ;
492 3884 663 3939 Adam
689 3885 845 3952 enim,
882 3887 1072 3957 inquit.
1106 3903 1224 3941 cum
1253 3887 1509 3942 inlicitum
1532 3905 1742 3959 pomum
1769 3888 1865 3943 hoc

256 3976 485 4035 membro
530 3981 803 4052 decerpsit,
851 3982 928 4036 sic
960 3982 1015 4035 in
1047 3997 1207 4053 genus
1238 3986 1518 4037 humanum
1549 3986 1641 4057 jus
1685 3984 1864 4037 mortis

257 4073 508 4141 induxit;
555 4084 609 4129 et
654 4072 1004 4129 chrmorum
1048 4074 1246 4146 populo
1273 4075 1738 4133 circnmcisioncin
1784 4076 1865 4132 id-

259 4167 403 4222 circo
434 4173 767 4237 prmceptam
796 4165 1012 4233 subdit,
1043 4179 1101 4222 ut
1130 4169 1301 4223 locum
1338 4169 1628 4224 manicatis
1674 4170 1862 4241 'culpm,

259 4259 310 4314 id
338 4269 424 4315 est
449 4259 756 4330 originalis.
790 4276 906 4313 cum
946 4260 1152 4315 denotat
1176 4303 1191 4327 ,
1220 4262 1373 4315 etiant
1401 4261 1509 4316 alia
1538 4262 1754 4317 crimina
1780 4266 1865 4332 fu-

260 4352 446 4423 gienda
465 4362 765 4424 cognoscat.
793 4350 850 4407 ld
885 4353 1056 4424 ipsum
1089 4354 1331 4424 pressius
1376 4356 1599 4426 exponit
1619 4364 1775 4411 tract.
1805 4358 1862 4420 2,

261 4461 409 4501 num.
437 4451 493 4512 8,
527 4461 655 4501 cum
694 4445 762 4501 de
803 4446 1055 4516 cupitline
1084 4447 1332 4518 loquens,
1367 4446 1487 4511 Hic,
1514 4447 1705 4517 inquit,
1736 4449 1868 4519 faci-

263 4542 477 4597 lntssuis
502 4539 628 4595 Eua:
649 4551 823 4613 pectus
844 4541 1100 4607 incendit;
1120 4542 1315 4612 quibus
1338 4541 1517 4597 verbis
1533 4542 1663 4597 satis
1681 4552 1866 4611 aperte

1971 3322 2188 3395 forsitan
2230 3320 2477 3376 eamdem
2522 3320 2848 3375 sententiam
2902 3331 3066 3388 posse
3093 3315 3311 3399 defendi
3337 3330 3445 3371 non
3476 3314 3570 3371 ab—

1969 3416 2108 3481 nuit,
2133 3424 2190 3471 et
2221 3414 2397 3470 solum
2427 3413 2562 3469 nibil
2602 3413 2800 3469 exinde
2828 3411 3033 3489 colligi,
3058 3424 3218 3481 posse
3246 3410 3567 3479 contendit,

1967 3510 2112 3566 unde
2138 3510 2215 3565 illi
2245 3509 2457 3580 nuptias
2500 3505 2672 3563 malas
2700 3520 2823 3561 esse
2846 3506 3192 3560 convincunt.
3228 3503 3380 3560 Unde
3408 3518 3570 3574 porro

1967 3606 2083 3660 sire
2133 3602 2232 3669 illi,
2283 3603 2399 3658 sive
2426 3600 2681 3657 Clemens
2731 3599 2869 3654 banc
2898 3600 3228 3654 sententiam
3264 3597 3568 3669 collegerit,

1966 3698 2206 3770 ignotum
2241 3696 2399 3768 plane
2423 3705 2536 3761 est;
2569 3703 2622 3749 at
2647 3708 2712 3751 es
2741 3692 2879 3748 libro
2910 3692 3090 3764 aliquo
3119 3692 3453 3762 apocrypha,
3482 3691 3569 3746 vel

1969 3795 2149 3863 potius
2186 3806 2253 3848 ex
2305 3789 2659 3846 Hebrteorutn
2714 3786 3075 3858 quorumdam
3125 3785 3573 3856 interpretatione

1967 3883 2277 3939 dintanasse
2305 3882 2543 3948 videtur,
2575 3894 2713 3951 quos
2754 3878 2973 3950 quidem
3021 3878 3290 3933 indicatos
3319 3887 3570 3948 putamus

1977 3991 2006 4032 a
2037 3974 2221 4049 Moyse
2268 3974 2543 4045 Barceplia
2577 3974 2716 4045 Syro
2746 3970 3004 4042 episcopo
3024 4013 3038 4036 ,
3068 3985 3188 4026 cum
3213 3981 3369 4041 parte
3399 3972 3570 4040 prima

1966 4060 2339 4129 Commentar:
2370 4070 2435 4125 de
2460 4069 2562 4125 situ
2608 4065 2849 4122 Paradisi
2888 4080 3008 4137 cap.
3040 4064 3131 4127 19.
3164 4080 3285 4135 pag.
3321 4063 3426 4120 464
3485 4074 3568 4119 ιο-

1969 4166 2043 4221 ιιιὶ
2094 4179 2206 4221 xvn
2256 4162 2513 4218 Biblioth.
2564 4160 2664 4216 PP.
2697 4158 2950 4215 editionis
2987 4156 3390 4228 Lugdunensis,
3451 4156 3570 4213 lucc

1967 4257 2158 4314 scribit
2189 4246 2201 4311 ἐ
2237 4255 2374 4311 Sunt
2406 4256 2634 4326 quidam,
2660 4253 2749 4324 qui
2774 4253 3062 4307 existiment
3091 4268 3191 4305 non
3227 4250 3389 4319 fuisse
3408 4249 3566 4305 arbo-

1970 4367 2074 4405 rem
2089 4348 2159 4412 id,
2187 4348 2253 4403 de
2271 4364 2371 4418 quo
2391 4345 2615 4418 gustavit
2639 4345 2824 4408 Adam,
2847 4330 2939 4399 sed
2958 4358 3225 4398 venereum
3246 4343 3564 4414 amplexum,

1969 4461 2067 4515 quo
2099 4459 2214 4497 cum
2238 4456 2400 4496 uxore
2441 4439 2532 4494 ille
2575 4454 2762 4510 corpus
2798 4437 3098 4494 miscuit....
3127 4451 3285 4506 neque
3312 4434 3458 4490 aliud
3484 4453 3569 4490 to-

1972 4536 2129 4592 luisse
2159 4537 2289 4590 illud
2329 4542 2657 4605 prwceptutn,
2695 4546 2757 4585 ne
2783 4530 2946 4584 edatis
2976 4529 3040 4582 de
3068 4529 3161 4583 illa
3187 4527 3389 4592 arbore,
3414 4543 3569 4600 quant

263 4640 460 4704 innuit,
490 4639 736 4710 priorum
769 4650 1052 4711 parentum
1084 4639 1298 4709 culpam
1348 4640 1400 4694 iit
1450 4653 1698 4695 venerea:
1733 4654 1863 4695 con-

1971 4647 2072 4686 non
2099 4628 2310 4693 coeatis,
2351 4626 2440 4681 sed
2466 4632 2640 4679 sancte
2665 4632 2711 4677 et
2751 4622 2940 4693 absque
2964 4621 3105 4676 οηιηὶ
3134 4636 3315 4675 uenere
3340 4621 3520 4675 vivatis
3546 4659 3562 4686 ,

259 4734 560 4804 junctionis
590 4733 867 4804 voluptate
893 4737 1051 4790 sitam
1081 4734 1266 4793 fuisse
1301 4748 1366 4789 ac
1394 4733 1439 4789 si
1466 4735 1664 4807 lignum
1688 4745 1740 4791 et
1766 4750 1863 4807 po-

266 4843 409 4881 mum
446 4869 460 4888 .
494 4827 640 4896 quod
671 4827 803 4899 ipsis
831 4840 862 4880 a
884 4825 996 4882 Deo
1025 4828 1248 4883 vetitum
1276 4837 1380 4893 est,
1410 4825 1571 4882 fuerit
1601 4830 1712 4900 ipsa
1737 4842 1862 4883 con-

264 4920 491 4991 iunctio.
524 4934 687 4990 quam
719 4918 797 4974 illi
843 4930 1031 4974 contra
1062 4919 1289 4974 vetitum
1323 4918 1720 4988 praecipientes,
1748 4935 1870 4992 pec-

266 5013 433 5068 carint
464 5014 726 5084 graviter,
757 5021 811 5068 et
839 5025 1001 5069 omne
1037 5025 1209 5082 genus
1256 5013 1551 5067 humanum
1584 5013 1637 5067 in
1679 5027 1869 5082 pecca-

270 5116 378 5161 tum
410 5106 747 5163 induxerint.
786 5104 897 5161 lloc
918 5115 1098 5161 autem
1123 5120 1284 5176 quam
1303 5116 1402 5161 eta
1423 5105 1638 5162 litterali
1662 5107 1860 5167 Genes.

267 5216 455 5267 sensu,
484 5206 540 5256 et
566 5216 596 5255 a
631 5199 848 5255 Patrum
889 5198 1019 5274 [etv]
1040 5200 1487 5269 interpretatione
1513 5200 1581 5254 sit
1604 5198 1864 5267 alienum,

272 5310 431 5350 nemo
460 5310 568 5349 non
610 5294 758 5349 videt
790 5312 804 5349 :
835 5293 998 5365 idque
1024 5299 1176 5349 tanto
1206 5291 1376 5363 magis
1405 5292 1668 5348 absonum
1695 5292 1865 5349 videri

270 5386 455 5453 debet,
484 5394 690 5458 quanto
718 5392 803 5443 est
826 5398 1056 5455 certum,
1093 5386 1553 5456 concupiscentia:
1578 5385 1782 5442 carnali
1813 5386 1867 5441 in

273 5481 526 5554 paradiso
557 5481 799 5538 terrestri
830 5482 1035 5538 nullum
1065 5479 1231 5537 fuisse
1259 5479 1434 5537 locum
1461 5521 1475 5546 ,
1527 5489 1585 5536 ut
1626 5479 1871 5551 pluribus

271 5577 323 5632 in
366 5575 838 5635 libris/adversus
867 5575 1182 5648 Pelagianos
1211 5572 1544 5646 Augustinus
1564 5573 1869 5629 luculenter

271 5672 627 5728 demonstrat.
650 5670 778 5727 Haec
805 5686 927 5727 cum
962 5687 1061 5726 nos
1088 5671 1270 5726 animo
1297 5671 1655 5736 Volvercmus,
1690 5668 1867 5724 Zeno-

270 5764 443 5843 niante
475 5752 782 5843 sentcntiae
806 5764 1073 5837 originem
1113 5761 1460 5839 indagaturi,
1502 5761 1868 5843 comperimus

272 5842 447 5917 simile
470 5842 748 5931 quidpiam
775 5856 881 5930 le‘gi
901 5845 1043 5930 apud
1068 5848 1404 5939 Clementem
1438 5842 1863 5915 Alexandrinum

1969 4736 2017 4781 et
2041 4739 2138 4794 quo
2160 4722 2244 4776 die
2264 4722 2329 4776 de
2346 4719 2440 4775 illa
2467 4717 2693 4784 ederitis,
2719 4727 2885 4772 morte
2909 4715 3215 4783 moriemini,
3234 4715 3287 4769 id
3307 4729 3440 4781 esse,
3461 4729 3561 4785 quo

1971 4821 2054 4877 die
2080 4832 2300 4890 corpora
2326 4812 2623 4870 miscebitis.
2658 4812 2792 4867 llnic
2833 4823 2966 4866 sane
2995 4807 3430 4880 interpretationi
3460 4821 3568 4862 non

1972 4916 2150 4971 nullos
2186 4911 2511 4985 posterioris
2537 4925 2754 4982 quoque
2789 4910 2967 4965 aetatis
2998 4906 3272 4962 Ralibinos
3299 4902 3575 4974 subscrip-

1973 5009 2111 5066 sisse
2140 5008 2275 5065 satis
2316 5006 2622 5076 colligimus
2645 5019 2713 5059 ex
2750 5003 2978 5073 Dialogo
3002 5001 3037 5057 '5
3090 5001 3153 5055 de
3191 5000 3395 5066 Amore,
3424 4998 3569 5054 circa

1975 5101 2235 5168 medium,
2265 5114 2424 5172 quem
2456 5100 2568 5156 Leo
2592 5097 2851 5154 Hebraeus
2874 5095 3196 5151 Mutinensis
3222 5092 3422 5149 sacculo
3454 5107 3567 5157 xu,

1968 5194 2151 5254 italice
2195 5194 2385 5252 edidit.
2438 5193 2507 5250 Ut
2536 5203 2715 5248 autem
2766 5206 2832 5245 cx
2861 5182 3211 5245 Hebraeorum
3256 5185 3411 5243 libris
3434 5228 3449 5253 ,
3481 5194 3575 5241 aut

1970 5299 2118 5347 certe
2135 5305 2198 5345 ex
2226 5288 2578 5345 llebrtcorum
2601 5284 2654 5340 id
2678 5282 2941 5355 temporis
2958 5282 3216 5337 sensibus
3239 5281 3379 5335 lianc
3402 5279 3570 5334 inter-

1976 5383 2332 5455 pretationem
2355 5378 2424 5435 ab
2450 5380 2689 5437 Auctore
2710 5383 2895 5433 nostro
2924 5374 3209 5431 deductam
3239 5371 3573 5444 probabilius

1972 5475 2300 5549 iudicemus,
2333 5473 2459 5529 illud
2499 5470 2713 5540 suadet,
2744 5469 2887 5543 quod
2934 5470 3027 5524 ille
3077 5479 3231 5524 tract.
3271 5465 3335 5521 15
3376 5464 3470 5519 lib.
3529 5477 3569 5528 ι,

1975 5572 2039 5628 de
2063 5568 2464 5627 Circumcist'one
2503 5567 2770 5623 adversus
2812 5564 3072 5620 Hebrmos
3110 5562 3371 5624 disserat,
3408 5567 3462 5612 ct
3504 5573 3571 5613 ex

1973 5666 2279 5738 prmcipua,
2312 5673 2370 5718 ut
2401 5663 2634 5725 videtur,
2687 5662 2925 5719 insornm
2977 5652 3242 5711 sententia
3287 5651 3570 5706 citcnmci-

1970 5761 2180 5837 sionem
2212 5750 2759 5837 explodere'nitatur.
2784 5749 3048 5837 Equidem
3076 5747 3122 5802 si
3150 5761 3258 5820 non
3288 5745 3520 5837 alienant
3542 5785 3560 5816 ,

1968 5853 2062 5913 sed
2109 5832 2259 5911 suam
2294 5831 2380 5908 llic
2426 5849 2737 5923 protulisset
2783 5831 3141 5911 sententiam,
3195 5838 3285 5913 qui
3328 5833 3485 5897 tract.
3522 5836 3556 5893 6
