3998 6332
445 289 548 344 1'25

1840 288 2018 346 PROL
2025 287 2112 346 EG
2119 288 2210 346 OM
2220 290 2348 346 ENA
2361 329 2375 344 .

3645 293 3750 352 id!

441 411 536 466 lib.
564 426 612 480 ι,
650 425 799 466 nunt.
851 410 907 477 5,
957 409 1206 481 vulgat-ai,
1242 417 1300 464 ut
1343 408 1495 464 initio
1521 407 1866 471 monuimus,
1915 406 2040 462 sub-
2064 410 2113 470 Α
2147 415 2300 461 tract.
2357 408 2382 462 t
2423 406 2518 462 lib.
2555 423 2594 472 ι,
2625 408 2690 462 de
2721 405 2852 462 Fide
2874 421 2981 462 non
3011 406 3137 462 illud
3163 407 3539 478 quaerebatur,
3563 421 3746 464 utrum

444 505 752 574 scripsisset
793 503 1162 574 explicatioui,
1205 517 1308 574 qua
1333 503 1506 559 Adam
1527 516 1690 559 sacra:
1717 503 1915 558 arboris
1937 519 2034 575 po-

442 613 580 652 mum
601 597 733 652 male
747 597 894 652 dulce
907 597 1159 653 delibasse
1173 597 1424 654 traditur?
1445 599 1534 666 qui
1551 597 1740 654 eodem
1761 606 1915 652 tract.
1970 598 2036 653 l5

443 689 535 744 lib.
570 706 605 756 ι,
631 705 780 743 nutu.
827 689 913 754 10,
941 689 1094 744 letale
1126 691 1322 762 lignum
1353 707 1384 745 a
1435 692 1548 746 sola
1577 690 1790 746 muliere
1834 699 2033 746 tactum

443 782 807 852 prodidisset,
840 784 884 837 si
919 783 970 839 in
1015 785 1202 850 vetita,
1247 784 1638 854 utiputabatur
1661 825 1676 851 ,
1707 784 2035 840 matrimonii

439 875 820 946 conjunctione
848 875 1062 946 utrique
1091 878 1290 948 lignum
1317 886 1371 934 et
1421 892 1638 946 pomum
1676 877 1981 947 attigissent
2007 877 2030 932 7

439 969 620 1039 Itaque
666 979 952 1040 propterea
1010 971 1110 1026 hac
1160 971 1608 1041 interpretatione
1649 972 1710 1028 S.
1758 971 2032 1029 Zenonem

437 1079 590 1119 nsum
635 1079 756 1121 esse
802 1065 957 1120 nobis
986 1067 1243 1122 credibile
1267 1075 1380 1132 est,
1424 1077 1484 1123 ut
1528 1067 1784 1124 Hebraeos
1816 1070 2031 1138 propria

435 1171 626 1212 eorum
659 1159 942 1230 hypothesi
969 1158 1162 1215 fortius
1188 1162 1552 1217 convinceret.
1578 1161 1712 1217 Cum
1737 1178 1868 1218 vero
1893 1163 2033 1219 hanc

434 1251 682 1306 eamdem
707 1251 1029 1307 sententiam
1060 1253 1249 1309 innuat
1275 1263 1431 1310 tract.
1480 1254 1516 1309 2
1543 1255 1636 1311 lib.
1667 1256 1823 1322 t,ubi
1854 1267 2031 1313 tamen

439 1345 702 1401 adversus
749 1345 1006 1401 Hebraéos
1039 1346 1171 1402 nihil
1218 1357 1331 1413 est;
1361 1348 1500 1404 hanc
1545 1352 1875 1426 sententiam
1925 1367 2033 1408 non

439 1447 644 1494 tantum
679 1439 1027 1495 Hebraeorum
1049 1485 1064 1509 ,
1109 1442 1205 1497 sed
1241 1442 1542 1514 aliquorum
1573 1446 1734 1502 etiam
1763 1445 2029 1502 Christia-

439 1547 629 1586 norum
658 1533 926 1602 propriam
954 1534 1076 1588 licet
1102 1550 1419 1605 agnoscere,
1451 1539 1520 1592 ita
1545 1549 1601 1592 ut
1628 1540 1684 1594 S.
1716 1540 1867 1596 Zeno
1891 1542 2030 1599 hanc

438 1625 952 1692 prmtermittendam
994 1643 1101 1682 non
1152 1627 1398 1696 duxerit,
1449 1631 1541 1686 ubi
1591 1632 1661 1688 de
1711 1637 2030 1704 perniciosis

437 1719 656 1774 venerei
680 1721 881 1775 amoris
905 1720 1186 1778 effectibus
1210 1738 1519 1781 sermonem
1546 1727 1876 1799 instituerat,
1906 1731 2031 1789 licet

437 1811 552 1882 ipse
575 1812 732 1868 aliain
764 1829 1053 1887 veramque
1075 1819 1401 1875 sententiam
1430 1832 1775 1893 sequeretur.

934 1956 941 1961 -
1007 1951 1115 2028 [ον]
1155 1954 1382 2012 CAPUT
1421 1955 1486 2012 v.

476 2080 618 2128 QUAI
661 2081 836 2124 BECTE
875 2084 944 2124 DE
985 2084 1168 2127 DIVI'NA
1208 2088 1410 2130 ΟΒΔΊΊΔ
1449 2090 1495 2130 8.
1539 2091 1678 2132 ZEN‘O
1705 2092 1981 2136 SENSERIT.

509 2181 622 2238 Hoc
652 2186 980 2255 praecipuum
1011 2197 1172 2258 caput
1214 2198 1317 2256 est,
1367 2191 1419 2245 in
1469 2209 1578 2261 quo
1621 2209 1744 2249 cum
1790 2195 1846 2251 S.
1883 2196 2031 2252 Zeno

431 2276 629 2331 alicubi
680 2275 991 2334 duriuscule
1035 2280 1246 2338 locutus
1296 2283 1575 2341 videretur
1623 2287 1708 2355 iis,
1739 2289 1829 2360 qui
1863 2289 2032 2345 Vero-

434 2385 657 2426 nensem
687 2371 982 2428 editionem
1009 2387 1288 2444 curarunt,
1322 2393 1439 2433 eam
1467 2379 1568 2435 sibi
1592 2381 1859 2437 licentiam
1883 2398 2031 2440 sum-

434 2477 614 2532 psere,
646 2472 700 2519 ut
725 2479 832 2520 non
865 2465 1029 2521 nullis
1058 2468 1236 2524 verbis
1263 2470 1316 2524 in
1367 2481 1569 2527 textum
1619 2474 1860 2544 insertis,
1912 2479 2030 2550 qui-

433 2559 530 2615 bus
557 2562 859 2618 catholicus
882 2579 1074 2622 sensus
1107 2570 1426 2639 perspicuus
1467 2571 1781 2640 referretur,
1825 2577 2027 2648 aliquot

432 2650 547 2708 loca
578 2655 909 2722 emollirent,
940 2671 1034 2713 seu
1062 2660 1415 2731 explicarent,
1448 2668 1899 2735 quemadmodum
1934 2687 2028 2741 per

431 2746 621 2802 eadem
655 2759 901 2819 tempora
931 2755 1108 2808 evenit
1137 2753 1397 2812 Romanis
1423 2758 1480 2812 S.
1504 2760 1778 2816 Ambrosii
1807 2762 2028 2819 editori-

417 2840 865 2910 .bus,quosilliin
886 2848 1193 2917 exemplum
1212 2850 1314 2905 sibi
1348 2855 1696 2922 pr0posuisse
1740 2856 1792 2910 in
1834 2857 2026 2926 praefa-

429 2936 575 2992 tione
592 2936 845 2993 fatentur.
879 2939 1101 2994 Duriora
1125 2942 1177 2996 in
1209 2943 1395 3010 primis
1415 2946 1526 3000 visa
1555 2956 1679 3002 sunt
1707 2949 1794 3003 illa
1813 2959 1968 3005 tract.
1994 2953 2018 3007 i

430 3028 524 3084 lib.
557 3045 606 3096 ι,
642 3045 794 3085 num.
832 3034 885 3097 1,
916 3033 1000 3087 ubi
1020 3033 1142 3088 fidei
1165 3045 1411 3091 naturam
1439 3037 1594 3092 talem
1619 3038 1668 3094 et
1688 3049 1886 3096 tantam
1904 3059 2026 3099 esse

429 3129 678 3185 testatur,
709 3133 763 3177 ut
790 3125 1060 3191 unicuique
1087 3125 1282 3182 homini
1310 3145 1412 3183 non
1435 3131 1498 3184 ab
1520 3132 1623 3186 alio
1649 3135 2018 3204 eommodetur,

2141 497 2276 554 lides
2320 515 2385 554 ex
2430 500 2623 570 gratia,
2660 515 2726 556 an
2759 515 2825 556 es
2873 501 3148 556 voluntate
3193 502 3284 567 sit,
3325 516 3427 557 nec
3469 515 3538 556 ue
3580 519 3748 575 :quai

2138 591 2368 662 quaestio
2399 592 2600 648 Zenoni
2634 610 2700 648 ne
2729 594 2781 649 in
2810 603 3047 650 mentem
3069 594 3287 664 quidem
3305 595 3473 661 venit,
3495 604 3551 650 et
3571 597 3744 652 multo

2139 695 2263 756 post
2287 701 2315 740 a
2351 686 2652 758 Pelagianis
2679 689 2908 744 excitata
2939 688 3061 744 fuit.
3092 688 3149 742 ln
3182 688 3414 743 Arianos
3459 697 3568 743 tota
3617 698 3740 746 erat

2137 779 2308 834 sancti
2341 779 2615 836 Antistitis
2639 785 2938 848 contentio,
2971 783 3064 852 qui
3102 781 3261 836 fidem
3288 783 3452 836 variis
3501 785 3738 838 tractati-

2139 873 2240 929 bus
2283 882 2339 929 et
2383 877 2716 944 argumentis
2761 877 3136 947 exponendam
3196 877 3322 941 rati,
3369 877 3510 932 adeo
3555 879 3608 933 in
3669 878 3740 934 iis

2137 968 2502 1037 Iucubrandis,
2538 971 2782 1039 edendis,
2819 972 3169 1043 legendisque
3204 971 3539 1040 laborabant,
3583 987 3647 1027 ac
3689 972 3739 1027 si

2136 1063 2341 1133 absque
2367 1064 2467 1118 hoc
2492 1065 2673 1120 studio
2697 1066 2909 1136 concipi
2939 1066 3072 1122 fides
3102 1080 3207 1121 non
3239 1077 3443 1136 posset.
3475 1067 3584 1122 llos
3605 1079 3738 1138 ergo

2141 1166 2199 1211 ut
2229 1156 2503 1213 refelleret
2531 1160 2590 1215 S.
2623 1160 2788 1227 Zeno,
2823 1160 2983 1216 fidem
3011 1160 3213 1216 homini
3255 1176 3357 1214 non
3385 1159 3449 1214 ab
3489 1158 3597 1212 alio
3627 1159 3737 1214 titi-

2135 1265 2239 1320 que
2265 1249 2482 1306 homine
2513 1267 2605 1321 per
2634 1260 2888 1308 tractatus
2915 1261 3242 1308 memoratos
3267 1252 3604 1314 commodari,
3637 1251 3730 1306 sed

2139 1342 2251 1412 ejus
2281 1358 2346 1397 ea:
2376 1345 2636 1399 rolm:tate
2680 1346 2820 1399 nasci
2850 1343 3082 1416 prodidit
3131 1363 3145 1401 :
3195 1345 3390 1415 quibus
3438 1359 3602 1399 unum
3634 1345 3738 1398 im-

2138 1436 2361 1504 probum
2393 1448 2447 1492 et
2495 1439 2856 1508 periculosum
2904 1451 3225 1496 tractatuum
3273 1440 3509 1495 studium
3549 1441 3737 1495 exclu-

2134 1528 2266 1584 dere
2307 1547 2460 1587 mens
2502 1532 2578 1588 illi
2626 1543 2677 1588 et
2716 1533 3001 1588 consilium
3035 1534 3154 1601 fuit,
3187 1543 3244 1588 ut
3271 1549 3336 1588 ex
3369 1547 3622 1588 sermone
3649 1539 3736 1587 rc-

2135 1624 2280 1695 liquo
2313 1627 2507 1697 liquet;
2551 1627 2681 1683 nihil
2711 1643 2842 1683 vero
2880 1636 3069 1684 contra
3109 1629 3297 1700 gratia:
3344 1629 3733 1684 necessitatem

2135 1722 2302 1777 voluit
2343 1722 2635 1780 affirmare.
2684 1724 2784 1792 Qui
2831 1724 3086 1780 nimirum
3129 1725 3462 1779 voluntatem
3521 1723 3734 1791 laudat,

2061 1817 2105 1877 Β
2134 1832 2252 1886 qua:
2298 1817 2363 1871 ad
2412 1817 2568 1872 tidem
2615 1817 3026 1889 concipiendam
3075 1831 3207 1874 sane
3252 1817 3560 1883 concurrit,
3625 1827 3736 1871 non

2137 1910 2362 1981 proinde
2391 1912 2616 1981 gratiam
2646 1911 2933 1967 excludere
2958 1911 3282 1982 iudicandus
3323 1921 3438 1977 est;
3472 1912 3613 1965 sicut
3638 1910 3736 1981 qui

2135 2005 2359 2073 gratiam
2402 2003 2656 2070 adstruit,
2705 2020 2809 2060 non
2862 2005 3063 2060 idcirco
3109 2005 3437 2058 voluntatem
3468 2002 3732 2059 excludit.

2136 2093 2318 2148 Solam
2342 2105 2522 2150 autem
2552 2097 2903 2163 voluntatem,
2955 2111 3060 2151 non
3093 2111 3220 2151 vero
3261 2097 3488 2167 gratiam
3518 2111 3738 2150 memo-

2136 2187 2272 2241 r.uit
2299 2187 2359 2241 S.
2405 2187 2571 2254 Zeno,
2623 2189 2768 2259 quod
2820 2189 2960 2242 nulla
3010 2196 3120 2242 tum
3152 2198 3298 2244 esset
3329 2187 3434 2243 hoc
3462 2202 3528 2242 ex
3556 2189 3735 2257 capite

2133 2280 2386 2350 quaestio,
2416 2295 2574 2336 error
2607 2283 2804 2346 nullus,
2833 2282 2988 2351 cujus
3015 2296 3078 2337 ex
3111 2280 3352 2352 periculo
3385 2290 3593 2336 tantum
3612 2281 3733 2336 acui

2133 2376 2273 2430 solet
2297 2376 2531 2441 animus,
2561 2385 2617 2431 ut
2647 2377 2701 2432 in
2747 2375 3038 2432 scribendo
3068 2390 3130 2430 ac
3157 2374 3431 2446 loquendo
3460 2375 3734 2428 cautiores

2133 2467 2321 2523 simus.
2362 2467 2570 2523 Similis
2614 2477 2696 2524 est
2742 2467 3118 2538 interpretatio
3150 2468 3290 2523 tertii
3325 2467 3644 2534 testimonii,
3677 2466 3734 2522 in

2133 2578 2242 2634 quo
2272 2562 2378 2618 vita
2411 2564 2605 2616 anima:
2635 2577 2662 2616 a
2706 2563 2980 2618 nobismet
3008 2563 3139 2633 ipsis
3170 2571 3478 2632 comparata
3510 2561 3735 2633 perinde

2131 2657 2352 2725 dicitur,
2387 2673 2452 2712 ac
2499 2657 2659 2711 fidem
2688 2672 2749 2711 ex
2796 2667 2981 2712 nostra
3014 2657 3289 2713 voluntate
3327 2670 3448 2712 esse
3479 2657 3732 2726 superius

2131 2751 2260 2806 dixit
2293 2771 2306 2804 :
2341 2761 2396 2806 et
2421 2751 2560 2806 idem
2588 2759 2672 2806 est
2697 2750 2766 2806 de
2793 2752 3107 2808 testimonio
3137 2751 3397 2816 secundo,
3447 2761 3555 2820 quo
3595 2751 3735 2806 fides

2130 2861 2211 2896 res
2243 2844 2462 2898 maxime
2495 2845 2702 2914 propria
2725 2853 2901 2898 nostra
2923 2861 3029 2899 esse
3046 2843 3367 2900 afﬁrmatur.
3395 2845 3732 2914 Quamquam

2135 2940 2224 2994 hic
2269 2952 2498 2994 nostram
2527 2939 2684 3005 dixit,
2728 2950 2786 2994 ut
2811 2941 2993 2994 aliena?
3019 2949 3350 3010 opponeret;
3380 2937 3562 2994 subdit
3583 2939 3732 2994 enim

2127 3033 2304 3089 statim
2342 3053 2354 3089 :
2409 3032 2576 3105 Igitur
2616 3034 2660 3087 si
2702 3044 2878 3088 nostra
2917 3044 3016 3100 est,
3059 3049 3312 3089 servemus
3359 3043 3416 3088 ut
3465 3045 3734 3100 nostram;

2128 3137 2182 3182 ut
2211 3131 2335 3201 jure
2377 3143 2637 3198 speremus
2663 3129 2872 3194 aliena;
2906 3127 3048 3198 quod
3077 3127 3144 3183 ad
3170 3128 3598 3183 controversiam
3649 3126 3724 3184 de

427 3214 519 3267 sed
549 3217 662 3287 ejus
693 3233 756 3271 ex
781 3218 1041 3274 voluntate
1067 3231 1348 3289 nascatur;
1375 3224 1569 3294 quibus
1608 3241 1729 3282 cum
1761 3230 2021 3286 voluntati
2050 3218 2095 3283 C
2126 3225 2296 3294 gratia
2330 3221 2461 3277 nihil
2490 3221 2746 3292 pertinet.
2795 3222 3062 3277 Caeterum
3112 3221 3204 3276 alii
3255 3235 3471 3293 quoque
3512 3219 3729 3287 Patres,

389 3363 400 3372 ,
429 3317 599 3362 totum
641 3310 919 3366 videretur
943 3313 1198 3382 tribuere,
1231 3324 1291 3370 ut
1321 3331 1388 3372 ne
1412 3317 1644 3374 divinant
1673 3323 1897 3392 gratiam
1928 3323 2022 3379 ad-

424 3413 679 3471 strueret,
715 3407 766 3460 in
795 3407 1033 3463 editione
1078 3409 1380 3467 Veronensi
1418 3414 1740 3484 impressum
1777 3416 1872 3473 fuit
1896 3420 1975 3476 sic
2005 3437 2018 3474 :

425 3509 482 3552 ut
510 3501 784 3571 unicuique
809 3503 1003 3557 homini
1024 3520 1126 3559 non
1157 3504 1219 3558 ab
1249 3506 1373 3572 alio,
1404 3508 1492 3561 sed
1514 3510 1624 3580 ejus
1652 3527 1713 3565 ea:
1736 3512 2019 3579 voluntate,

427 3594 762 3661 prteoeniente
791 3595 1018 3665 Spiritus
1045 3599 1209 3651 sancti
1236 3599 1576 3669 inspiratione
1601 3614 1751 3671 atque
1771 3607 1883 3675 ejus
1928 3605 2022 3658 ad-

418 3686 642 3756 jutorio,
688 3702 949 3740 nascatur.
1004 3690 1266 3745 Similiter
1304 3700 1463 3747 tract.
1516 3695 1552 3748 2
1598 3695 1844 3766 ejusdem
1875 3697 2016 3765 libri,

428 3792 577 3830 nttnt.
607 3778 664 3842 5,
695 3778 786 3832 illa
813 3781 1084 3835 sententia
1116 3798 1129 3835 :
1174 3779 1336 3837 Fides
1365 3786 1535 3853 itaque
1573 3788 1652 3841 vel
1677 3789 1899 3843 maxime
1939 3807 2022 3847 res

425 3871 640 3941 propria
670 3882 844 3928 nostra
873 3877 1314 3948 est,,suppleuda
1355 3879 1465 3934 visa
1495 3891 1578 3935 est
1608 3881 1658 3936 in
1687 3883 1875 3939 eadem
1908 3885 2023 3938 edi-

426 3965 573 4020 tione
604 3965 707 4022 hoc
737 3968 898 4022 modo
930 3986 943 4022 :
979 3967 1137 4024 Fides
1160 3971 1331 4042 itaque
1359 3971 1554 4027 donum
1575 3971 1674 4028 Dei
1701 3977 1779 4029 vel
1805 3977 2024 4031 maxime

425 4076 506 4113 res
537 4061 750 4130 propria
776 4071 951 4116 nostra
982 4072 1072 4118 est.
1107 4063 1344 4120 Tandem
1389 4073 1547 4121 tract.
1606 4067 1675 4122 i2
1717 4067 1835 4124 libri
1878 4071 2024 4139 ejus-

424 4151 570 4217 dem,
613 4167 762 4208 num.
807 4155 860 4220 4,
894 4155 1162 4225 duplicem
1205 4157 1366 4212 vitam
1398 4158 1736 4230 distinguens
1776 4163 2021 4233 corporis

424 4251 479 4297 et
507 4243 670 4296 animi
699 4261 712 4297 :
742 4243 915 4311 Hanc,
945 4247 1138 4317 inquit,
1167 4265 1260 4303 nos
1284 4249 1426 4305 nobis
1455 4253 1554 4322 ipsi
1583 4253 1680 4307 hac
1705 4254 1759 4308 in
1789 4256 1888 4309 vita
1930 4273 2022 4328 per

422 4336 580 4406 ﬁdem
627 4339 762 4393 sacri
792 4338 948 4407 fontis
993 4341 1103 4396 riuo
1131 4342 1197 4396 de
1234 4345 1434 4416 gurgite
1471 4361 1870 4418 comparamus:
1899 4365 2020 4419 qua:

422 4447 544 4486 cum
588 4433 907 4491 timereutur
951 4438 1285 4508 accipienda,
1317 4449 1373 4494 ut
1413 4441 1588 4511 gratia
1631 4443 1873 4507 exclusa,
1909 4452 2016 4499 tota

417 4527 820 4596 jnstilicationis
851 4533 930 4586 vis
975 4535 1131 4589 nobis
1180 4537 1526 4604 tribueretur,
1581 4537 1721 4592 edita
1770 4538 2020 4595 similiter

2125 3317 2213 3386 qui
2247 3324 2371 3369 ante
2404 3315 2684 3385 Pelagiana
2719 3323 2962 3385 tempora
3013 3312 3266 3380 ﬂoruere,
3316 3327 3438 3369 cum
3487 3311 3729 3368 nondum

2125 3427 2187 3465 ex
2221 3410 2455 3465 hostium
2514 3408 2694 3464 furore
2721 3409 2985 3465 admoniti
3017 3408 3264 3476 fuissent,
3310 3417 3368 3463 ut
3411 3408 3620 3462 cautius
3652 3406 3733 3462 lo-

2123 3511 2433 3574 querentur,
2466 3501 2675 3556 similes
2707 3502 2982 3568 formulas,
3014 3512 3070 3556 ut
3102 3501 3587 3572 uotavit,August.,
3619 3513 3730 3555 non

2125 3614 2418 3668 numquam
2453 3607 2784 3667 usurparunt
2823 3614 2836 3650 :
2899 3610 3020 3666 qum
3054 3601 3188 3649 eum
3225 3593 3395 3649 solius
3437 3593 3732 3649 voluntat's

2124 3689 2490 3755 meminerint,
2528 3689 2605 3743 ad
2635 3687 3049 3744 eontundendos
3079 3685 3213 3761 [cvi]
3242 3685 3457 3758 quidem
3508 3685 3730 3741 lucreti-

2125 3799 2219 3838 t‘os
2252 3791 2528 3853 nequeunt
2554 3783 2825 3846 converti,
2869 3793 2923 3836 at
2951 3796 3072 3836 cum
3106 3783 3331 3851 gratiam
3361 3797 3466 3835 non
3492 3778 3730 3851 proinde

2125 3873 2422 3930 excludant
2443 3915 2457 3941 ,
2485 3874 2674 3929 iisdem
2707 3873 2889 3930 favere
2918 3889 3023 3929 non
3057 3883 3303 3944 possunt.
3332 3871 3508 3940 Quid?
3533 3871 3728 3928 Nonne

2126 3980 2180 4023 et
2214 3969 2326 4038 ipse
2355 3967 2686 4039 Augustinus
2709 3969 2775 4022 de
2807 3983 2867 4023 se
2900 3969 3016 4039 ipso
3050 3976 3295 4032 testatur,
3325 3984 3409 4030 se,
3436 3976 3727 4037 antequam

2130 4061 2415 4132 Pelagiana
2445 4063 2672 4117 haeresis
2714 4069 3046 4131 erumperet,
3093 4061 3204 4130 pari
3246 4059 3516 4115 locutione
3544 4074 3725 4127 usum,

2125 4170 2244 4226 qua:
2273 4170 2408 4210 sano
2435 4155 2651 4223 quidem
2683 4169 2848 4211 sensu
2877 4154 3046 4224 accipi
3080 4161 3310 4223 potetat,
3344 4151 3438 4207 sed
3468 4166 3590 4206 cum
3625 4151 3729 4207 Pe-

2125 4249 2350 4319 lagianis
2381 4249 2574 4304 similia
2608 4248 2753 4320 loqui
2797 4247 3116 4304 videbatur?
3161 4247 3298 4303 Hinc
3337 4261 3460 4302 cum
3491 4248 3543 4300 itt
3576 4261 3727 4301 eam-

2123 4342 2247 4397 dem
2295 4343 2621 4398 locutiouem
2673 4342 2727 4397 in
2794 4341 3231 4413 Expositionibus
3277 4338 3530 4412 Epistula:
3573 4338 3726 4396 Pauli

2122 4441 2187 4494 ad
2219 4441 2496 4496 Romanos
2542 4439 2850 4510 scripsisset
2891 4455 2902 4491 :
2941 4438 3090 4503 Quod
3137 4453 3260 4509 ergo
3305 4436 3584 4502 credimus,
3626 4451 3724 4490 no-

2122 4545 2282 4589 strum
2326 4544 2422 4601 est,
2473 4545 2530 4590 et
2578 4544 2809 4589 nostrum
2835 4542 2908 4588 est
2938 4532 3143 4587 credere
3177 4542 3222 4586 et
3249 4530 3406 4596 velle;
3437 4538 3562 4585 nata
3591 4529 3723 4584 sub-

421 4619 572 4676 luere
618 4637 739 4678 cum
790 4625 1084 4692 additione,
1132 4647 1224 4685 nos
1250 4631 1392 4686 nobis
1430 4632 1531 4702 ipsi
1563 4629 1672 4687 Deo
1718 4641 1945 4687 movente
1973 4642 2017 4688 et
2044 4613 2098 4674 Ι)
2125 4630 2249 4685 inde
2277 4627 2691 4699 Pelagianorum
2719 4627 2939 4693 lia-cesi,
2986 4626 3071 4681 cui
3117 4624 3280 4680 hasce
3313 4623 3612 4678 locutiones
3643 4621 3721 4676 fa-

421 4713 791 4788 ndjuvante....
833 4735 1210 4790 comparamus.
1253 4722 1359 4778 Sed
1403 4717 1485 4778 his
1524 4725 2015 4793 etttendationibus,

420 4825 540 4880 quae
584 4811 885 4868 catholicos
934 4814 987 4868 in
1035 4815 1286 4870 invidiam
1317 4818 1705 4891 voeant(s:epe
1730 4821 1875 4875 enim
1921 4819 2020 4876 ali-

419 4920 554 4976 quas
586 4906 636 4961 id
661 4909 875 4978 generis
921 4910 1314 4976 correctioues,
1361 4912 1556 4983 quibus
1604 4915 1754 4982 pauci
1800 4915 2014 4984 quidam

422 4998 657 5056 editores
724 5016 863 5057 vano
912 5013 1058 5059 metu
1114 5005 1474 5070 indulserunt,
1530 5006 1812 5064 haereticos
1861 5010 2017 5065 nobis

420 5093 815 5160 exprobrantes
839 5095 1088 5161 vidimus,
1125 5113 1188 5154 ac
1214 5100 1256 5153 si
1288 5099 1504 5155 Patrum
1548 5115 1710 5171 opera
1747 5106 2017 5175 corrupis-

419 5201 602 5242 scmus
645 5205 658 5241 :
706 5189 850 5259 quod
890 5191 1169 5248 catholica:
1201 5196 1414 5250 veritati
1461 5209 1656 5266 magno
1689 5198 2016 5267 prmjudicio

421 5278 588 5349 fuit);
641 5278 745 5345 his,
774 5281 1015 5352 inquam,
1048 5285 1477 5342 correctionihus
1519 5289 1650 5342 nihil
1695 5304 1833 5359 opus
1877 5301 2011 5356 erat,

420 5387 542 5427 cum
575 5373 704 5427 satis
733 5389 798 5427 ex
839 5375 1158 5446 quaestione,
1192 5392 1311 5449 quae
1357 5380 1408 5434 id
1447 5382 1704 5452 temporis
1731 5383 2010 5452 agebatur,

420 5464 535 5520 haec
567 5465 704 5532 loca,
742 5476 796 5520 ut
824 5466 955 5521 nihil
982 5469 1173 5539 gratia:
1197 5472 1400 5540 obsint,
1430 5475 1716 5530 commode
1741 5475 2014 5545 espliceu-

420 5575 540 5634 tur,
583 5565 704 5622 aliis
739 5575 918 5621 autem
952 5579 1015 5622 ex
1053 5568 1185 5625 locis
1233 5569 1382 5624 Zeno
1429 5585 1488 5626 se
1529 5579 1677 5628 recte
1725 5573 1795 5628 de
1841 5572 2012 5644 gratia

419 5662 741 5718 sentientem
776 5661 986 5732 prodat.

493 5755 675 5826 itaque
705 5754 933 5826 primum
968 5755 1357 5838 testimonium,
1387 5772 1493 5830 quo
1538 5775 1698 5815 sensu
1748 5758 2014 5831 prolatum

421 5853 511 5921 sit,
543 5868 608 5910 ex
635 5855 948 5927 quaestione,
975 5865 1094 5941 qua:
1125 5862 1236 5924 tum
1280 5856 1558 5937 agebatur,
1601 5856 1820 5936 patebit.
1853 5855 1933 5916 Eo
1961 5855 2016 5925 in

2123 4737 2251 4779 vere
2279 4721 2501 4792 iudicari
2534 4731 2803 4792 poterant,
2837 4719 2934 4775 has
2964 4736 3086 4776 cum
3118 4721 3298 4775 minus
3319 4721 3466 4773 recte
3494 4715 3724 4786 scriptas

2121 4816 2353 4871 affirmat
2398 4815 2492 4870 lib.
2546 4829 2559 4869 t
2607 4814 2850 4869 Retract.
2899 4828 3020 4885 cap.
3068 4813 3160 4879 25,
3196 4820 3305 4868 tum
3349 4825 3475 4865 vero
3519 4808 3721 4864 ibidem

2123 4919 2296 4978 notat,
2328 4908 2546 4966 easdem
2579 4922 2738 4979 posse
2764 4916 2914 4964 recte
2940 4907 3196 4978 explicari
3224 4915 3279 4960 et
3306 4903 3565 4975 intelligi;
3597 4913 3720 4956 nam

2121 5013 2177 5060 ct
2219 5005 2444 5060 credere
2491 5011 2547 5058 et
2590 5003 2828 5072 operari,
2863 5011 2919 5056 ut
2957 5001 3031 5056 ait
3077 5013 3226 5054 num.
3255 4997 3311 5062 2,
3339 5006 3723 5065 utrumqueno-

2124 5109 2288 5154 strum
2318 5107 2409 5163 est,
2451 5107 2660 5168 propter
2697 5097 2969 5150 arbitrium
3009 5094 3322 5158 voluntatis;
3368 5099 3413 5145 et
3455 5100 3724 5160 utrumque

2129 5202 2299 5247 tamen
2328 5190 2508 5244 datum
2527 5200 2598 5244 est
2625 5206 2714 5261 per
2742 5191 2980 5261 spiritum
3013 5188 3135 5259 fidei
3163 5197 3210 5241 et
3233 5185 3498 5240 charitatis
3523 5199 3540 5248 ;
3572 5193 3628 5239 et
3658 5200 3717 5238 ιι.

2125 5286 2196 5341 5:
2234 5284 2420 5340 Verum
2449 5294 2522 5339 est
2549 5284 2773 5354 quidem,
2806 5283 2896 5338 sed
2923 5272 3098 5336 eadem
3127 5281 3306 5352 regula
3321 5292 3339 5343 ;
3382 5287 3426 5332 et
3456 5287 3724 5346 utrumque

2121 5381 2286 5451 ipsius
2319 5389 2411 5447 est,
2446 5380 2565 5449 quin
2587 5380 2696 5450 ipse
2723 5385 2980 5450 pra'purat
3011 5376 3316 5430 voluntatem
3337 5390 3355 5440 ;
3379 5384 3423 5427 et
3452 5380 3723 5438 utrumque

2121 5485 2371 5540 nostrum,
2397 5476 2515 5545 quin
2543 5490 2643 5528 non
2675 5473 2732 5542 fit
2765 5473 2863 5527 nisi
2883 5471 3164 5526 uolentibus
3186 5468 3350 5523 nobis.

2195 5569 2251 5624 In
2280 5573 2422 5623 hanc
2447 5576 2628 5622 autem
2656 5569 2922 5622 rationem
2953 5580 3074 5621 cum
3113 5571 3341 5618 cmteros
3369 5560 3579 5624 Patres,
3605 5567 3722 5613 tum
3768 5585 3772 5588 -

2123 5671 2268 5721 vero
2304 5667 2466 5722 etiam
2509 5667 2566 5720 ὃ.
2617 5665 2891 5720 Zenonem
2959 5659 3249 5716 voluntatis
3310 5657 3559 5713 humana:
3611 5655 3721 5709 vim

2124 5762 2557 5827 commendasse,
2587 5775 2653 5816 ex
2681 5759 2801 5815 aliis
2826 5759 2980 5823 locis,
3012 5755 3208 5827 quibus
3238 5753 3411 5828 gratia
3441 5765 3723 5808 commen-

2126 5856 2288 5927 datur
2319 5866 2371 5918 et
2401 5855 2708 5945 praefertur,
2739 5853 3083 5924 manifestum
3112 5858 3214 5916 est.
3247 5850 3570 5922 Praeclarum
3589 5860 3723 5924 sape
