  <div class='ocr_page' id='page_1' title='image "/cluster/home/n/w/nwhite01/storage/ocr_20150623/11/hvd.32044015471287/068.png"; bbox 0 0 3952 6320; ppageno 0'>
   <div class='ocr_carea' id='block_1_1' title="bbox 142 284 248 341">
    <p class='ocr_par' dir='ltr' id='par_1_1' title="bbox 142 284 248 341">
     <span class='ocr_line' id='line_1_1' title="bbox 142 284 248 341; baseline 0 0"><span class='ocrx_word' id='word_1_1' title='bbox 142 284 248 341; x_wconf 68' lang='lat'><strong>125</strong></span> 
     </span>
    </p>
   </div>
   <div class='ocr_carea' id='block_1_2' title="bbox 1096 246 2482 349">
    <p class='ocr_par' dir='ltr' id='par_1_2' title="bbox 1096 246 2482 349">
     <span class='ocr_line' id='line_1_2' title="bbox 1096 246 2482 349; baseline 0 -7"><span class='ocrx_word' id='word_1_2' title='bbox 1096 284 1545 345; x_wconf 77' lang='lat' dir='ltr'><strong>DISSERTATIO</strong></span> <span class='ocrx_word' id='word_1_3' title='bbox 1582 276 1649 349; x_wconf 89' lang='lat' dir='ltr'><strong>ll,</strong></span> <span class='ocrx_word' id='word_1_4' title='bbox 1692 280 1780 340; x_wconf 81' lang='lat' dir='ltr'><strong>ne</strong></span> <span class='ocrx_word' id='word_1_5' title='bbox 1818 283 1876 340; x_wconf 88' lang='lat' dir='ltr'><strong>s.</strong></span> <span class='ocrx_word' id='word_1_6' title='bbox 1918 280 2069 339; x_wconf 72' lang='lat' dir='ltr'><strong>seu.</strong></span> <span class='ocrx_word' id='word_1_7' title='bbox 2117 246 2482 343; x_wconf 73' lang='lat' dir='ltr'><strong>oocrnim.</strong></span> 
     </span>
    </p>
   </div>
   <div class='ocr_carea' id='block_1_3' title="bbox 3344 282 3447 343">
    <p class='ocr_par' dir='ltr' id='par_1_3' title="bbox 3344 282 3447 343">
     <span class='ocr_line' id='line_1_3' title="bbox 3344 282 3447 343; baseline 0 -1"><span class='ocrx_word' id='word_1_8' title='bbox 3344 282 3447 343; x_wconf 61' lang='lat' dir='ltr'><strong>liti</strong></span> 
     </span>
    </p>
   </div>
   <div class='ocr_carea' id='block_1_4' title="bbox 142 398 3449 476">
    <p class='ocr_par' dir='ltr' id='par_1_4' title="bbox 142 398 3449 476">
     <span class='ocr_line' id='line_1_4' title="bbox 142 398 3449 476; baseline 0.001 -15"><span class='ocrx_word' id='word_1_9' title='bbox 142 399 307 468; x_wconf 79' lang='lat' dir='ltr'><strong>illud,</strong></span> <span class='ocrx_word' id='word_1_10' title='bbox 354 400 511 472; x_wconf 83' lang='lat' dir='ltr'><strong>quod</strong></span> <span class='ocrx_word' id='word_1_11' title='bbox 560 400 750 471; x_wconf 68' lang='lat' dir='ltr'><strong>legitur</strong></span> <span class='ocrx_word' id='word_1_12' title='bbox 795 408 954 456; x_wconf 83' lang='lat' dir='ltr'><strong>tract.</strong></span> <span class='ocrx_word' id='word_1_13' title='bbox 983 400 1019 456; x_wconf 73' lang='grc' dir='ltr'><strong><em>Β</em></strong></span> <span class='ocrx_word' id='word_1_14' title='bbox 1049 401 1147 458; x_wconf 87' lang='lat' dir='ltr'><strong>lib.</strong></span> <span class='ocrx_word' id='word_1_15' title='bbox 1176 416 1217 466; x_wconf 85' lang='lat' dir='ltr'><strong>t,</strong></span> <span class='ocrx_word' id='word_1_16' title='bbox 1268 402 1372 457; x_wconf 82' lang='lat' dir='ltr'><strong>sub</strong></span> <span class='ocrx_word' id='word_1_17' title='bbox 1414 401 1598 469; x_wconf 80' lang='lat' dir='ltr'><strong>ﬁnem,</strong></span> <span class='ocrx_word' id='word_1_18' title='bbox 1646 399 1735 455; x_wconf 86' lang='lat' dir='ltr'><strong>ubi</strong></span> <span class='ocrx_word' id='word_1_19' title='bbox 1766 402 1813 464; x_wconf 79' lang='grc' dir='ltr'><strong>Α</strong></span> <span class='ocrx_word' id='word_1_20' title='bbox 1844 399 2013 456; x_wconf 88' lang='lat' dir='ltr'><strong>libero</strong></span> <span class='ocrx_word' id='word_1_21' title='bbox 2028 398 2336 458; x_wconf 73' lang='lat' dir='ltr'><strong>Deitimure</strong></span> <span class='ocrx_word' id='word_1_22' title='bbox 2355 402 2567 460; x_wconf 77' lang='lat' dir='ltr'><strong>dixerat</strong></span> <span class='ocrx_word' id='word_1_23' title='bbox 2591 405 2750 476; x_wconf 89' lang='lat' dir='ltr'><strong>paulo</strong></span> <span class='ocrx_word' id='word_1_24' title='bbox 2764 408 2888 463; x_wconf 77' lang='lat' dir='ltr'><strong>ante</strong></span> <span class='ocrx_word' id='word_1_25' title='bbox 2917 424 2927 461; x_wconf 88' lang='lat'><strong>:</strong></span> <span class='ocrx_word' id='word_1_26' title='bbox 2952 406 3052 475; x_wconf 87' lang='lat' dir='ltr'><strong>Qui</strong></span> <span class='ocrx_word' id='word_1_27' title='bbox 3081 407 3449 464; x_wconf 77' lang='lat' dir='ltr'><strong>volutttattsna</strong></span> 
     </span>
    </p>
   </div>
   <div class='ocr_carea' id='block_1_5' title="bbox 143 494 1742 567">
    <p class='ocr_par' dir='ltr' id='par_1_5' title="bbox 143 494 1742 567">
     <span class='ocr_line' id='line_1_5' title="bbox 143 494 1742 567; baseline -0.001 -17"><span class='ocrx_word' id='word_1_28' title='bbox 143 502 442 565; x_wconf 78' lang='lat' dir='ltr'><strong>postquam</strong></span> <span class='ocrx_word' id='word_1_29' title='bbox 474 500 663 551; x_wconf 75' lang='lat' dir='ltr'><strong>auctor</strong></span> <span class='ocrx_word' id='word_1_30' title='bbox 705 494 937 563; x_wconf 86' lang='lat' dir='ltr'><strong>plurium</strong></span> <span class='ocrx_word' id='word_1_31' title='bbox 974 494 1293 551; x_wconf 74' lang='lat' dir='ltr'><strong>Sanctorum</strong></span> <span class='ocrx_word' id='word_1_32' title='bbox 1322 495 1536 567; x_wconf 68' lang='lat' dir='ltr'><strong>egregia</strong></span> <span class='ocrx_word' id='word_1_33' title='bbox 1578 498 1742 566; x_wconf 80' lang='lat' dir='ltr'><strong>opera</strong></span> 
     </span>
    </p>
   </div>
   <div class='ocr_carea' id='block_1_6' title="bbox 142 587 1745 661">
    <p class='ocr_par' dir='ltr' id='par_1_6' title="bbox 142 587 1745 661">
     <span class='ocr_line' id='line_1_6' title="bbox 142 587 1745 661; baseline 0.001 -19"><span class='ocrx_word' id='word_1_34' title='bbox 142 587 575 655; x_wconf 68' lang='lat' dir='ltr'><strong>commendavit,</strong></span> <span class='ocrx_word' id='word_1_35' title='bbox 607 589 783 644; x_wconf 81' lang='lat' dir='ltr'><strong>omnia</strong></span> <span class='ocrx_word' id='word_1_36' title='bbox 812 588 911 644; x_wconf 86' lang='lat' dir='ltr'><strong>Dei</strong></span> <span class='ocrx_word' id='word_1_37' title='bbox 933 588 1099 656; x_wconf 87' lang='lat' dir='ltr'><strong>dono,</strong></span> <span class='ocrx_word' id='word_1_38' title='bbox 1130 590 1181 645; x_wconf 90' lang='lat' dir='ltr'><strong>id</strong></span> <span class='ocrx_word' id='word_1_39' title='bbox 1203 596 1288 645; x_wconf 85' lang='lat' dir='ltr'><strong>est</strong></span> <span class='ocrx_word' id='word_1_40' title='bbox 1321 590 1516 645; x_wconf 73' lang='lat' dir='ltr'><strong>divina:</strong></span> <span class='ocrx_word' id='word_1_41' title='bbox 1556 590 1745 661; x_wconf 75' lang='lat' dir='ltr'><strong>gratim</strong></span> 
     </span>
    </p>
   </div>
   <div class='ocr_carea' id='block_1_7' title="bbox 144 678 1744 751">
    <p class='ocr_par' dir='ltr' id='par_1_7' title="bbox 144 678 1744 751">
     <span class='ocr_line' id='line_1_7' title="bbox 144 678 1744 751; baseline 0.001 -14"><span class='ocrx_word' id='word_1_42' title='bbox 144 678 437 739; x_wconf 69' lang='lat' dir='ltr'><strong>referenda</strong></span> <span class='ocrx_word' id='word_1_43' title='bbox 470 681 750 751; x_wconf 73' lang='lat' dir='ltr'><strong>perspicue</strong></span> <span class='ocrx_word' id='word_1_44' title='bbox 794 682 1083 738; x_wconf 74' lang='lat' dir='ltr'><strong>conﬁtetur</strong></span> <span class='ocrx_word' id='word_1_45' title='bbox 1127 681 1212 738; x_wconf 89' lang='lat' dir='ltr'><strong>bis</strong></span> <span class='ocrx_word' id='word_1_46' title='bbox 1258 683 1438 739; x_wconf 85' lang='lat' dir='ltr'><strong>verbis</strong></span> <span class='ocrx_word' id='word_1_47' title='bbox 1483 699 1498 736; x_wconf 87' lang='lat'><strong>:</strong></span> <span class='ocrx_word' id='word_1_48' title='bbox 1553 682 1744 738; x_wconf 83' lang='lat' dir='ltr'><strong>Omnes</strong></span> 
     </span>
    </p>
   </div>
   <div class='ocr_carea' id='block_1_8' title="bbox 142 777 1746 853">
    <p class='ocr_par' dir='ltr' id='par_1_8' title="bbox 142 777 1746 853">
     <span class='ocr_line' id='line_1_8' title="bbox 142 777 1746 853; baseline 0.003 -22"><span class='ocrx_word' id='word_1_49' title='bbox 142 777 357 832; x_wconf 67' lang='lat' dir='ltr'><strong>aututino</strong></span> <span class='ocrx_word' id='word_1_50' title='bbox 394 782 687 841; x_wconf 71' lang='lat' dir='ltr'><strong>munerati,</strong></span> <span class='ocrx_word' id='word_1_51' title='bbox 732 793 1008 847; x_wconf 76' lang='lat' dir='ltr'><strong>omnesque</strong></span> <span class='ocrx_word' id='word_1_52' title='bbox 1050 779 1223 848; x_wconf 73' lang='lat' dir='ltr'><strong>{elices</strong></span> <span class='ocrx_word' id='word_1_53' title='bbox 1252 782 1362 851; x_wconf 81' lang='lat' dir='ltr'><strong>ejus</strong></span> <span class='ocrx_word' id='word_1_54' title='bbox 1413 778 1556 853; x_wconf 84' lang='lat' dir='ltr'><strong>(Dei)</strong></span> <span class='ocrx_word' id='word_1_55' title='bbox 1606 782 1746 836; x_wconf 82' lang='lat' dir='ltr'><strong>dono</strong></span> 
     </span>
    </p>
   </div>
   <div class='ocr_carea' id='block_1_9' title="bbox 142 868 1746 941">
    <p class='ocr_par' dir='ltr' id='par_1_9' title="bbox 142 868 1746 941">
     <span class='ocr_line' id='line_1_9' title="bbox 142 868 1746 941; baseline 0.005 -18"><span class='ocrx_word' id='word_1_56' title='bbox 142 878 264 924; x_wconf 62' lang='lat' dir='ltr'><strong>sunt</strong></span> <span class='ocrx_word' id='word_1_57' title='bbox 306 868 468 926; x_wconf 79' lang='lat' dir='ltr'><strong>tales.</strong></span> <span class='ocrx_word' id='word_1_58' title='bbox 501 870 607 927; x_wconf 80' lang='lat' dir='ltr'><strong>Sed</strong></span> <span class='ocrx_word' id='word_1_59' title='bbox 638 872 1142 941; x_wconf 61' lang='lat' dir='ltr'><strong>prastantissimum</strong></span> <span class='ocrx_word' id='word_1_60' title='bbox 1184 875 1449 940; x_wconf 86' lang='lat' dir='ltr'><strong>omnium,</strong></span> <span class='ocrx_word' id='word_1_61' title='bbox 1495 884 1549 930; x_wconf 88' lang='lat' dir='ltr'><strong>et</strong></span> <span class='ocrx_word' id='word_1_62' title='bbox 1597 874 1746 931; x_wconf 89' lang='lat' dir='ltr'><strong>mille</strong></span> 
     </span>
    </p>
   </div>
   <div class='ocr_carea' id='block_1_10' title="bbox 147 962 1744 1038">
    <p class='ocr_par' dir='ltr' id='par_1_10' title="bbox 147 962 1744 1038">
     <span class='ocr_line' id='line_1_10' title="bbox 147 962 1744 1038; baseline 0.004 -22"><span class='ocrx_word' id='word_1_63' title='bbox 147 962 483 1019; x_wconf 71' lang='lat' dir='ltr'><strong>testimoniis</strong></span> <span class='ocrx_word' id='word_1_64' title='bbox 526 963 853 1035; x_wconf 74' lang='lat' dir='ltr'><strong>tequivalens</strong></span> <span class='ocrx_word' id='word_1_65' title='bbox 893 972 977 1021; x_wconf 80' lang='lat' dir='ltr'><strong>est</strong></span> <span class='ocrx_word' id='word_1_66' title='bbox 1016 964 1147 1021; x_wconf 91' lang='lat' dir='ltr'><strong>illud</strong></span> <span class='ocrx_word' id='word_1_67' title='bbox 1174 980 1239 1020; x_wconf 87' lang='lat' dir='ltr'><strong>ex</strong></span> <span class='ocrx_word' id='word_1_68' title='bbox 1269 965 1460 1022; x_wconf 87' lang='lat' dir='ltr'><strong>eodem</strong></span> <span class='ocrx_word' id='word_1_69' title='bbox 1494 967 1610 1038; x_wconf 86' lang='lat' dir='ltr'><strong>ipso</strong></span> <span class='ocrx_word' id='word_1_70' title='bbox 1634 978 1744 1021; x_wconf 83' lang='lat' dir='ltr'><strong>tra-</strong></span> 
     </span>
    </p>
   </div>
   <div class='ocr_carea' id='block_1_11' title="bbox 146 1055 1747 1123">
    <p class='ocr_par' dir='ltr' id='par_1_11' title="bbox 146 1055 1747 1123">
     <span class='ocr_line' id='line_1_11' title="bbox 146 1055 1747 1123; baseline 0.002 -14"><span class='ocrx_word' id='word_1_71' title='bbox 146 1062 294 1110; x_wconf 84' lang='lat' dir='ltr'><strong>ctatu</strong></span> <span class='ocrx_word' id='word_1_72' title='bbox 342 1056 369 1111; x_wconf 83' lang='lat' dir='ltr'><strong>l</strong></span> <span class='ocrx_word' id='word_1_73' title='bbox 425 1055 521 1110; x_wconf 76' lang='lat' dir='ltr'><strong>liii.</strong></span> <span class='ocrx_word' id='word_1_74' title='bbox 553 1070 593 1123; x_wconf 78' lang='grc' dir='ltr'>ι,</span> <span class='ocrx_word' id='word_1_75' title='bbox 622 1056 711 1113; x_wconf 90' lang='lat' dir='ltr'><strong>ubi</strong></span> <span class='ocrx_word' id='word_1_76' title='bbox 742 1057 1002 1115; x_wconf 80' lang='lat' dir='ltr'><strong>voluntati</strong></span> <span class='ocrx_word' id='word_1_77' title='bbox 1031 1067 1209 1113; x_wconf 85' lang='lat' dir='ltr'><strong>ortum</strong></span> <span class='ocrx_word' id='word_1_78' title='bbox 1242 1057 1366 1114; x_wconf 73' lang='lat' dir='ltr'><strong>ﬁdei</strong></span> <span class='ocrx_word' id='word_1_79' title='bbox 1392 1059 1634 1114; x_wconf 84' lang='lat' dir='ltr'><strong>attribuit</strong></span> <span class='ocrx_word' id='word_1_80' title='bbox 1662 1058 1747 1113; x_wconf 86' lang='lat' dir='ltr'><strong>his</strong></span> 
     </span>
    </p>
   </div>
   <div class='ocr_carea' id='block_1_12' title="bbox 142 1146 1747 1225">
    <p class='ocr_par' dir='ltr' id='par_1_12' title="bbox 142 1146 1747 1225">
     <span class='ocr_line' id='line_1_12' title="bbox 142 1146 1747 1225; baseline 0.004 -25"><span class='ocrx_word' id='word_1_81' title='bbox 142 1146 325 1203; x_wconf 74' lang='lat' dir='ltr'><strong>verbis</strong></span> <span class='ocrx_word' id='word_1_82' title='bbox 350 1154 504 1202; x_wconf 75' lang='lat' dir='ltr'><strong>sitim.</strong></span> <span class='ocrx_word' id='word_1_83' title='bbox 539 1150 563 1204; x_wconf 90' lang='grc'><strong>1</strong></span> <span class='ocrx_word' id='word_1_84' title='bbox 601 1148 764 1205; x_wconf 83' lang='lat' dir='ltr'><strong>:Non</strong></span> <span class='ocrx_word' id='word_1_85' title='bbox 788 1150 880 1205; x_wconf 80' lang='lat' dir='ltr'><strong>sub</strong></span> <span class='ocrx_word' id='word_1_86' title='bbox 928 1150 1059 1223; x_wconf 72' lang='lat' dir='ltr'><strong>lege,</strong></span> <span class='ocrx_word' id='word_1_87' title='bbox 1093 1152 1286 1224; x_wconf 79' lang='lat' dir='ltr'><strong>inquit,</strong></span> <span class='ocrx_word' id='word_1_88' title='bbox 1314 1152 1403 1208; x_wconf 80' lang='lat' dir='ltr'><strong>sed</strong></span> <span class='ocrx_word' id='word_1_89' title='bbox 1442 1153 1535 1208; x_wconf 83' lang='lat' dir='ltr'><strong>sub</strong></span> <span class='ocrx_word' id='word_1_90' title='bbox 1581 1154 1747 1225; x_wconf 83' lang='lat' dir='ltr'><strong>gratia</strong></span> 
     </span>
    </p>
   </div>
   <div class='ocr_carea' id='block_1_13' title="bbox 140 1241 1749 1313">
    <p class='ocr_par' dir='ltr' id='par_1_13' title="bbox 140 1241 1749 1313">
     <span class='ocr_line' id='line_1_13' title="bbox 140 1241 1749 1313; baseline 0.007 -22"><span class='ocrx_word' id='word_1_91' title='bbox 140 1254 342 1303; x_wconf 69' lang='lat' dir='ltr'><strong>sumus,</strong></span> <span class='ocrx_word' id='word_1_92' title='bbox 390 1255 511 1311; x_wconf 72' lang='lat' dir='ltr'><strong>qua</strong></span> <span class='ocrx_word' id='word_1_93' title='bbox 549 1255 644 1296; x_wconf 89' lang='lat' dir='ltr'><strong>nos</strong></span> <span class='ocrx_word' id='word_1_94' title='bbox 672 1241 887 1313; x_wconf 73' lang='lat' dir='ltr'><strong>diligere</strong></span> <span class='ocrx_word' id='word_1_95' title='bbox 935 1243 1121 1311; x_wconf 76' lang='lat' dir='ltr'><strong>Deam,</strong></span> <span class='ocrx_word' id='word_1_96' title='bbox 1156 1261 1217 1300; x_wconf 72' lang='lat' dir='ltr'><strong>ac</strong></span> <span class='ocrx_word' id='word_1_97' title='bbox 1241 1245 1339 1300; x_wconf 86' lang='lat' dir='ltr'><strong>soli</strong></span> <span class='ocrx_word' id='word_1_98' title='bbox 1366 1246 1443 1302; x_wconf 90' lang='lat' dir='ltr'><strong>illi</strong></span> <span class='ocrx_word' id='word_1_99' title='bbox 1465 1247 1649 1301; x_wconf 71' lang='lat' dir='ltr'><strong>seruire</strong></span> <span class='ocrx_word' id='word_1_100' title='bbox 1691 1247 1749 1303; x_wconf 84' lang='lat' dir='ltr'><strong>in</strong></span> 
     </span>
    </p>
   </div>
   <div class='ocr_carea' id='block_1_14' title="bbox 140 1333 1747 1411">
    <p class='ocr_par' dir='ltr' id='par_1_14' title="bbox 140 1333 1747 1411">
     <span class='ocr_line' id='line_1_14' title="bbox 140 1333 1747 1411; baseline 0.004 -25"><span class='ocrx_word' id='word_1_101' title='bbox 140 1341 469 1387; x_wconf 67' lang='lat' dir='ltr'><strong>uere-senta</strong></span> <span class='ocrx_word' id='word_1_102' title='bbox 511 1333 906 1411; x_wconf 12' lang='lat' dir='ltr'><strong>semetgeredita</strong></span> <span class='ocrx_word' id='word_1_103' title='bbox 943 1336 1113 1391; x_wconf 65' lang='lat' dir='ltr'><strong>anime</strong></span> <span class='ocrx_word' id='word_1_104' title='bbox 1139 1335 1411 1393; x_wconf 72' lang='lat' dir='ltr'><strong>Trinitatis</strong></span> <span class='ocrx_word' id='word_1_105' title='bbox 1455 1354 1557 1394; x_wconf 85' lang='lat' dir='ltr'><strong>non</strong></span> <span class='ocrx_word' id='word_1_106' title='bbox 1583 1354 1747 1411; x_wconf 81' lang='lat' dir='ltr'><strong>argu-</strong></span> 
     </span>
    </p>
   </div>
   <div class='ocr_carea' id='block_1_15' title="bbox 140 1407 1749 1503">
    <p class='ocr_par' dir='ltr' id='par_1_15' title="bbox 140 1407 1749 1503">
     <span class='ocr_line' id='line_1_15' title="bbox 140 1407 1749 1503; baseline 0.007 -24"><span class='ocrx_word' id='word_1_107' title='bbox 140 1427 349 1493; x_wconf 76' lang='lat' dir='ltr'><strong>mentis,</strong></span> <span class='ocrx_word' id='word_1_108' title='bbox 380 1442 485 1481; x_wconf 87' lang='lat' dir='ltr'><strong>non</strong></span> <span class='ocrx_word' id='word_1_109' title='bbox 514 1407 831 1495; x_wconf 53' lang='lat' dir='ltr'><strong>necesiitate,</strong></span> <span class='ocrx_word' id='word_1_110' title='bbox 873 1430 965 1484; x_wconf 83' lang='lat' dir='ltr'><strong>sed</strong></span> <span class='ocrx_word' id='word_1_111' title='bbox 990 1431 1257 1487; x_wconf 75' lang='lat' dir='ltr'><strong>voluntate</strong></span> <span class='ocrx_word' id='word_1_112' title='bbox 1296 1432 1572 1503; x_wconf 76' lang='lat' dir='ltr'><strong>compellit.</strong></span> <span class='ocrx_word' id='word_1_113' title='bbox 1606 1407 1749 1503; x_wconf 78' lang='lat' dir='ltr'><strong>Quot</strong></span> 
     </span>
    </p>
   </div>
   <div class='ocr_carea' id='block_1_16' title="bbox 150 1519 1745 1587">
    <p class='ocr_par' dir='ltr' id='par_1_16' title="bbox 150 1519 1745 1587">
     <span class='ocr_line' id='line_1_16' title="bbox 150 1519 1745 1587; baseline 0.006 -15"><span class='ocrx_word' id='word_1_114' title='bbox 150 1519 339 1587; x_wconf 83' lang='lat' dir='ltr'><strong>verba,</strong></span> <span class='ocrx_word' id='word_1_115' title='bbox 369 1521 770 1577; x_wconf 68' lang='lat' dir='ltr'><strong>totseutentiw.</strong></span> <span class='ocrx_word' id='word_1_116' title='bbox 792 1522 905 1579; x_wconf 90' lang='lat' dir='ltr'><strong>lloc</strong></span> <span class='ocrx_word' id='word_1_117' title='bbox 934 1526 1247 1581; x_wconf 85' lang='lat' dir='ltr'><strong>testimonio</strong></span> <span class='ocrx_word' id='word_1_118' title='bbox 1266 1534 1321 1581; x_wconf 90' lang='lat' dir='ltr'><strong>et</strong></span> <span class='ocrx_word' id='word_1_119' title='bbox 1352 1525 1511 1582; x_wconf 84' lang='lat' dir='ltr'><strong>iidem</strong></span> <span class='ocrx_word' id='word_1_120' title='bbox 1532 1538 1587 1582; x_wconf 89' lang='lat' dir='ltr'><strong>et</strong></span> <span class='ocrx_word' id='word_1_121' title='bbox 1613 1527 1745 1583; x_wconf 84' lang='lat' dir='ltr'><strong>cha-</strong></span> 
     </span>
    </p>
   </div>
   <div class='ocr_carea' id='block_1_17' title="bbox 140 1615 1748 1693">
    <p class='ocr_par' dir='ltr' id='par_1_17' title="bbox 140 1615 1748 1693">
     <span class='ocr_line' id='line_1_17' title="bbox 140 1615 1748 1693; baseline 0.007 -26"><span class='ocrx_word' id='word_1_122' title='bbox 140 1615 357 1669; x_wconf 82' lang='lat' dir='ltr'><strong>ritatens</strong></span> <span class='ocrx_word' id='word_1_123' title='bbox 402 1622 461 1670; x_wconf 91' lang='lat' dir='ltr'><strong>et</strong></span> <span class='ocrx_word' id='word_1_124' title='bbox 504 1616 756 1672; x_wconf 81' lang='lat' dir='ltr'><strong>universa</strong></span> <span class='ocrx_word' id='word_1_125' title='bbox 802 1616 1108 1674; x_wconf 81' lang='lat' dir='ltr'><strong>Christiana</strong></span> <span class='ocrx_word' id='word_1_126' title='bbox 1155 1635 1344 1690; x_wconf 80' lang='lat' dir='ltr'><strong>opera,</strong></span> <span class='ocrx_word' id='word_1_127' title='bbox 1396 1620 1592 1693; x_wconf 82' lang='lat' dir='ltr'><strong>quibus</strong></span> <span class='ocrx_word' id='word_1_128' title='bbox 1635 1622 1748 1678; x_wconf 85' lang='lat' dir='ltr'><strong>Deo</strong></span> 
     </span>
    </p>
   </div>
   <div class='ocr_carea' id='block_1_18' title="bbox 142 1709 1744 1786">
    <p class='ocr_par' dir='ltr' id='par_1_18' title="bbox 142 1709 1744 1786">
     <span class='ocr_line' id='line_1_18' title="bbox 142 1709 1744 1786; baseline 0.003 -22"><span class='ocrx_word' id='word_1_129' title='bbox 142 1709 440 1775; x_wconf 79' lang='lat' dir='ltr'><strong>servimus,</strong></span> <span class='ocrx_word' id='word_1_130' title='bbox 465 1710 875 1781; x_wconf 78' lang='lat' dir='ltr'><strong>complectitur;</strong></span> <span class='ocrx_word' id='word_1_131' title='bbox 907 1720 962 1767; x_wconf 89' lang='lat' dir='ltr'><strong>et</strong></span> <span class='ocrx_word' id='word_1_132' title='bbox 991 1711 1105 1767; x_wconf 64' lang='lat' dir='ltr'><strong>haec</strong></span> <span class='ocrx_word' id='word_1_133' title='bbox 1131 1714 1308 1769; x_wconf 83' lang='lat' dir='ltr'><strong>omnia</strong></span> <span class='ocrx_word' id='word_1_134' title='bbox 1331 1715 1515 1786; x_wconf 73' lang='lat' dir='ltr'><strong>gratire</strong></span> <span class='ocrx_word' id='word_1_135' title='bbox 1538 1715 1744 1782; x_wconf 81' lang='lat' dir='ltr'><strong>tribuit,</strong></span> 
     </span>
    </p>
   </div>
   <div class='ocr_carea' id='block_1_19' title="bbox 1845 495 3447 575">
    <p class='ocr_par' dir='ltr' id='par_1_19' title="bbox 1845 495 3447 575">
     <span class='ocr_line' id='line_1_19' title="bbox 1845 495 3447 575; baseline 0.002 -22"><span class='ocrx_word' id='word_1_136' title='bbox 1845 502 1899 553; x_wconf 77' lang='lat' dir='ltr'><strong>se</strong></span> <span class='ocrx_word' id='word_1_137' title='bbox 1921 496 2056 568; x_wconf 84' lang='lat' dir='ltr'><strong>parit</strong></span> <span class='ocrx_word' id='word_1_138' title='bbox 2081 538 2096 564; x_wconf 97' lang='lat'><strong>,</strong></span> <span class='ocrx_word' id='word_1_139' title='bbox 2126 495 2178 552; x_wconf 97' lang='lat' dir='ltr'><strong>td</strong></span> <span class='ocrx_word' id='word_1_140' title='bbox 2204 504 2289 552; x_wconf 92' lang='lat' dir='ltr'><strong>est</strong></span> <span class='ocrx_word' id='word_1_141' title='bbox 2314 497 2457 553; x_wconf 84' lang='lat' dir='ltr'><strong>nulla</strong></span> <span class='ocrx_word' id='word_1_142' title='bbox 2488 497 2644 575; x_wconf 78' lang='lat' dir='ltr'><strong>[cru]</strong></span> <span class='ocrx_word' id='word_1_143' title='bbox 2686 501 2737 556; x_wconf 90' lang='lat' dir='ltr'><strong>vi</strong></span> <span class='ocrx_word' id='word_1_144' title='bbox 2776 510 2998 558; x_wconf 80' lang='lat' dir='ltr'><strong>externa</strong></span> <span class='ocrx_word' id='word_1_145' title='bbox 3028 502 3267 575; x_wconf 80' lang='lat' dir='ltr'><strong>cogitur,</strong></span> <span class='ocrx_word' id='word_1_146' title='bbox 3304 500 3447 558; x_wconf 88' lang='lat' dir='ltr'><strong>nulla</strong></span> 
     </span>
    </p>
   </div>
   <div class='ocr_carea' id='block_1_20' title="bbox 1847 588 3451 665">
    <p class='ocr_par' dir='ltr' id='par_1_20' title="bbox 1847 588 3451 665">
     <span class='ocr_line' id='line_1_20' title="bbox 1847 588 3451 665; baseline 0.003 -19"><span class='ocrx_word' id='word_1_147' title='bbox 1847 589 2170 646; x_wconf 71' lang='lat' dir='ltr'><strong>necessitate</strong></span> <span class='ocrx_word' id='word_1_148' title='bbox 2202 590 2560 660; x_wconf 80' lang='lat' dir='ltr'><strong>compellitur.</strong></span> <span class='ocrx_word' id='word_1_149' title='bbox 2595 588 2855 649; x_wconf 82' lang='lat' dir='ltr'><strong>Similiter</strong></span> <span class='ocrx_word' id='word_1_150' title='bbox 2882 610 3011 665; x_wconf 79' lang='lat' dir='ltr'><strong>ergo</strong></span> <span class='ocrx_word' id='word_1_151' title='bbox 3037 610 3158 649; x_wconf 90' lang='lat' dir='ltr'><strong>cum</strong></span> <span class='ocrx_word' id='word_1_152' title='bbox 3200 592 3355 649; x_wconf 75' lang='grc' dir='ltr'>Ιίὼσιιι</span> <span class='ocrx_word' id='word_1_153' title='bbox 3385 611 3451 651; x_wconf 78' lang='lat' dir='ltr'><strong>ea:</strong></span> 
     </span>
    </p>
   </div>
   <div class='ocr_carea' id='block_1_21' title="bbox 1846 682 3449 756">
    <p class='ocr_par' dir='ltr' id='par_1_21' title="bbox 1846 682 3449 756">
     <span class='ocr_line' id='line_1_21' title="bbox 1846 682 3449 756; baseline 0.002 -18"><span class='ocrx_word' id='word_1_154' title='bbox 1846 682 2108 739; x_wconf 72' lang='lat' dir='ltr'><strong>voluntate</strong></span> <span class='ocrx_word' id='word_1_155' title='bbox 2150 684 2297 738; x_wconf 84' lang='lat' dir='ltr'><strong>nosci</strong></span> <span class='ocrx_word' id='word_1_156' title='bbox 2326 683 2529 747; x_wconf 84' lang='lat' dir='ltr'><strong>docuit.</strong></span> <span class='ocrx_word' id='word_1_157' title='bbox 2580 683 2747 740; x_wconf 82' lang='lat' dir='ltr'><strong>libere</strong></span> <span class='ocrx_word' id='word_1_158' title='bbox 2793 687 3025 756; x_wconf 78' lang='lat' dir='ltr'><strong>genitam</strong></span> <span class='ocrx_word' id='word_1_159' title='bbox 3077 686 3234 743; x_wconf 80' lang='lat' dir='ltr'><strong>unice</strong></span> <span class='ocrx_word' id='word_1_160' title='bbox 3281 686 3449 742; x_wconf 61' lang='lat' dir='ltr'><strong>voluit</strong></span> 
     </span>
    </p>
   </div>
   <div class='ocr_carea' id='block_1_22' title="bbox 1848 776 3446 853">
    <p class='ocr_par' dir='ltr' id='par_1_22' title="bbox 1848 776 3446 853">
     <span class='ocr_line' id='line_1_22' title="bbox 1848 776 3446 853; baseline 0.002 -20"><span class='ocrx_word' id='word_1_161' title='bbox 1848 778 2094 840; x_wconf 78' lang='lat' dir='ltr'><strong>innuere,</strong></span> <span class='ocrx_word' id='word_1_162' title='bbox 2128 776 2256 847; x_wconf 87' lang='lat' dir='ltr'><strong>quin</strong></span> <span class='ocrx_word' id='word_1_163' title='bbox 2301 787 2584 847; x_wconf 75' lang='lat' dir='ltr'><strong>propterea</strong></span> <span class='ocrx_word' id='word_1_164' title='bbox 2613 780 2681 832; x_wconf 91' lang='lat' dir='ltr'><strong>ad</strong></span> <span class='ocrx_word' id='word_1_165' title='bbox 2720 781 2947 849; x_wconf 81' lang='lat' dir='ltr'><strong>gratiam</strong></span> <span class='ocrx_word' id='word_1_166' title='bbox 2991 778 3315 853; x_wconf 79' lang='lat' dir='ltr'><strong>negandum,</strong></span> <span class='ocrx_word' id='word_1_167' title='bbox 3349 778 3446 836; x_wconf 85' lang='lat' dir='ltr'><strong>scd</strong></span> 
     </span>
    </p>
   </div>
   <div class='ocr_carea' id='block_1_23' title="bbox 1848 869 3447 947">
    <p class='ocr_par' dir='ltr' id='par_1_23' title="bbox 1848 869 3447 947">
     <span class='ocr_line' id='line_1_23' title="bbox 1848 869 3447 947; baseline 0.004 -21"><span class='ocrx_word' id='word_1_168' title='bbox 1848 872 2026 944; x_wconf 86' lang='lat' dir='ltr'><strong>potius</strong></span> <span class='ocrx_word' id='word_1_169' title='bbox 2052 869 2117 927; x_wconf 88' lang='lat' dir='ltr'><strong>ad</strong></span> <span class='ocrx_word' id='word_1_170' title='bbox 2149 871 2487 927; x_wconf 83' lang='lat' dir='ltr'><strong>statuendam</strong></span> <span class='ocrx_word' id='word_1_171' title='bbox 2521 872 2727 929; x_wconf 85' lang='lat' dir='ltr'><strong>arbitrii</strong></span> <span class='ocrx_word' id='word_1_172' title='bbox 2776 872 3082 931; x_wconf 83' lang='lat' dir='ltr'><strong>libertatem</strong></span> <span class='ocrx_word' id='word_1_173' title='bbox 3138 875 3254 947; x_wconf 83' lang='lat' dir='ltr'><strong>ejus</strong></span> <span class='ocrx_word' id='word_1_174' title='bbox 3295 876 3447 932; x_wconf 82' lang='lat' dir='ltr'><strong>testi-</strong></span> 
     </span>
    </p>
   </div>
   <div class='ocr_carea' id='block_1_24' title="bbox 1848 962 2546 1037">
    <p class='ocr_par' dir='ltr' id='par_1_24' title="bbox 1848 962 2546 1037">
     <span class='ocr_line' id='line_1_24' title="bbox 1848 962 2546 1037; baseline 0 -15"><span class='ocrx_word' id='word_1_175' title='bbox 1848 967 2086 1022; x_wconf 90' lang='lat' dir='ltr'><strong>monium</strong></span> <span class='ocrx_word' id='word_1_176' title='bbox 2113 962 2321 1020; x_wconf 81' lang='lat' dir='ltr'><strong>traduci</strong></span> <span class='ocrx_word' id='word_1_177' title='bbox 2354 965 2546 1037; x_wconf 76' lang='lat' dir='ltr'><strong>possit.</strong></span> 
     </span>
    </p>
   </div>
   <div class='ocr_carea' id='block_1_25' title="bbox 2465 1104 2821 1166">
    <p class='ocr_par' dir='ltr' id='par_1_25' title="bbox 2465 1104 2821 1166">
     <span class='ocr_line' id='line_1_25' title="bbox 2465 1104 2821 1166; baseline 0 -2"><span class='ocrx_word' id='word_1_178' title='bbox 2465 1104 2692 1164; x_wconf 73' lang='lat' dir='ltr'><strong>CAPUT</strong></span> <span class='ocrx_word' id='word_1_179' title='bbox 2731 1108 2821 1166; x_wconf 84' lang='grc' dir='ltr'><strong>γι.</strong></span> 
     </span>
    </p>
   </div>
   <div class='ocr_carea' id='block_1_26' title="bbox 1959 1202 3361 1285">
    <p class='ocr_par' dir='ltr' id='par_1_26' title="bbox 1959 1202 3361 1285">
     <span class='ocr_line' id='line_1_26' title="bbox 1959 1202 3361 1285; baseline -0.001 -8"><span class='ocrx_word' id='word_1_180' title='bbox 1959 1202 2065 1279; x_wconf 72' lang='grc' dir='ltr'>ιιυῦ</span> <span class='ocrx_word' id='word_1_181' title='bbox 2104 1235 2152 1279; x_wconf 71' lang='grc' dir='ltr'><strong>Β.</strong></span> <span class='ocrx_word' id='word_1_182' title='bbox 2195 1234 2335 1278; x_wconf 73' lang='grc' dir='ltr'><strong>ιεκο</strong></span> <span class='ocrx_word' id='word_1_183' title='bbox 2372 1234 2441 1277; x_wconf 75' lang='grc' dir='ltr'>ιιε</span> <span class='ocrx_word' id='word_1_184' title='bbox 2482 1237 2605 1277; x_wconf 69' lang='lat' dir='ltr'><strong>FIDE</strong></span> <span class='ocrx_word' id='word_1_185' title='bbox 2642 1238 2744 1278; x_wconf 67' lang='grc' dir='ltr'><strong>νει.</strong></span> <span class='ocrx_word' id='word_1_186' title='bbox 2780 1237 3086 1279; x_wconf 70' lang='grc' dir='ltr'><strong>(ΞΒΛΙΙΤΛΊἙ</strong></span> <span class='ocrx_word' id='word_1_187' title='bbox 3125 1235 3361 1285; x_wconf 68' lang='grc' dir='ltr'>ιοοιιειιιι</span> 
     </span>
    </p>
   </div>
   <div class='ocr_carea' id='block_1_27' title="bbox 2472 1328 2816 1369">
    <p class='ocr_par' dir='ltr' id='par_1_27' title="bbox 2472 1328 2816 1369">
     <span class='ocr_line' id='line_1_27' title="bbox 2472 1328 2816 1369; baseline 0 0"><span class='ocrx_word' id='word_1_188' title='bbox 2472 1328 2795 1369; x_wconf 70' lang='lat' dir='ltr'><strong>BICESSBBIT</strong></span> <span class='ocrx_word' id='word_1_189' title='bbox 2804 1356 2816 1369; x_wconf 90' lang='lat'><strong>.</strong></span> 
     </span>
    </p>
   </div>
   <div class='ocr_carea' id='block_1_28' title="bbox 1924 1429 3448 1502">
    <p class='ocr_par' dir='ltr' id='par_1_28' title="bbox 1924 1429 3448 1502">
     <span class='ocr_line' id='line_1_28' title="bbox 1924 1429 3448 1502; baseline 0 -16"><span class='ocrx_word' id='word_1_190' title='bbox 1924 1429 2028 1486; x_wconf 83' lang='lat' dir='ltr'><strong>Alii</strong></span> <span class='ocrx_word' id='word_1_191' title='bbox 2063 1436 2173 1486; x_wconf 82' lang='lat' dir='ltr'><strong>tres</strong></span> <span class='ocrx_word' id='word_1_192' title='bbox 2205 1434 2467 1486; x_wconf 87' lang='lat' dir='ltr'><strong>tractatus</strong></span> <span class='ocrx_word' id='word_1_193' title='bbox 2493 1438 2729 1497; x_wconf 80' lang='lat' dir='ltr'><strong>exstant,</strong></span> <span class='ocrx_word' id='word_1_194' title='bbox 2757 1430 2811 1485; x_wconf 88' lang='lat' dir='ltr'><strong>in</strong></span> <span class='ocrx_word' id='word_1_195' title='bbox 2840 1430 3032 1502; x_wconf 77' lang='lat' dir='ltr'><strong>quibus</strong></span> <span class='ocrx_word' id='word_1_196' title='bbox 3060 1445 3202 1487; x_wconf 87' lang='lat' dir='ltr'><strong>nunc</strong></span> <span class='ocrx_word' id='word_1_197' title='bbox 3226 1430 3294 1486; x_wconf 91' lang='lat' dir='ltr'><strong>de</strong></span> <span class='ocrx_word' id='word_1_198' title='bbox 3320 1430 3448 1499; x_wconf 84' lang='lat' dir='ltr'><strong>ilde,</strong></span> 
     </span>
    </p>
   </div>
   <div class='ocr_carea' id='block_1_29' title="bbox 1852 1519 3449 1592">
    <p class='ocr_par' dir='ltr' id='par_1_29' title="bbox 1852 1519 3449 1592">
     <span class='ocr_line' id='line_1_29' title="bbox 1852 1519 3449 1592; baseline 0 -15"><span class='ocrx_word' id='word_1_199' title='bbox 1852 1534 1995 1578; x_wconf 86' lang='lat' dir='ltr'><strong>nunc</strong></span> <span class='ocrx_word' id='word_1_200' title='bbox 2032 1521 2101 1579; x_wconf 83' lang='lat' dir='ltr'><strong>de</strong></span> <span class='ocrx_word' id='word_1_201' title='bbox 2130 1520 2398 1579; x_wconf 83' lang='lat' dir='ltr'><strong>charitate</strong></span> <span class='ocrx_word' id='word_1_202' title='bbox 2424 1519 2737 1578; x_wconf 84' lang='lat' dir='ltr'><strong>duriuscule</strong></span> <span class='ocrx_word' id='word_1_203' title='bbox 2758 1522 3045 1592; x_wconf 72' lang='lat' dir='ltr'><strong>scripsisse</strong></span> <span class='ocrx_word' id='word_1_204' title='bbox 3072 1524 3219 1578; x_wconf 76' lang='lat' dir='ltr'><strong>risus</strong></span> <span class='ocrx_word' id='word_1_205' title='bbox 3259 1531 3363 1588; x_wconf 82' lang='lat' dir='ltr'><strong>cst,</strong></span> <span class='ocrx_word' id='word_1_206' title='bbox 3394 1533 3449 1578; x_wconf 88' lang='lat' dir='ltr'><strong>et</strong></span> 
     </span>
    </p>
   </div>
   <div class='ocr_carea' id='block_1_30' title="bbox 1850 1617 3447 1687">
    <p class='ocr_par' dir='ltr' id='par_1_30' title="bbox 1850 1617 3447 1687">
     <span class='ocr_line' id='line_1_30' title="bbox 1850 1617 3447 1687; baseline -0.001 -14"><span class='ocrx_word' id='word_1_207' title='bbox 1850 1617 2119 1673; x_wconf 84' lang='lat' dir='ltr'><strong>contraria</strong></span> <span class='ocrx_word' id='word_1_208' title='bbox 2156 1617 2326 1674; x_wconf 78' lang='lat' dir='ltr'><strong>ferme</strong></span> <span class='ocrx_word' id='word_1_209' title='bbox 2370 1618 2671 1683; x_wconf 80' lang='lat' dir='ltr'><strong>sententia;</strong></span> <span class='ocrx_word' id='word_1_210' title='bbox 2699 1633 2819 1687; x_wconf 69' lang='lat' dir='ltr'><strong>qua:</strong></span> <span class='ocrx_word' id='word_1_211' title='bbox 2864 1618 2976 1673; x_wconf 90' lang='lat' dir='ltr'><strong>loca</strong></span> <span class='ocrx_word' id='word_1_212' title='bbox 3013 1628 3078 1673; x_wconf 87' lang='lat' dir='ltr'><strong>ne</strong></span> <span class='ocrx_word' id='word_1_213' title='bbox 3106 1619 3447 1673; x_wconf 78' lang='lat' dir='ltr'><strong>occasionem</strong></span> 
     </span>
    </p>
   </div>
   <div class='ocr_carea' id='block_1_31' title="bbox 1850 1708 3450 1777">
    <p class='ocr_par' dir='ltr' id='par_1_31' title="bbox 1850 1708 3450 1777">
     <span class='ocr_line' id='line_1_31' title="bbox 1850 1708 3450 1777; baseline -0.001 -11"><span class='ocrx_word' id='word_1_214' title='bbox 1850 1709 2055 1766; x_wconf 86' lang='lat' dir='ltr'><strong>erroris</strong></span> <span class='ocrx_word' id='word_1_215' title='bbox 2095 1708 2381 1777; x_wconf 75' lang='lat' dir='ltr'><strong>afferrent,</strong></span> <span class='ocrx_word' id='word_1_216' title='bbox 2423 1708 2767 1766; x_wconf 86' lang='lat' dir='ltr'><strong>Veronenses</strong></span> <span class='ocrx_word' id='word_1_217' title='bbox 2808 1708 3057 1765; x_wconf 83' lang='lat' dir='ltr'><strong>Editores</strong></span> <span class='ocrx_word' id='word_1_218' title='bbox 3098 1711 3179 1765; x_wconf 86' lang='lat' dir='ltr'><strong>vel</strong></span> <span class='ocrx_word' id='word_1_219' title='bbox 3229 1711 3450 1765; x_wconf 83' lang='lat' dir='ltr'><strong>mutatis</strong></span> 
     </span>
    </p>
   </div>
   <div class='ocr_carea' id='block_1_32' title="bbox 139 1800 3449 1877">
    <p class='ocr_par' dir='ltr' id='par_1_32' title="bbox 139 1800 3449 1877">
     <span class='ocr_line' id='line_1_32' title="bbox 139 1800 3449 1877; baseline 0.001 -22"><span class='ocrx_word' id='word_1_220' title='bbox 139 1815 259 1871; x_wconf 73' lang='lat' dir='ltr'><strong>quae</strong></span> <span class='ocrx_word' id='word_1_221' title='bbox 290 1800 411 1857; x_wconf 60' lang='lat' dir='ltr'><strong>haec</strong></span> <span class='ocrx_word' id='word_1_222' title='bbox 440 1813 703 1872; x_wconf 64' lang='lat' dir='ltr'><strong>prmstare</strong></span> <span class='ocrx_word' id='word_1_223' title='bbox 749 1805 1079 1861; x_wconf 76' lang='lat' dir='ltr'><strong>voluntatem</strong></span> <span class='ocrx_word' id='word_1_224' title='bbox 1109 1808 1389 1877; x_wconf 76' lang='lat' dir='ltr'><strong>cornpetlit.</strong></span> <span class='ocrx_word' id='word_1_225' title='bbox 1422 1807 1534 1864; x_wconf 87' lang='lat' dir='ltr'><strong>Hoc</strong></span> <span class='ocrx_word' id='word_1_226' title='bbox 1562 1819 1742 1865; x_wconf 87' lang='lat' dir='ltr'><strong>autem</strong></span> <span class='ocrx_word' id='word_1_227' title='bbox 1778 1815 1823 1876; x_wconf 79' lang='grc' dir='ltr'><strong>Β</strong></span> <span class='ocrx_word' id='word_1_228' title='bbox 1852 1804 1933 1859; x_wconf 81' lang='lat' dir='ltr'><strong>vel</strong></span> <span class='ocrx_word' id='word_1_229' title='bbox 1984 1803 2179 1859; x_wconf 85' lang='lat' dir='ltr'><strong>additis</strong></span> <span class='ocrx_word' id='word_1_230' title='bbox 2229 1804 2476 1860; x_wconf 77' lang='lat' dir='ltr'><strong>terminis</strong></span> <span class='ocrx_word' id='word_1_231' title='bbox 2539 1802 2859 1875; x_wconf 87' lang='lat' dir='ltr'><strong>explicanda</strong></span> <span class='ocrx_word' id='word_1_232' title='bbox 2921 1805 3209 1860; x_wconf 82' lang='lat' dir='ltr'><strong>duxerunt.</strong></span> <span class='ocrx_word' id='word_1_233' title='bbox 3262 1803 3449 1859; x_wconf 75' lang='lat' dir='ltr'><strong>Fidem</strong></span> 
     </span>
    </p>
   </div>
   <div class='ocr_carea' id='block_1_33' title="bbox 141 1891 1744 1968">
    <p class='ocr_par' dir='ltr' id='par_1_33' title="bbox 141 1891 1744 1968">
     <span class='ocr_line' id='line_1_33' title="bbox 141 1891 1744 1968; baseline 0.009 -24"><span class='ocrx_word' id='word_1_234' title='bbox 141 1891 309 1948; x_wconf 85' lang='lat' dir='ltr'><strong>verbo</strong></span> <span class='ocrx_word' id='word_1_235' title='bbox 336 1893 622 1966; x_wconf 65' lang='lat' dir='ltr'><strong>compellit,</strong></span> <span class='ocrx_word' id='word_1_236' title='bbox 653 1911 722 1952; x_wconf 86' lang='lat' dir='ltr'><strong>ne</strong></span> <span class='ocrx_word' id='word_1_237' title='bbox 753 1896 975 1952; x_wconf 84' lang='lat' dir='ltr'><strong>nimium</strong></span> <span class='ocrx_word' id='word_1_238' title='bbox 1011 1899 1199 1968; x_wconf 69' lang='lat' dir='ltr'><strong>gratia:</strong></span> <span class='ocrx_word' id='word_1_239' title='bbox 1249 1901 1487 1958; x_wconf 81' lang='lat' dir='ltr'><strong>tribuere</strong></span> <span class='ocrx_word' id='word_1_240' title='bbox 1532 1902 1744 1958; x_wconf 86' lang='lat' dir='ltr'><strong>videre-</strong></span> 
     </span>
    </p>
   </div>
   <div class='ocr_carea' id='block_1_34' title="bbox 142 1986 1746 2054">
    <p class='ocr_par' dir='ltr' id='par_1_34' title="bbox 142 1986 1746 2054">
     <span class='ocr_line' id='line_1_34' title="bbox 142 1986 1746 2054; baseline 0.006 -17"><span class='ocrx_word' id='word_1_241' title='bbox 142 1990 245 2049; x_wconf 88' lang='lat' dir='ltr'><strong>tur,</strong></span> <span class='ocrx_word' id='word_1_242' title='bbox 274 1999 342 2039; x_wconf 84' lang='lat' dir='ltr'><strong>ae</strong></span> <span class='ocrx_word' id='word_1_243' title='bbox 366 1986 411 2039; x_wconf 92' lang='lat' dir='ltr'><strong>si</strong></span> <span class='ocrx_word' id='word_1_244' title='bbox 440 1987 765 2043; x_wconf 73' lang='lat' dir='ltr'><strong>necessitate</strong></span> <span class='ocrx_word' id='word_1_245' title='bbox 789 1988 961 2054; x_wconf 85' lang='lat' dir='ltr'><strong>illata,</strong></span> <span class='ocrx_word' id='word_1_246' title='bbox 979 1990 1282 2046; x_wconf 87' lang='lat' dir='ltr'><strong>libertatem</strong></span> <span class='ocrx_word' id='word_1_247' title='bbox 1313 1992 1602 2048; x_wconf 75' lang='lat' dir='ltr'><strong>voluntatis</strong></span> <span class='ocrx_word' id='word_1_248' title='bbox 1626 1992 1746 2047; x_wconf 43' lang='lat' dir='ltr'><strong>adis</strong></span> 
     </span>
    </p>
   </div>
   <div class='ocr_carea' id='block_1_35' title="bbox 139 2063 1743 2157">
    <p class='ocr_par' dir='ltr' id='par_1_35' title="bbox 139 2063 1743 2157">
     <span class='ocr_line' id='line_1_35' title="bbox 139 2063 1743 2157; baseline 0.006 -26"><span class='ocrx_word' id='word_1_249' title='bbox 139 2087 338 2141; x_wconf 81' lang='lat' dir='ltr'><strong>meret,</strong></span> <span class='ocrx_word' id='word_1_250' title='bbox 387 2077 679 2148; x_wconf 77' lang='lat' dir='ltr'><strong>explicavit</strong></span> <span class='ocrx_word' id='word_1_251' title='bbox 723 2094 786 2136; x_wconf 85' lang='lat' dir='ltr'><strong>se</strong></span> <span class='ocrx_word' id='word_1_252' title='bbox 812 2094 876 2138; x_wconf 88' lang='lat' dir='ltr'><strong>se</strong></span> <span class='ocrx_word' id='word_1_253' title='bbox 915 2082 1208 2154; x_wconf 84' lang='lat' dir='ltr'><strong>inquiens:</strong></span> <span class='ocrx_word' id='word_1_254' title='bbox 1254 2101 1357 2140; x_wconf 86' lang='lat' dir='ltr'><strong>non</strong></span> <span class='ocrx_word' id='word_1_255' title='bbox 1404 2063 1743 2157; x_wconf 53' lang='lat' dir='ltr'><strong>argumentis,</strong></span> 
     </span>
    </p>
   </div>
   <div class='ocr_carea' id='block_1_36' title="bbox 142 2170 1743 2251">
    <p class='ocr_par' dir='ltr' id='par_1_36' title="bbox 142 2170 1743 2251">
     <span class='ocr_line' id='line_1_36' title="bbox 142 2170 1743 2251; baseline 0.007 -28"><span class='ocrx_word' id='word_1_256' title='bbox 142 2183 245 2225; x_wconf 85' lang='lat' dir='ltr'><strong>nou</strong></span> <span class='ocrx_word' id='word_1_257' title='bbox 273 2170 603 2240; x_wconf 79' lang='lat' dir='ltr'><strong>necessitate,</strong></span> <span class='ocrx_word' id='word_1_258' title='bbox 634 2172 725 2227; x_wconf 82' lang='lat' dir='ltr'><strong>sed</strong></span> <span class='ocrx_word' id='word_1_259' title='bbox 752 2174 1016 2231; x_wconf 78' lang='lat' dir='ltr'><strong>uoluntate</strong></span> <span class='ocrx_word' id='word_1_260' title='bbox 1041 2177 1339 2249; x_wconf 78' lang='lat' dir='ltr'><strong>compellit;</strong></span> <span class='ocrx_word' id='word_1_261' title='bbox 1388 2177 1583 2251; x_wconf 80' lang='lat' dir='ltr'><strong>quibus</strong></span> <span class='ocrx_word' id='word_1_262' title='bbox 1614 2180 1743 2235; x_wconf 80' lang='lat' dir='ltr'><strong>lusi—</strong></span> 
     </span>
    </p>
   </div>
   <div class='ocr_carea' id='block_1_37' title="bbox 140 2262 1743 2333">
    <p class='ocr_par' dir='ltr' id='par_1_37' title="bbox 140 2262 1743 2333">
     <span class='ocr_line' id='line_1_37' title="bbox 140 2262 1743 2333; baseline 0.009 -18"><span class='ocrx_word' id='word_1_263' title='bbox 140 2270 339 2317; x_wconf 76' lang='lat' dir='ltr'><strong>otiatur</strong></span> <span class='ocrx_word' id='word_1_264' title='bbox 386 2263 579 2333; x_wconf 66' lang='lat' dir='ltr'><strong>gratia</strong></span> <span class='ocrx_word' id='word_1_265' title='bbox 640 2262 902 2333; x_wconf 77' lang='lat' dir='ltr'><strong>efﬁcacia,</strong></span> <span class='ocrx_word' id='word_1_266' title='bbox 965 2277 1019 2324; x_wconf 93' lang='lat' dir='ltr'><strong>et</strong></span> <span class='ocrx_word' id='word_1_267' title='bbox 1065 2268 1230 2326; x_wconf 80' lang='lat' dir='ltr'><strong>simul</strong></span> <span class='ocrx_word' id='word_1_268' title='bbox 1273 2270 1497 2330; x_wconf 76' lang='lat' dir='ltr'><strong>libertas</strong></span> <span class='ocrx_word' id='word_1_269' title='bbox 1540 2272 1743 2329; x_wconf 84' lang='lat' dir='ltr'><strong>intacta</strong></span> 
     </span>
    </p>
   </div>
   <div class='ocr_carea' id='block_1_38' title="bbox 144 2355 1741 2431">
    <p class='ocr_par' dir='ltr' id='par_1_38' title="bbox 144 2355 1741 2431">
     <span class='ocr_line' id='line_1_38' title="bbox 144 2355 1741 2431; baseline 0.009 -21"><span class='ocrx_word' id='word_1_270' title='bbox 144 2355 493 2426; x_wconf 76' lang='lat' dir='ltr'><strong>relinquitur.</strong></span> <span class='ocrx_word' id='word_1_271' title='bbox 540 2356 674 2413; x_wconf 82' lang='lat' dir='ltr'><strong>Cum</strong></span> <span class='ocrx_word' id='word_1_272' title='bbox 721 2374 886 2431; x_wconf 87' lang='lat' dir='ltr'><strong>porro</strong></span> <span class='ocrx_word' id='word_1_273' title='bbox 928 2361 1121 2418; x_wconf 90' lang='lat' dir='ltr'><strong>eodem</strong></span> <span class='ocrx_word' id='word_1_274' title='bbox 1170 2372 1398 2421; x_wconf 84' lang='lat' dir='ltr'><strong>tractatu</strong></span> <span class='ocrx_word' id='word_1_275' title='bbox 1440 2366 1508 2423; x_wconf 89' lang='lat' dir='ltr'><strong>de</strong></span> <span class='ocrx_word' id='word_1_276' title='bbox 1548 2366 1654 2425; x_wconf 86' lang='lat' dir='ltr'><strong>llde</strong></span> <span class='ocrx_word' id='word_1_277' title='bbox 1676 2384 1741 2424; x_wconf 85' lang='lat' dir='ltr'><strong>ex</strong></span> 
     </span>
    </p>
   </div>
   <div class='ocr_carea' id='block_1_39' title="bbox 141 2450 1740 2527">
    <p class='ocr_par' dir='ltr' id='par_1_39' title="bbox 141 2450 1740 2527">
     <span class='ocr_line' id='line_1_39' title="bbox 141 2450 1740 2527; baseline 0.007 -21"><span class='ocrx_word' id='word_1_278' title='bbox 141 2451 424 2521; x_wconf 78' lang='lat' dir='ltr'><strong>proposito</strong></span> <span class='ocrx_word' id='word_1_279' title='bbox 469 2450 541 2507; x_wconf 82' lang='lat' dir='ltr'><strong>sit</strong></span> <span class='ocrx_word' id='word_1_280' title='bbox 583 2466 785 2521; x_wconf 78' lang='lat' dir='ltr'><strong>sermo,</strong></span> <span class='ocrx_word' id='word_1_281' title='bbox 835 2453 940 2512; x_wconf 91' lang='lat' dir='ltr'><strong>boe</strong></span> <span class='ocrx_word' id='word_1_282' title='bbox 982 2471 1196 2527; x_wconf 82' lang='lat' dir='ltr'><strong>quoque</strong></span> <span class='ocrx_word' id='word_1_283' title='bbox 1247 2459 1574 2526; x_wconf 81' lang='lat' dir='ltr'><strong>testimonio,</strong></span> <span class='ocrx_word' id='word_1_284' title='bbox 1619 2476 1740 2517; x_wconf 88' lang='lat' dir='ltr'><strong>cum</strong></span> 
     </span>
    </p>
   </div>
   <div class='ocr_carea' id='block_1_40' title="bbox 142 2548 1743 2616">
    <p class='ocr_par' dir='ltr' id='par_1_40' title="bbox 142 2548 1743 2616">
     <span class='ocr_line' id='line_1_40' title="bbox 142 2548 1743 2616; baseline 0.009 -19"><span class='ocrx_word' id='word_1_285' title='bbox 142 2554 447 2616; x_wconf 69' lang='lat' dir='ltr'><strong>armenta</strong></span> <span class='ocrx_word' id='word_1_286' title='bbox 471 2555 523 2602; x_wconf 81' lang='lat' dir='ltr'><strong>et</strong></span> <span class='ocrx_word' id='word_1_287' title='bbox 545 2548 899 2603; x_wconf 78' lang='lat' dir='ltr'><strong>neressitatesn</strong></span> <span class='ocrx_word' id='word_1_288' title='bbox 914 2549 1229 2614; x_wconf 84' lang='lat' dir='ltr'><strong>excludens.</strong></span> <span class='ocrx_word' id='word_1_289' title='bbox 1249 2553 1560 2608; x_wconf 76' lang='lat' dir='ltr'><strong>uoluntatem</strong></span> <span class='ocrx_word' id='word_1_290' title='bbox 1588 2553 1743 2611; x_wconf 85' lang='lat' dir='ltr'><strong>adsc-</strong></span> 
     </span>
    </p>
   </div>
   <div class='ocr_carea' id='block_1_41' title="bbox 144 2636 1744 2720">
    <p class='ocr_par' dir='ltr' id='par_1_41' title="bbox 144 2636 1744 2720">
     <span class='ocr_line' id='line_1_41' title="bbox 144 2636 1744 2720; baseline 0.008 -29"><span class='ocrx_word' id='word_1_291' title='bbox 144 2636 234 2704; x_wconf 85' lang='lat' dir='ltr'><strong>rit,</strong></span> <span class='ocrx_word' id='word_1_292' title='bbox 279 2636 352 2693; x_wconf 90' lang='lat' dir='ltr'><strong>de</strong></span> <span class='ocrx_word' id='word_1_293' title='bbox 393 2636 501 2694; x_wconf 77' lang='lat' dir='ltr'><strong>ﬁde</strong></span> <span class='ocrx_word' id='word_1_294' title='bbox 544 2640 885 2710; x_wconf 79' lang='lat' dir='ltr'><strong>potissimum</strong></span> <span class='ocrx_word' id='word_1_295' title='bbox 931 2642 1190 2714; x_wconf 91' lang='lat' dir='ltr'><strong>loquitur,</strong></span> <span class='ocrx_word' id='word_1_296' title='bbox 1244 2660 1404 2717; x_wconf 89' lang='lat' dir='ltr'><strong>quam</strong></span> <span class='ocrx_word' id='word_1_297' title='bbox 1446 2660 1552 2702; x_wconf 85' lang='lat' dir='ltr'><strong>non</strong></span> <span class='ocrx_word' id='word_1_298' title='bbox 1585 2660 1744 2720; x_wconf 80' lang='lat' dir='ltr'><strong>argu—</strong></span> 
     </span>
    </p>
   </div>
   <div class='ocr_carea' id='block_1_42' title="bbox 144 2732 1741 2812">
    <p class='ocr_par' dir='ltr' id='par_1_42' title="bbox 144 2732 1741 2812">
     <span class='ocr_line' id='line_1_42' title="bbox 144 2732 1741 2812; baseline 0.008 -26"><span class='ocrx_word' id='word_1_299' title='bbox 144 2732 360 2799; x_wconf 86' lang='lat' dir='ltr'><strong>mentis,</strong></span> <span class='ocrx_word' id='word_1_300' title='bbox 393 2732 446 2787; x_wconf 88' lang='lat' dir='ltr'><strong>id</strong></span> <span class='ocrx_word' id='word_1_301' title='bbox 469 2743 554 2788; x_wconf 87' lang='lat' dir='ltr'><strong>est</strong></span> <span class='ocrx_word' id='word_1_302' title='bbox 582 2747 691 2791; x_wconf 90' lang='lat' dir='ltr'><strong>non</strong></span> <span class='ocrx_word' id='word_1_303' title='bbox 727 2736 958 2804; x_wconf 78' lang='lat' dir='ltr'><strong>ratione,</strong></span> <span class='ocrx_word' id='word_1_304' title='bbox 982 2752 1090 2794; x_wconf 88' lang='lat' dir='ltr'><strong>non</strong></span> <span class='ocrx_word' id='word_1_305' title='bbox 1120 2738 1369 2807; x_wconf 84' lang='lat' dir='ltr'><strong>scientia,</strong></span> <span class='ocrx_word' id='word_1_306' title='bbox 1397 2750 1518 2812; x_wconf 76' lang='lat' dir='ltr'><strong>qua:</strong></span> <span class='ocrx_word' id='word_1_307' title='bbox 1550 2756 1741 2798; x_wconf 87' lang='lat' dir='ltr'><strong>neces-</strong></span> 
     </span>
    </p>
   </div>
   <div class='ocr_carea' id='block_1_43' title="bbox 146 2825 1744 2908">
    <p class='ocr_par' dir='ltr' id='par_1_43' title="bbox 146 2825 1744 2908">
     <span class='ocr_line' id='line_1_43' title="bbox 146 2825 1744 2908; baseline 0.008 -29"><span class='ocrx_word' id='word_1_308' title='bbox 146 2825 359 2883; x_wconf 79' lang='lat' dir='ltr'><strong>sitatem</strong></span> <span class='ocrx_word' id='word_1_309' title='bbox 391 2827 609 2898; x_wconf 76' lang='lat' dir='ltr'><strong>inferat,</strong></span> <span class='ocrx_word' id='word_1_310' title='bbox 640 2830 737 2887; x_wconf 82' lang='lat' dir='ltr'><strong>sed</strong></span> <span class='ocrx_word' id='word_1_311' title='bbox 767 2832 1033 2888; x_wconf 72' lang='lat' dir='ltr'><strong>uoluntate</strong></span> <span class='ocrx_word' id='word_1_312' title='bbox 1071 2834 1444 2905; x_wconf 78' lang='lat' dir='ltr'><strong>excipiendam</strong></span> <span class='ocrx_word' id='word_1_313' title='bbox 1492 2836 1744 2908; x_wconf 79' lang='lat' dir='ltr'><strong>intelligit</strong></span> 
     </span>
    </p>
   </div>
   <div class='ocr_carea' id='block_1_44' title="bbox 146 2920 1743 2995">
    <p class='ocr_par' dir='ltr' id='par_1_44' title="bbox 146 2920 1743 2995">
     <span class='ocr_line' id='line_1_44' title="bbox 146 2920 1743 2995; baseline 0.006 -21"><span class='ocrx_word' id='word_1_314' title='bbox 146 2920 337 2975; x_wconf 67' lang='lat' dir='ltr'><strong>eodem</strong></span> <span class='ocrx_word' id='word_1_315' title='bbox 378 2922 539 2993; x_wconf 80' lang='lat' dir='ltr'><strong>plane</strong></span> <span class='ocrx_word' id='word_1_316' title='bbox 576 2937 762 2990; x_wconf 88' lang='lat' dir='ltr'><strong>sensu,</strong></span> <span class='ocrx_word' id='word_1_317' title='bbox 808 2939 915 2995; x_wconf 87' lang='lat' dir='ltr'><strong>quo</strong></span> <span class='ocrx_word' id='word_1_318' title='bbox 945 2925 1099 2982; x_wconf 84' lang='lat' dir='ltr'><strong>initio</strong></span> <span class='ocrx_word' id='word_1_319' title='bbox 1143 2926 1353 2983; x_wconf 81' lang='lat' dir='ltr'><strong>dixerat</strong></span> <span class='ocrx_word' id='word_1_320' title='bbox 1381 2942 1500 2984; x_wconf 89' lang='lat' dir='ltr'><strong>eam</strong></span> <span class='ocrx_word' id='word_1_321' title='bbox 1541 2942 1641 2985; x_wconf 85' lang='lat' dir='ltr'><strong>non</strong></span> <span class='ocrx_word' id='word_1_322' title='bbox 1681 2930 1743 2984; x_wconf 84' lang='lat' dir='ltr'><strong>ab</strong></span> 
     </span>
    </p>
   </div>
   <div class='ocr_carea' id='block_1_45' title="bbox 147 3014 1740 3087">
    <p class='ocr_par' dir='ltr' id='par_1_45' title="bbox 147 3014 1740 3087">
     <span class='ocr_line' id='line_1_45' title="bbox 147 3014 1740 3087; baseline 0.008 -20"><span class='ocrx_word' id='word_1_323' title='bbox 147 3014 252 3068; x_wconf 79' lang='lat' dir='ltr'><strong>alio</strong></span> <span class='ocrx_word' id='word_1_324' title='bbox 271 3028 368 3085; x_wconf 84' lang='lat' dir='ltr'><strong>per</strong></span> <span class='ocrx_word' id='word_1_325' title='bbox 389 3028 705 3087; x_wconf 82' lang='lat' dir='ltr'><strong>argumenta</strong></span> <span class='ocrx_word' id='word_1_326' title='bbox 736 3018 1072 3085; x_wconf 70' lang='lat' dir='ltr'><strong>commodari,</strong></span> <span class='ocrx_word' id='word_1_327' title='bbox 1099 3021 1189 3076; x_wconf 87' lang='lat' dir='ltr'><strong>sed</strong></span> <span class='ocrx_word' id='word_1_328' title='bbox 1213 3036 1277 3076; x_wconf 82' lang='lat' dir='ltr'><strong>ea:</strong></span> <span class='ocrx_word' id='word_1_329' title='bbox 1304 3022 1561 3078; x_wconf 79' lang='lat' dir='ltr'><strong>voluntate</strong></span> <span class='ocrx_word' id='word_1_330' title='bbox 1579 3026 1740 3079; x_wconf 83' lang='lat' dir='ltr'><strong>nasci.</strong></span> 
     </span>
    </p>
   </div>
   <div class='ocr_carea' id='block_1_46' title="bbox 148 3105 1743 3180">
    <p class='ocr_par' dir='ltr' id='par_1_46' title="bbox 148 3105 1743 3180">
     <span class='ocr_line' id='line_1_46' title="bbox 148 3105 1743 3180; baseline 0.008 -20"><span class='ocrx_word' id='word_1_331' title='bbox 148 3105 280 3162; x_wconf 85' lang='lat' dir='ltr'><strong>Cum</strong></span> <span class='ocrx_word' id='word_1_332' title='bbox 321 3122 451 3179; x_wconf 76' lang='lat' dir='ltr'><strong>ergo</strong></span> <span class='ocrx_word' id='word_1_333' title='bbox 478 3110 602 3180; x_wconf 68' lang='lat' dir='ltr'><strong>qua:</strong></span> <span class='ocrx_word' id='word_1_334' title='bbox 631 3111 960 3167; x_wconf 80' lang='lat' dir='ltr'><strong>voluntatem</strong></span> <span class='ocrx_word' id='word_1_335' title='bbox 989 3113 1055 3168; x_wconf 88' lang='lat' dir='ltr'><strong>ad</strong></span> <span class='ocrx_word' id='word_1_336' title='bbox 1086 3112 1248 3170; x_wconf 84' lang='lat' dir='ltr'><strong>tidem</strong></span> <span class='ocrx_word' id='word_1_337' title='bbox 1285 3115 1417 3171; x_wconf 85' lang='lat' dir='ltr'><strong>citra</strong></span> <span class='ocrx_word' id='word_1_338' title='bbox 1450 3119 1743 3173; x_wconf 68' lang='lat' dir='ltr'><strong>necessita-</strong></span> 
     </span>
    </p>
   </div>
   <div class='ocr_carea' id='block_1_47' title="bbox 1850 1894 3449 1967">
    <p class='ocr_par' dir='ltr' id='par_1_47' title="bbox 1850 1894 3449 1967">
     <span class='ocr_line' id='line_1_47' title="bbox 1850 1894 3449 1967; baseline 0.001 -16"><span class='ocrx_word' id='word_1_339' title='bbox 1850 1896 2028 1967; x_wconf 88' lang='lat' dir='ltr'><strong>primo</strong></span> <span class='ocrx_word' id='word_1_340' title='bbox 2059 1895 2269 1950; x_wconf 88' lang='lat' dir='ltr'><strong>duobus</strong></span> <span class='ocrx_word' id='word_1_341' title='bbox 2297 1894 2613 1953; x_wconf 79' lang='lat' dir='ltr'><strong>tractatibus</strong></span> <span class='ocrx_word' id='word_1_342' title='bbox 2642 1896 2713 1953; x_wconf 89' lang='lat' dir='ltr'><strong>ita</strong></span> <span class='ocrx_word' id='word_1_343' title='bbox 2736 1897 2927 1953; x_wconf 82' lang='lat' dir='ltr'><strong>extulit</strong></span> <span class='ocrx_word' id='word_1_344' title='bbox 2951 1897 3143 1965; x_wconf 87' lang='lat' dir='ltr'><strong>solam,</strong></span> <span class='ocrx_word' id='word_1_345' title='bbox 3170 1912 3233 1952; x_wconf 91' lang='lat' dir='ltr'><strong>ac</strong></span> <span class='ocrx_word' id='word_1_346' title='bbox 3259 1898 3303 1952; x_wconf 89' lang='lat' dir='ltr'><strong>si</strong></span> <span class='ocrx_word' id='word_1_347' title='bbox 3333 1897 3449 1952; x_wconf 77' lang='lat' dir='ltr'><strong>Sola</strong></span> 
     </span>
    </p>
   </div>
   <div class='ocr_carea' id='block_1_48' title="bbox 1847 1988 3447 2056">
    <p class='ocr_par' dir='ltr' id='par_1_48' title="bbox 1847 1988 3447 2056">
     <span class='ocr_line' id='line_1_48' title="bbox 1847 1988 3447 2056; baseline 0.001 -14"><span class='ocrx_word' id='word_1_348' title='bbox 1847 1988 1912 2042; x_wconf 86' lang='lat' dir='ltr'><strong>ad</strong></span> <span class='ocrx_word' id='word_1_349' title='bbox 1936 1988 2162 2045; x_wconf 84' lang='lat' dir='ltr'><strong>salutem</strong></span> <span class='ocrx_word' id='word_1_350' title='bbox 2195 1989 2327 2043; x_wconf 83' lang='lat' dir='ltr'><strong>satis</strong></span> <span class='ocrx_word' id='word_1_351' title='bbox 2370 1999 2553 2043; x_wconf 87' lang='lat' dir='ltr'><strong>esset:</strong></span> <span class='ocrx_word' id='word_1_352' title='bbox 2606 2004 2726 2044; x_wconf 86' lang='lat' dir='ltr'><strong>nam</strong></span> <span class='ocrx_word' id='word_1_353' title='bbox 2777 1998 2933 2044; x_wconf 85' lang='lat' dir='ltr'><strong>tract.</strong></span> <span class='ocrx_word' id='word_1_354' title='bbox 2988 1988 3073 2044; x_wconf 69' lang='lat' dir='ltr'><strong>l2.</strong></span> <span class='ocrx_word' id='word_1_355' title='bbox 3122 1989 3214 2044; x_wconf 85' lang='lat' dir='ltr'><strong>lib.</strong></span> <span class='ocrx_word' id='word_1_356' title='bbox 3267 2005 3324 2056; x_wconf 87' lang='grc' dir='ltr'>ιι,</span> <span class='ocrx_word' id='word_1_357' title='bbox 3378 1989 3447 2044; x_wconf 87' lang='lat' dir='ltr'><strong>de</strong></span> 
     </span>
    </p>
   </div>
   <div class='ocr_carea' id='block_1_49' title="bbox 1846 2082 3450 2155">
    <p class='ocr_par' dir='ltr' id='par_1_49' title="bbox 1846 2082 3450 2155">
     <span class='ocr_line' id='line_1_49' title="bbox 1846 2082 3450 2155; baseline -0.001 -15"><span class='ocrx_word' id='word_1_358' title='bbox 1846 2082 2120 2140; x_wconf 82' lang='lat' dir='ltr'><strong>Abraham</strong></span> <span class='ocrx_word' id='word_1_359' title='bbox 2144 2098 2292 2139; x_wconf 86' lang='lat' dir='ltr'><strong>num.</strong></span> <span class='ocrx_word' id='word_1_360' title='bbox 2320 2082 2378 2149; x_wconf 73' lang='lat'><strong>2,</strong></span> <span class='ocrx_word' id='word_1_361' title='bbox 2417 2082 2565 2149; x_wconf 84' lang='lat' dir='ltr'><strong>Sola,</strong></span> <span class='ocrx_word' id='word_1_362' title='bbox 2600 2085 2793 2155; x_wconf 81' lang='lat' dir='ltr'><strong>inquit,</strong></span> <span class='ocrx_word' id='word_1_363' title='bbox 2837 2084 2967 2155; x_wconf 82' lang='lat' dir='ltr'><strong>fides</strong></span> <span class='ocrx_word' id='word_1_364' title='bbox 2998 2084 3350 2155; x_wconf 73' lang='lat' dir='ltr'><strong>prrrferen‘da;</strong></span> <span class='ocrx_word' id='word_1_365' title='bbox 3394 2092 3450 2138; x_wconf 92' lang='lat' dir='ltr'><strong>et</strong></span> 
     </span>
    </p>
   </div>
   <div class='ocr_carea' id='block_1_50' title="bbox 1850 2176 3450 2245">
    <p class='ocr_par' dir='ltr' id='par_1_50' title="bbox 1850 2176 3450 2245">
     <span class='ocr_line' id='line_1_50' title="bbox 1850 2176 3450 2245; baseline -0.001 -14"><span class='ocrx_word' id='word_1_366' title='bbox 1850 2185 2005 2233; x_wconf 86' lang='lat' dir='ltr'><strong>tract.</strong></span> <span class='ocrx_word' id='word_1_367' title='bbox 2040 2178 2131 2245; x_wconf 75' lang='lat'><strong>55,</strong></span> <span class='ocrx_word' id='word_1_368' title='bbox 2155 2191 2219 2232; x_wconf 85' lang='lat' dir='ltr'><strong>ac</strong></span> <span class='ocrx_word' id='word_1_369' title='bbox 2241 2177 2290 2232; x_wconf 91' lang='lat' dir='ltr'><strong>si</strong></span> <span class='ocrx_word' id='word_1_370' title='bbox 2332 2176 2445 2232; x_wconf 76' lang='lat' dir='ltr'><strong>sola</strong></span> <span class='ocrx_word' id='word_1_371' title='bbox 2496 2177 2771 2233; x_wconf 78' lang='lat' dir='ltr'><strong>sufﬁceret</strong></span> <span class='ocrx_word' id='word_1_372' title='bbox 2809 2176 2874 2232; x_wconf 86' lang='lat' dir='ltr'><strong>ad</strong></span> <span class='ocrx_word' id='word_1_373' title='bbox 2905 2178 3288 2232; x_wconf 87' lang='lat' dir='ltr'><strong>beatitudinem</strong></span> <span class='ocrx_word' id='word_1_374' title='bbox 3318 2192 3450 2232; x_wconf 85' lang='lat' dir='ltr'><strong>con-</strong></span> 
     </span>
    </p>
   </div>
   <div class='ocr_carea' id='block_1_51' title="bbox 1844 2267 3447 2340">
    <p class='ocr_par' dir='ltr' id='par_1_51' title="bbox 1844 2267 3447 2340">
     <span class='ocr_line' id='line_1_51' title="bbox 1844 2267 3447 2340; baseline -0.001 -13"><span class='ocrx_word' id='word_1_375' title='bbox 1844 2269 2197 2340; x_wconf 84' lang='lat' dir='ltr'><strong>sequendam,</strong></span> <span class='ocrx_word' id='word_1_376' title='bbox 2230 2267 2474 2325; x_wconf 85' lang='lat' dir='ltr'><strong>addidit:</strong></span> <span class='ocrx_word' id='word_1_377' title='bbox 2505 2269 2768 2337; x_wconf 78' lang='lat' dir='ltr'><strong>Quantum</strong></span> <span class='ocrx_word' id='word_1_378' title='bbox 2787 2271 2900 2339; x_wconf 78' lang='lat' dir='ltr'><strong>quis</strong></span> <span class='ocrx_word' id='word_1_379' title='bbox 2921 2269 3218 2335; x_wconf 79' lang='lat' dir='ltr'><strong>crediderit,</strong></span> <span class='ocrx_word' id='word_1_380' title='bbox 3247 2276 3447 2325; x_wconf 80' lang='lat' dir='ltr'><strong>tantum</strong></span> 
     </span>
    </p>
   </div>
   <div class='ocr_carea' id='block_1_52' title="bbox 1846 2362 3450 2435">
    <p class='ocr_par' dir='ltr' id='par_1_52' title="bbox 1846 2362 3450 2435">
     <span class='ocr_line' id='line_1_52' title="bbox 1846 2362 3450 2435; baseline 0.001 -18"><span class='ocrx_word' id='word_1_381' title='bbox 1846 2363 2177 2418; x_wconf 75' lang='lat' dir='ltr'><strong>beatitudinis</strong></span> <span class='ocrx_word' id='word_1_382' title='bbox 2220 2373 2269 2417; x_wconf 83' lang='lat' dir='ltr'><strong>et</strong></span> <span class='ocrx_word' id='word_1_383' title='bbox 2299 2363 2524 2419; x_wconf 68' lang='lat' dir='ltr'><strong>habebit.</strong></span> <span class='ocrx_word' id='word_1_384' title='bbox 2575 2363 2813 2435; x_wconf 87' lang='lat' dir='ltr'><strong>Utroque</strong></span> <span class='ocrx_word' id='word_1_385' title='bbox 2842 2364 2962 2418; x_wconf 85' lang='lat' dir='ltr'><strong>loco</strong></span> <span class='ocrx_word' id='word_1_386' title='bbox 3009 2362 3256 2419; x_wconf 80' lang='lat' dir='ltr'><strong>Editorcs</strong></span> <span class='ocrx_word' id='word_1_387' title='bbox 3295 2362 3450 2418; x_wconf 82' lang='lat' dir='ltr'><strong>addi-</strong></span> 
     </span>
    </p>
   </div>
   <div class='ocr_carea' id='block_1_53' title="bbox 1848 2458 3449 2530">
    <p class='ocr_par' dir='ltr' id='par_1_53' title="bbox 1848 2458 3449 2530">
     <span class='ocr_line' id='line_1_53' title="bbox 1848 2458 3449 2530; baseline -0.001 -16"><span class='ocrx_word' id='word_1_388' title='bbox 1848 2459 2053 2515; x_wconf 86' lang='lat' dir='ltr'><strong>tionem</strong></span> <span class='ocrx_word' id='word_1_389' title='bbox 2084 2458 2385 2523; x_wconf 81' lang='lat' dir='ltr'><strong>inseruere,</strong></span> <span class='ocrx_word' id='word_1_390' title='bbox 2424 2470 2530 2529; x_wconf 89' lang='lat' dir='ltr'><strong>qua</strong></span> <span class='ocrx_word' id='word_1_391' title='bbox 2561 2472 2725 2523; x_wconf 80' lang='lat' dir='ltr'><strong>opera</strong></span> <span class='ocrx_word' id='word_1_392' title='bbox 2752 2472 2966 2530; x_wconf 88' lang='lat' dir='ltr'><strong>quoque</strong></span> <span class='ocrx_word' id='word_1_393' title='bbox 2994 2459 3297 2515; x_wconf 75' lang='lat' dir='ltr'><strong>necessaria</strong></span> <span class='ocrx_word' id='word_1_394' title='bbox 3327 2473 3449 2514; x_wconf 88' lang='lat' dir='ltr'><strong>esse</strong></span> 
     </span>
    </p>
   </div>
   <div class='ocr_carea' id='block_1_54' title="bbox 1846 2550 3445 2622">
    <p class='ocr_par' dir='ltr' id='par_1_54' title="bbox 1846 2550 3445 2622">
     <span class='ocr_line' id='line_1_54' title="bbox 1846 2550 3445 2622; baseline -0.001 -15"><span class='ocrx_word' id='word_1_395' title='bbox 1846 2552 2267 2622; x_wconf 76' lang='lat' dir='ltr'><strong>explicarentur,</strong></span> <span class='ocrx_word' id='word_1_396' title='bbox 2315 2551 2503 2622; x_wconf 86' lang='lat' dir='ltr'><strong>sicque</strong></span> <span class='ocrx_word' id='word_1_397' title='bbox 2552 2551 2945 2621; x_wconf 83' lang='lat' dir='ltr'><strong>intelligeretur</strong></span> <span class='ocrx_word' id='word_1_398' title='bbox 2987 2550 3121 2607; x_wconf 86' lang='lat' dir='ltr'><strong>ﬁdes</strong></span> <span class='ocrx_word' id='word_1_399' title='bbox 3166 2552 3252 2606; x_wconf 85' lang='lat' dir='ltr'><strong>illa</strong></span> <span class='ocrx_word' id='word_1_400' title='bbox 3304 2552 3445 2619; x_wconf 81' lang='lat' dir='ltr'><strong>viva,</strong></span> 
     </span>
    </p>
   </div>
   <div class='ocr_carea' id='block_1_55' title="bbox 1845 2643 3445 2715">
    <p class='ocr_par' dir='ltr' id='par_1_55' title="bbox 1845 2643 3445 2715">
     <span class='ocr_line' id='line_1_55' title="bbox 1845 2643 3445 2715; baseline 0.003 -19"><span class='ocrx_word' id='word_1_401' title='bbox 1845 2658 1989 2715; x_wconf 70' lang='lat' dir='ltr'><strong>quia,</strong></span> <span class='ocrx_word' id='word_1_402' title='bbox 2022 2653 2078 2698; x_wconf 87' lang='lat' dir='ltr'><strong>ut</strong></span> <span class='ocrx_word' id='word_1_403' title='bbox 2101 2643 2178 2700; x_wconf 85' lang='lat' dir='ltr'><strong>ait</strong></span> <span class='ocrx_word' id='word_1_404' title='bbox 2202 2644 2514 2714; x_wconf 79' lang='lat' dir='ltr'><strong>Apostolus,</strong></span> <span class='ocrx_word' id='word_1_405' title='bbox 2541 2661 2635 2714; x_wconf 75' lang='lat' dir='ltr'><strong>per</strong></span> <span class='ocrx_word' id='word_1_406' title='bbox 2659 2644 2963 2700; x_wconf 78' lang='lat' dir='ltr'><strong>ebaritatern</strong></span> <span class='ocrx_word' id='word_1_407' title='bbox 2984 2655 3269 2715; x_wconf 79' lang='lat' dir='ltr'><strong>operatur:</strong></span> <span class='ocrx_word' id='word_1_408' title='bbox 3302 2644 3445 2701; x_wconf 87' lang='lat' dir='ltr'><strong>unde</strong></span> 
     </span>
    </p>
   </div>
   <div class='ocr_carea' id='block_1_56' title="bbox 1846 2736 3441 2811">
    <p class='ocr_par' dir='ltr' id='par_1_56' title="bbox 1846 2736 3441 2811">
     <span class='ocr_line' id='line_1_56' title="bbox 1846 2736 3441 2811; baseline -0.002 -18"><span class='ocrx_word' id='word_1_409' title='bbox 1846 2737 2077 2809; x_wconf 86' lang='lat' dir='ltr'><strong>primum</strong></span> <span class='ocrx_word' id='word_1_410' title='bbox 2120 2745 2326 2793; x_wconf 80' lang='lat' dir='ltr'><strong>textum</strong></span> <span class='ocrx_word' id='word_1_411' title='bbox 2374 2738 2453 2792; x_wconf 87' lang='lat' dir='ltr'><strong>sie</strong></span> <span class='ocrx_word' id='word_1_412' title='bbox 2493 2736 2716 2793; x_wconf 86' lang='lat' dir='ltr'><strong>edidere</strong></span> <span class='ocrx_word' id='word_1_413' title='bbox 2744 2752 2756 2790; x_wconf 89' lang='lat'><strong>:</strong></span> <span class='ocrx_word' id='word_1_414' title='bbox 2787 2736 2917 2792; x_wconf 85' lang='lat' dir='ltr'><strong>Solo</strong></span> <span class='ocrx_word' id='word_1_415' title='bbox 2944 2737 3072 2809; x_wconf 71' lang='lat' dir='ltr'><strong>fides</strong></span> <span class='ocrx_word' id='word_1_416' title='bbox 3101 2739 3441 2811; x_wconf 64' lang='lat' dir='ltr'><strong>praeferenda,</strong></span> 
     </span>
    </p>
   </div>
   <div class='ocr_carea' id='block_1_57' title="bbox 1846 2829 3443 2903">
    <p class='ocr_par' dir='ltr' id='par_1_57' title="bbox 1846 2829 3443 2903">
     <span class='ocr_line' id='line_1_57' title="bbox 1846 2829 3443 2903; baseline 0 -18"><span class='ocrx_word' id='word_1_417' title='bbox 1846 2831 1901 2886; x_wconf 87' lang='lat' dir='ltr'><strong>id</strong></span> <span class='ocrx_word' id='word_1_418' title='bbox 1932 2840 2005 2885; x_wconf 87' lang='lat' dir='ltr'><strong>est</strong></span> <span class='ocrx_word' id='word_1_419' title='bbox 2033 2830 2273 2903; x_wconf 81' lang='lat' dir='ltr'><strong>operibus</strong></span> <span class='ocrx_word' id='word_1_420' title='bbox 2301 2841 2519 2894; x_wconf 82' lang='lat' dir='ltr'><strong>ornata;</strong></span> <span class='ocrx_word' id='word_1_421' title='bbox 2545 2830 2714 2900; x_wconf 79' lang='lat' dir='ltr'><strong>qualis</strong></span> <span class='ocrx_word' id='word_1_422' title='bbox 2741 2829 3074 2901; x_wconf 74' lang='lat' dir='ltr'><strong>fuitAbraIue</strong></span> <span class='ocrx_word' id='word_1_423' title='bbox 3097 2844 3117 2884; x_wconf 93' lang='lat'><strong><em>:</em></strong></span> <span class='ocrx_word' id='word_1_424' title='bbox 3146 2829 3443 2885; x_wconf 89' lang='lat' dir='ltr'><strong>secundum</strong></span> 
     </span>
    </p>
   </div>
   <div class='ocr_carea' id='block_1_58' title="bbox 1846 2921 3444 2994">
    <p class='ocr_par' dir='ltr' id='par_1_58' title="bbox 1846 2921 3444 2994">
     <span class='ocr_line' id='line_1_58' title="bbox 1846 2921 3444 2994; baseline -0.002 -15"><span class='ocrx_word' id='word_1_425' title='bbox 1846 2934 2025 2979; x_wconf 87' lang='lat' dir='ltr'><strong>autem</strong></span> <span class='ocrx_word' id='word_1_426' title='bbox 2057 2924 2135 2978; x_wconf 84' lang='lat' dir='ltr'><strong>sic</strong></span> <span class='ocrx_word' id='word_1_427' title='bbox 2158 2940 2173 2977; x_wconf 90' lang='lat'><strong>:</strong></span> <span class='ocrx_word' id='word_1_428' title='bbox 2206 2921 2471 2988; x_wconf 77' lang='lat' dir='ltr'><strong>Quantum</strong></span> <span class='ocrx_word' id='word_1_429' title='bbox 2488 2922 2601 2992; x_wconf 83' lang='lat' dir='ltr'><strong>quis</strong></span> <span class='ocrx_word' id='word_1_430' title='bbox 2620 2921 2917 2988; x_wconf 81' lang='lat' dir='ltr'><strong>crediderit,</strong></span> <span class='ocrx_word' id='word_1_431' title='bbox 2941 2931 2986 2975; x_wconf 93' lang='lat' dir='ltr'><strong>et</strong></span> <span class='ocrx_word' id='word_1_432' title='bbox 3004 2930 3246 2994; x_wconf 78' lang='lat' dir='ltr'><strong>operatus</strong></span> <span class='ocrx_word' id='word_1_433' title='bbox 3266 2923 3444 2993; x_wconf 74' lang='lat' dir='ltr'><strong>fuerit,</strong></span> 
     </span>
    </p>
   </div>
   <div class='ocr_carea' id='block_1_59' title="bbox 1847 3014 3444 3073">
    <p class='ocr_par' dir='ltr' id='par_1_59' title="bbox 1847 3014 3444 3073">
     <span class='ocr_line' id='line_1_59' title="bbox 1847 3014 3444 3073; baseline -0.002 -1"><span class='ocrx_word' id='word_1_434' title='bbox 1847 3028 2045 3073; x_wconf 78' lang='lat' dir='ltr'><strong>tantum</strong></span> <span class='ocrx_word' id='word_1_435' title='bbox 2083 3017 2413 3073; x_wconf 78' lang='lat' dir='ltr'><strong>beatitudinis</strong></span> <span class='ocrx_word' id='word_1_436' title='bbox 2460 3024 2507 3070; x_wconf 89' lang='lat' dir='ltr'><strong>et</strong></span> <span class='ocrx_word' id='word_1_437' title='bbox 2554 3014 2776 3070; x_wconf 78' lang='lat' dir='ltr'><strong>habebit.</strong></span> <span class='ocrx_word' id='word_1_438' title='bbox 2825 3014 3078 3070; x_wconf 77' lang='lat' dir='ltr'><strong>Miramur</strong></span> <span class='ocrx_word' id='word_1_439' title='bbox 3117 3024 3296 3069; x_wconf 81' lang='lat' dir='ltr'><strong>autem</strong></span> <span class='ocrx_word' id='word_1_440' title='bbox 3336 3018 3444 3069; x_wconf 79' lang='lat' dir='ltr'><strong>non</strong></span> 
     </span>
    </p>
   </div>
   <div class='ocr_carea' id='block_1_60' title="bbox 1846 3109 3443 3181">
    <p class='ocr_par' dir='ltr' id='par_1_60' title="bbox 1846 3109 3443 3181">
     <span class='ocr_line' id='line_1_60' title="bbox 1846 3109 3443 3181; baseline 0.001 -16"><span class='ocrx_word' id='word_1_441' title='bbox 1846 3111 2119 3168; x_wconf 86' lang='lat' dir='ltr'><strong>addidisse</strong></span> <span class='ocrx_word' id='word_1_442' title='bbox 2162 3113 2324 3168; x_wconf 87' lang='lat' dir='ltr'><strong>etiam</strong></span> <span class='ocrx_word' id='word_1_443' title='bbox 2368 3109 2571 3181; x_wconf 87' lang='lat' dir='ltr'><strong>aliquid</strong></span> <span class='ocrx_word' id='word_1_444' title='bbox 2636 3114 2792 3165; x_wconf 88' lang='lat' dir='ltr'><strong>tract.</strong></span> <span class='ocrx_word' id='word_1_445' title='bbox 2846 3111 2906 3164; x_wconf 81' lang='lat' dir='ltr'><strong>3i</strong></span> <span class='ocrx_word' id='word_1_446' title='bbox 2960 3109 3057 3181; x_wconf 88' lang='lat' dir='ltr'><strong>lib.</strong></span> <span class='ocrx_word' id='word_1_447' title='bbox 3097 3120 3159 3176; x_wconf 87' lang='grc' dir='ltr'>ιι,</span> <span class='ocrx_word' id='word_1_448' title='bbox 3202 3109 3292 3164; x_wconf 88' lang='lat' dir='ltr'><strong>ubi</strong></span> <span class='ocrx_word' id='word_1_449' title='bbox 3342 3110 3443 3166; x_wconf 81' lang='lat' dir='ltr'><strong>soli</strong></span> 
     </span>
    </p>
   </div>
   <div class='ocr_carea' id='block_1_61' title="bbox 152 3180 3442 3277">
    <p class='ocr_par' dir='ltr' id='par_1_61' title="bbox 152 3180 3442 3277">
     <span class='ocr_line' id='line_1_61' title="bbox 152 3180 3442 3277; baseline 0 -21"><span class='ocrx_word' id='word_1_450' title='bbox 152 3210 258 3257; x_wconf 82' lang='lat' dir='ltr'><strong>tem</strong></span> <span class='ocrx_word' id='word_1_451' title='bbox 283 3213 338 3258; x_wconf 86' lang='lat' dir='ltr'><strong>et</strong></span> <span class='ocrx_word' id='word_1_452' title='bbox 375 3205 614 3267; x_wconf 81' lang='lat' dir='ltr'><strong>rationes</strong></span> <span class='ocrx_word' id='word_1_453' title='bbox 656 3207 956 3277; x_wconf 86' lang='lat' dir='ltr'><strong>compellit,</strong></span> <span class='ocrx_word' id='word_1_454' title='bbox 988 3222 1017 3262; x_wconf 86' lang='lat' dir='ltr'><strong>a</strong></span> <span class='ocrx_word' id='word_1_455' title='bbox 1048 3206 1108 3264; x_wconf 68' lang='lat'><strong>5.</strong></span> <span class='ocrx_word' id='word_1_456' title='bbox 1138 3207 1360 3265; x_wconf 84' lang='lat' dir='ltr'><strong>Zenone</strong></span> <span class='ocrx_word' id='word_1_457' title='bbox 1385 3224 1505 3266; x_wconf 86' lang='lat' dir='ltr'><strong>esse</strong></span> <span class='ocrx_word' id='word_1_458' title='bbox 1535 3209 1744 3267; x_wconf 89' lang='lat' dir='ltr'><strong>dicatur</strong></span> <span class='ocrx_word' id='word_1_459' title='bbox 1770 3213 1813 3277; x_wconf 87' lang='lat' dir='ltr'><strong>C</strong></span> <span class='ocrx_word' id='word_1_460' title='bbox 1850 3205 1972 3261; x_wconf 88' lang='lat' dir='ltr'><strong>lidei</strong></span> <span class='ocrx_word' id='word_1_461' title='bbox 2012 3207 2200 3277; x_wconf 72' lang='lat' dir='ltr'><strong>gratim</strong></span> <span class='ocrx_word' id='word_1_462' title='bbox 2248 3214 2597 3277; x_wconf 75' lang='lat' dir='ltr'><strong>augmentum</strong></span> <span class='ocrx_word' id='word_1_463' title='bbox 2657 3203 2863 3258; x_wconf 74' lang='lat' dir='ltr'><strong>Auctor</strong></span> <span class='ocrx_word' id='word_1_464' title='bbox 2903 3180 3118 3258; x_wconf 77' lang='lat' dir='ltr'><strong>videtur</strong></span> <span class='ocrx_word' id='word_1_465' title='bbox 3163 3202 3442 3260; x_wconf 82' lang='lat' dir='ltr'><strong>tribuere:</strong></span> 
     </span>
    </p>
   </div>
   <div class='ocr_carea' id='block_1_62' title="bbox 148 3295 1742 3375">
    <p class='ocr_par' dir='ltr' id='par_1_62' title="bbox 148 3295 1742 3375">
     <span class='ocr_line' id='line_1_62' title="bbox 148 3295 1742 3375; baseline 0.008 -29"><span class='ocrx_word' id='word_1_466' title='bbox 148 3295 348 3362; x_wconf 77' lang='lat' dir='ltr'><strong>gratia;</strong></span> <span class='ocrx_word' id='word_1_467' title='bbox 374 3295 427 3350; x_wconf 89' lang='lat' dir='ltr'><strong>in</strong></span> <span class='ocrx_word' id='word_1_468' title='bbox 461 3296 709 3354; x_wconf 83' lang='lat' dir='ltr'><strong>eamdem</strong></span> <span class='ocrx_word' id='word_1_469' title='bbox 739 3299 900 3369; x_wconf 84' lang='lat' dir='ltr'><strong>plane</strong></span> <span class='ocrx_word' id='word_1_470' title='bbox 924 3303 1247 3356; x_wconf 81' lang='lat' dir='ltr'><strong>sententiam</strong></span> <span class='ocrx_word' id='word_1_471' title='bbox 1293 3302 1497 3371; x_wconf 86' lang='lat' dir='ltr'><strong>primus</strong></span> <span class='ocrx_word' id='word_1_472' title='bbox 1528 3318 1742 3375; x_wconf 72' lang='lat' dir='ltr'><strong>quoque</strong></span> 
     </span>
    </p>
   </div>
   <div class='ocr_carea' id='block_1_63' title="bbox 151 3386 1745 3465">
    <p class='ocr_par' dir='ltr' id='par_1_63' title="bbox 151 3386 1745 3465">
     <span class='ocr_line' id='line_1_63' title="bbox 151 3386 1745 3465; baseline 0.008 -27"><span class='ocrx_word' id='word_1_473' title='bbox 151 3393 330 3441; x_wconf 87' lang='lat' dir='ltr'><strong>textus</strong></span> <span class='ocrx_word' id='word_1_474' title='bbox 374 3386 815 3457; x_wconf 86' lang='lat' dir='ltr'><strong>interpretandus</strong></span> <span class='ocrx_word' id='word_1_475' title='bbox 842 3397 948 3455; x_wconf 91' lang='lat' dir='ltr'><strong>est,</strong></span> <span class='ocrx_word' id='word_1_476' title='bbox 989 3401 1049 3446; x_wconf 89' lang='lat' dir='ltr'><strong>ut</strong></span> <span class='ocrx_word' id='word_1_477' title='bbox 1077 3406 1147 3447; x_wconf 89' lang='lat' dir='ltr'><strong>ne</strong></span> <span class='ocrx_word' id='word_1_478' title='bbox 1176 3393 1345 3464; x_wconf 78' lang='lat' dir='ltr'><strong>gratia</strong></span> <span class='ocrx_word' id='word_1_479' title='bbox 1376 3393 1577 3449; x_wconf 88' lang='lat' dir='ltr'><strong>idcirco</strong></span> <span class='ocrx_word' id='word_1_480' title='bbox 1609 3411 1745 3465; x_wconf 66' lang='lat' dir='ltr'><strong>prir-</strong></span> 
     </span>
    </p>
   </div>
   <div class='ocr_carea' id='block_1_64' title="bbox 150 3479 1740 3548">
    <p class='ocr_par' dir='ltr' id='par_1_64' title="bbox 150 3479 1740 3548">
     <span class='ocr_line' id='line_1_64' title="bbox 150 3479 1740 3548; baseline 0.007 -16"><span class='ocrx_word' id='word_1_481' title='bbox 150 3479 396 3535; x_wconf 85' lang='lat' dir='ltr'><strong>termissa</strong></span> <span class='ocrx_word' id='word_1_482' title='bbox 440 3482 715 3548; x_wconf 85' lang='lat' dir='ltr'><strong>credatur,</strong></span> <span class='ocrx_word' id='word_1_483' title='bbox 745 3496 812 3540; x_wconf 85' lang='lat' dir='ltr'><strong>ac</strong></span> <span class='ocrx_word' id='word_1_484' title='bbox 850 3485 894 3538; x_wconf 87' lang='lat' dir='ltr'><strong>si</strong></span> <span class='ocrx_word' id='word_1_485' title='bbox 942 3483 1088 3539; x_wconf 78' lang='lat' dir='ltr'><strong>illaut</strong></span> <span class='ocrx_word' id='word_1_486' title='bbox 1118 3484 1179 3541; x_wconf 85' lang='lat' dir='ltr'><strong>S.</strong></span> <span class='ocrx_word' id='word_1_487' title='bbox 1207 3482 1354 3541; x_wconf 78' lang='lat' dir='ltr'><strong>Zeno</strong></span> <span class='ocrx_word' id='word_1_488' title='bbox 1383 3492 1740 3544; x_wconf 80' lang='lat' dir='ltr'><strong>necessariam</strong></span> 
     </span>
    </p>
   </div>
   <div class='ocr_carea' id='block_1_65' title="bbox 60 3576 1743 3654">
    <p class='ocr_par' dir='ltr' id='par_1_65' title="bbox 60 3576 1743 3654">
     <span class='ocr_line' id='line_1_65' title="bbox 60 3576 1743 3654; baseline 0.008 -29"><span class='ocrx_word' id='word_1_489' title='bbox 60 3584 63 3591; x_wconf 81' lang='grc'><em>’</em></span> <span class='ocrx_word' id='word_1_490' title='bbox 156 3588 263 3628; x_wconf 88' lang='lat' dir='ltr'><strong>non</strong></span> <span class='ocrx_word' id='word_1_491' title='bbox 288 3577 589 3646; x_wconf 75' lang='lat' dir='ltr'><strong>agnoverit,</strong></span> <span class='ocrx_word' id='word_1_492' title='bbox 619 3576 714 3633; x_wconf 86' lang='lat' dir='ltr'><strong>sed</strong></span> <span class='ocrx_word' id='word_1_493' title='bbox 744 3577 889 3648; x_wconf 79' lang='lat' dir='ltr'><strong>quod</strong></span> <span class='ocrx_word' id='word_1_494' title='bbox 918 3578 1064 3633; x_wconf 85' lang='lat' dir='ltr'><strong>illam</strong></span> <span class='ocrx_word' id='word_1_495' title='bbox 1094 3578 1343 3650; x_wconf 88' lang='lat' dir='ltr'><strong>ingerere</strong></span> <span class='ocrx_word' id='word_1_496' title='bbox 1365 3594 1501 3652; x_wconf 87' lang='lat' dir='ltr'><strong>opus</strong></span> <span class='ocrx_word' id='word_1_497' title='bbox 1527 3597 1743 3654; x_wconf 77' lang='lat' dir='ltr'><strong>semper</strong></span> 
     </span>
    </p>
   </div>
   <div class='ocr_carea' id='block_1_66' title="bbox 153 3668 1409 3741">
    <p class='ocr_par' dir='ltr' id='par_1_66' title="bbox 153 3668 1409 3741">
     <span class='ocr_line' id='line_1_66' title="bbox 153 3668 1409 3741; baseline 0.006 -20"><span class='ocrx_word' id='word_1_498' title='bbox 153 3682 262 3721; x_wconf 83' lang='lat' dir='ltr'><strong>non</strong></span> <span class='ocrx_word' id='word_1_499' title='bbox 289 3668 403 3733; x_wconf 85' lang='lat' dir='ltr'><strong>iuit,</strong></span> <span class='ocrx_word' id='word_1_500' title='bbox 436 3679 492 3723; x_wconf 87' lang='lat' dir='ltr'><strong>ut</strong></span> <span class='ocrx_word' id='word_1_501' title='bbox 520 3670 647 3726; x_wconf 86' lang='lat' dir='ltr'><strong>aliis</strong></span> <span class='ocrx_word' id='word_1_502' title='bbox 674 3684 891 3741; x_wconf 83' lang='lat' dir='ltr'><strong>quoque</strong></span> <span class='ocrx_word' id='word_1_503' title='bbox 917 3669 1167 3728; x_wconf 82' lang='lat' dir='ltr'><strong>Patribus</strong></span> <span class='ocrx_word' id='word_1_504' title='bbox 1197 3673 1409 3729; x_wconf 85' lang='lat' dir='ltr'><strong>accidit.</strong></span> 
     </span>
    </p>
   </div>
   <div class='ocr_carea' id='block_1_67' title="bbox 224 3761 1747 3836">
    <p class='ocr_par' dir='ltr' id='par_1_67' title="bbox 224 3761 1747 3836">
     <span class='ocr_line' id='line_1_67' title="bbox 224 3761 1747 3836; baseline 0.005 -18"><span class='ocrx_word' id='word_1_505' title='bbox 224 3761 492 3819; x_wconf 68' lang='lat' dir='ltr'><strong>Addamus</strong></span> <span class='ocrx_word' id='word_1_506' title='bbox 514 3763 680 3820; x_wconf 81' lang='lat' dir='ltr'><strong>etiam</strong></span> <span class='ocrx_word' id='word_1_507' title='bbox 711 3763 879 3832; x_wconf 85' lang='lat' dir='ltr'><strong>aliud,</strong></span> <span class='ocrx_word' id='word_1_508' title='bbox 903 3764 1047 3836; x_wconf 86' lang='lat' dir='ltr'><strong>quod</strong></span> <span class='ocrx_word' id='word_1_509' title='bbox 1073 3780 1177 3821; x_wconf 89' lang='lat' dir='ltr'><strong>non</strong></span> <span class='ocrx_word' id='word_1_510' title='bbox 1207 3766 1342 3823; x_wconf 87' lang='lat' dir='ltr'><strong>levis</strong></span> <span class='ocrx_word' id='word_1_511' title='bbox 1372 3768 1599 3826; x_wconf 77' lang='lat' dir='ltr'><strong>fortasse</strong></span> <span class='ocrx_word' id='word_1_512' title='bbox 1629 3782 1747 3825; x_wconf 89' lang='lat' dir='ltr'><strong>mo-</strong></span> 
     </span>
    </p>
   </div>
   <div class='ocr_carea' id='block_1_68' title="bbox 154 3855 1745 3931">
    <p class='ocr_par' dir='ltr' id='par_1_68' title="bbox 154 3855 1745 3931">
     <span class='ocr_line' id='line_1_68' title="bbox 154 3855 1745 3931; baseline 0.005 -21"><span class='ocrx_word' id='word_1_513' title='bbox 154 3857 318 3911; x_wconf 87' lang='lat' dir='ltr'><strong>menti</strong></span> <span class='ocrx_word' id='word_1_514' title='bbox 369 3855 674 3913; x_wconf 80' lang='lat' dir='ltr'><strong>babebitur.</strong></span> <span class='ocrx_word' id='word_1_515' title='bbox 702 3855 838 3912; x_wconf 89' lang='lat' dir='ltr'><strong>Cum</strong></span> <span class='ocrx_word' id='word_1_516' title='bbox 865 3856 926 3914; x_wconf 84' lang='lat'><strong>8.</strong></span> <span class='ocrx_word' id='word_1_517' title='bbox 957 3858 1277 3931; x_wconf 80' lang='lat' dir='ltr'><strong>Episcopus,</strong></span> <span class='ocrx_word' id='word_1_518' title='bbox 1312 3859 1482 3917; x_wconf 63' lang='lat' dir='ltr'><strong>sicubi</strong></span> <span class='ocrx_word' id='word_1_519' title='bbox 1511 3862 1745 3918; x_wconf 88' lang='lat' dir='ltr'><strong>antithe-</strong></span> 
     </span>
    </p>
   </div>
   <div class='ocr_carea' id='block_1_69' title="bbox 154 3948 1739 4029">
    <p class='ocr_par' dir='ltr' id='par_1_69' title="bbox 154 3948 1739 4029">
     <span class='ocr_line' id='line_1_69' title="bbox 154 3948 1739 4029; baseline 0.006 -26"><span class='ocrx_word' id='word_1_520' title='bbox 154 3948 302 4005; x_wconf 84' lang='lat' dir='ltr'><strong>sibus</strong></span> <span class='ocrx_word' id='word_1_521' title='bbox 345 3951 531 4017; x_wconf 86' lang='lat' dir='ltr'><strong>utitur,</strong></span> <span class='ocrx_word' id='word_1_522' title='bbox 562 3951 877 4007; x_wconf 76' lang='lat' dir='ltr'><strong>uoluntatem</strong></span> <span class='ocrx_word' id='word_1_523' title='bbox 925 3954 1213 4009; x_wconf 79' lang='lat' dir='ltr'><strong>necessitati</strong></span> <span class='ocrx_word' id='word_1_524' title='bbox 1240 3969 1457 4026; x_wconf 85' lang='lat' dir='ltr'><strong>semper</strong></span> <span class='ocrx_word' id='word_1_525' title='bbox 1484 3964 1739 4029; x_wconf 83' lang='lat' dir='ltr'><strong>opponat,</strong></span> 
     </span>
    </p>
   </div>
   <div class='ocr_carea' id='block_1_70' title="bbox 154 4043 1741 4121">
    <p class='ocr_par' dir='ltr' id='par_1_70' title="bbox 154 4043 1741 4121">
     <span class='ocr_line' id='line_1_70' title="bbox 154 4043 1741 4121; baseline 0.007 -26"><span class='ocrx_word' id='word_1_526' title='bbox 154 4044 458 4098; x_wconf 66' lang='lat' dir='ltr'><strong>uoluntatem</strong></span> <span class='ocrx_word' id='word_1_527' title='bbox 482 4058 581 4115; x_wconf 88' lang='lat' dir='ltr'><strong>pro</strong></span> <span class='ocrx_word' id='word_1_528' title='bbox 605 4043 840 4100; x_wconf 81' lang='lat' dir='ltr'><strong>libertate</strong></span> <span class='ocrx_word' id='word_1_529' title='bbox 866 4047 1143 4117; x_wconf 83' lang='lat' dir='ltr'><strong>accepisse</strong></span> <span class='ocrx_word' id='word_1_530' title='bbox 1172 4046 1401 4114; x_wconf 90' lang='lat' dir='ltr'><strong>videtur,</strong></span> <span class='ocrx_word' id='word_1_531' title='bbox 1430 4050 1503 4104; x_wconf 86' lang='lat' dir='ltr'><strong>ita</strong></span> <span class='ocrx_word' id='word_1_532' title='bbox 1545 4058 1606 4105; x_wconf 92' lang='lat' dir='ltr'><strong>ut</strong></span> <span class='ocrx_word' id='word_1_533' title='bbox 1646 4066 1741 4121; x_wconf 42' lang='lat' dir='ltr'><strong>pe.</strong></span> 
     </span>
    </p>
   </div>
   <div class='ocr_carea' id='block_1_71' title="bbox 157 4137 1747 4211">
    <p class='ocr_par' dir='ltr' id='par_1_71' title="bbox 157 4137 1747 4211">
     <span class='ocr_line' id='line_1_71' title="bbox 157 4137 1747 4211; baseline 0.006 -21"><span class='ocrx_word' id='word_1_534' title='bbox 157 4150 255 4190; x_wconf 90' lang='lat' dir='ltr'><strong>nes</strong></span> <span class='ocrx_word' id='word_1_535' title='bbox 295 4137 464 4207; x_wconf 83' lang='lat' dir='ltr'><strong>ipsum</strong></span> <span class='ocrx_word' id='word_1_536' title='bbox 497 4137 640 4193; x_wconf 87' lang='lat' dir='ltr'><strong>idem</strong></span> <span class='ocrx_word' id='word_1_537' title='bbox 678 4139 754 4194; x_wconf 78' lang='lat' dir='ltr'><strong>sit</strong></span> <span class='ocrx_word' id='word_1_538' title='bbox 799 4139 1081 4211; x_wconf 77' lang='lat' dir='ltr'><strong>uoluntate,</strong></span> <span class='ocrx_word' id='word_1_539' title='bbox 1112 4158 1219 4196; x_wconf 88' lang='lat' dir='ltr'><strong>non</strong></span> <span class='ocrx_word' id='word_1_540' title='bbox 1245 4143 1565 4211; x_wconf 79' lang='lat' dir='ltr'><strong>necessitate,</strong></span> <span class='ocrx_word' id='word_1_541' title='bbox 1595 4158 1657 4201; x_wconf 83' lang='lat' dir='ltr'><strong>ac</strong></span> <span class='ocrx_word' id='word_1_542' title='bbox 1682 4145 1747 4200; x_wconf 88' lang='lat' dir='ltr'><strong>li-</strong></span> 
     </span>
    </p>
   </div>
   <div class='ocr_carea' id='block_1_72' title="bbox 158 4227 1745 4307">
    <p class='ocr_par' dir='ltr' id='par_1_72' title="bbox 158 4227 1745 4307">
     <span class='ocr_line' id='line_1_72' title="bbox 158 4227 1745 4307; baseline 0.008 -25"><span class='ocrx_word' id='word_1_543' title='bbox 158 4227 288 4295; x_wconf 85' lang='lat' dir='ltr'><strong>bere,</strong></span> <span class='ocrx_word' id='word_1_544' title='bbox 314 4244 413 4284; x_wconf 87' lang='lat' dir='ltr'><strong>non</strong></span> <span class='ocrx_word' id='word_1_545' title='bbox 436 4231 747 4287; x_wconf 78' lang='lat' dir='ltr'><strong>necessario.</strong></span> <span class='ocrx_word' id='word_1_546' title='bbox 784 4230 992 4288; x_wconf 68' lang='lat' dir='ltr'><strong>Prmter</strong></span> <span class='ocrx_word' id='word_1_547' title='bbox 1012 4234 1192 4290; x_wconf 88' lang='lat' dir='ltr'><strong>locum</strong></span> <span class='ocrx_word' id='word_1_548' title='bbox 1222 4250 1366 4292; x_wconf 88' lang='lat' dir='ltr'><strong>nunc</strong></span> <span class='ocrx_word' id='word_1_549' title='bbox 1394 4250 1567 4307; x_wconf 89' lang='lat' dir='ltr'><strong>nuper</strong></span> <span class='ocrx_word' id='word_1_550' title='bbox 1606 4239 1745 4295; x_wconf 62' lang='lat' dir='ltr'><strong>alia-</strong></span> 
     </span>
    </p>
   </div>
   <div class='ocr_carea' id='block_1_73' title="bbox 158 4324 1747 4395">
    <p class='ocr_par' dir='ltr' id='par_1_73' title="bbox 158 4324 1747 4395">
     <span class='ocr_line' id='line_1_73' title="bbox 158 4324 1747 4395; baseline 0.01 -21"><span class='ocrx_word' id='word_1_551' title='bbox 158 4329 267 4375; x_wconf 75' lang='lat' dir='ltr'><strong>tun</strong></span> <span class='ocrx_word' id='word_1_552' title='bbox 315 4337 377 4378; x_wconf 80' lang='lat' dir='ltr'><strong>es</strong></span> <span class='ocrx_word' id='word_1_553' title='bbox 434 4334 588 4380; x_wconf 86' lang='lat' dir='ltr'><strong>num.</strong></span> <span class='ocrx_word' id='word_1_554' title='bbox 622 4324 647 4379; x_wconf 92' lang='grc'><strong>1</strong></span> <span class='ocrx_word' id='word_1_555' title='bbox 683 4333 841 4381; x_wconf 83' lang='lat' dir='ltr'><strong>tract.</strong></span> <span class='ocrx_word' id='word_1_556' title='bbox 871 4326 896 4381; x_wconf 84' lang='lat' dir='ltr'><strong>l</strong></span> <span class='ocrx_word' id='word_1_557' title='bbox 926 4326 996 4382; x_wconf 81' lang='lat' dir='ltr'><strong>tle</strong></span> <span class='ocrx_word' id='word_1_558' title='bbox 1019 4326 1173 4395; x_wconf 83' lang='lat' dir='ltr'><strong>Fide,</strong></span> <span class='ocrx_word' id='word_1_559' title='bbox 1203 4330 1293 4385; x_wconf 92' lang='lat' dir='ltr'><strong>ubi</strong></span> <span class='ocrx_word' id='word_1_560' title='bbox 1339 4332 1392 4387; x_wconf 87' lang='lat' dir='ltr'><strong>in</strong></span> <span class='ocrx_word' id='word_1_561' title='bbox 1439 4331 1578 4389; x_wconf 83' lang='lat' dir='ltr'><strong>hanc</strong></span> <span class='ocrx_word' id='word_1_562' title='bbox 1622 4346 1747 4390; x_wconf 88' lang='lat' dir='ltr'><strong>sen-</strong></span> 
     </span>
    </p>
   </div>
   <div class='ocr_carea' id='block_1_74' title="bbox 161 4417 1744 4495">
    <p class='ocr_par' dir='ltr' id='par_1_74' title="bbox 161 4417 1744 4495">
     <span class='ocr_line' id='line_1_74' title="bbox 161 4417 1744 4495; baseline 0.012 -29"><span class='ocrx_word' id='word_1_563' title='bbox 161 4417 364 4472; x_wconf 83' lang='lat' dir='ltr'><strong>tentiam</strong></span> <span class='ocrx_word' id='word_1_564' title='bbox 413 4418 584 4490; x_wconf 81' lang='lat' dir='ltr'><strong>gratia</strong></span> <span class='ocrx_word' id='word_1_565' title='bbox 635 4418 704 4475; x_wconf 86' lang='lat' dir='ltr'><strong>ad</strong></span> <span class='ocrx_word' id='word_1_566' title='bbox 768 4420 932 4477; x_wconf 86' lang='lat' dir='ltr'><strong>ﬁdem</strong></span> <span class='ocrx_word' id='word_1_567' title='bbox 982 4426 1312 4495; x_wconf 88' lang='lat' dir='ltr'><strong>compellere</strong></span> <span class='ocrx_word' id='word_1_568' title='bbox 1360 4426 1589 4484; x_wconf 85' lang='lat' dir='ltr'><strong>traditur</strong></span> <span class='ocrx_word' id='word_1_569' title='bbox 1643 4445 1744 4485; x_wconf 88' lang='lat' dir='ltr'><strong>non</strong></span> 
     </span>
    </p>
   </div>
   <div class='ocr_carea' id='block_1_75' title="bbox 160 4510 1744 4590">
    <p class='ocr_par' dir='ltr' id='par_1_75' title="bbox 160 4510 1744 4590">
     <span class='ocr_line' id='line_1_75' title="bbox 160 4510 1744 4590; baseline 0.011 -29"><span class='ocrx_word' id='word_1_570' title='bbox 160 4510 462 4577; x_wconf 60' lang='lat' dir='ltr'><strong>mutam,</strong></span> <span class='ocrx_word' id='word_1_571' title='bbox 490 4512 584 4566; x_wconf 91' lang='lat' dir='ltr'><strong>sed</strong></span> <span class='ocrx_word' id='word_1_572' title='bbox 610 4513 892 4583; x_wconf 82' lang='lat' dir='ltr'><strong>uoluntate,</strong></span> <span class='ocrx_word' id='word_1_573' title='bbox 923 4525 1156 4574; x_wconf 85' lang='lat' dir='ltr'><strong>tractatu</strong></span> <span class='ocrx_word' id='word_1_574' title='bbox 1186 4521 1219 4575; x_wconf 75' lang='grc' dir='ltr'><strong>ὃ</strong></span> <span class='ocrx_word' id='word_1_575' title='bbox 1242 4518 1335 4575; x_wconf 81' lang='lat' dir='ltr'><strong>lib.</strong></span> <span class='ocrx_word' id='word_1_576' title='bbox 1369 4532 1408 4588; x_wconf 87' lang='lat' dir='ltr'><strong>t,</strong></span> <span class='ocrx_word' id='word_1_577' title='bbox 1437 4521 1503 4576; x_wconf 84' lang='lat' dir='ltr'><strong>de</strong></span> <span class='ocrx_word' id='word_1_578' title='bbox 1522 4520 1744 4590; x_wconf 77' lang='lat' dir='ltr'><strong>Timore,</strong></span> 
     </span>
    </p>
   </div>
   <div class='ocr_carea' id='block_1_76' title="bbox 1851 3294 3273 3368">
    <p class='ocr_par' dir='ltr' id='par_1_76' title="bbox 1851 3294 3273 3368">
     <span class='ocr_line' id='line_1_76' title="bbox 1851 3294 3273 3368; baseline -0.002 -16"><span class='ocrx_word' id='word_1_579' title='bbox 1851 3298 1952 3366; x_wconf 87' lang='lat' dir='ltr'><strong>Qui</strong></span> <span class='ocrx_word' id='word_1_580' title='bbox 1982 3298 2101 3368; x_wconf 83' lang='lat' dir='ltr'><strong>plus</strong></span> <span class='ocrx_word' id='word_1_581' title='bbox 2122 3297 2420 3360; x_wconf 80' lang='lat' dir='ltr'><strong>crediderit,</strong></span> <span class='ocrx_word' id='word_1_582' title='bbox 2456 3296 2756 3351; x_wconf 86' lang='lat' dir='ltr'><strong>nobiliorem</strong></span> <span class='ocrx_word' id='word_1_583' title='bbox 2781 3296 2967 3364; x_wconf 76' lang='lat' dir='ltr'><strong>seipse</strong></span> <span class='ocrx_word' id='word_1_584' title='bbox 2992 3294 3273 3364; x_wconf 73' lang='lat' dir='ltr'><strong>prtestubit.</strong></span> 
     </span>
    </p>
   </div>
   <div class='ocr_carea' id='block_1_77' title="bbox 1919 3386 3444 3462">
    <p class='ocr_par' dir='ltr' id='par_1_77' title="bbox 1919 3386 3444 3462">
     <span class='ocr_line' id='line_1_77' title="bbox 1919 3386 3444 3462; baseline -0.005 -16"><span class='ocrx_word' id='word_1_585' title='bbox 1919 3390 1977 3446; x_wconf 85' lang='lat' dir='ltr'><strong>Si</strong></span> <span class='ocrx_word' id='word_1_586' title='bbox 2010 3402 2171 3462; x_wconf 89' lang='lat' dir='ltr'><strong>porro</strong></span> <span class='ocrx_word' id='word_1_587' title='bbox 2200 3390 2350 3446; x_wconf 89' lang='lat' dir='ltr'><strong>hisce</strong></span> <span class='ocrx_word' id='word_1_588' title='bbox 2380 3391 2431 3444; x_wconf 94' lang='lat' dir='ltr'><strong>iu</strong></span> <span class='ocrx_word' id='word_1_589' title='bbox 2480 3388 2612 3444; x_wconf 89' lang='lat' dir='ltr'><strong>locis</strong></span> <span class='ocrx_word' id='word_1_590' title='bbox 2658 3386 2820 3442; x_wconf 86' lang='lat' dir='ltr'><strong>iidem</strong></span> <span class='ocrx_word' id='word_1_591' title='bbox 2858 3387 3002 3442; x_wconf 82' lang='lat' dir='ltr'><strong>Zeno</strong></span> <span class='ocrx_word' id='word_1_592' title='bbox 3028 3388 3254 3442; x_wconf 90' lang='lat' dir='ltr'><strong>nimium</strong></span> <span class='ocrx_word' id='word_1_593' title='bbox 3287 3395 3444 3442; x_wconf 85' lang='lat' dir='ltr'><strong>extu-</strong></span> 
     </span>
    </p>
   </div>
   <div class='ocr_carea' id='block_1_78' title="bbox 1848 3479 3443 3554">
    <p class='ocr_par' dir='ltr' id='par_1_78' title="bbox 1848 3479 3443 3554">
     <span class='ocr_line' id='line_1_78' title="bbox 1848 3479 3443 3554; baseline -0.005 -14"><span class='ocrx_word' id='word_1_594' title='bbox 1848 3484 1974 3540; x_wconf 89' lang='lat' dir='ltr'><strong>lisse</strong></span> <span class='ocrx_word' id='word_1_595' title='bbox 2016 3484 2185 3540; x_wconf 81' lang='lat' dir='ltr'><strong>videri</strong></span> <span class='ocrx_word' id='word_1_596' title='bbox 2233 3492 2431 3554; x_wconf 82' lang='lat' dir='ltr'><strong>potest,</strong></span> <span class='ocrx_word' id='word_1_597' title='bbox 2479 3497 2543 3538; x_wconf 88' lang='lat' dir='ltr'><strong>ac</strong></span> <span class='ocrx_word' id='word_1_598' title='bbox 2591 3484 2634 3536; x_wconf 89' lang='lat' dir='ltr'><strong>si</strong></span> <span class='ocrx_word' id='word_1_599' title='bbox 2682 3483 2795 3538; x_wconf 86' lang='lat' dir='ltr'><strong>sola</strong></span> <span class='ocrx_word' id='word_1_600' title='bbox 2827 3482 2935 3536; x_wconf 87' lang='lat' dir='ltr'><strong>vim</strong></span> <span class='ocrx_word' id='word_1_601' title='bbox 2971 3480 3165 3536; x_wconf 86' lang='lat' dir='ltr'><strong>salutis</strong></span> <span class='ocrx_word' id='word_1_602' title='bbox 3214 3479 3443 3546; x_wconf 81' lang='lat' dir='ltr'><strong>habeat;</strong></span> 
     </span>
    </p>
   </div>
   <div class='ocr_carea' id='block_1_79' title="bbox 1851 3574 3443 3650">
    <p class='ocr_par' dir='ltr' id='par_1_79' title="bbox 1851 3574 3443 3650">
     <span class='ocr_line' id='line_1_79' title="bbox 1851 3574 3443 3650; baseline -0.002 -17"><span class='ocrx_word' id='word_1_603' title='bbox 1851 3578 2119 3635; x_wconf 81' lang='lat' dir='ltr'><strong>contraria</strong></span> <span class='ocrx_word' id='word_1_604' title='bbox 2153 3578 2313 3650; x_wconf 88' lang='lat' dir='ltr'><strong>plane</strong></span> <span class='ocrx_word' id='word_1_605' title='bbox 2340 3579 2547 3633; x_wconf 76' lang='lat' dir='ltr'><strong>ratione</strong></span> <span class='ocrx_word' id='word_1_606' title='bbox 2571 3588 2725 3634; x_wconf 86' lang='lat' dir='ltr'><strong>tract.</strong></span> <span class='ocrx_word' id='word_1_607' title='bbox 2760 3574 2796 3632; x_wconf 72' lang='lat'><strong>2</strong></span> <span class='ocrx_word' id='word_1_608' title='bbox 2825 3576 2921 3632; x_wconf 87' lang='lat' dir='ltr'><strong>lib.</strong></span> <span class='ocrx_word' id='word_1_609' title='bbox 2947 3591 2988 3644; x_wconf 84' lang='grc' dir='ltr'><strong>ι,</strong></span> <span class='ocrx_word' id='word_1_610' title='bbox 3018 3574 3339 3631; x_wconf 82' lang='lat' dir='ltr'><strong>charitatem</strong></span> <span class='ocrx_word' id='word_1_611' title='bbox 3372 3576 3443 3630; x_wconf 85' lang='lat' dir='ltr'><strong>ita</strong></span> 
     </span>
    </p>
   </div>
   <div class='ocr_carea' id='block_1_80' title="bbox 1847 3670 3447 3742">
    <p class='ocr_par' dir='ltr' id='par_1_80' title="bbox 1847 3670 3447 3742">
     <span class='ocr_line' id='line_1_80' title="bbox 1847 3670 3447 3742; baseline -0.004 -11"><span class='ocrx_word' id='word_1_612' title='bbox 1847 3674 2026 3740; x_wconf 84' lang='lat' dir='ltr'><strong>eﬂ&#39;ert,</strong></span> <span class='ocrx_word' id='word_1_613' title='bbox 2045 3684 2097 3728; x_wconf 92' lang='lat' dir='ltr'><strong>ut</strong></span> <span class='ocrx_word' id='word_1_614' title='bbox 2116 3688 2224 3729; x_wconf 87' lang='lat' dir='ltr'><strong>non</strong></span> <span class='ocrx_word' id='word_1_615' title='bbox 2251 3673 2424 3729; x_wconf 71' lang='lat' dir='ltr'><strong>solum</strong></span> <span class='ocrx_word' id='word_1_616' title='bbox 2446 3687 2546 3729; x_wconf 87' lang='lat' dir='ltr'><strong>nee</strong></span> <span class='ocrx_word' id='word_1_617' title='bbox 2569 3672 2727 3728; x_wconf 84' lang='lat' dir='ltr'><strong>iidem</strong></span> <span class='ocrx_word' id='word_1_618' title='bbox 2751 3686 2853 3728; x_wconf 87' lang='lat' dir='ltr'><strong>nec</strong></span> <span class='ocrx_word' id='word_1_619' title='bbox 2872 3685 3022 3742; x_wconf 86' lang='lat' dir='ltr'><strong>spem</strong></span> <span class='ocrx_word' id='word_1_620' title='bbox 3046 3671 3164 3726; x_wconf 84' lang='lat' dir='ltr'><strong>sine</strong></span> <span class='ocrx_word' id='word_1_621' title='bbox 3183 3670 3447 3725; x_wconf 74' lang='lat' dir='ltr'><strong>citaritate</strong></span> 
     </span>
    </p>
   </div>
   <div class='ocr_carea' id='block_1_81' title="bbox 1847 3762 3445 3840">
    <p class='ocr_par' dir='ltr' id='par_1_81' title="bbox 1847 3762 3445 3840">
     <span class='ocr_line' id='line_1_81' title="bbox 1847 3762 3445 3840; baseline -0.004 -19"><span class='ocrx_word' id='word_1_622' title='bbox 1847 3767 2137 3840; x_wconf 85' lang='lat' dir='ltr'><strong>quidquam</strong></span> <span class='ocrx_word' id='word_1_623' title='bbox 2191 3780 2351 3837; x_wconf 84' lang='lat' dir='ltr'><strong>posse</strong></span> <span class='ocrx_word' id='word_1_624' title='bbox 2380 3765 2613 3822; x_wconf 75' lang='lat' dir='ltr'><strong>afﬁrmet</strong></span> <span class='ocrx_word' id='word_1_625' title='bbox 2640 3765 2816 3839; x_wconf 86' lang='lat' dir='ltr'><strong>(quod</strong></span> <span class='ocrx_word' id='word_1_626' title='bbox 2849 3776 2997 3819; x_wconf 86' lang='lat' dir='ltr'><strong>recte</strong></span> <span class='ocrx_word' id='word_1_627' title='bbox 3026 3763 3129 3819; x_wconf 88' lang='lat' dir='ltr'><strong>dici</strong></span> <span class='ocrx_word' id='word_1_628' title='bbox 3159 3762 3445 3834; x_wconf 86' lang='lat' dir='ltr'><strong>potuisset,</strong></span> 
     </span>
    </p>
   </div>
   <div class='ocr_carea' id='block_1_82' title="bbox 1846 3856 3445 3933">
    <p class='ocr_par' dir='ltr' id='par_1_82' title="bbox 1846 3856 3445 3933">
     <span class='ocr_line' id='line_1_82' title="bbox 1846 3856 3445 3933; baseline -0.005 -17"><span class='ocrx_word' id='word_1_629' title='bbox 1846 3870 2116 3933; x_wconf 86' lang='lat' dir='ltr'><strong>quatenus</strong></span> <span class='ocrx_word' id='word_1_630' title='bbox 2146 3859 2254 3917; x_wconf 58' lang='lat' dir='ltr'><strong>illa!</strong></span> <span class='ocrx_word' id='word_1_631' title='bbox 2276 3861 2324 3917; x_wconf 87' lang='lat' dir='ltr'><strong>si</strong></span> <span class='ocrx_word' id='word_1_632' title='bbox 2367 3858 2634 3916; x_wconf 82' lang='lat' dir='ltr'><strong>charitate</strong></span> <span class='ocrx_word' id='word_1_633' title='bbox 2663 3874 2770 3915; x_wconf 87' lang='lat' dir='ltr'><strong>non</strong></span> <span class='ocrx_word' id='word_1_634' title='bbox 2816 3866 3102 3922; x_wconf 87' lang='lat' dir='ltr'><strong>ornentur,</strong></span> <span class='ocrx_word' id='word_1_635' title='bbox 3125 3856 3190 3911; x_wconf 89' lang='lat' dir='ltr'><strong>ad</strong></span> <span class='ocrx_word' id='word_1_636' title='bbox 3218 3856 3445 3911; x_wconf 85' lang='lat' dir='ltr'><strong>salutem</strong></span> 
     </span>
    </p>
   </div>
   <div class='ocr_carea' id='block_1_83' title="bbox 1848 3952 3443 4021">
    <p class='ocr_par' dir='ltr' id='par_1_83' title="bbox 1848 3952 3443 4021">
     <span class='ocr_line' id='line_1_83' title="bbox 1848 3952 3443 4021; baseline -0.007 -12"><span class='ocrx_word' id='word_1_637' title='bbox 1848 3952 1986 4009; x_wconf 81' lang='lat' dir='ltr'><strong>nihil</strong></span> <span class='ocrx_word' id='word_1_638' title='bbox 2015 3953 2352 4021; x_wconf 76' lang='lat' dir='ltr'><strong>conferunt),</strong></span> <span class='ocrx_word' id='word_1_639' title='bbox 2368 3953 2462 4010; x_wconf 88' lang='lat' dir='ltr'><strong>sed</strong></span> <span class='ocrx_word' id='word_1_640' title='bbox 2476 3954 2641 4009; x_wconf 85' lang='lat' dir='ltr'><strong>etiam</strong></span> <span class='ocrx_word' id='word_1_641' title='bbox 2662 3963 2807 4008; x_wconf 86' lang='lat' dir='ltr'><strong>stare</strong></span> <span class='ocrx_word' id='word_1_642' title='bbox 2828 3960 3085 4020; x_wconf 83' lang='lat' dir='ltr'><strong>utrasque</strong></span> <span class='ocrx_word' id='word_1_643' title='bbox 3107 3964 3443 4021; x_wconf 80' lang='lat' dir='ltr'><strong>nequaquam</strong></span> 
     </span>
    </p>
   </div>
   <div class='ocr_carea' id='block_1_84' title="bbox 1848 4041 3451 4118">
    <p class='ocr_par' dir='ltr' id='par_1_84' title="bbox 1848 4041 3451 4118">
     <span class='ocr_line' id='line_1_84' title="bbox 1848 4041 3451 4118; baseline -0.004 -17"><span class='ocrx_word' id='word_1_644' title='bbox 1848 4061 2011 4118; x_wconf 85' lang='lat' dir='ltr'><strong>posse</strong></span> <span class='ocrx_word' id='word_1_645' title='bbox 2037 4047 2155 4102; x_wconf 89' lang='lat' dir='ltr'><strong>sine</strong></span> <span class='ocrx_word' id='word_1_646' title='bbox 2179 4046 2266 4101; x_wconf 87' lang='lat' dir='ltr'><strong>illa</strong></span> <span class='ocrx_word' id='word_1_647' title='bbox 2296 4046 2379 4102; x_wconf 85' lang='lat' dir='ltr'><strong>bis</strong></span> <span class='ocrx_word' id='word_1_648' title='bbox 2410 4046 2743 4116; x_wconf 82' lang='lat' dir='ltr'><strong>Pronuntiet,</strong></span> <span class='ocrx_word' id='word_1_649' title='bbox 2769 4044 2837 4100; x_wconf 85' lang='lat' dir='ltr'><strong>de</strong></span> <span class='ocrx_word' id='word_1_650' title='bbox 2862 4044 2966 4099; x_wconf 87' lang='lat' dir='ltr'><strong>ilde</strong></span> <span class='ocrx_word' id='word_1_651' title='bbox 2993 4052 3048 4099; x_wconf 90' lang='lat' dir='ltr'><strong>et</strong></span> <span class='ocrx_word' id='word_1_652' title='bbox 3075 4057 3173 4112; x_wconf 82' lang='lat' dir='ltr'><strong>spe</strong></span> <span class='ocrx_word' id='word_1_653' title='bbox 3201 4041 3451 4111; x_wconf 81' lang='lat' dir='ltr'><strong>inquiens</strong></span> 
     </span>
    </p>
   </div>
   <div class='ocr_carea' id='block_1_85' title="bbox 1849 4139 3453 4213">
    <p class='ocr_par' dir='ltr' id='par_1_85' title="bbox 1849 4139 3453 4213">
     <span class='ocr_line' id='line_1_85' title="bbox 1849 4139 3453 4213; baseline -0.006 -16"><span class='ocrx_word' id='word_1_654' title='bbox 1849 4156 2001 4197; x_wconf 87' lang='lat' dir='ltr'><strong>num.</strong></span> <span class='ocrx_word' id='word_1_655' title='bbox 2035 4141 2062 4197; x_wconf 88' lang='grc'><strong>1</strong></span> <span class='ocrx_word' id='word_1_656' title='bbox 2095 4159 2107 4196; x_wconf 91' lang='lat'><strong>:</strong></span> <span class='ocrx_word' id='word_1_657' title='bbox 2144 4140 2343 4208; x_wconf 80' lang='lat' dir='ltr'><strong>Quibus</strong></span> <span class='ocrx_word' id='word_1_658' title='bbox 2372 4141 2416 4196; x_wconf 87' lang='lat' dir='ltr'><strong>si</strong></span> <span class='ocrx_word' id='word_1_659' title='bbox 2436 4140 2653 4213; x_wconf 84' lang='lat' dir='ltr'><strong>deneges</strong></span> <span class='ocrx_word' id='word_1_660' title='bbox 2679 4139 3001 4205; x_wconf 78' lang='lat' dir='ltr'><strong>ebarimtem,</strong></span> <span class='ocrx_word' id='word_1_661' title='bbox 3031 4147 3257 4207; x_wconf 66' lang='lat' dir='ltr'><strong>utra&#39;que</strong></span> <span class='ocrx_word' id='word_1_662' title='bbox 3286 4151 3453 4189; x_wconf 82' lang='lat' dir='ltr'><strong>cessa-</strong></span> 
     </span>
    </p>
   </div>
   <div class='ocr_carea' id='block_1_86' title="bbox 1851 4230 3450 4305">
    <p class='ocr_par' dir='ltr' id='par_1_86' title="bbox 1851 4230 3450 4305">
     <span class='ocr_line' id='line_1_86' title="bbox 1851 4230 3450 4305; baseline -0.006 -15"><span class='ocrx_word' id='word_1_663' title='bbox 1851 4235 2015 4301; x_wconf 81' lang='lat' dir='ltr'><strong>bunt;</strong></span> <span class='ocrx_word' id='word_1_664' title='bbox 2043 4243 2095 4292; x_wconf 88' lang='lat' dir='ltr'><strong>et</strong></span> <span class='ocrx_word' id='word_1_665' title='bbox 2116 4246 2263 4290; x_wconf 88' lang='lat' dir='ltr'><strong>num.</strong></span> <span class='ocrx_word' id='word_1_666' title='bbox 2294 4234 2331 4291; x_wconf 75' lang='grc' dir='ltr'>ὅ</span> <span class='ocrx_word' id='word_1_667' title='bbox 2363 4250 2377 4288; x_wconf 91' lang='lat'><strong>:</strong></span> <span class='ocrx_word' id='word_1_668' title='bbox 2411 4232 2653 4305; x_wconf 67' lang='lat' dir='ltr'><strong>Utraque</strong></span> <span class='ocrx_word' id='word_1_669' title='bbox 2674 4250 2776 4288; x_wconf 82' lang='lat' dir='ltr'><strong>non</strong></span> <span class='ocrx_word' id='word_1_670' title='bbox 2813 4232 3039 4287; x_wconf 67' lang='lat' dir='ltr'><strong>stabunt.</strong></span> <span class='ocrx_word' id='word_1_671' title='bbox 3077 4230 3325 4285; x_wconf 75' lang='lat' dir='ltr'><strong>Eilitmes</strong></span> <span class='ocrx_word' id='word_1_672' title='bbox 3353 4244 3450 4281; x_wconf 85' lang='lat' dir='ltr'><strong>att-</strong></span> 
     </span>
    </p>
   </div>
   <div class='ocr_carea' id='block_1_87' title="bbox 1850 4322 3453 4395">
    <p class='ocr_par' dir='ltr' id='par_1_87' title="bbox 1850 4322 3453 4395">
     <span class='ocr_line' id='line_1_87' title="bbox 1850 4322 3453 4395; baseline -0.006 -11"><span class='ocrx_word' id='word_1_673' title='bbox 1850 4339 1956 4385; x_wconf 89' lang='lat' dir='ltr'><strong>tem</strong></span> <span class='ocrx_word' id='word_1_674' title='bbox 2007 4327 2351 4385; x_wconf 78' lang='lat' dir='ltr'><strong>Veroueuses</strong></span> <span class='ocrx_word' id='word_1_675' title='bbox 2400 4326 2643 4383; x_wconf 85' lang='lat' dir='ltr'><strong>liberiori</strong></span> <span class='ocrx_word' id='word_1_676' title='bbox 2672 4340 2832 4381; x_wconf 84' lang='lat' dir='ltr'><strong>manu</strong></span> <span class='ocrx_word' id='word_1_677' title='bbox 2856 4338 2952 4395; x_wconf 89' lang='lat' dir='ltr'><strong>pro</strong></span> <span class='ocrx_word' id='word_1_678' title='bbox 2982 4324 3246 4378; x_wconf 78' lang='lat' dir='ltr'><strong>cessabunt</strong></span> <span class='ocrx_word' id='word_1_679' title='bbox 3277 4322 3453 4393; x_wconf 90' lang='lat' dir='ltr'><strong>primo</strong></span> 
     </span>
    </p>
   </div>
   <div class='ocr_carea' id='block_1_88' title="bbox 1849 4414 3447 4490">
    <p class='ocr_par' dir='ltr' id='par_1_88' title="bbox 1849 4414 3447 4490">
     <span class='ocr_line' id='line_1_88' title="bbox 1849 4414 3447 4490; baseline -0.004 -13"><span class='ocrx_word' id='word_1_680' title='bbox 1849 4420 1970 4477; x_wconf 90' lang='lat' dir='ltr'><strong>loco</strong></span> <span class='ocrx_word' id='word_1_681' title='bbox 1995 4420 2399 4490; x_wconf 82' lang='lat' dir='ltr'><strong>supposuerunt</strong></span> <span class='ocrx_word' id='word_1_682' title='bbox 2428 4418 2632 4473; x_wconf 78' lang='lat' dir='ltr'><strong>inutiles</strong></span> <span class='ocrx_word' id='word_1_683' title='bbox 2659 4428 2828 4484; x_wconf 83' lang='lat' dir='ltr'><strong>erant,</strong></span> <span class='ocrx_word' id='word_1_684' title='bbox 2863 4426 2917 4472; x_wconf 89' lang='lat' dir='ltr'><strong>et</strong></span> <span class='ocrx_word' id='word_1_685' title='bbox 2949 4430 3046 4486; x_wconf 87' lang='lat' dir='ltr'><strong>pro</strong></span> <span class='ocrx_word' id='word_1_686' title='bbox 3094 4431 3195 4470; x_wconf 85' lang='lat' dir='ltr'><strong>non</strong></span> <span class='ocrx_word' id='word_1_687' title='bbox 3241 4414 3447 4470; x_wconf 79' lang='lat' dir='ltr'><strong>stabunt</strong></span> 
     </span>
    </p>
   </div>
   <div class='ocr_carea' id='block_1_89' title="bbox 1848 4507 3449 4584">
    <p class='ocr_par' dir='ltr' id='par_1_89' title="bbox 1848 4507 3449 4584">
     <span class='ocr_line' id='line_1_89' title="bbox 1848 4507 3449 4584; baseline -0.004 -15"><span class='ocrx_word' id='word_1_688' title='bbox 1848 4514 2091 4570; x_wconf 88' lang='lat' dir='ltr'><strong>secundo</strong></span> <span class='ocrx_word' id='word_1_689' title='bbox 2117 4514 2238 4569; x_wconf 90' lang='lat' dir='ltr'><strong>loco</strong></span> <span class='ocrx_word' id='word_1_690' title='bbox 2264 4513 2535 4584; x_wconf 78' lang='lat' dir='ltr'><strong>scripsere</strong></span> <span class='ocrx_word' id='word_1_691' title='bbox 2560 4526 2665 4567; x_wconf 83' lang='lat' dir='ltr'><strong>non</strong></span> <span class='ocrx_word' id='word_1_692' title='bbox 2705 4512 3008 4582; x_wconf 84' lang='lat' dir='ltr'><strong>proderunt.</strong></span> <span class='ocrx_word' id='word_1_693' title='bbox 3039 4509 3146 4565; x_wconf 83' lang='lat' dir='ltr'><strong>Sed</strong></span> <span class='ocrx_word' id='word_1_694' title='bbox 3192 4507 3309 4564; x_wconf 76' lang='lat' dir='ltr'><strong>lucc</strong></span> <span class='ocrx_word' id='word_1_695' title='bbox 3340 4518 3449 4563; x_wconf 87' lang='lat' dir='ltr'><strong>tam</strong></span> 
     </span>
    </p>
   </div>
   <div class='ocr_carea' id='block_1_90' title="bbox 161 4602 3451 4685">
    <p class='ocr_par' dir='ltr' id='par_1_90' title="bbox 161 4602 3451 4685">
     <span class='ocr_line' id='line_1_90' title="bbox 161 4602 3451 4685; baseline -0.001 -26"><span class='ocrx_word' id='word_1_696' title='bbox 161 4612 299 4657; x_wconf 78' lang='lat' dir='ltr'><strong>num.</strong></span> <span class='ocrx_word' id='word_1_697' title='bbox 321 4602 374 4667; x_wconf 87' lang='grc'><strong>1,</strong></span> <span class='ocrx_word' id='word_1_698' title='bbox 405 4602 545 4659; x_wconf 84' lang='lat' dir='ltr'><strong>duos</strong></span> <span class='ocrx_word' id='word_1_699' title='bbox 574 4605 799 4662; x_wconf 88' lang='lat' dir='ltr'><strong>timores</strong></span> <span class='ocrx_word' id='word_1_700' title='bbox 824 4606 1183 4680; x_wconf 88' lang='lat' dir='ltr'><strong>distinguens,</strong></span> <span class='ocrx_word' id='word_1_701' title='bbox 1233 4610 1484 4683; x_wconf 90' lang='lat' dir='ltr'><strong>alterum,</strong></span> <span class='ocrx_word' id='word_1_702' title='bbox 1514 4612 1604 4685; x_wconf 90' lang='lat' dir='ltr'><strong>qui</strong></span> <span class='ocrx_word' id='word_1_703' title='bbox 1650 4628 1748 4669; x_wconf 86' lang='lat' dir='ltr'><strong>tta—</strong></span> <span class='ocrx_word' id='word_1_704' title='bbox 1773 4616 1824 4678; x_wconf 86' lang='lat' dir='ltr'><strong>D</strong></span> <span class='ocrx_word' id='word_1_705' title='bbox 1851 4606 2019 4663; x_wconf 84' lang='lat' dir='ltr'><strong>libera</strong></span> <span class='ocrx_word' id='word_1_706' title='bbox 2046 4604 2333 4663; x_wconf 87' lang='lat' dir='ltr'><strong>Editorum</strong></span> <span class='ocrx_word' id='word_1_707' title='bbox 2360 4606 2648 4669; x_wconf 90' lang='lat' dir='ltr'><strong>correctio,</strong></span> <span class='ocrx_word' id='word_1_708' title='bbox 2685 4604 2769 4661; x_wconf 89' lang='lat' dir='ltr'><strong>vel</strong></span> <span class='ocrx_word' id='word_1_709' title='bbox 2794 4604 2996 4660; x_wconf 85' lang='lat' dir='ltr'><strong>additio</strong></span> <span class='ocrx_word' id='word_1_710' title='bbox 3024 4602 3298 4659; x_wconf 83' lang='lat' dir='ltr'><strong>Zenonem</strong></span> <span class='ocrx_word' id='word_1_711' title='bbox 3341 4618 3451 4658; x_wconf 87' lang='lat' dir='ltr'><strong>non</strong></span> 
     </span>
    </p>
   </div>
   <div class='ocr_carea' id='block_1_91' title="bbox 164 4693 1742 4778">
    <p class='ocr_par' dir='ltr' id='par_1_91' title="bbox 164 4693 1742 4778">
     <span class='ocr_line' id='line_1_91' title="bbox 164 4693 1742 4778; baseline 0.011 -32"><span class='ocrx_word' id='word_1_712' title='bbox 164 4693 304 4751; x_wconf 83' lang='lat' dir='ltr'><strong>turali</strong></span> <span class='ocrx_word' id='word_1_713' title='bbox 342 4697 390 4750; x_wconf 82' lang='lat' dir='ltr'><strong>vi</strong></span> <span class='ocrx_word' id='word_1_714' title='bbox 423 4699 736 4754; x_wconf 88' lang='lat' dir='ltr'><strong>necessario</strong></span> <span class='ocrx_word' id='word_1_715' title='bbox 773 4700 1040 4757; x_wconf 78' lang='lat' dir='ltr'><strong>excitatur</strong></span> <span class='ocrx_word' id='word_1_716' title='bbox 1065 4701 1136 4757; x_wconf 87' lang='lat' dir='ltr'><strong>ob</strong></span> <span class='ocrx_word' id='word_1_717' title='bbox 1164 4719 1247 4771; x_wconf 88' lang='lat' dir='ltr'><strong>ea,</strong></span> <span class='ocrx_word' id='word_1_718' title='bbox 1282 4720 1401 4774; x_wconf 69' lang='lat' dir='ltr'><strong>qua:</strong></span> <span class='ocrx_word' id='word_1_719' title='bbox 1430 4706 1742 4778; x_wconf 78' lang='lat' dir='ltr'><strong>impendent</strong></span> 
     </span>
    </p>
   </div>
   <div class='ocr_carea' id='block_1_92' title="bbox 165 4787 1740 4869">
    <p class='ocr_par' dir='ltr' id='par_1_92' title="bbox 165 4787 1740 4869">
     <span class='ocr_line' id='line_1_92' title="bbox 165 4787 1740 4869; baseline 0.009 -26"><span class='ocrx_word' id='word_1_720' title='bbox 165 4787 405 4856; x_wconf 83' lang='lat' dir='ltr'><strong>pericula,</strong></span> <span class='ocrx_word' id='word_1_721' title='bbox 434 4797 689 4859; x_wconf 81' lang='lat' dir='ltr'><strong>mortem,</strong></span> <span class='ocrx_word' id='word_1_722' title='bbox 731 4802 864 4860; x_wconf 88' lang='lat' dir='ltr'><strong>etc.,</strong></span> <span class='ocrx_word' id='word_1_723' title='bbox 894 4794 1148 4862; x_wconf 87' lang='lat' dir='ltr'><strong>alterum,</strong></span> <span class='ocrx_word' id='word_1_724' title='bbox 1179 4798 1269 4867; x_wconf 88' lang='lat' dir='ltr'><strong>qui</strong></span> <span class='ocrx_word' id='word_1_725' title='bbox 1301 4797 1395 4854; x_wconf 91' lang='lat' dir='ltr'><strong>Dei</strong></span> <span class='ocrx_word' id='word_1_726' title='bbox 1429 4799 1591 4855; x_wconf 90' lang='lat' dir='ltr'><strong>timor</strong></span> <span class='ocrx_word' id='word_1_727' title='bbox 1633 4811 1740 4869; x_wconf 86' lang='lat' dir='ltr'><strong>est,</strong></span> 
     </span>
    </p>
   </div>
   <div class='ocr_carea' id='block_1_93' title="bbox 166 4883 1740 4956">
    <p class='ocr_par' dir='ltr' id='par_1_93' title="bbox 166 4883 1740 4956">
     <span class='ocr_line' id='line_1_93' title="bbox 166 4883 1740 4956; baseline 0.011 -24"><span class='ocrx_word' id='word_1_728' title='bbox 166 4888 213 4932; x_wconf 87' lang='lat' dir='ltr'><strong>et</strong></span> <span class='ocrx_word' id='word_1_729' title='bbox 236 4894 336 4937; x_wconf 80' lang='lat' dir='ltr'><strong>non</strong></span> <span class='ocrx_word' id='word_1_730' title='bbox 376 4883 430 4937; x_wconf 83' lang='lat' dir='ltr'><strong>in</strong></span> <span class='ocrx_word' id='word_1_731' title='bbox 473 4883 819 4956; x_wconf 84' lang='lat' dir='ltr'><strong>trepidatione</strong></span> <span class='ocrx_word' id='word_1_732' title='bbox 867 4886 1121 4955; x_wconf 79' lang='lat' dir='ltr'><strong>naturali,</strong></span> <span class='ocrx_word' id='word_1_733' title='bbox 1167 4888 1263 4944; x_wconf 89' lang='lat' dir='ltr'><strong>sed</strong></span> <span class='ocrx_word' id='word_1_734' title='bbox 1293 4892 1347 4945; x_wconf 87' lang='lat' dir='ltr'><strong>in</strong></span> <span class='ocrx_word' id='word_1_735' title='bbox 1377 4890 1629 4948; x_wconf 72' lang='lat' dir='ltr'><strong>doctrina:</strong></span> <span class='ocrx_word' id='word_1_736' title='bbox 1650 4910 1740 4948; x_wconf 88' lang='lat' dir='ltr'><strong>ra-</strong></span> 
     </span>
    </p>
   </div>
   <div class='ocr_carea' id='block_1_94' title="bbox 167 4972 1739 5055">
    <p class='ocr_par' dir='ltr' id='par_1_94' title="bbox 167 4972 1739 5055">
     <span class='ocr_line' id='line_1_94' title="bbox 167 4972 1739 5055; baseline 0.011 -32"><span class='ocrx_word' id='word_1_737' title='bbox 167 4972 289 5029; x_wconf 78' lang='lat' dir='ltr'><strong>tione</strong></span> <span class='ocrx_word' id='word_1_738' title='bbox 332 4975 498 5033; x_wconf 87' lang='lat' dir='ltr'><strong>libere</strong></span> <span class='ocrx_word' id='word_1_739' title='bbox 535 4992 567 5034; x_wconf 87' lang='lat' dir='ltr'><strong>a</strong></span> <span class='ocrx_word' id='word_1_740' title='bbox 614 4976 772 5034; x_wconf 90' lang='lat' dir='ltr'><strong>nobis</strong></span> <span class='ocrx_word' id='word_1_741' title='bbox 809 4980 1132 5052; x_wconf 87' lang='lat' dir='ltr'><strong>concipitur,</strong></span> <span class='ocrx_word' id='word_1_742' title='bbox 1163 4982 1313 5037; x_wconf 87' lang='lat' dir='ltr'><strong>illum</strong></span> <span class='ocrx_word' id='word_1_743' title='bbox 1355 4988 1739 5055; x_wconf 85' lang='lat' dir='ltr'><strong>necessarium,</strong></span> 
     </span>
    </p>
   </div>
   <div class='ocr_carea' id='block_1_95' title="bbox 167 5062 1739 5146">
    <p class='ocr_par' dir='ltr' id='par_1_95' title="bbox 167 5062 1739 5146">
     <span class='ocr_line' id='line_1_95' title="bbox 167 5062 1739 5146; baseline 0.01 -27"><span class='ocrx_word' id='word_1_744' title='bbox 167 5062 297 5122; x_wconf 82' lang='lat' dir='ltr'><strong>hunc</strong></span> <span class='ocrx_word' id='word_1_745' title='bbox 322 5083 447 5125; x_wconf 84' lang='lat' dir='ltr'><strong>vero</strong></span> <span class='ocrx_word' id='word_1_746' title='bbox 478 5069 708 5126; x_wconf 81' lang='lat' dir='ltr'><strong>liberum</strong></span> <span class='ocrx_word' id='word_1_747' title='bbox 736 5072 1157 5142; x_wconf 79' lang='lat' dir='ltr'><strong>signiﬁcaturus,</strong></span> <span class='ocrx_word' id='word_1_748' title='bbox 1201 5073 1285 5129; x_wconf 87' lang='lat' dir='ltr'><strong>his</strong></span> <span class='ocrx_word' id='word_1_749' title='bbox 1312 5075 1491 5132; x_wconf 84' lang='lat' dir='ltr'><strong>verbis</strong></span> <span class='ocrx_word' id='word_1_750' title='bbox 1538 5078 1739 5146; x_wconf 89' lang='lat' dir='ltr'><strong>utitur;</strong></span> 
     </span>
    </p>
   </div>
   <div class='ocr_carea' id='block_1_96' title="bbox 166 5157 1744 5235">
    <p class='ocr_par' dir='ltr' id='par_1_96' title="bbox 166 5157 1744 5235">
     <span class='ocr_line' id='line_1_96' title="bbox 166 5157 1744 5235; baseline 0.009 -23"><span class='ocrx_word' id='word_1_751' title='bbox 166 5157 228 5214; x_wconf 91' lang='lat' dir='ltr'><strong>de</strong></span> <span class='ocrx_word' id='word_1_752' title='bbox 252 5162 416 5227; x_wconf 85' lang='lat' dir='ltr'><strong>primo</strong></span> <span class='ocrx_word' id='word_1_753' title='bbox 438 5162 657 5235; x_wconf 85' lang='lat' dir='ltr'><strong>quidem</strong></span> <span class='ocrx_word' id='word_1_754' title='bbox 689 5179 836 5219; x_wconf 89' lang='lat' dir='ltr'><strong>num.</strong></span> <span class='ocrx_word' id='word_1_755' title='bbox 863 5166 931 5220; x_wconf 70' lang='lat'><strong>2:</strong></span> <span class='ocrx_word' id='word_1_756' title='bbox 960 5163 1085 5221; x_wconf 84' lang='lat' dir='ltr'><strong>Non</strong></span> <span class='ocrx_word' id='word_1_757' title='bbox 1125 5165 1426 5233; x_wconf 81' lang='lat' dir='ltr'><strong>deuotionis,</strong></span> <span class='ocrx_word' id='word_1_758' title='bbox 1457 5168 1547 5223; x_wconf 88' lang='lat' dir='ltr'><strong>sed</strong></span> <span class='ocrx_word' id='word_1_759' title='bbox 1570 5186 1744 5226; x_wconf 82' lang='lat' dir='ltr'><strong>neces-</strong></span> 
     </span>
    </p>
   </div>
   <div class='ocr_carea' id='block_1_97' title="bbox 166 5250 1744 5326">
    <p class='ocr_par' dir='ltr' id='par_1_97' title="bbox 166 5250 1744 5326">
     <span class='ocr_line' id='line_1_97' title="bbox 166 5250 1744 5326; baseline 0.01 -23"><span class='ocrx_word' id='word_1_760' title='bbox 166 5250 315 5310; x_wconf 78' lang='lat' dir='ltr'><strong>sitatis</strong></span> <span class='ocrx_word' id='word_1_761' title='bbox 338 5265 410 5309; x_wconf 89' lang='lat' dir='ltr'><strong>est</strong></span> <span class='ocrx_word' id='word_1_762' title='bbox 436 5255 574 5326; x_wconf 75' lang='lat' dir='ltr'><strong>quod</strong></span> <span class='ocrx_word' id='word_1_763' title='bbox 604 5257 845 5324; x_wconf 78' lang='lat' dir='ltr'><strong>timetur;</strong></span> <span class='ocrx_word' id='word_1_764' title='bbox 874 5257 942 5313; x_wconf 86' lang='lat' dir='ltr'><strong>de</strong></span> <span class='ocrx_word' id='word_1_765' title='bbox 970 5254 1211 5315; x_wconf 85' lang='lat' dir='ltr'><strong>secundo</strong></span> <span class='ocrx_word' id='word_1_766' title='bbox 1238 5268 1417 5317; x_wconf 84' lang='lat' dir='ltr'><strong>autem</strong></span> <span class='ocrx_word' id='word_1_767' title='bbox 1464 5272 1611 5317; x_wconf 86' lang='lat' dir='ltr'><strong>num.</strong></span> <span class='ocrx_word' id='word_1_768' title='bbox 1661 5264 1744 5318; x_wconf 84' lang='lat' dir='ltr'><strong>ul-</strong></span> 
     </span>
    </p>
   </div>
   <div class='ocr_carea' id='block_1_98' title="bbox 171 5343 1744 5422">
    <p class='ocr_par' dir='ltr' id='par_1_98' title="bbox 171 5343 1744 5422">
     <span class='ocr_line' id='line_1_98' title="bbox 171 5343 1744 5422; baseline 0.01 -24"><span class='ocrx_word' id='word_1_769' title='bbox 171 5343 324 5403; x_wconf 90' lang='lat' dir='ltr'><strong>timo:</strong></span> <span class='ocrx_word' id='word_1_770' title='bbox 354 5348 455 5415; x_wconf 71' lang='lat' dir='ltr'><strong>Qui</strong></span> <span class='ocrx_word' id='word_1_771' title='bbox 479 5350 622 5405; x_wconf 74' lang='lat' dir='ltr'><strong>timet</strong></span> <span class='ocrx_word' id='word_1_772' title='bbox 648 5360 778 5420; x_wconf 85' lang='lat' dir='ltr'><strong>arte,</strong></span> <span class='ocrx_word' id='word_1_773' title='bbox 808 5367 931 5407; x_wconf 84' lang='lat' dir='ltr'><strong>non.</strong></span> <span class='ocrx_word' id='word_1_774' title='bbox 951 5366 1099 5421; x_wconf 80' lang='lat' dir='ltr'><strong>casti,</strong></span> <span class='ocrx_word' id='word_1_775' title='bbox 1129 5353 1407 5422; x_wconf 77' lang='lat' dir='ltr'><strong>uoluntate,</strong></span> <span class='ocrx_word' id='word_1_776' title='bbox 1438 5372 1541 5412; x_wconf 89' lang='lat' dir='ltr'><strong>non</strong></span> <span class='ocrx_word' id='word_1_777' title='bbox 1570 5374 1744 5413; x_wconf 81' lang='lat' dir='ltr'><strong>neces-</strong></span> 
     </span>
    </p>
   </div>
   <div class='ocr_carea' id='block_1_99' title="bbox 168 5440 1742 5523">
    <p class='ocr_par' dir='ltr' id='par_1_99' title="bbox 168 5440 1742 5523">
     <span class='ocr_line' id='line_1_99' title="bbox 168 5440 1742 5523; baseline 0.011 -31"><span class='ocrx_word' id='word_1_778' title='bbox 168 5440 331 5508; x_wconf 78' lang='lat' dir='ltr'><strong>sitate;</strong></span> <span class='ocrx_word' id='word_1_779' title='bbox 374 5443 461 5499; x_wconf 90' lang='lat' dir='ltr'><strong>ubi</strong></span> <span class='ocrx_word' id='word_1_780' title='bbox 503 5445 790 5516; x_wconf 85' lang='lat' dir='ltr'><strong>perspicue</strong></span> <span class='ocrx_word' id='word_1_781' title='bbox 815 5446 1050 5503; x_wconf 76' lang='lat' dir='ltr'><strong>uolantes</strong></span> <span class='ocrx_word' id='word_1_782' title='bbox 1081 5462 1179 5520; x_wconf 91' lang='lat' dir='ltr'><strong>pro</strong></span> <span class='ocrx_word' id='word_1_783' title='bbox 1225 5465 1285 5503; x_wconf 89' lang='lat' dir='ltr'><strong>ea</strong></span> <span class='ocrx_word' id='word_1_784' title='bbox 1324 5450 1573 5521; x_wconf 85' lang='lat' dir='ltr'><strong>libertate,</strong></span> <span class='ocrx_word' id='word_1_785' title='bbox 1619 5468 1742 5523; x_wconf 68' lang='lat' dir='ltr'><strong>quae</strong></span> 
     </span>
    </p>
   </div>
   <div class='ocr_carea' id='block_1_100' title="bbox 169 5537 1741 5614">
    <p class='ocr_par' dir='ltr' id='par_1_100' title="bbox 169 5537 1741 5614">
     <span class='ocr_line' id='line_1_100' title="bbox 169 5537 1741 5614; baseline 0.01 -30"><span class='ocrx_word' id='word_1_786' title='bbox 169 5537 438 5592; x_wconf 79' lang='lat' dir='ltr'><strong>necessitati</strong></span> <span class='ocrx_word' id='word_1_787' title='bbox 493 5538 769 5595; x_wconf 84' lang='lat' dir='ltr'><strong>contraria</strong></span> <span class='ocrx_word' id='word_1_788' title='bbox 830 5550 941 5609; x_wconf 89' lang='lat' dir='ltr'><strong>est,</strong></span> <span class='ocrx_word' id='word_1_789' title='bbox 984 5541 1267 5614; x_wconf 85' lang='lat' dir='ltr'><strong>accipitur.</strong></span> <span class='ocrx_word' id='word_1_790' title='bbox 1316 5543 1385 5599; x_wconf 77' lang='lat' dir='ltr'><strong>Et</strong></span> <span class='ocrx_word' id='word_1_791' title='bbox 1427 5545 1741 5601; x_wconf 75' lang='lat' dir='ltr'><strong>uoluntatem</strong></span> 
     </span>
    </p>
   </div>
   <div class='ocr_carea' id='block_1_101' title="bbox 169 5628 1740 5709">
    <p class='ocr_par' dir='ltr' id='par_1_101' title="bbox 169 5628 1740 5709">
     <span class='ocr_line' id='line_1_101' title="bbox 169 5628 1740 5709; baseline 0.01 -31"><span class='ocrx_word' id='word_1_792' title='bbox 169 5639 286 5682; x_wconf 84' lang='lat' dir='ltr'><strong>sane</strong></span> <span class='ocrx_word' id='word_1_793' title='bbox 311 5642 404 5698; x_wconf 88' lang='lat' dir='ltr'><strong>pro</strong></span> <span class='ocrx_word' id='word_1_794' title='bbox 427 5628 659 5685; x_wconf 71' lang='lat' dir='ltr'><strong>libertate</strong></span> <span class='ocrx_word' id='word_1_795' title='bbox 695 5632 896 5687; x_wconf 80' lang='lat' dir='ltr'><strong>Auctor</strong></span> <span class='ocrx_word' id='word_1_796' title='bbox 927 5632 1051 5703; x_wconf 89' lang='lat' dir='ltr'><strong>jure</strong></span> <span class='ocrx_word' id='word_1_797' title='bbox 1075 5635 1350 5707; x_wconf 83' lang='lat' dir='ltr'><strong>accepisse</strong></span> <span class='ocrx_word' id='word_1_798' title='bbox 1375 5638 1740 5709; x_wconf 82' lang='lat' dir='ltr'><strong>cognoscitur,</strong></span> 
     </span>
    </p>
   </div>
   <div class='ocr_carea' id='block_1_102' title="bbox 174 5724 1745 5799">
    <p class='ocr_par' dir='ltr' id='par_1_102' title="bbox 174 5724 1745 5799">
     <span class='ocr_line' id='line_1_102' title="bbox 174 5724 1745 5799; baseline 0.01 -26"><span class='ocrx_word' id='word_1_799' title='bbox 174 5730 416 5789; x_wconf 84' lang='lat' dir='ltr'><strong>quatenus</strong></span> <span class='ocrx_word' id='word_1_800' title='bbox 437 5738 562 5794; x_wconf 78' lang='lat' dir='ltr'><strong>qua:</strong></span> <span class='ocrx_word' id='word_1_801' title='bbox 582 5724 749 5781; x_wconf 85' lang='lat' dir='ltr'><strong>libera</strong></span> <span class='ocrx_word' id='word_1_802' title='bbox 776 5734 925 5796; x_wconf 88' lang='lat' dir='ltr'><strong>sunt,</strong></span> <span class='ocrx_word' id='word_1_803' title='bbox 953 5742 1015 5782; x_wconf 86' lang='lat' dir='ltr'><strong>ea</strong></span> <span class='ocrx_word' id='word_1_804' title='bbox 1045 5742 1110 5784; x_wconf 79' lang='lat' dir='ltr'><strong>ex</strong></span> <span class='ocrx_word' id='word_1_805' title='bbox 1142 5729 1424 5799; x_wconf 85' lang='lat' dir='ltr'><strong>ipsiusmet</strong></span> <span class='ocrx_word' id='word_1_806' title='bbox 1450 5731 1745 5789; x_wconf 87' lang='lat' dir='ltr'><strong>voluntatis</strong></span> 
     </span>
    </p>
   </div>
   <div class='ocr_carea' id='block_1_103' title="bbox 172 5820 1743 5907">
    <p class='ocr_par' dir='ltr' id='par_1_103' title="bbox 172 5820 1743 5907">
     <span class='ocr_line' id='line_1_103' title="bbox 172 5820 1743 5907; baseline 0.01 -35"><span class='ocrx_word' id='word_1_807' title='bbox 172 5822 306 5889; x_wconf 66' lang='lat' dir='ltr'><strong>metu</strong></span> <span class='ocrx_word' id='word_1_808' title='bbox 331 5826 623 5889; x_wconf 66' lang='lat' dir='ltr'><strong>nascuntur</strong></span> <span class='ocrx_word' id='word_1_809' title='bbox 647 5837 661 5877; x_wconf 89' lang='lat'><strong>:</strong></span> <span class='ocrx_word' id='word_1_810' title='bbox 689 5820 830 5885; x_wconf 83' lang='lat' dir='ltr'><strong>unde</strong></span> <span class='ocrx_word' id='word_1_811' title='bbox 851 5820 918 5889; x_wconf 79' lang='lat' dir='ltr'><strong>ad</strong></span> <span class='ocrx_word' id='word_1_812' title='bbox 946 5822 998 5881; x_wconf 92' lang='lat' dir='ltr'><strong>id</strong></span> <span class='ocrx_word' id='word_1_813' title='bbox 1025 5823 1436 5907; x_wconf 73' lang='lat' dir='ltr'><strong>signiﬁcandum</strong></span> <span class='ocrx_word' id='word_1_814' title='bbox 1464 5825 1531 5900; x_wconf 76' lang='lat' dir='ltr'><strong>de</strong></span> <span class='ocrx_word' id='word_1_815' title='bbox 1551 5825 1743 5903; x_wconf 82' lang='lat' dir='ltr'><strong>eodem</strong></span> 
     </span>
    </p>
   </div>
   <div class='ocr_carea' id='block_1_104' title="bbox 1848 4694 3451 4773">
    <p class='ocr_par' dir='ltr' id='par_1_104' title="bbox 1848 4694 3451 4773">
     <span class='ocr_line' id='line_1_104' title="bbox 1848 4694 3451 4773; baseline -0.004 -17"><span class='ocrx_word' id='word_1_816' title='bbox 1848 4700 2106 4767; x_wconf 85' lang='lat' dir='ltr'><strong>vindicat,</strong></span> <span class='ocrx_word' id='word_1_817' title='bbox 2152 4700 2249 4757; x_wconf 84' lang='lat' dir='ltr'><strong>sed</strong></span> <span class='ocrx_word' id='word_1_818' title='bbox 2279 4700 2463 4771; x_wconf 89' lang='lat' dir='ltr'><strong>potius</strong></span> <span class='ocrx_word' id='word_1_819' title='bbox 2490 4707 2732 4764; x_wconf 81' lang='lat' dir='ltr'><strong>accusat,</strong></span> <span class='ocrx_word' id='word_1_820' title='bbox 2780 4712 2842 4753; x_wconf 86' lang='lat' dir='ltr'><strong>ac</strong></span> <span class='ocrx_word' id='word_1_821' title='bbox 2881 4698 2927 4753; x_wconf 88' lang='lat' dir='ltr'><strong>si</strong></span> <span class='ocrx_word' id='word_1_822' title='bbox 2966 4696 3117 4753; x_wconf 87' lang='lat' dir='ltr'><strong>illum</strong></span> <span class='ocrx_word' id='word_1_823' title='bbox 3146 4697 3265 4752; x_wconf 82' lang='lat' dir='ltr'><strong>sine</strong></span> <span class='ocrx_word' id='word_1_824' title='bbox 3294 4694 3451 4773; x_wconf 72' lang='lat' dir='ltr'><strong>addi-</strong></span> 
     </span>
    </p>
   </div>
   <div class='ocr_carea' id='block_1_105' title="bbox 1851 4792 3456 4865">
    <p class='ocr_par' dir='ltr' id='par_1_105' title="bbox 1851 4792 3456 4865">
     <span class='ocr_line' id='line_1_105' title="bbox 1851 4792 3456 4865; baseline -0.004 -14"><span class='ocrx_word' id='word_1_825' title='bbox 1851 4795 2111 4858; x_wconf 84' lang='lat' dir='ltr'><strong>tionibus,</strong></span> <span class='ocrx_word' id='word_1_826' title='bbox 2136 4793 2222 4850; x_wconf 81' lang='lat' dir='ltr'><strong>vel</strong></span> <span class='ocrx_word' id='word_1_827' title='bbox 2257 4794 2602 4850; x_wconf 87' lang='lat' dir='ltr'><strong>correctione</strong></span> <span class='ocrx_word' id='word_1_828' title='bbox 2630 4807 2842 4865; x_wconf 68' lang='lat' dir='ltr'><strong>{equam</strong></span> <span class='ocrx_word' id='word_1_829' title='bbox 2888 4792 2941 4847; x_wconf 90' lang='lat' dir='ltr'><strong>in</strong></span> <span class='ocrx_word' id='word_1_830' title='bbox 2987 4792 3311 4847; x_wconf 88' lang='lat' dir='ltr'><strong>sententiam</strong></span> <span class='ocrx_word' id='word_1_831' title='bbox 3357 4805 3456 4845; x_wconf 78' lang='lat' dir='ltr'><strong>ex-</strong></span> 
     </span>
    </p>
   </div>
   <div class='ocr_carea' id='block_1_106' title="bbox 1852 4885 3450 4968">
    <p class='ocr_par' dir='ltr' id='par_1_106' title="bbox 1852 4885 3450 4968">
     <span class='ocr_line' id='line_1_106' title="bbox 1852 4885 3450 4968; baseline -0.001 -26"><span class='ocrx_word' id='word_1_832' title='bbox 1852 4890 2052 4961; x_wconf 87' lang='lat' dir='ltr'><strong>plicare</strong></span> <span class='ocrx_word' id='word_1_833' title='bbox 2084 4904 2190 4943; x_wconf 91' lang='lat' dir='ltr'><strong>non</strong></span> <span class='ocrx_word' id='word_1_834' title='bbox 2239 4888 2431 4961; x_wconf 77' lang='lat' dir='ltr'><strong>liceat;</strong></span> <span class='ocrx_word' id='word_1_835' title='bbox 2479 4887 2640 4960; x_wconf 90' lang='lat' dir='ltr'><strong>idque</strong></span> <span class='ocrx_word' id='word_1_836' title='bbox 2670 4887 2962 4968; x_wconf 79' lang='lat' dir='ltr'><strong>lnereticia,</strong></span> <span class='ocrx_word' id='word_1_837' title='bbox 3009 4886 3207 4957; x_wconf 89' lang='lat' dir='ltr'><strong>quibus</strong></span> <span class='ocrx_word' id='word_1_838' title='bbox 3232 4885 3450 4942; x_wconf 85' lang='lat' dir='ltr'><strong>errandi</strong></span> 
     </span>
    </p>
   </div>
   <div class='ocr_carea' id='block_1_107' title="bbox 1850 4978 3453 5059">
    <p class='ocr_par' dir='ltr' id='par_1_107' title="bbox 1850 4978 3453 5059">
     <span class='ocr_line' id='line_1_107' title="bbox 1850 4978 3453 5059; baseline -0.002 -20"><span class='ocrx_word' id='word_1_839' title='bbox 1850 4982 2191 5039; x_wconf 87' lang='lat' dir='ltr'><strong>occasionem</strong></span> <span class='ocrx_word' id='word_1_840' title='bbox 2222 4982 2503 5053; x_wconf 87' lang='lat' dir='ltr'><strong>subripere</strong></span> <span class='ocrx_word' id='word_1_841' title='bbox 2536 4980 2784 5038; x_wconf 82' lang='lat' dir='ltr'><strong>Editorc‘s</strong></span> <span class='ocrx_word' id='word_1_842' title='bbox 2814 4987 3089 5051; x_wconf 85' lang='lat' dir='ltr'><strong>putarunt,</strong></span> <span class='ocrx_word' id='word_1_843' title='bbox 3124 4978 3453 5059; x_wconf 78' lang='lat' dir='ltr'><strong>criminandi</strong></span> 
     </span>
    </p>
   </div>
   <div class='ocr_carea' id='block_1_108' title="bbox 1845 5071 3447 5139">
    <p class='ocr_par' dir='ltr' id='par_1_108' title="bbox 1845 5071 3447 5139">
     <span class='ocr_line' id='line_1_108' title="bbox 1845 5071 3447 5139; baseline -0.003 -9"><span class='ocrx_word' id='word_1_844' title='bbox 1845 5090 2032 5130; x_wconf 86' lang='lat' dir='ltr'><strong>ansam</strong></span> <span class='ocrx_word' id='word_1_845' title='bbox 2061 5075 2321 5131; x_wconf 85' lang='lat' dir='ltr'><strong>adversus</strong></span> <span class='ocrx_word' id='word_1_846' title='bbox 2353 5088 2451 5129; x_wconf 83' lang='lat' dir='ltr'><strong>nos</strong></span> <span class='ocrx_word' id='word_1_847' title='bbox 2482 5074 2773 5129; x_wconf 81' lang='lat' dir='ltr'><strong>maximam</strong></span> <span class='ocrx_word' id='word_1_848' title='bbox 2822 5072 2992 5138; x_wconf 90' lang='lat' dir='ltr'><strong>dedit,</strong></span> <span class='ocrx_word' id='word_1_849' title='bbox 3040 5080 3103 5127; x_wconf 79' lang='lat' dir='ltr'><strong>ac</strong></span> <span class='ocrx_word' id='word_1_850' title='bbox 3147 5073 3193 5127; x_wconf 91' lang='lat' dir='ltr'><strong>si</strong></span> <span class='ocrx_word' id='word_1_851' title='bbox 3236 5071 3447 5139; x_wconf 80' lang='lat' dir='ltr'><strong>Patres,</strong></span> 
     </span>
    </p>
   </div>
   <div class='ocr_carea' id='block_1_109' title="bbox 1844 5165 3449 5241">
    <p class='ocr_par' dir='ltr' id='par_1_109' title="bbox 1844 5165 3449 5241">
     <span class='ocr_line' id='line_1_109' title="bbox 1844 5165 3449 5241; baseline -0.001 -16"><span class='ocrx_word' id='word_1_852' title='bbox 1844 5184 1980 5241; x_wconf 86' lang='lat' dir='ltr'><strong>quos</strong></span> <span class='ocrx_word' id='word_1_853' title='bbox 2022 5170 2321 5225; x_wconf 89' lang='lat' dir='ltr'><strong>contrarios</strong></span> <span class='ocrx_word' id='word_1_854' title='bbox 2353 5168 2505 5223; x_wconf 85' lang='lat' dir='ltr'><strong>nobis</strong></span> <span class='ocrx_word' id='word_1_855' title='bbox 2535 5168 2821 5233; x_wconf 84' lang='lat' dir='ltr'><strong>sentimus,</strong></span> <span class='ocrx_word' id='word_1_856' title='bbox 2870 5165 3114 5223; x_wconf 86' lang='lat' dir='ltr'><strong>studiose</strong></span> <span class='ocrx_word' id='word_1_857' title='bbox 3143 5169 3449 5238; x_wconf 82' lang='lat' dir='ltr'><strong>corruperi-</strong></span> 
     </span>
    </p>
   </div>
   <div class='ocr_carea' id='block_1_110' title="bbox 1846 5259 3449 5330">
    <p class='ocr_par' dir='ltr' id='par_1_110' title="bbox 1846 5259 3449 5330">
     <span class='ocr_line' id='line_1_110' title="bbox 1846 5259 3449 5330; baseline -0.001 -13"><span class='ocrx_word' id='word_1_858' title='bbox 1846 5275 1986 5330; x_wconf 89' lang='lat' dir='ltr'><strong>mus,</strong></span> <span class='ocrx_word' id='word_1_859' title='bbox 2013 5276 2081 5317; x_wconf 90' lang='lat' dir='ltr'><strong>ne</strong></span> <span class='ocrx_word' id='word_1_860' title='bbox 2111 5261 2364 5317; x_wconf 85' lang='lat' dir='ltr'><strong>contrarii</strong></span> <span class='ocrx_word' id='word_1_861' title='bbox 2394 5260 2547 5315; x_wconf 88' lang='lat' dir='ltr'><strong>nobis</strong></span> <span class='ocrx_word' id='word_1_862' title='bbox 2572 5259 2907 5315; x_wconf 87' lang='lat' dir='ltr'><strong>viderentur.</strong></span> <span class='ocrx_word' id='word_1_863' title='bbox 2944 5259 3129 5329; x_wconf 76' lang='lat' dir='ltr'><strong>itaque</strong></span> <span class='ocrx_word' id='word_1_864' title='bbox 3160 5260 3261 5315; x_wconf 87' lang='lat' dir='ltr'><strong>alia</strong></span> <span class='ocrx_word' id='word_1_865' title='bbox 3307 5261 3449 5315; x_wconf 89' lang='lat' dir='ltr'><strong>ratio</strong></span> 
     </span>
    </p>
   </div>
   <div class='ocr_carea' id='block_1_111' title="bbox 1844 5351 3448 5425">
    <p class='ocr_par' dir='ltr' id='par_1_111' title="bbox 1844 5351 3448 5425">
     <span class='ocr_line' id='line_1_111' title="bbox 1844 5351 3448 5425; baseline -0.001 -16"><span class='ocrx_word' id='word_1_866' title='bbox 1844 5353 2102 5421; x_wconf 89' lang='lat' dir='ltr'><strong>ineunda,</strong></span> <span class='ocrx_word' id='word_1_867' title='bbox 2132 5370 2234 5425; x_wconf 86' lang='lat' dir='ltr'><strong>qua</strong></span> <span class='ocrx_word' id='word_1_868' title='bbox 2259 5353 2316 5410; x_wconf 84' lang='lat' dir='ltr'><strong>S.</strong></span> <span class='ocrx_word' id='word_1_869' title='bbox 2351 5352 2498 5409; x_wconf 81' lang='lat' dir='ltr'><strong>Zeno</strong></span> <span class='ocrx_word' id='word_1_870' title='bbox 2526 5367 2623 5424; x_wconf 81' lang='lat' dir='ltr'><strong>per</strong></span> <span class='ocrx_word' id='word_1_871' title='bbox 2648 5365 2710 5407; x_wconf 87' lang='lat' dir='ltr'><strong>se</strong></span> <span class='ocrx_word' id='word_1_872' title='bbox 2737 5351 2912 5423; x_wconf 89' lang='lat' dir='ltr'><strong>ipsum</strong></span> <span class='ocrx_word' id='word_1_873' title='bbox 2953 5352 3086 5407; x_wconf 80' lang='lat' dir='ltr'><strong>satis</strong></span> <span class='ocrx_word' id='word_1_874' title='bbox 3126 5352 3448 5422; x_wconf 80' lang='lat' dir='ltr'><strong>explicetur.</strong></span> 
     </span>
    </p>
   </div>
   <div class='ocr_carea' id='block_1_112' title="bbox 1846 5443 3448 5517">
    <p class='ocr_par' dir='ltr' id='par_1_112' title="bbox 1846 5443 3448 5517">
     <span class='ocr_line' id='line_1_112' title="bbox 1846 5443 3448 5517; baseline -0.002 -14"><span class='ocrx_word' id='word_1_875' title='bbox 1846 5446 2032 5503; x_wconf 88' lang='lat' dir='ltr'><strong>Primo</strong></span> <span class='ocrx_word' id='word_1_876' title='bbox 2057 5456 2238 5504; x_wconf 83' lang='lat' dir='ltr'><strong>autem</strong></span> <span class='ocrx_word' id='word_1_877' title='bbox 2284 5447 2401 5502; x_wconf 71' lang='lat' dir='ltr'><strong>ltmc</strong></span> <span class='ocrx_word' id='word_1_878' title='bbox 2433 5447 2547 5517; x_wconf 84' lang='lat' dir='ltr'><strong>ipsa</strong></span> <span class='ocrx_word' id='word_1_879' title='bbox 2593 5458 2861 5516; x_wconf 84' lang='lat' dir='ltr'><strong>apparens</strong></span> <span class='ocrx_word' id='word_1_880' title='bbox 2891 5447 3284 5501; x_wconf 86' lang='lat' dir='ltr'><strong>sententiarum</strong></span> <span class='ocrx_word' id='word_1_881' title='bbox 3329 5443 3448 5514; x_wconf 83' lang='lat' dir='ltr'><strong>ejus</strong></span> 
     </span>
    </p>
   </div>
   <div class='ocr_carea' id='block_1_113' title="bbox 1851 5538 3446 5614">
    <p class='ocr_par' dir='ltr' id='par_1_113' title="bbox 1851 5538 3446 5614">
     <span class='ocr_line' id='line_1_113' title="bbox 1851 5538 3446 5614; baseline -0.001 -18"><span class='ocrx_word' id='word_1_882' title='bbox 1851 5557 2052 5613; x_wconf 76' lang='lat' dir='ltr'><strong>pugna,</strong></span> <span class='ocrx_word' id='word_1_883' title='bbox 2081 5542 2170 5614; x_wconf 91' lang='lat' dir='ltr'><strong>qui</strong></span> <span class='ocrx_word' id='word_1_884' title='bbox 2194 5540 2355 5597; x_wconf 90' lang='lat' dir='ltr'><strong>modo</strong></span> <span class='ocrx_word' id='word_1_885' title='bbox 2384 5541 2530 5607; x_wconf 81' lang='lat' dir='ltr'><strong>ﬁdei,</strong></span> <span class='ocrx_word' id='word_1_886' title='bbox 2553 5541 2712 5596; x_wconf 89' lang='lat' dir='ltr'><strong>modo</strong></span> <span class='ocrx_word' id='word_1_887' title='bbox 2743 5540 2994 5597; x_wconf 85' lang='lat' dir='ltr'><strong>cltaritati</strong></span> <span class='ocrx_word' id='word_1_888' title='bbox 3014 5540 3174 5596; x_wconf 87' lang='lat' dir='ltr'><strong>nimis</strong></span> <span class='ocrx_word' id='word_1_889' title='bbox 3205 5538 3446 5595; x_wconf 84' lang='lat' dir='ltr'><strong>tribuere</strong></span> 
     </span>
    </p>
   </div>
   <div class='ocr_carea' id='block_1_114' title="bbox 1851 5631 3450 5707">
    <p class='ocr_par' dir='ltr' id='par_1_114' title="bbox 1851 5631 3450 5707">
     <span class='ocr_line' id='line_1_114' title="bbox 1851 5631 3450 5707; baseline -0.001 -15"><span class='ocrx_word' id='word_1_890' title='bbox 1851 5635 2088 5703; x_wconf 86' lang='lat' dir='ltr'><strong>videtur,</strong></span> <span class='ocrx_word' id='word_1_891' title='bbox 2148 5636 2279 5690; x_wconf 90' lang='lat' dir='ltr'><strong>satis</strong></span> <span class='ocrx_word' id='word_1_892' title='bbox 2308 5643 2628 5707; x_wconf 79' lang='lat' dir='ltr'><strong>argumento</strong></span> <span class='ocrx_word' id='word_1_893' title='bbox 2656 5648 2779 5690; x_wconf 86' lang='lat' dir='ltr'><strong>esse</strong></span> <span class='ocrx_word' id='word_1_894' title='bbox 2806 5633 2991 5698; x_wconf 85' lang='lat' dir='ltr'><strong>debet,</strong></span> <span class='ocrx_word' id='word_1_895' title='bbox 3042 5644 3142 5687; x_wconf 85' lang='lat' dir='ltr'><strong>nec</strong></span> <span class='ocrx_word' id='word_1_896' title='bbox 3171 5631 3315 5699; x_wconf 88' lang='lat' dir='ltr'><strong>ildei,</strong></span> <span class='ocrx_word' id='word_1_897' title='bbox 3349 5646 3450 5691; x_wconf 85' lang='lat' dir='ltr'><strong>nec</strong></span> 
     </span>
    </p>
   </div>
   <div class='ocr_carea' id='block_1_115' title="bbox 1855 5726 3448 5811">
    <p class='ocr_par' dir='ltr' id='par_1_115' title="bbox 1855 5726 3448 5811">
     <span class='ocr_line' id='line_1_115' title="bbox 1855 5726 3448 5811; baseline -0.004 -23"><span class='ocrx_word' id='word_1_898' title='bbox 1855 5732 2108 5788; x_wconf 79' lang='lat' dir='ltr'><strong>charitnti</strong></span> <span class='ocrx_word' id='word_1_899' title='bbox 2148 5731 2197 5789; x_wconf 89' lang='lat' dir='ltr'><strong>id</strong></span> <span class='ocrx_word' id='word_1_900' title='bbox 2240 5731 2379 5800; x_wconf 86' lang='lat' dir='ltr'><strong>dari,</strong></span> <span class='ocrx_word' id='word_1_901' title='bbox 2412 5730 2554 5802; x_wconf 84' lang='lat' dir='ltr'><strong>quod</strong></span> <span class='ocrx_word' id='word_1_902' title='bbox 2587 5731 2763 5805; x_wconf 89' lang='lat' dir='ltr'><strong>primo</strong></span> <span class='ocrx_word' id='word_1_903' title='bbox 2806 5727 3063 5811; x_wconf 81' lang='lat' dir='ltr'><strong>adspectu</strong></span> <span class='ocrx_word' id='word_1_904' title='bbox 3088 5726 3318 5795; x_wconf 88' lang='lat' dir='ltr'><strong>videtur,</strong></span> <span class='ocrx_word' id='word_1_905' title='bbox 3350 5728 3448 5800; x_wconf 84' lang='lat' dir='ltr'><strong>sed</strong></span> 
     </span>
    </p>
   </div>
   <div class='ocr_carea' id='block_1_116' title="bbox 1854 5818 3445 5905">
    <p class='ocr_par' dir='ltr' id='par_1_116' title="bbox 1854 5818 3445 5905">
     <span class='ocr_line' id='line_1_116' title="bbox 1854 5818 3445 5905; baseline -0.006 -19"><span class='ocrx_word' id='word_1_906' title='bbox 1854 5826 2001 5898; x_wconf 81' lang='lat' dir='ltr'><strong>inani</strong></span> <span class='ocrx_word' id='word_1_907' title='bbox 2029 5826 2174 5898; x_wconf 67' lang='lat' dir='ltr'><strong>aliud</strong></span> <span class='ocrx_word' id='word_1_908' title='bbox 2202 5825 2499 5905; x_wconf 75' lang='lat' dir='ltr'><strong>quidpiam,</strong></span> <span class='ocrx_word' id='word_1_909' title='bbox 2526 5835 2582 5884; x_wconf 91' lang='lat' dir='ltr'><strong>ut</strong></span> <span class='ocrx_word' id='word_1_910' title='bbox 2608 5840 2675 5892; x_wconf 89' lang='lat' dir='ltr'><strong>ue</strong></span> <span class='ocrx_word' id='word_1_911' title='bbox 2696 5821 3050 5895; x_wconf 78' lang='lat' dir='ltr'><strong>contradictio</strong></span> <span class='ocrx_word' id='word_1_912' title='bbox 3072 5819 3195 5885; x_wconf 86' lang='lat' dir='ltr'><strong>inde</strong></span> <span class='ocrx_word' id='word_1_913' title='bbox 3237 5818 3445 5905; x_wconf 74' lang='lat' dir='ltr'><strong>redeat,</strong></span> 
     </span>
    </p>
   </div>
  </div>
