3998 6332
451 240 555 296 1'27

1828 239 2364 299 PROLEGOMENA.

3643 249 3751 306 19.8

519 352 689 410 Porro
712 362 769 408 ut
789 352 857 409 de
882 352 986 410 ﬁde
1017 353 1245 425 primum
1269 351 1536 424 dicamus,
1566 367 1691 410 cum
1722 369 1787 411 ex
1821 364 1978 411 tract.
2017 357 2049 410 5
2077 373 2130 432 Α
2154 359 2284 425 sint,
2314 360 2517 417 Auctor
2539 362 2672 417 satis
2715 362 2865 418 novit
2893 373 2946 419 et
2977 362 3158 420 docuit
3195 379 3262 421 ex
3291 363 3478 434 Paulo,
3510 382 3659 424 num.
3692 369 3750 434 6,

446 443 544 502 lib.
574 459 616 513 ι,
639 443 772 509 η.4,
801 455 1008 524 certum
1038 453 1142 510 est,
1175 445 1240 500 iis
1267 443 1442 502 solum
1466 445 1885 502 immortalitatis
1916 461 2052 518 pra:—

447 537 614 592 mium
643 552 672 591 a
700 537 917 594 Zenone
946 536 1192 604 attribui,
1221 537 1312 609 qui
1341 552 1523 594 veram
1548 538 1812 609 justitiam
1845 539 2049 606 colunt,

447 631 772 702 obtritisque
797 631 981 687 steculi
1031 632 1420 704 voluptatibus,
1443 632 1541 687 Dei
1581 643 1837 706 pra’cepta
1884 644 2055 690 custo-

451 724 596 779 diunt
628 739 648 779 :
679 735 789 779 tum
840 740 905 780 ex
953 733 1110 780 tract.
1178 725 1201 779 i
1260 725 1504 795 ejusdem
1553 726 1675 782 libri
1725 727 1897 797 palam
1947 737 2050 794 est,

454 815 731 873 Zenonem
757 830 862 872 non
888 817 1050 873 aliam
1079 816 1239 902 ﬁdem
1265 818 1426 874 saluti
1450 829 1666 875 actorum
1693 819 1878 875 utilem
1906 833 2053 875 com-

451 911 730 979 mendare,
777 928 938 984 quam
986 928 1105 983 qum
1134 929 1233 984 per
1258 915 1581 969 cbaritatem
1613 922 1901 985 Operatur;
1933 929 2054 984 per-

447 1006 638 1074 Spicue
675 1005 820 1062 enim
854 1022 1004 1063 num.
1037 1006 1090 1068 2,
1123 1007 1190 1062 de
1225 1006 1329 1061 ﬁde
1357 1006 1605 1077 loquens,
1651 1023 1764 1070 eos,
1797 1008 1887 1080 qui
1933 1009 2054 1066 sine

455 1097 713 1167 Operibns
745 1099 1118 1164 inveniuntur,
1148 1113 1177 1152 a
1210 1098 1313 1154 ﬁde
1341 1098 1624 1154 damnatos
1647 1109 1906 1155 testatur:
1955 1099 2054 1168 Qui

455 1191 525 1245 ad
568 1209 642 1256 se,
675 1190 870 1263 inquit,
904 1193 957 1248 id
979 1203 1062 1249 est
1091 1193 1159 1248 ad
1203 1193 1388 1258 ﬁdem,
1430 1196 1658 1260 veniunt,
1688 1197 2054 1267 professionem

457 1285 782 1340 crrdulitalis
812 1285 875 1340 ab
905 1289 978 1342 eis
1006 1288 1170 1342 solam
1191 1286 1329 1353 ideo,
1354 1288 1476 1358 quia
1506 1304 1680 1342 eorum
1703 1289 1858 1358 ﬁdem
1885 1289 2057 1343 videre

452 1395 554 1433 non
585 1390 768 1449 potest,
797 1381 956 1452 exigit
980 1397 998 1434 :
1025 1397 1178 1450 quam
1207 1382 1252 1436 si
1279 1382 1454 1436 abesse
1493 1398 1558 1437 ea:
1605 1381 1832 1438 moribus
1875 1382 2056 1456 depre-

452 1471 709 1540 henderit,
744 1471 916 1546 [cvm]
947 1476 1241 1547 confestim,
1287 1485 1342 1530 ut
1384 1476 1658 1546 per/idum,
1706 1478 1856 1544 punit
1897 1477 2053 1544 irata,

451 1583 601 1637 quem
647 1565 858 1636 docuit;
901 1579 956 1625 et
982 1570 1142 1640 paulo
1171 1581 1291 1642 post
1319 1570 1512 1628 eodem
1541 1588 1690 1628 num.
1720 1571 1880 1629 ﬁdem
1908 1572 2053 1628 illam

2155 465 2260 523 qua
2291 451 2480 509 eadem
2507 453 2717 510 ratione
2761 454 2830 510 de
2873 456 2989 525 spei
3040 455 3288 513 laudibus
3309 457 3606 526 disserens,
3641 474 3753 516 non

2156 546 2369 617 negavit
2409 562 2506 617 spe
2549 546 2835 605 deﬁciente
2880 548 3040 606 ﬁdem
3068 566 3176 606 non
3222 567 3384 622 posse
3429 553 3751 620 subsistere,

2154 638 2252 694 sed
2283 640 2463 696 utilem
2493 640 2624 695 nihil
2654 656 2797 708 esse,
2826 650 2883 697 et
2902 642 2991 698 vix
3023 641 3251 712 reperiri
3280 658 3440 714 posse
3469 644 3522 699 in
3547 659 3636 713 eo,
3660 643 3756 715 qui

2157 734 2466 790 mercedem
2493 735 2681 791 aeterni
2714 738 2921 807 praemii
2945 737 3142 793 nullam
3173 737 3290 795 fore
3316 739 3538 796 conﬁdit
3570 758 3585 794 :
3631 753 3757 796 nam

2154 825 2280 894 quid
2325 825 2674 894 Christianus,
2721 828 2896 899 inquit
2943 844 3094 884 num.
3124 831 3178 894 1,
3218 830 3333 901 spei
3376 830 3760 887 necessitatem

2155 918 2626 990 coioprobaturus.
2659 922 2821 976 credit
2847 922 2901 976 in
2922 920 3206 990 Christum,
3235 925 3281 978 si
3323 925 3636 997 promissum
3659 925 3761 980 sibi

2155 1011 2218 1065 ab
2245 1027 2303 1065 eo
2330 1021 2587 1084 perpetua:
2623 1013 2885 1083 felicitatis
2931 1023 3128 1087 tempus
3166 1033 3270 1070 non
3310 1016 3472 1071 credit
3501 1033 3610 1072 esse
3633 1033 3762 1073 ven-

2157 1104 2370 1158 turum?
2399 1103 2544 1174 Lege
2582 1121 2702 1176 qua:
2750 1106 2946 1162 ibidem
2977 1119 3301 1179 sequuntur,
3341 1109 3429 1165 ubi
3478 1110 3758 1167 Zenonem

2155 1195 2225 1252 de
2254 1195 2358 1251 hac
2383 1212 2482 1266 spe
2511 1198 2701 1253 aeterni
2732 1199 2962 1270 praemii,
2991 1200 3134 1270 quod
3167 1216 3264 1272 per
3287 1201 3444 1258 ﬁdem
3475 1204 3760 1273 cognosci-

2159 1297 2266 1354 tur,
2297 1289 2605 1359 loquentem
2636 1289 2875 1358 pluribus
2907 1290 3170 1346 invenies.
3220 1292 3352 1360 Qiue
3384 1294 3763 1364 interpretatio

2157 1383 2482 1438 Zenoniauze
2514 1384 2710 1439 tuentis
2740 1385 2783 1439 si
2828 1396 2976 1440 recte
2999 1377 3266 1452 teneatut‘,
3296 1387 3398 1441 alia
3427 1386 3593 1442 multa
3625 1389 3765 1443 sub-

2155 1477 2283 1533 inde
2327 1476 2638 1534 obscuriora
2690 1476 2848 1534 facile
2895 1479 3278 1551 intelligemus.
3345 1479 3550 1536 Deinde
3592 1480 3763 1537 aliam

2157 1569 2444 1633 rationem.
2475 1586 2597 1642 quae
2626 1571 2677 1626 in
2700 1569 2934 1626 Zenonis
2959 1573 3285 1628 sententiam
3312 1573 3620 1643 aequissima
3649 1584 3761 1642 est,

453 1662 817 1728 commendat,
845 1679 968 1735 Quae
989 1679 1099 1720 non
1127 1680 1288 1736 opera
1315 1677 1536 1724 externa
1558 1667 1753 1735 solum,
1777 1668 1869 1724 sed
1891 1670 2054 1724 etiam
2154 1661 2353 1719 afferre
2379 1677 2683 1732 possumus,
2703 1678 2799 1720 cur
2820 1664 2936 1719 sine
2958 1663 3220 1720 cbaritate
3240 1680 3368 1735 spes
3391 1677 3446 1720 et
3471 1665 3607 1722 ﬁdes
3637 1680 3767 1722 vere

455 1755 804 1810 Conscientia:
833 1757 1062 1813 internae
1093 1761 1410 1816 munditiem
1445 1772 1664 1831 praesul
1690 1779 1702 1817 :
1749 1761 1911 1818 Fides
1933 1779 2054 1817 con-
2085 1766 2132 1826 B
2158 1771 2258 1810 ηοη
2287 1766 2440 1819 slent.
2465 1765 2680 1822 σεδεεηιο
2709 1758 2997 1811 moriamur
3047 1773 3066 1810 -'

453 1849 720 1903 scientiam
765 1850 1064 1906 medullitus
1099 1853 1336 1918 mundat,
1385 1871 1450 1909 ne
1492 1855 1618 1926 quid
1666 1857 1833 1910 reatui
1865 1856 1946 1911 sel
1974 1857 2058 1912 in-

454 1941 708 1995 trinsecus
746 1941 948 1998 debeat.
1006 1944 1283 2002 Videndus
1324 1946 1568 2018 ejusdem
1613 1957 1871 2027 tractatus
1911 1948 2056 2016 ﬁnis,

453 2034 542 2090 ubi
585 2050 668 2102 se,
712 2037 926 2106 quoties
955 2036 1115 2092 ﬁdem
1142 2041 1509 2106 commendat,
1538 2055 1656 2096 eam
1677 2041 2059 2098 commendare

452 2143 670 2199 semper
704 2131 965 2198 insinuat,
992 2146 1097 2202 qua
1119 2136 1243 2204 quis
1272 2131 1382 2189 Deo
1403 2133 1628 2205 ﬁdeliter
1664 2137 1839 2201 servit,
1868 2136 1921 2190 in
1946 2137 2058 2207 ipso

453 2221 564 2277 solo
588 2222 833 2292 ﬁduciam
862 2226 1029 2296 gerit;
1059 2241 1183 2281 nam
1213 2243 1246 2281 a
1269 2227 1521 2298 ﬁdelitate
1545 2240 1593 2284 et
1619 2229 1832 2299 ﬁducia,
1863 2231 2055 2301 inquit,

453 2315 661 2384 ﬁdelem
702 2333 755 2372 se
810 2321 984 2373 vocari
1027 2331 1322 2391 cognoscat.
1370 2321 1555 2393 Itaque
1596 2323 1640 2377 si
1687 2322 1904 2379 ﬁdelem
1931 2336 2056 2379 eum

451 2430 581 2470 vere
619 2431 683 2471 ac
729 2415 966 2487 perfecte
1011 2417 1192 2487 habet,
1243 2420 1333 2492 qui
1378 2420 1596 2491 ﬁducia,
1648 2420 1701 2476 id
1727 2429 1812 2478 est
1856 2435 1975 2491 spe,
2003 2432 2057 2477 et

451 2508 721 2580 ﬁdelitate,
771 2511 822 2566 id
844 2522 928 2568 est
969 2511 1115 2568 ﬁdeli
1169 2514 1545 2571 mandatorum
1588 2517 1952 2585 observantia,
1999 2532 2058 2573 se

454 2603 669 2660 ﬁdelem
713 2615 968 2676 praestat;
1001 2623 1122 2664 eam
1153 2610 1317 2664 solam
1347 2611 1502 2681 ﬁdem
1533 2612 1717 2682 utique
1766 2611 1946 2668 laudat
1994 2627 2058 2668 ac

453 2696 690 2766 praefert,
739 2715 862 2771 quae
905 2717 934 2755 a
969 2702 1161 2758 ﬁducia
1194 2718 1288 2759 seu
1338 2719 1455 2776 Spe,
1489 2715 1542 2761 et
1569 2722 1598 2760 a
1653 2706 1911 2764 ﬁdelitate
1961 2721 2054 2762 seu

453 2792 710 2861 aperibus
739 2793 1010 2865 disjuncta
1047 2811 1153 2852 non
1180 2807 1265 2852 est
1294 2815 1306 2850 :
1341 2807 1398 2854 et
1452 2797 1576 2854 hinc
1607 2815 1738 2855 sane
1785 2807 1945 2854 tract.
1994 2799 2059 2854 l5

455 2886 550 2940 lib.
584 2902 623 2952 ι,
671 2902 822 2940 num.
872 2889 959 2956 Μ,
1001 2890 1166 2943 solam
1209 2890 1585 2945 observantiam
1635 2893 1912 2946 voluntatis
1961 2890 2058 2945 Dei

455 2996 566 3035 esse
604 2979 828 3051 ﬁdeliter
846 2981 1126 3037 uiuentibus
1159 2985 1497 3038 necessariam
1532 2984 1890 3040 disertissime
1914 2984 2059 3038 alﬁr—

456 3083 588 3129 ruat.
619 3072 888 3129 Caeterum
913 3083 1068 3130 tract.
1097 3076 1132 3130 2
1162 3075 1254 3130 lib.
1284 3091 1320 3144 ι,
1355 3092 1501 3131 nunt.
1531 3078 1565 3132 4
1585 3118 1599 3140 ,
1632 3077 1909 3133 charitatis
1946 3077 2060 3132 elo-

3112 1757 3362 1812 omnibus
3406 1758 3553 1814 enim
3609 1758 3768 1815 hisce

2163 1848 2344 1904 verbis
2376 1849 2464 1904 ille
2492 1849 2680 1904 utitur.
2705 1849 2841 1904 Cum
2869 1851 3078 1907 scilicet
3093 1849 3228 1906 nihil
3249 1851 3564 1907 sineamore
3587 1852 3640 1907 in
3661 1851 3765 1908 bo-

2164 1943 2326 2002 minis
2353 1944 2534 1998 animo
2559 1944 2859 2000 subsistere
2879 1953 3074 2016 queat;
3101 1944 3343 2016 proiecto
3361 1946 3496 2002 ﬁdes
3521 1956 3578 2002 et
3607 1962 3764 2018 spes,

2161 2036 2206 2090 si
2236 2051 2345 2092 non
2374 2050 2647 2103 amentur,
2671 2054 2776 2092 non
2800 2047 3038 2107 poterunt
3065 2048 3233 2103 stare;
3259 2053 3324 2094 ac
3369 2038 3596 2109 proinde
3637 2041 3766 2097 sine

2161 2128 2308 2182 omni
2354 2142 2540 2184 amore
2581 2128 3037 2201 cessabunt'atqne
3088 2131 3406 2185 morientur:
3439 2132 3599 2187 sicuti
3628 2147 3768 2188 sane

2161 2222 2359 2288 sistent,
2393 2222 2575 2293 utique
2619 2234 2890 2292 amantur,
2917 2232 2974 2279 et
3016 2224 3192 2294 aliqua
3239 2239 3453 2297 semper
3495 2226 3550 2281 in
3594 2227 3767 2284 corde

2161 2312 2397 2370 cbaritas
2426 2329 2522 2371 seu
2568 2330 2723 2371 amor
2767 2325 2870 2372 est.
2896 2317 3066 2386 Quam
3099 2317 3152 2372 in
3185 2320 3508 2378 sententiam
3535 2319 3596 2378 S.
3633 2322 3771 2376 Am-

2161 2405 2402 2475 brosius,
2431 2423 2598 2464 serm.
2630 2411 2662 2464 9
2691 2410 2744 2465 in
2775 2409 2970 2480 psalm.
2993 2426 3178 2476 cxvnt,
3211 2426 3358 2466 num.
3390 2413 3426 2468 5
3455 2429 3469 2466 :
3500 2411 3634 2481 Quis
3661 2424 3764 2482 est,

2163 2499 2361 2570 inquit,
2387 2503 2476 2571 qui
2502 2513 2694 2574 sperat,
2720 2504 2822 2558 nisi
2842 2505 2950 2574 qui,
2981 2505 3122 2576 quod
3150 2514 3346 2576 sperat,
3373 2515 3518 2577 aptat
3547 2517 3595 2562 et
3635 2509 3768 2563 dili-

2161 2592 2262 2664 git?
2289 2592 2399 2648 Hac
2423 2609 2582 2662 porro
2604 2605 2804 2658 mente.
2830 2596 2929 2652 bac
2952 2597 3174 2653 notione
3201 2596 3476 2655 Zenonem
3499 2599 3768 2670 locutum,

2163 2686 2234 2739 ita
2276 2695 2334 2739 ut
2362 2686 2640 2744 cltaritatis
2684 2690 2900 2746 nomine
2931 2706 3035 2746 non
3073 2690 3220 2746 illam
3256 2690 3442 2748 stricte
3471 2696 3767 2764 acceperit,

2162 2795 2265 2848 qua
2299 2779 2538 2850 diligitur
2585 2783 2722 2838 Deus
2770 2784 2854 2838 vel
2907 2786 3202 2853 proximus,
3248 2785 3342 2841 sed
3395 2784 3552 2841 aliam
3606 2786 3773 2857 longe

2164 2870 2324 2926 latius
2350 2881 2646 2945 patentem,
2677 2890 2780 2946 qua
2832 2891 2936 2930 nos
2963 2877 3248 2947 quidlibet,
3297 2888 3351 2934 et
3399 2878 3568 2949 ipsam
3600 2881 3774 2935 etiam

2167 2962 2327 3019 ﬁdem
2361 2981 2425 3020 ac
2453 2981 2603 3034 Spem
2655 2968 3003 3039 suscipimus,
3051 2980 3104 3026 et
3137 2985 3384 3026 amamus
3407 2970 3772 3043 aliquatenus,

2163 3056 2290 3112 dum
2340 3059 2698 3130 suscipimus;
2743 3061 2851 3117 imo
2903 3061 3149 3119 latiorem
3181 3073 3440 3134 praeterea
3471 3064 3644 3120 multo
3666 3108 3682 3131 ,
3713 3075 3776 3122 ut

457 3165 602 3237 gium
651 3165 920 3230 scribens,
970 3168 1106 3222 hanc
1149 3168 1222 3221 ita
1275 3168 1426 3223 rebus
1467 3169 1716 3224 universis
1763 3168 2059 3241 praeditam,
2089 3161 2133 3224 C
2167 3168 2350 3241 "inim
2373 3155 2560 3222 etiam:
2590 3170 2711 3226 (ιυω
2742 3155 2944 3213 "liuius
2972 3156 3084 3212 νενί
3112 3172 3265 3211 ³³1³οτ
3269 3155 3316 3211 is
3358 3172 3589 3226 Cal'aces
3615 3169 3770 3227 sum.

458 3274 554 3316 seu
581 3261 853 3330 prazlatatn
874 3259 1129 3326 altirmat,
1149 3264 1280 3317 utsit
1302 3264 1552 3329 omnium,
1575 3263 1860 3334 jnre‘ipso,
1885 3264 2064 3334 regina

461 3355 774 3427 (diuinarum
806 3357 1035 3410 omnium
1065 3360 1311 3412 uirtutum
1357 3358 1693 3420 substantiam
1720 3368 1877 3413 vocat
1905 3359 2064 3428 paulo

462 3458 583 3518 post
613 3463 760 3502 num.
795 3446 875 3518 5),
928 3449 1072 3519 quod
1099 3448 1170 3506 de
1210 3449 1316 3505 ﬁde
1343 3449 1448 3505 dici
1499 3465 1604 3506 non
1653 3451 1826 3522 potuit
1874 3449 1928 3506 in
1959 3459 2065 3505 tra—

462 3551 610 3598 ctatu
661 3541 730 3596 de
761 3541 1057 3610 Abraham,
1103 3543 1206 3598 nisi
1259 3543 1417 3599 ﬁdem
1452 3543 1523 3599 ibi
1572 3559 1690 3600 eam
1741 3544 2062 3615 accepisset,

465 3653 586 3708 quze
615 3636 880 3693 cbaritate
909 3638 1267 3707 circumsepta
1281 3650 1364 3694 est
1391 3647 1552 3709 atque
1571 3640 1784 3694 vestita.
1807 3638 2066 3695 Similiter

467 3730 628 3800 igitur
667 3731 738 3784 de
787 3731 886 3784 hac
917 3731 1119 3800 pariter
1149 3729 1251 3784 ﬁde
1299 3731 1541 3800 loquitur
1567 3740 1724 3786 tract.
1777 3731 1843 3785 16
1897 3730 1989 3785 lib.
2025 3745 2063 3795 ι,

471 3839 620 3879 num.
654 3822 742 3885 12,
775 3837 896 3878 cum
929 3839 1082 3877 mera:
1106 3823 1230 3893 ﬁdei
1257 3823 1542 3879 victoriam
1577 3824 1781 3888 tribuit,
1812 3824 1896 3879 vel
1929 3839 2066 3893 prm-

468 3919 648 3983 mium,
681 3917 757 3972 uti
787 3926 944 3973 tract.
979 3917 1036 3984 2,
1063 3933 1213 3972 nutu.
1241 3916 1298 3981 2,
1339 3917 1480 3972 unde
1512 3926 1667 3972 tract.
1707 3917 1795 3985 12,
1827 3933 1976 3972 num.
2010 3918 2065 3984 4,

470 4027 532 4068 ea
587 4013 702 4084 ipsa
750 4012 802 4066 in
836 4011 1078 4082 periodo,
1110 4011 1199 4066 ubi
1231 4013 1384 4066 vitam
1412 4029 1503 4081 per
1529 4011 1684 4083 ﬁdem
1719 4021 2068 4082 comparatam

471 4115 718 4174 testatur,
749 4105 818 4160 de
850 4107 955 4161 lide
985 4120 1108 4160 cum
1140 4104 1395 4174 Operibus
1421 4104 1713 4175 conjuncta
1765 4104 1815 4160 id
1843 4105 2069 4174 cupiens

471 4197 724 4267 intelligi,
755 4197 894 4252 hanc
916 4197 1034 4267 ejus
1065 4196 1192 4252 dicti
1226 4197 1488 4252 rationem
1517 4196 1768 4266 subjicit:
1809 4197 1928 4266 quia
1957 4197 2070 4251 ani-

472 4305 606 4354 mus,
635 4289 724 4359 qui
751 4289 924 4343 uicerit
947 4289 1218 4355 mundum,
1243 4289 1566 4360 agnoscendo
1594 4304 1656 4342 ac
1674 4289 1926 4344 servando
1947 4290 2065 4344 reli-

470 4382 674 4453 gionem
715 4395 885 4436 rerum
924 4395 1193 4452 veramque
1224 4382 1508 4456 justitiam.
1550 4381 1947 4436 immortalitatis
1984 4398 2065 4436 ne-

469 4490 610 4529 cesse
638 4483 712 4529 est
737 4491 832 4545 pro
863 4474 1055 4530 laboris
1085 4477 1166 4530 sui
1191 4491 1399 4532 munere
1420 4473 1699 4530 immortali
1746 4475 2063 4531 beatitudine

469 4568 792 4639 perfruatur.

541 4660 694 4729 Quod
712 4675 842 4717 vero
869 4669 1030 4718 tract.
1052 4663 1087 4717 2
1106 4662 1199 4718 lib.
1223 4679 1260 4728 ι,
1283 4663 1601 4718 charitatem
1623 4662 1848 4719 nimium
1872 4660 2068 4718 eﬁ'erre

467 4754 704 4820 videtur,
729 4765 995 4826 quatenus
1023 4758 1141 4811 sine
1172 4756 1260 4810 illa
1291 4764 1518 4812 caeteras
1550 4757 1798 4821 virtutes,
1829 4770 1893 4812 ac
1925 4771 2064 4827 pra“:-

471 4850 628 4919 cipue
657 4851 814 4908 ﬁdem
847 4863 901 4908 et
932 4866 1086 4922 spem
1131 4866 1350 4914 cessare,
1403 4850 1484 4906 vel
1535 4866 1636 4904 non
1680 4860 1816 4905 stare
1865 4854 2068 4905 Auctor

473 4946 808 5018 pronuntiat,
860 4944 1058 5011 duplici
1117 4943 1473 5015 responsione
1517 4932 1839 5014 explicatur.
1889 4942 2068 4998 Primo

473 5049 719 5109 utrmque,
769 5037 821 5094 id
847 5051 929 5094 eSt
959 5037 1092 5094 ﬁdes
1117 5049 1170 5092 ct
1199 5051 1347 5106 spes,
1379 5037 1664 5102 cessabunt,
1698 5053 1726 5089 a
1753 5037 1969 5092 Zenone
1989 5037 2071 5090 di-

474 5141 618 5186 ctum
667 5140 833 5201 patet,
879 5147 984 5186 non
1031 5131 1173 5202 quod
1207 5132 1383 5202 perire
1435 5144 1652 5198 semper
1683 5129 1802 5183 illas
1849 5128 2067 5198 putarit,

475 5221 527 5281 si
549 5224 784 5281 charitas
827 5227 1004 5292 abeat,
1023 5224 1119 5281 sed
1151 5225 1314 5296 quod,
1338 5224 1606 5280 cbaritate
1625 5221 1936 5288 deliciente,
1965 5237 2068 5276 uon

477 5332 767 5388 numquam
796 5317 902 5373 illa:
947 5317 1226 5382 deﬁciunt,
1257 5316 1332 5371 uti
1381 5319 1572 5387 probat
1597 5314 1698 5368 hoc
1727 5313 1918 5368 eodem
1949 5321 2073 5379 tra-

476 5424 644 5492 ctatu,
675 5432 823 5472 num.
855 5416 910 5480 6,
929 5416 1203 5485 proposito
1241 5414 1395 5470 Iudae
1421 5413 1692 5484 exemplo,
1724 5412 1814 5483 qui
1841 5421 1888 5466 et
1909 5427 2067 5483 spem,

476 5519 524 5567 et
550 5509 706 5582 ﬁdem
733 5509 979 5581 perdidit,
1008 5509 1126 5580 quia
1139 5509 1364 5563 charitas
1386 5509 1438 5562 in
1453 5509 1563 5582 ipso
1583 5523 1684 5561 non
1704 5507 1914 5561 mansit.
1934 5505 2069 5561 Vide

476 5615 596 5674 qua:
640 5604 695 5659 in
742 5603 988 5660 eamdem
1032 5617 1143 5657 rem
1175 5602 1372 5658 ibidem
1395 5602 1773 5672 subjiciuntur,
1819 5616 1964 5655 num.
2012 5599 2066 5655 4.

481 5693 930 5772 ῼωιετιιιηθροεερ
952 5695 1130 5762 ﬁdem,
1169 5710 1327 5764 posse
1354 5696 1490 5780 alias
1506 5696 1733 5780 virtutes
1758 5695 1876 5750 sine
1896 5694 2075 5750 cbari-

483 5793 593 5842 tate
622 5788 938 5854 consistere,
990 5788 1057 5843 ita
1090 5791 1269 5843 tamen
1315 5795 1372 5841 ut
1418 5787 1482 5841 ad
1516 5787 1744 5842 salutem
1773 5785 1904 5840 nihil
1950 5800 2073 5854 pro.

2168 3237 2596 3318 metaplioricum
2628 3249 2915 3320 quemdam
2946 3265 3185 3307 amorem
3231 3253 3642 3323 complectatur,
3679 3267 3776 3322 pa-

2169 3341 2274 3396 lam
2301 3342 2640 3398 ostendimus
2665 3357 2732 3397 ex
2774 3342 2969 3399 eodem
3003 3353 3228 3399 tractatu
3259 3343 3578 3414 incipientes
3603 3361 3634 3399 a
3666 3355 3779 3401 tes-

2170 3434 2416 3498 timonio,
2445 3434 2587 3505 quod
2616 3435 2988 3491 difﬁcultatem
3033 3451 3140 3491 non
3169 3436 3344 3492 levem
3375 3437 3492 3492 sine
3519 3427 3620 3492 hac
3642 3436 3780 3492 cba-

2173 3528 2352 3583 ritatis
2383 3531 2649 3599 j‘irtxcipua
2683 3529 2901 3584 notione
2932 3528 3196 3600 injiceret.
3239 3528 3436 3586 Scribit
3457 3544 3588 3600 ergo
3619 3546 3773 3584 num.

2169 3623 2203 3678 ι
2229 3641 2241 3676 :
2274 3621 2432 3678 Fides
2457 3641 2736 3695 paucorum
2754 3633 2851 3690 est,
2875 3624 3104 3678 charitas
3124 3625 3371 3679 omnium.
3408 3622 3562 3680 Hunc
3593 3624 3775 3680 locum

2171 3731 2293 3770 cum
2343 3716 2410 3772 de
2456 3716 2719 3772 cbaritate
2780 3716 3084 3773 Cbrisﬁana
3112 3717 3500 3787 accipiendum
3530 3727 3781 3787 putasset

2171 3811 2421 3880 Sparav.,
2476 3809 2854 3881 corrigendum
2901 3810 3074 3878 duxit,
3118 3820 3176 3864 ut
3220 3810 3494 3866 contrario
3543 3824 3775 3880 prorsus

2171 3922 2332 3962 sensu
2354 3908 2651 3977 legeretur:
2685 3904 2844 3960 Fides
2864 3907 3089 3961 ominum
3113 3915 3209 3972 est,
3227 3905 3450 3960 clmritas
3465 3921 3778 3974 paucorum;

2171 4016 2296 4056 nam
2337 4000 2640 4056 Christiana
2679 4001 2916 4056 charitas
2968 4001 3019 4054 in
3069 4000 3410 4072 paucioribus
3456 4011 3559 4062 est.
3610 4015 3777 4070 quam

2173 4093 2327 4150 ﬁdes.
2359 4095 2466 4152 Sed
2496 4103 2857 4166 pra-terquam
2883 4094 3026 4166 quod
3057 4093 3190 4168 [cur]
3226 4093 3363 4150 ﬁdes
3408 4095 3636 4149 omnium
3665 4093 3780 4151 dici

2174 4205 2280 4245 non
2315 4192 2504 4260 potuit.
2537 4205 2659 4246 cum
2704 4206 2810 4244 non
2855 4204 3046 4244 omnes
3086 4187 3447 4245 ChriStianatn
3495 4185 3656 4243 ﬁdem
3693 4197 3777 4242 te-

2173 4292 2373 4350 neant;
2418 4283 2563 4339 Zeno
2591 4291 2770 4338 autem
2802 4281 2872 4338 de
2899 4281 3168 4338 universis
3224 4266 3534 4338 hbmiuibus
3583 4281 3775 4352 loqua-

2176 4385 2281 4440 tur,
2309 4385 2368 4430 ut
2397 4393 2464 4432 ue
2494 4376 2563 4431 de
2593 4375 2722 4431 solis
2750 4375 3071 4431 Christianis
3096 4390 3158 4431 se
3192 4375 3337 4447 loqui
3367 4375 3448 4432 vel
3476 4391 3582 4430 uno
3606 4376 3776 4431 verbo

2176 4469 2511 4535 subindicet;
2561 4468 2686 4524 huic
2733 4468 3100 4525 emendationi
3152 4468 3285 4524 nulli
3337 4468 3577 4537 codices,
3611 4470 3780 4526 nulla:

2096 4566 2144 4625 D
2169 4564 2434 4620 editiones
2458 4563 2843 4634 suﬁ'ragautur.
2879 4563 3061 4634 Itaque
3091 4563 3196 4618 alia
3237 4563 3459 4619 notione
3500 4563 3778 4620 Zenonem

2173 4658 2458 4714 verissime
2488 4657 2727 4713 locutum
2761 4665 3031 4726 putamus,
3065 4656 3210 4728 quod
3241 4671 3369 4712 vere
3394 4656 3530 4712 ﬁdes
3552 4656 3608 4712 in
3639 4671 3780 4726 pau-

2171 4754 2250 4808 cis
2282 4753 2374 4814 sit,
2405 4752 2528 4821 quia
2556 4748 2847 4806 Christiani
2881 4751 3034 4820 pauci
3073 4759 3200 4804 sunt
3246 4765 3356 4821 prie
3399 4749 3612 4806 caeteris
3657 4749 3782 4806 inﬁ-

2169 4844 2413 4910 delibus,
2464 4844 2555 4914 qui
2609 4844 2731 4898 licet
2793 4841 2900 4898 ﬁde
2946 4851 3192 4910 careant,
3221 4843 3541 4899 charitatem
3591 4854 3777 4900 tamen

2174 4939 2408 5011 aliquam
2438 4939 2659 5006 habent,
2693 4951 2816 4994 cum
2850 4952 3012 4993 nemo
3047 4939 3166 4994 sine
3212 4938 3395 5009 aliquo
3437 4953 3626 4994 amore
3654 4953 3783 4996 esse

2175 5037 2382 5108 possit;
2416 5035 2558 5091 unde
2587 5043 2641 5090 et
2682 5034 2884 5090 Gentes
2924 5049 2984 5089 se
3031 5047 3090 5089 se
3140 5034 3372 5089 invicem
3417 5033 3666 5104 diligere,
3715 5050 3782 5089 ac

2176 5128 2499 5185 benefacere
2527 5127 2772 5199 pluribus
2802 5126 3071 5197 leguntur.
3106 5126 3223 5181 Non
3267 5126 3450 5197 itaque
3490 5126 3633 5196 apud
3670 5126 3782 5182 Ze-

2176 5237 2371 5278 nonem
2402 5221 2470 5277 de
2498 5234 2622 5275 vera
2653 5229 2707 5275 et
2729 5217 3035 5275 Chrisﬁana
3061 5219 3323 5275 cbaritate
3339 5233 3520 5274 sermo
3546 5230 3651 5282 est,
3681 5218 3782 5273 sed

2175 5317 2245 5373 de
2270 5316 2535 5371 cbaritate
2563 5329 2660 5384 pro
2677 5328 2863 5369 amore
2875 5312 3056 5384 aliquo
3076 5313 3339 5368 latissime
3355 5321 3591 5384 sumpta.
3615 5312 3786 5384 Equi-

2179 5410 2302 5466 dem
2336 5410 2386 5465 id
2433 5408 2674 5464 notiouis
2720 5407 2773 5461 in
2820 5405 3070 5462 Auctoris
3115 5415 3296 5462 mente
3333 5406 3620 5472 insedisse,
3651 5408 3781 5461 dum

2181 5505 2298 5562 lucc
2327 5505 2610 5569 scriberet,
2641 5501 2771 5558 illud
2809 5500 2972 5574 plane
2997 5501 3294 5568 convincit,
3325 5501 3470 5573 quod
3491 5501 3785 5557 charitatis

2177 5599 2365 5656 laudes
2403 5597 2574 5653 fusius
2613 5597 2980 5667 expositurus,
3025 5610 3186 5665 quam
3219 5594 3325 5650 late
3366 5611 3428 5650 ea
3463 5603 3640 5666 pateat
3685 5609 3782 5650 os-

2182 5694 2374 5762 tendit,
2403 5701 2460 5750 et
2493 5693 2762 5752 charitatis
2779 5690 3002 5764 nomine
3019 5691 3216 5762 ubique
3244 5698 3426 5758 utens,
3455 5690 3640 5760 primo
3661 5690 3785 5769 qui-

2179 5787 2303 5844 dem
2332 5787 2454 5842 illas
2491 5783 2608 5854 ejus
2645 5784 2800 5842 dotes
2827 5770 3192 5850 commendat;
3225 5799 3346 5854 qua:
3387 5784 3442 5840 in
3469 5782 3779 5841 Christiana
