3952 6320
173 357 283 410 1'29

1106 347 1561 412 DlSSERTATIO
1598 347 1664 416 ll,
1708 347 1797 404 DE
1837 347 1892 406 S.
1935 345 2088 404 ΖΕΝ.
2131 346 2501 406 DOCTRINA.

3375 357 3480 416 l50

174 473 449 529 cliaritate
478 474 702 536 cnitent.
731 481 782 528 at
829 471 956 528 dein
1000 485 1094 528 eas
1121 485 1340 542 quoque
1367 467 1606 539 subjicit,
1651 482 1772 538 quae
1802 472 1848 530 Α
1880 473 2116 530 moveat,
2148 478 2272 520 cum
2313 464 2365 518 id
2410 481 2514 519 non
2559 466 2866 535 nuptiarum
2914 467 3228 524 earumdem
3267 472 3480 544 culpam

175 568 428 623 otnniuut
467 569 728 639 gentium,
785 566 893 622 imo
943 567 1108 621 etiam
1152 575 1208 622 et
1248 565 1543 621 belluarum
1583 577 1648 616 ac
1696 562 1771 616 in-

175 661 519 719 sensibilium
536 663 731 732 pariter
753 677 929 718 rerum
953 661 1205 717 charitati
1222 659 1432 715 cuidam
1451 666 1772 729 congruunt;

180 756 326 813 unde
345 771 499 811 num.
517 756 573 822 5,
598 766 1014 812 commemorata
1031 755 1263 828 quadam
1281 753 1558 810 charitatis
1571 753 1772 822 specie,

177 868 302 923 qua:
334 851 468 922 ipsis
502 850 808 916 elementis,
839 851 967 906 dum
1016 851 1155 906 inter
1194 863 1254 905 se
1301 863 1361 904 se
1405 847 1772 910 continentur,

176 949 366 1004 inesse
389 945 714 1016 concipitur,
743 945 1019 1001 concludit
1047 945 1149 1001 hac
1177 943 1414 1013 generali
1462 944 1728 999 sententia
1760 958 1772 994 :

180 1039 338 1094 Nihil
363 1050 442 1094 est
461 1055 691 1110 prorsus,
723 1039 860 1110 quod
883 1039 994 1093 sine
1017 1037 1115 1092 hac
1139 1037 1389 1094 charitate
1404 1047 1631 1109 gratum,
1669 1037 1778 1090 sine

176 1134 276 1188 hac
320 1134 619 1203 paciﬁcum,
643 1133 752 1186 sine
780 1133 875 1186 hac
902 1131 1072 1201 ﬁdele,
1095 1132 1206 1187 sine
1236 1131 1334 1186 hac
1371 1145 1637 1196 securum,
1666 1129 1778 1184 sine

177 1227 280 1282 hac
310 1227 620 1299 gloriosum,
661 1225 771 1280 sine
793 1224 890 1278 ltac
923 1222 1032 1278 Deo
1053 1227 1320 1298 junctum,
1367 1223 1476 1277 sine
1494 1221 1592 1275 hac
1618 1220 1776 1292 possit

175 1337 289 1376 esse
338 1324 648 1392 perfectum.
695 1317 828 1384 Hinc
863 1317 1042 1386 itaque
1071 1317 1415 1387 cognoscitur
1443 1323 1636 1386 quanta
1667 1313 1776 1370 cir-

175 1411 591 1482 cumspectione
667 1408 722 1464 in
798 1408 1128 1479 explicandis
1184 1409 1419 1480 antiquis
1489 1406 1775 1479 Scriptor?—

180 1506 280 1562 bus
311 1504 580 1562 utendum
628 1504 720 1570 sit,
773 1519 841 1560 ne
886 1502 1025 1559 forte
1075 1519 1269 1559 vocum
1317 1503 1604 1572 notiones,
1653 1520 1776 1575 quae

179 1601 380 1656 nostris
449 1599 782 1670 temporibus
846 1599 1113 1664 obtinent,
1168 1600 1220 1654 in
1271 1599 1509 1668 ipsorqu
1560 1613 1775 1670 quoque

179 1704 425 1762 tempora
461 1693 876 1758 transferentes,
903 1708 968 1748 ex
1002 1694 1175 1762 iisque
1199 1709 1387 1749 eorum
1415 1709 1575 1748 voces
1606 1694 1774 1748 inter-

181 1785 474 1856 pretandas
518 1786 845 1854 iudicantes,
896 1800 1108 1841 errasse
1129 1784 1272 1852 illos,
1322 1786 1409 1840 vel
1453 1785 1772 1856 scripturam

1879 567 2110 628 spectet.
2141 558 2233 614 sed
2267 558 2674 614 incontinentia:
2704 560 3003 626 defectum,
3036 564 3127 633 qui
3170 579 3292 620 cum
3338 566 3485 637 ejus-

1879 650 2024 706 modi
2056 651 2364 720 nuptiarum
2397 667 2557 708 causa
2589 668 2712 709 esse
2741 655 3058 728 plerumque
3087 659 3259 717 soleat
3286 703 3300 727 ,
3357 677 3479 718 eas-

1877 746 2004 802 dem
2032 763 2139 802 nou
2162 746 2389 802 omnino
2415 762 2578 803 sanas
2600 748 2776 804 reddit
2800 767 2812 802 :
2837 765 2942 821 qua
2971 752 3133 818 etiam
3165 761 3375 812 ratione
3397 757 3483 812 vel

1881 839 2068 910 primae
2115 843 2338 912 nuptiae,
2371 841 2416 896 si
2444 840 2515 896 ob
2543 842 2950 898 incontinentiae
2992 847 3304 904 remedium‘
3330 865 3487 906 assu-

1878 941 2116 1000 mantur,
2138 931 2351 989 delectu
2377 933 2560 1002 aliquo
2588 948 2813 1002 prorsus
2841 951 2948 990 non
2973 947 3186 1004 vacant,
3209 952 3265 996 ut
3292 940 3349 998 8.
3373 941 3486 997 An-

1877 1027 2127 1097 gustinus
2171 1043 2237 1084 es
2279 1027 2430 1083 Pauli
2479 1028 2728 1100 epistolis
2777 1028 2952 1100 palam
2983 1033 3280 1090 convincit.
3341 1035 3488 1092 Nihil

1878 1119 2058 1191 itaque
2109 1123 2377 1178 adversus
2428 1122 2696 1179 secundas
2739 1124 2956 1195 nuptias
2990 1125 3047 1183 8.
3081 1127 3226 1184 Zeno
3267 1129 3488 1202 ingerit,

1877 1213 2021 1283 quod
2047 1231 2154 1270 non
2183 1230 2369 1271 sanam
2398 1220 2723 1274 sententiam
2752 1219 3048 1275 contineat.
3411 1209 3418 1214 ’

1953 1307 2010 1363 ln
2051 1307 2156 1364 hoc
2197 1309 2294 1364 alii
2323 1310 2529 1382 aliquot
2571 1310 2758 1368 Patres
2788 1311 2979 1369 durius
3010 1313 3180 1369 multo
3211 1314 3378 1371 locuti
3409 1317 3489 1373 in-
3525 1345 3538 1360 κ

1880 1403 2193 1470 veniuntur;
2226 1419 2350 1460 nam
2373 1405 2751 1477 Athenagoras
2781 1409 2835 1462 in
2869 1407 3161 1479 Legatione
3186 1425 3285 1480 pro
3307 1409 3495 1467 Chris-

1881 1495 2064 1563 tianis,
2098 1497 2255 1566 paulo
2283 1506 2408 1554 ante
2460 1500 2641 1566 finem,
2702 1510 2986 1571 postquam
3039 1503 3108 1559 de
3159 1518 3272 1560 suae
3316 1505 3496 1563 relatis

1877 1589 2204 1647 Christianis
2230 1591 2389 1648 tradit
2419 1610 2434 1647 :
2476 1593 2588 1658 Vel,
2617 1605 2671 1649 ut
2691 1605 2845 1651 natus
2871 1609 2947 1652 est
2979 1600 3330 1671 unusquisque
3369 1618 3493 1657 nos-

1879 1692 2034 1750 trum,
2061 1696 2250 1750 manet,
2280 1687 2358 1742 vel
2379 1687 2431 1741 in
2454 1688 2618 1742 unicis
2647 1691 2880 1760 nuptiis;
2913 1691 3093 1746 subdit
3119 1693 3378 1750 adversus
3406 1711 3499 1752 se-

1878 1776 2088 1833 cundas
2118 1793 2148 1832 a
2175 1775 2503 1834 Christianis
2547 1779 2755 1837 alienas
2789 1799 2801 1835 :
2845 1783 3102 1840 Secundte
3143 1787 3332 1859 quippe
3379 1805 3497 1859 spc-

177 1878 426 1934 codjcum
457 1887 794 1949 carruptam,
825 1893 890 1934 ac
918 1894 985 1934 ex
1023 1887 1210 1933 nostro
1238 1892 1337 1933 usu
1365 1877 1618 1949 loquendi
1648 1893 1772 1932 cor-
1805 1875 1854 1935 B
1880 1870 2076 1925 ciosum
2103 1881 2221 1926 sunt
2245 1872 2557 1928 adulterium
2579 1891 2600 1941 ,‘
2651 1874 2728 1930 ait
2767 1875 2911 1931 enim
2947 1893 2959 1929 :
2987 1877 3316 1950 Quicumque
3339 1879 3498 1934 dimi-

179 1971 460 2042 rigendam
495 1980 764 2041 putemus.
797 1969 983 2042 Itaque
1013 1970 1056 2024 si
1085 1971 1403 2026 charitatem
1428 1979 1534 2025 tam
1579 1970 1684 2025 late
1716 1971 1774 2027 8.

171 2067 323 2122 Zeno
357 2066 592 2138 accepit,
621 2076 680 2120 ut
709 2080 1106 2137 quemcumque
1135 2079 1375 2119 amorem
1399 2064 1592 2120 belluis
1616 2065 1776 2120 etiam

179 2168 235 2217 ct
273 2159 590 2215 inanimatis
632 2158 796 2214 rebus
852 2173 1194 2214 communem
1251 2157 1604 2228 intelligeret;
1659 2158 1781 2228 jure

182 2256 299 2311 sine
336 2254 604 2310 charitate
631 2251 864 2308 deﬁcere
886 2253 1020 2307 alias
1058 2253 1305 2318 virtutes,
1347 2252 1487 2307 idest
1517 2251 1676 2307 fidem
1719 2265 1783 2307 ac

184 2365 355 2420 spem,
398 2348 718 2413 afﬁrmavit.
767 2362 901 2419 quas
943 2351 1061 2404 sine
1103 2347 1290 2419 aliquo
1320 2347 1554 2418 ipsarum
1599 2361 1783 2402 amore

187 2457 283 2497 nec
311 2441 550 2513 suscipi,
587 2455 685 2497 nec
712 2440 880 2496 foveri
906 2455 1066 2508 posse
1091 2439 1441 2496 manifestum
1464 2448 1578 2504 est;
1604 2440 1782 2510 inqua

188 2535 468 2592 charitatis
501 2535 724 2591 notione
749 2535 807 2591 8.
836 2535 982 2590 Zeno
998 2550 1120 2591 cum
1145 2535 1202 2592 8.
1232 2534 1522 2590 Ambrosio
1537 2533 1786 2589 similiter

190 2631 430 2702 loquens,
464 2630 670 2686 nullam
695 2628 898 2686 erroris
929 2639 1110 2684 notam
1138 2631 1414 2685 incurrere
1442 2638 1636 2700 potest.

803 2763 1033 2822 CAPUT
1077 2764 1186 2821 νη.

265 2894 330 2934 DE
368 2892 626 2936 SECUNDIS
662 2895 893 2946 NUP‘I‘IIS,
927 2895 991 2935 ΕΤ
1032 2896 1099 2936 DE
1141 2893 1570 2936 CIIRISTIANOBUI
1609 2894 1715 2936 οωι

682 2988 1012 3029 ιηῖιυειιηυε
1049 2989 1321 3031 εοιυυοιο.

264 3085 406 3143 Inter
431 3101 674 3152 errores,
704 3102 843 3159 quos
870 3088 937 3143 ad
968 3087 1361 3160 infringendam
1384 3130 1399 3152 .
1433 3089 1478 3142 si
1507 3089 1622 3144 fieri
1665 3102 1788 3159 pos-

200 3185 317 3246 set,
343 3179 443 3236 SS.
495 3178 713 3235 Patrum
744 3181 1146 3246 auctoritatem,
1186 3179 1651 3237 lleterodoxorum
1681 3196 1787 3235 non

1881 1967 2003 2021 serit
2030 1983 2241 2024 uxorem
2265 1985 2432 2035 suam,
2455 1978 2503 2024 et
2529 1970 2731 2025 duxerit
2753 1971 2932 2034 aliam.
2965 1973 3248 2027 moechatur
3287 1990 3307 2028 :
3337 1991 3502 2045 neque

1881 2059 2026 2116 illam
2049 2060 2306 2117 dimittere
2324 2063 2642 2130 comederis,
2666 2069 2816 2138 cujus
2843 2066 3094 2122 defeberis
3129 2069 3497 2140 virginitatem,

1883 2171 1975 2208 nec
2003 2156 2160 2210 aliam
2206 2156 2422 2223 ducere;
2451 2175 2572 2212 nam
2597 2160 2686 2230 qui
2726 2176 2780 2215 se
2810 2160 2978 2231 ipsum
3005 2163 3169 2233 priori
3203 2179 3362 2218 uxore
3393 2165 3504 2232 pri-

1884 2258 1986 2314 ναι,
2039 2247 2156 2303 licet
2207 2260 2432 2316 mortua,
2485 2251 2690 2306 adulter
2735 2253 2968 2308 occultus
3017 2265 3116 2309 est.
3168 2253 3284 2310 Non
3318 2256 3501 2313 minus

1885 2351 2074 2411 mquus
2116 2342 2373 2398 secundis
2421 2344 2623 2414 nuptiis
2673 2359 2779 2401 non
2815 2347 2982 2402 nullis
3010 2348 3157 2402 visus
3186 2359 3268 2404 est
3299 2350 3358 2406 8.
3387 2349 3502 2406 Ire-

1887 2448 2059 2499 nmus,
2087 2448 2212 2488 cum
2248 2434 2340 2489 lib.
2371 2451 2428 2491 Ill
2451 2435 2519 2491 de
2568 2436 2796 2501 llmres.,
2831 2454 2882 2496 c.
2931 2439 3027 2504 l9,
3061 2444 3320 2513 scriptum
3375 2443 3505 2499 reli-

1888 2526 2006 2595 quit
2044 2543 2055 2578 :
2102 2526 2450 2583 Samaritana:
2495 2529 2574 2584 illi
2599 2531 3026 2602 prwuaricatrici,
3049 2550 3165 2604 quia
3187 2537 3361 2590 inuno
3391 2537 3502 2592 uiro

1889 2635 1990 2673 non
2020 2621 2230 2690 mansit,
2260 2620 2352 2674 sed
2375 2622 2632 2692 fornicata
2665 2634 2740 2678 est
2769 2626 2943 2680 multis
2985 2628 3181 2698 nuptiis
3205 2671 3220 2696 ,
3250 2630 3344 2684 sed
3379 2646 3503 2700 per-

1890 2726 2110 2783 peram;
2142 2729 2264 2768 nam
2295 2713 2364 2769 de
2392 2713 2736 2772 Samaritana
2769 2718 2860 2772 illa
2889 2719 3208 2790 Evangelica
3264 2721 3352 2778 hic
3393 2738 3506 2780 ser-

1893 2822 1982 2861 mo
2000 2817 2104 2870 est,
2125 2823 2244 2878 qua:
2265 2824 2374 2865 non
2407 2807 2588 2880 plures
2617 2812 2948 2870 successivas
2977 2821 3188 2885 nuptias
3212 2815 3385 2882 inivit,
3406 2817 3504 2874 sed

1893 2901 2076 2973 plures
2103 2902 2253 2960 viros
2281 2904 2441 2959 simul
2473 2903 2659 2961 habuit
2702 2921 2934 2978 quorum
2964 2907 3166 2965 nemini
3191 2922 3451 2981 nupserat
3485 2953 3500 2977 ,

1890 3008 1954 3051 ac
1992 2994 2218 3063 proinde
2249 3011 2355 3052 non
2378 2997 2649 3054 secundas
2669 2999 2752 3054 vel
2797 2999 3124 3069 multiplices
3178 3004 3392 3076 nuptias
3425 3003 3500 3061 ibi

1895 3089 2283 3159 reprehendit,
2325 3092 2418 3148 scd
2472 3093 2752 3151 mulierem
2801 3095 3033 3165 pluriunt
3075 3096 3495 3155 fornicationutn

1897 3199 2042 3240 ream
2077 3204 2088 3239 :
2123 3186 2248 3242 licet
2279 3187 2502 3252 Auctor,
2557 3199 2748 3258 quaest.
2781 3191 2850 3245 59
2899 3189 2964 3245 ad
2993 3191 3319 3248 Antiochum
3359 3193 3500 3250 inter

203 3274 328 3329 nulli
357 3289 422 3330 ex
475 3274 720 3345 ipsorum
767 3274 984 3345 scriptis
1030 3274 1402 3347 agglomerare
1447 3284 1503 3331 ct
1554 3275 1789 3344 objiecre
1816 3273 1862 3336 C
1895 3277 2072 3347 Opera
2100 3278 2158 3335 S.
2192 3279 2472 3336 Athanasii
2501 3322 2512 3344 ,
2539 3284 2776 3353 quinque
2809 3283 3018 3354 priores
3045 3285 3165 3355 ejus
3193 3287 3338 3343 viros
3365 3288 3500 3359 legi-

204 3366 431 3433 studeut,
466 3367 560 3424 ille
590 3378 671 3424 est
701 3384 808 3423 non
855 3368 1110 3424 minimus
1134 3411 1148 3436 ,
1176 3369 1321 3440 quod
1349 3386 1377 3423 a
1408 3370 1682 3426 nonnullis
1709 3386 1800 3426 se-

203 3458 410 3525 cundaz,
437 3468 497 3515 et
527 3459 912 3532 multomagis,
943 3473 1176 3531 quarta),
1206 3470 1261 3516 ct
1295 3462 1501 3532 plures,
1531 3462 1796 3520 successi-

207 3569 284 3608 vaz
310 3554 686 3624 licet,'nupti:c
725 3555 893 3611 veluti
913 3555 1221 3612 criminosa:
1252 3556 1462 3612 traduci
1492 3557 1798 3612 videantur.

209 3647 347 3705 later
391 3649 494 3704 hos
541 3658 718 3704 autem
776 3648 964 3704 Patres
1013 3665 1159 3705 cum.
1199 3647 1257 3704 8.
1301 3649 1448 3704 Zeno
1486 3648 1538 3703 in
1579 3649 1799 3705 easdem

207 3727 395 3799 acriter
429 3742 768 3814 peroraverit
805 3750 1033 3798 tractatu
1087 3742 1386 3814 prmsertim
1420 3742 1453 3797 ὕ
1502 3741 1596 3798 lib.
1631 3758 1668 3808 I,
1698 3743 1801 3797 litt-

205 3832 353 3904 jusce
401 3835 603 3902 capitis
652 3835 904 3890 vindicia:
957 3835 1437 3906 praetermittenda
1491 3835 1646 3890 nobis
1691 3851 1798 3892 non

209 3935 331 3981 sunt
372 3944 388 3980 :
439 3941 564 3983 cum
620 3925 961 3997 potissimum
991 3943 1059 3983 ex
1087 3926 1387 3983 rationibus
1430 3927 1498 3984 ab
1526 3943 1592 3983 eo
1623 3927 1802 3983 allatis

211 4019 402 4090 aliquid
451 4020 578 4075 novi
626 4018 811 4074 afferri
864 4021 1068 4090 possit,
1123 4019 1264 4075 unde
1319 4035 1511 4076 sanum
1545 4035 1651 4076 non
1695 4031 1801 4076 tam

213 4111 344 4181 ejus,
374 4128 536 4184 quam
576 4120 899 4168 ceterorum
925 4125 1138 4182 quoque
1165 4111 1382 4167 Patrum
1411 4113 1717 4179 consilium,
1741 4129 1805 4170 ac

215 4204 340 4260 satis
365 4220 536 4277 requa:
587 4203 839 4262 vindicia:
887 4203 1233 4276 colligantur,
1275 4204 1470 4276 quibus
1499 4220 1690 4261 omnes
1718 4221 1808 4262 ac-

215 4298 508 4368 quiescant,
535 4289 768 4371 qui'non
799 4298 1147 4370 praejudicato
1169 4299 1224 4353 in
1256 4298 1442 4355 Patres
1464 4300 1650 4355 animo
1672 4339 1686 4366 ,
1711 4298 1804 4354 sed

217 4391 416 4448 ratione
449 4392 738 4449 ducantur.
770 4390 971 4448 Verum
1025 4400 1083 4447 ut
1119 4390 1187 4448 de
1231 4402 1418 4450 nostro
1468 4395 1703 4449 Auctore
1754 4393 1806 4448 in

218 4487 398 4556 prioris
423 4502 490 4544 ac
511 4487 782 4560 prmcipue
813 4485 1056 4543 dicamus
1081 4528 1097 4552 ,
1131 4485 1221 4542 bic
1246 4501 1366 4542 cum
1400 4495 1558 4543 tract.
1585 4487 1642 4554 5,
1678 4502 1808 4543 con-

219 4579 492 4637 tinentiam
519 4579 1003 4637 commendandam
1034 4579 1139 4636 sibi
1170 4578 1494 4650 sumpsisset
1519 4597 1533 4646 ;
1565 4588 1810 4636 contem-

1903 3368 2067 3427 titnos
2097 3381 2266 3440 putet.
2317 3371 2468 3428 Adde
2509 3372 2650 3443 quod
2683 3387 2781 3442 pro
2809 3375 3000 3446 nuptiis
3029 3376 3119 3430 alii
3168 3377 3386 3434 codices
3419 3379 3498 3434 le-

1901 3470 2034 3532 gunt
2085 3462 2289 3534 impiis,
2336 3479 2442 3534 quo
2501 3464 2670 3534 magis
2711 3465 2884 3521 multo
2922 3465 3214 3524 difficultas
3262 3470 3504 3528 eliditur.

1903 3555 2265 3623 Athenagora:
2282 3556 2500 3626 propius
2523 3556 2810 3613 concinere
2835 3556 3048 3615 videtur
3073 3558 3328 3619 Clemens
3343 3563 3510 3620 Alex-

1905 3644 2163 3701 andrinus
2189 3687 2204 3714 ,
2247 3647 2337 3718 qui
2364 3646 2456 3702 lib.
2513 3664 2548 3704 lt
2579 3648 2862 3716 Stromat.,
2893 3665 3013 3721 pag.
3041 3651 3144 3708 421
3184 3672 3197 3706 :
3235 3653 3510 3712 Matrimo-

1905 3738 2134 3791 monium
2175 3747 2280 3805 est,
2311 3738 2483 3808 inquit
2507 3781 2520 3803 ,
2549 3741 2736 3810 prima,
2769 3752 2816 3795 et
2843 3745 3126 3799 secundum
3152 3745 3312 3815 legem
3342 3749 3436 3803 uiri
3463 3759 3513 3806 et

1906 3831 2138 3884 mulieris
2165 3833 2495 3899 Coniunctio;
2527 3843 2582 3890 et
2607 3834 2700 3890 lib.
2737 3851 2814 3904 Ill,
2843 3852 2962 3908 pag.
2983 3839 3089 3894 457
3113 3857 3124 3892 :
3150 3837 3514 3915 Unusquisque

1907 3936 2133 3980 nostrum
2155 3925 2307 3981 habet
2327 3967 2343 3995 ,
2366 3928 2411 3982 si
2438 3927 2575 3992 uelit,
2605 3939 2904 3998 potestatem
2929 3948 3139 3988 uxorem
3167 3935 3390 4006 legitmtc
3418 3938 3515 3992 du-

1907 4019 2073 4086 cendi,
2107 4020 2160 4074 in
2183 4021 2382 4091 primis,
2414 4022 2644 4093 inquam,
2674 4024 2906 4094 nuptiis;
2933 4040 2997 4080 ex
3032 4025 3228 4098 quibus
3257 4028 3389 4084 locis
3420 4046 3516 4102 ap-

1908 4120 2062 4182 paret
2091 4112 2138 4167 ei
2173 4113 2392 4183 priurum
2441 4113 2616 4170 solum
2660 4115 3078 4181 coniunctionem,
3107 4119 3516 4178 matrimonium

1911 4203 2097 4259 haberi
2130 4203 2448 4276 legitimum,
2504 4221 2612 4262 non
2659 4209 2951 4265 secundani
2979 4253 2995 4278 ,
3040 4211 3180 4268 unde
3211 4229 3333 4286 pag.
3364 4213 3468 4270 404
3502 4233 3514 4268 :

1911 4297 2209 4354 Fornicatio
2251 4309 2325 4354 est
2350 4301 2413 4355 ab
2444 4317 2545 4356 uno
2577 4301 2904 4358 matrimonio
2931 4305 3002 4359 ad
3048 4307 3201 4375 plura
3232 4309 3520 4380 prolapsio.

1911 4391 2178 4447 Minucius
2225 4391 2378 4448 Felix
2409 4408 2515 4450 non
2565 4395 2888 4453 ahsimiliter
2924 4397 3063 4454 inter
3091 4401 3347 4457 adulteria
3369 4402 3519 4459 Cen-

1913 4485 2046 4539 tium
2068 4499 2356 4541 recensere
2378 4484 2592 4542 videtur
2617 4488 2801 4558 plures
2820 4491 3056 4558 nuptias,
3083 4507 3216 4562 quas
3247 4509 3352 4549 non
3381 4496 3520 4553 nulli

1913 4578 2052 4647 apud
2084 4578 2206 4633 illos
2234 4578 2472 4645 inibant;
2501 4580 2580 4634 sic
2610 4580 2753 4637 enim
2784 4581 2836 4636 in
2863 4583 3099 4654 Dialogo,
3122 4595 3244 4655 post
3275 4588 3514 4645 medium

219 4677 319 4747 ptis
355 4674 1060 4747 pluriumoblocutionihus
1090 4690 1223 4747 quas
1275 4675 1625 4732 adnotatione
1647 4673 1683 4728 2
1709 4689 1793 4730 ex-

1918 4687 2068 4726 num.
2101 4670 2174 4726 24
2203 4687 2216 4724 :
2247 4670 2366 4726 Alia
2403 4688 2552 4727 sacra
2579 4685 2788 4730 coronat
2816 4676 3050 4746 univira,
3079 4678 3187 4733 alia
3216 4680 3476 4736 multivira
3502 4725 3518 4751 ,

221 4769 548 4839 plicavimus,
604 4771 782 4842 primo
818 4768 1180 4838 virginitatem
1223 4767 1554 4839 persuadere
1597 4767 1807 4833 studet;

224 4869 328 4916 tum
359 4877 490 4919 vero
517 4861 788 4918 vidualem
817 4859 1206 4917 continentiam
1257 4871 1608 4932 promoturus
1629 4901 1645 4927 ,
1673 4874 1808 4915 eon¢

223 4962 298 5009 tra
326 4955 592 5012 secundas
619 4953 840 5026 quidem
885 4952 1099 5025 nuptias
1144 4967 1295 5008 num.
1330 4951 1368 5006 4
1417 4961 1473 5009 et
1518 4953 1554 5008 5
1591 4951 1813 5010 disserit

226 5047 449 5116 aliquid;
480 5058 536 5104 at
563 5063 658 5105 eas
688 5048 928 5103 rationes
959 5054 1165 5102 tantum
1193 5044 1464 5113 inculcat,
1494 5045 1691 5117 quibus
1718 5060 1813 5102 eas

227 5141 414 5207 vidum,
442 5159 562 5212 qua:
595 5143 738 5196 filios
780 5139 998 5205 habeat,
1047 5155 1278 5209 qumque
1308 5138 1482 5201 virum
1513 5155 1578 5195 ex
1608 5140 1774 5196 corde
1796 5181 1810 5204 ,

231 5249 331 5289 non
377 5236 501 5292 ticte
545 5232 799 5290 dilexerit
847 5241 904 5288 et
951 5231 1401 5300 conclamaverit,
1447 5233 1629 5298 minus
1679 5246 1814 5289 con-

233 5341 404 5397 grtias,
420 5344 518 5384 nec
548 5327 887 5385 necessarias
905 5325 1183 5391 ostendat,
1213 5323 1329 5398 [cx]
1349 5339 1455 5381 non
1480 5325 1678 5397 quibus
1697 5325 1817 5380 iuli-

234 5420 588 5477 citasstatuat.
611 5420 726 5477 imo
744 5434 873 5476 vero
898 5420 999 5475 sub
1023 5418 1146 5474 iuit.
1178 5433 1328 5473 nutu.
1357 5421 1413 5486 4,
1444 5433 1608 5474 unum
1640 5419 1817 5474 locum

237 5509 377 5570 Pauli
404 5528 682 5586 opponens
709 5513 798 5569 ubi
829 5511 968 5569 nihil
994 5513 1096 5568 nisi
1123 5528 1189 5569 ex
1213 5510 1446 5568 consitio
1484 5511 1817 5583 praecipitur,

237 5622 388 5668 uuam
417 5613 747 5670 obseruantia
781 5613 1142 5684 perfectionem
1169 5611 1224 5667 in
1245 5609 1430 5667 divino
1455 5609 1601 5666 cultu
1636 5620 1820 5666 custo-

241 5703 474 5764 diendam
518 5707 896 5767 commendat:
941 5715 998 5764 et
1043 5707 1264 5764 ineunte
1307 5721 1458 5762 num.
1505 5704 1540 5761 6
1569 5705 1708 5760 inter
1731 5719 1818 5760 res

244 5817 392 5874 prope
416 5820 569 5860 sanas
596 5800 862 5860 secundas
915 5801 1129 5871 nuptias
1173 5809 1360 5872 aperte
1388 5798 1579 5865 refert,
1611 5798 1662 5854 in
1693 5798 1815 5870 qui-

249 5891 340 5951 bus
377 5895 650 5953 immorari
680 5893 878 5950 diutius
907 5893 1080 5950 noluit
1110 5911 1122 5948 :
1153 5893 1240 5950 ubi
1273 5896 1328 5950 τὸ
1359 5909 1518 5966 prope
1545 5895 1815 5950 nemiuem

1912 4775 1961 4820 et
1991 4781 2180 4834 magna
2203 4764 2453 4837 religione
2471 4769 2810 4839 conquiritur,
2853 4787 2970 4842 qua:
2995 4771 3150 4842 plura
3175 4777 3336 4845 possit
3369 4776 3525 4832 adul—

1914 4857 2043 4912 teria
2068 4874 2371 4924 numerare;
2415 4874 2480 4915 ac
2522 4876 2673 4917 num.
2705 4863 2808 4929 51,
2840 4863 3178 4922 Christianos
3218 4868 3370 4924 unico
3396 4885 3528 4926 con—

1908 4952 2081 5025 jugio,
2112 4963 2206 5009 aut
2235 4954 2382 5008 nullo
2427 4955 2504 5010 uti
2539 4965 2790 5014 testatur.
2841 4957 2933 5014 llis
2963 4959 3246 5018 addendus
3271 4962 3528 5036 antiquus

1915 5056 2105 5105 auctor
2139 5049 2334 5120 Operis
2383 5050 2688 5120 imperfecti
2735 5053 2787 5107 in
2829 5052 3017 5108 Matth.
3077 5055 3268 5112 homil.
3307 5057 3418 5127 32,
3468 5060 3521 5116 iu

1918 5155 2035 5213 cap.
2072 5158 2163 5198 χιχ
2187 5184 2202 5208 ,
2231 5143 2322 5214 qui
2366 5144 2634 5202 secundas
2679 5146 2892 5217 nuptias
2923 5163 3093 5203 ueram
3136 5150 3529 5221 fornicationem

1920 5235 2192 5305 appellat.
2225 5251 2322 5292 seu
2351 5237 2741 5308 fornicationem
2768 5240 3066 5310 honestam;
3097 5243 3176 5298 sic
3221 5246 3366 5302 enim
3411 5247 3486 5302 ait
3515 5265 3528 5302 :

1922 5331 2159 5400 Apostoli
2191 5343 2544 5403 praeceperunt
2588 5334 2840 5390 secundas
2884 5336 3030 5392 adire
3075 5340 3285 5408 nuptias
3325 5350 3535 5410 propter

1924 5423 2344 5480 incontinentiam
2387 5423 2650 5481 hominum
2693 5444 2712 5483 :
2757 5445 2876 5483 nam
2901 5431 3181 5486 secundum
3211 5432 3415 5495 quidem
3445 5449 3535 5488 ac-

1925 5520 2114 5587 cipere,
2141 5519 2421 5574 secundum
2459 5531 2771 5591 prmeeptum
2817 5521 3052 5590 Apostoli
3097 5532 3213 5588 est;
3251 5525 3532 5579 secundum

1925 5621 2097 5667 autem
2123 5613 2354 5668 ueritatis
2382 5613 2635 5669 rationem
2663 5630 2776 5669 rere
2813 5616 3085 5685 fornicatio
3111 5624 3185 5668 est
3213 5629 3233 5670 :
3269 5616 3363 5670 sed
3407 5616 3534 5672 dum

1926 5706 2244 5778 permittente
2276 5704 2388 5761 Deo
2417 5694 2617 5776 publice
2642 5715 2690 5760 et
2710 5706 2922 5760 licenter
2951 5706 3306 5774 committitur,
3339 5708 3400 5778 fit
3438 5707 3535 5764 Ito-

1927 5809 2070 5854 uesta
2098 5799 2392 5871 fornicatio.
2428 5797 2612 5870 Neque
2642 5796 3051 5870 praetereundus
3079 5809 3226 5856 esset
3269 5801 3533 5874 Origenes

1927 5891 2191 5948 homil.”
2205 5891 2258 5946 in
2277 5891 2494 5959 Lucam,
2514 5907 2636 5947 cum
2658 5891 2898 5962 bigamos
2911 5898 2962 5948 ct
2979 5893 3065 5963 pol
3073 5910 3292 5967 ygatnos
3309 5913 3525 5955 succes-
