3998 6332
438 283 532 362 ιὲι
1801 271 2037 349 auom

2144 288 2332 348 IENA.

3637 298 3736 358 152

430 420 620 474 sit/osa
647 416 737 471 Dei
764 432 920 487 regno
939 415 1190 471 exclusos
1217 411 1404 475 tradit,
1433 409 1714 482 inquiens:
1741 407 1895 463 Nunc
1911 425 2029 463 vero
2059 415 2108 475 Α
2136 407 2332 462 cranda
2358 408 2481 471 sint,
2500 400 2612 475 jam
2645 415 2877 461 correcta
2903 406 3006 461 sint
3036 408 3252 463 crimina
3277 425 3296 475 ;
3324 408 3415 465 ubi
3438 425 3734 473 sermonem

431 523 477 566 et
507 514 743 567 secunda:
771 519 819 565 et
863 512 1027 565 tertitc
1056 520 1101 565 et
1131 520 1324 579 quarta:
1349 508 1546 574 nuptite
1568 548 1583 572 ,
1623 515 1679 558 ut
1711 505 1774 560 de
1800 503 2036 575 pluribus

431 612 647 670 taceant,
681 603 1044 671 reperiuntur;
1073 609 1120 655 et
1150 617 1250 654 non
1273 601 1570 671 ignoramus
1595 641 1608 662 ,
1632 598 1765 668 quod
1789 597 1890 650 tale
1909 612 2033 650 cou-

425 699 632 769 jugium
651 698 813 770 ejiciet
831 713 924 751 nos
938 697 1001 750 de
1027 711 1185 766 regno
1218 695 1329 749 Dei.
1353 694 1458 750 Sed
1476 693 1521 747 si
1545 692 1792 762 legantur
1805 701 2033 754 caetera;

431 792 613 844 statim
642 792 945 865 apparebit,
979 789 1268 860 Origenem
1292 790 1436 860 regni
1459 786 1558 842 Dei
1587 788 1806 843 nomine
1839 785 2038 841 intelli-

427 897 556 952 gere
581 883 966 952 perfectionem
998 883 1144 937 illam
1177 892 1230 936 et
1251 896 1507 954 coronam
1528 921 1542 946 ,
1567 895 1690 950 qua:
1715 880 1932 949 propria
1955 885 2038 933 est

431 974 697 1045 virginum
723 985 776 1030 et
806 976 1226 1040 continentium,
1269 974 1359 1044 qui
1393 989 1556 1027 ttnum
1579 971 1890 1043 conjugium
1920 985 2038 1025 ser-

429 1077 659 1132 varunt;
705 1084 828 1123 nam
875 1069 1166 1138 sequitur:
1220 1065 1355 1122 Puto
1401 1067 1537 1120 enim
1587 1078 1951 1136 monogamum
1989 1071 2038 1117 et

426 1160 675 1230 virginem
725 1171 772 1214 et
804 1177 920 1214 eum
962 1161 1047 1232 qui
1088 1164 1141 1214 in
1169 1159 1473 1214 castimonia
1493 1166 1800 1228 perseverat,
1829 1172 1937 1210 esse
1974 1153 2039 1210 de

433 1249 670 1305 Ecclesia
701 1251 837 1318 Dei;
879 1269 992 1307 eum
1021 1270 1162 1319 vero,
1195 1251 1282 1319 qui
1308 1253 1375 1305 sit
1405 1250 1640 1320 bigatntts
1662 1289 1680 1314 ,
1706 1249 1822 1303 licet
1853 1247 2038 1302 bonam

428 1343 611 1398 habeat
659 1347 1094 1400 conversationem
1120 1386 1135 1412 ,
1185 1355 1232 1400 et
1281 1343 1476 1400 ueteris
1503 1341 1772 1397 virtutibus
1815 1340 2034 1409 polleat,

427 1447 597 1492 tamen
621 1454 720 1490 non
741 1453 848 1492 esse
880 1438 944 1491 de
988 1437 1244 1505 Ecclesia,
1293 1449 1340 1491 et
1365 1436 1428 1490 de
1469 1453 1527 1489 eo
1556 1450 1788 1500 numero,
1819 1434 1906 1505 qui
1932 1449 2038 1487 non

430 1531 577 1586 habet
625 1547 809 1602 rugam
848 1541 938 1586 aut
965 1530 1224 1584 maculam
1262 1539 1350 1584 aut
1385 1528 1581 1598 aliquid
1607 1526 1920 1591 istiusmodi,
1949 1525 2039 1579 sed

428 1641 535 1678 esse
563 1623 628 1678 de
665 1623 890 1679 secundo
942 1622 1110 1694 gradu
1150 1632 1196 1677 et
1235 1623 1300 1676 de
1329 1622 1433 1690 Itis,
1475 1621 1562 1691 qui
1590 1620 1826 1674 invocant
1845 1614 2040 1672 'uomen
2083 1640 2087 1646 -

429 1715 660 1784 Domini,
685 1726 733 1770 et
761 1716 846 1784 qui
872 1716 1138 1770 salvantur
1159 1709 1367 1786 quidem
1393 1715 1448 1768 in
1477 1713 1680 1768 nomine
1705 1709 1740 1764 Ι
1745 1727 1834 1764 esu
1860 1708 2040 1764 Chris-

2141 499 2398 555 adverstts
2441 499 2629 554 tertias
2659 514 2720 553 at:
2771 499 2952 569 plures
2999 499 3216 570 nuptias
3255 503 3590 574 aggreditur,
3613 523 3736 578 quas

2139 595 2357 650 crimina
2382 609 2495 648 uere
2519 597 2832 649 exsecranda
2875 595 3175 664 appellatas
3204 596 3382 652 vides.
3429 597 3548 654 Non
3579 603 3737 659 multo

2139 687 2462 745 absimiliter
2503 687 2562 744 S.
2607 687 2840 744 Basilius
2880 689 3110 758 epistola
3147 671 3318 758 prima
3374 693 3632 749 canonica
3675 696 3738 751 ad

2138 780 2602 851 Amphilochium,
2656 797 2778 838 can.
2833 780 2900 848 4,
2953 780 3213 852 quidquid
3266 785 3578 853 nuptiarum
3628 797 3740 854 post

2138 876 2427 946 bigamiam
2454 875 2816 940 contrahitur,
2849 893 2949 930 non
2979 877 3296 945 conjugium,
3330 877 3422 932 sed
3452 879 3740 950 castigatam

2139 969 2530 1039 fornicationem
2574 981 2760 1033 vocat;
2822 979 2877 1024 et
2929 985 3051 1021 can.
3097 968 3167 1023 50
3216 968 3380 1025 hasce
3429 970 3740 1041 multiplices

2140 1063 2357 1131 nuptias
2388 1062 2638 1118 Ecclesia:
2658 1063 3044 1133 inquinamenta
3075 1065 3341 1118 nominat.
3365 1062 3423 1119 S.
3459 1063 3739 1135 Gregorius

2141 1156 2512 1212 Nazianccnus
2530 1157 2753 1212 orat.57
2773 1158 2824 1212 itt
2844 1155 2974 1212 illud
2993 1155 3272 1226 Evangelii
3301 1176 3314 1209 ;
3347 1154 3479 1210 Cum
3508 1173 3737 1211 consum-

2140 1259 2325 1304 masset
2350 1247 2503 1304 Jcsus
2533 1251 2625 1304 ltos
2669 1266 2924 1305 sermones
2952 1289 2966 1313 ,
3011 1248 3330 1319 expendetts
3362 1248 3479 1305 huzc
3508 1251 3739 1321 Apostoli

2138 1341 2305 1397 verba
2359 1341 2428 1397 ad
2471 1342 2675 1412 Ephes.
2722 1344 2755 1399 5
2812 1360 2824 1395 :
2885 1341 3284 1398 Sacramentttm
3341 1343 3440 1398 Itttc
3509 1360 3738 1415 magnum

2140 1447 2213 1492 est
2278 1453 2296 1490 :
2355 1454 2446 1509 ego
2513 1449 2684 1493 autent
2747 1438 2861 1491 dico
2915 1438 2967 1492 in
3022 1435 3229 1492 Christo
3273 1445 3322 1491 et
3372 1438 3427 1492 in
3477 1435 3736 1504 Ecclesia,

2141 1534 2216 1585 ait
2242 1548 2255 1584 :
2302 1530 2415 1584 llac
2442 1533 2673 1586 oratione
2697 1533 2947 1587 secundas
2973 1532 3180 1602 nuptias
3209 1531 3341 1585 milii
3385 1532 3642 1603 deprecari
3672 1535 3738 1588 vi-

2141 1624 2309 1677 detur.
2343 1625 2403 1680 Si
2431 1627 2572 1679 enim
2599 1625 2699 1678 duo
2722 1623 2913 1679 Christi
2939 1635 3080 1691 sunt,
3132 1625 3237 1679 duo
3289 1642 3493 1696 quoque
3536 1627 3660 1691 viri;
3699 1628 3739 1680 si

2139 1725 2310 1770 autent
2339 1732 2470 1770 unus
2492 1716 2728 1772 Christus
2755 1733 2912 1771 unum
2943 1716 3189 1771 Ecclesiw
3213 1727 3374 1786 caput
3392 1759 3406 1783 ,
3455 1735 3557 1772 una
3600 1719 3740 1772 etiam

428 1810 488 1874 ti,
519 1827 839 1880 nequaquam
862 1821 1030 1864 tamen
1059 1818 1372 1863 coronantur
1413 1809 1475 1861 ab
1499 1823 1579 1873 eo,
1623 1814 1730 1860 etc.
1764 1802 1898 1858 llittc
1930 1803 2031 1856 lto-
2063 1823 2112 1882 Β
2139 1827 2259 1865 caro
2289 1813 2376 1874 δη,
2406 1813 2630 1865 secunda
2655 1820 2826 1865 autem
2876 1821 3168 1882 τεερκαιην,
3205 1811 3360 1878 Quod
3406 1813 3450 1865 εί
3477 1811 3739 1866 secundum

425 1904 543 1958 mil.
611 1905 672 1960 l9
713 1905 763 1958 itt
795 1903 998 1959 Jerem.
1050 1919 1160 1958 non
1209 1914 1414 1958 aeterno
1461 1900 1822 1957 addicendum
1872 1897 2035 1953 tradit

424 1995 694 2066 supplicio
726 1995 998 2067 bigamuttt
1023 2036 1036 2060 ,
1073 1995 1168 2050 sed
1197 1995 1391 2049 salutis
1419 1991 1646 2062 alicujus
1674 1990 1993 2062 participem
2015 2026 2030 2049 ,

424 2105 534 2144 non
568 2099 748 2144 tamen
797 2098 961 2143 tanta:
985 2129 1001 2156 ,
1056 2095 1316 2159 quantam
1345 2087 1437 2157 qui
1483 2085 1774 2140 continens
1802 2084 2031 2149 vixerit,

423 2190 765 2252 assequetur.
845 2180 980 2238 Vide
1050 2180 1212 2236 etiam
1273 2179 1424 2234 hom.
1474 2178 1545 2233 27
1620 2179 1672 2232 itt
1742 2177 2032 2232 Joannem.

423 2275 567 2330 Inter
597 2274 659 2330 P.
693 2275 754 2330 P.
783 2274 1082 2330 catholicos
1115 2273 1511 2330 Tertullianuut
1543 2273 1760 2328 tandem
1809 2289 1915 2326 non
1943 2287 2036 2340 ap—

425 2369 771 2441 pellavimus.
817 2370 908 2441 qtti
964 2370 1018 2423 in
1064 2367 1204 2423 libro
1235 2367 1306 2423 de
1354 2367 1694 2438 Monogamia
1741 2365 2035 2436 bigatniam

422 2473 611 2535 aperte
641 2463 864 2520 damnat
900 2481 912 2517 :
947 2477 1095 2529 nam,
1129 2470 1189 2517 ut
1214 2462 1521 2517 observavit
1551 2461 1610 2518 S.
1645 2460 1868 2516 l-lieron.
1898 2455 2034 2530 [est]

419 2558 474 2612 itt
507 2572 628 2628 cap.
663 2574 679 2612 ι
718 2557 893 2628 Epist.
937 2556 1004 2611 ad
1047 2556 1250 2622 Titum,
1286 2571 1410 2612 eum
1437 2555 1635 2610 librum
1664 2552 2033 2608 Tertullianus

422 2653 667 2724 scripsit,
699 2669 823 2708 cum
852 2663 998 2708 esset
1030 2651 1322 2708 htereticus
1352 2649 1700 2714 Montanista,
1733 2631 1888 2717 cujus
1917 2660 2038 2701 sec-

426 2756 492 2800 tte
544 2746 632 2800 hic
687 2747 826 2801 inter
854 2756 1085 2801 caeteros
1116 2759 1272 2801 error
1317 2743 1438 2809 fuit,
1479 2742 1673 2798 eodem
1707 2740 2038 2811 Hieronymo

424 2850 585 2905 teste,
613 2851 669 2894 ut
698 2840 920 2894 secunda
959 2841 1286 2892 matrimonia
1311 2838 1375 2892 ab
1408 2835 1657 2890 Ecclesia:
1680 2835 2040 2889 communione

425 2933 745 3000 prohibenda
789 2943 1135 3002 putarentur.
1164 2931 1537 3000 l’rwterquam
1583 2926 1727 2999 quod
1754 2923 2041 2981 Tertullia-

425 3041 496 3079 no
529 3025 789 3082 ltteretico
814 3024 1187 3079 Tertullianus
1213 3021 1514 3076 catholicus
1542 3017 1907 3088 opponendus
1930 3027 2036 3084 est,

427 3121 519 3191 qui
569 3119 623 3174 itt
676 3120 770 3173 lib.
807 3134 841 3172 ιι
881 3117 946 3172 ad
978 3115 1238 3183 Uxorem,
1284 3115 1408 3184 ipsi,
1476 3113 1522 3166 si
1585 3110 1870 3166 continere
1917 3117 2042 3179 post

2141 1903 2396 1974 prohibet,
2440 1903 2502 1958 de
2553 1904 2703 1958 tertia
2743 1903 2867 1974 quid
2906 1904 3182 1958 dicendum
3222 1905 3344 1959 est?
3390 1903 3626 1960 Primum
3665 1906 3741 1959 lex

2141 2007 2234 2060 est,
2266 1996 2550 2050 secundum
2603 1998 2750 2050 uenia
2777 2006 2820 2050 et
2851 1997 3194 2068 indulgentia,
3227 1998 3437 2052 tertium
3463 1997 3695 2069 iniquitas
3722 2011 3738 2050 :

2138 2089 2227 2154 qui
2249 2099 2419 2142 autem
2449 2091 2588 2143 hunc
2615 2105 2884 2144 numeum
2931 2090 3156 2158 excedit,
3192 2092 3446 2155 porcinus
3473 2091 3624 2161 plane
3646 2099 3734 2144 est.

2142 2179 2336 2236 Viden’
2362 2180 2628 2237 secundas
2655 2181 2872 2252 quidem
2914 2187 3129 2253 nuptias
3173 2184 3352 2254 primo
3394 2181 3738 2256 reprehendi,

2142 2287 2198 2330 at
2223 2278 2370 2331 uenia
2399 2286 2444 2332 et
2467 2276 2790 2348 indulgentia
2838 2275 3029 2348 dignas
3058 2281 3274 2334 censeri
3301 2316 3318 2344 ,
3355 2278 3543 2334 tertias
3573 2286 3738 2334 autem

2141 2372 2406 2443 iniquitati
2435 2373 2603 2439 verti,
2637 2371 2785 2427 etde
2816 2373 3038 2442 reliquis
3086 2372 3240 2444 pejus
3274 2374 3449 2430 multo
3483 2371 3739 2443 judicari?

2142 2482 2208 2521 ex
2233 2482 2338 2536 quo
2362 2465 2682 2520 Nazianzeni
2714 2466 3028 2526 testimonio
3068 2467 3201 2522 nihil
3235 2466 3582 2534 dubitamus,
3620 2465 3738 2536 quin

2142 2576 2262 2616 eam
2305 2561 2631 2615 sententiam
2683 2569 2960 2615 mutuatus
2989 2562 3060 2615 sit
3108 2561 3221 2616 Leo
3251 2560 3482 2632 Sapiens
3511 2563 3562 2618 itt
3595 2561 3702 2630 lege
3723 2597 3737 2624 ,

2142 2671 2264 2725 quae
2292 2653 2604 2709 inscribitur
2634 2652 2865 2710 Femina:
2897 2653 2954 2709 (ὲ.
2981 2656 3044 2709 de
3073 2655 3311 2708 secundis
3337 2654 3530 2724 nuptiis
3569 2667 3588 2706 :
3630 2651 3740 2705 Pri.

2143 2765 2241 2802 tua:
2268 2748 2462 2817 nuptitc
2494 2748 2575 2801 lex
2599 2788 2613 2812 ,
2667 2747 2904 2802 secunda:
2949 2747 3310 2820 indulgentia,
3345 2747 3507 2801 tertia:
3543 2744 3741 2817 porcina

2141 2839 2449 2911 itlegalitas,
2483 2847 2677 2908 quarta:
2698 2838 2924 2894 belluina
2966 2839 3097 2895 vita.
3159 2839 3350 2911 Neque
3397 2838 3485 2894 hic
3537 2845 3739 2909 prseter-

2144 2934 2351 2988 ettndus
2402 2933 2667 2987 ﬂet-aldus
2720 2932 3057 2988 Turonensis
3109 2933 3564 3004 Archiepisc0pus
3601 2971 3614 2994 .
3659 2926 3738 2998 qui

2144 3026 2286 3081 inter
2312 3024 2544 3096 capitula
2587 3042 2651 3080 ex
2692 3026 2930 3097 antiquis
2959 3027 3327 3098 scriptoribus
3377 3033 3630 3096 excerpta
3656 3036 3736 3075 an.

2144 3121 2251 3176 858
2281 3120 2383 3174 hoc
2411 3130 2659 3175 recenset
2686 3135 2808 3190 cap.
2859 3121 2894 3176 3
2921 3137 2932 3173 :
2968 3119 3167 3175 Nullus
3191 3121 3445 3175 laicorunt
3485 3118 3742 3189 plusquam

422 3229 584 3270 suum
615 3211 821 3269 obitum
853 3228 956 3266 non
989 3219 1171 3280 posset
1194 3250 1207 3273 ,
1242 3215 1301 3262 ut
1346 3205 1612 3261 secundas
1657 3204 1874 3274 nuptias
1917 3202 2037 3255 adi-
2067 3213 2112 3275 ρ
2146 3217 2277 3271 duas
2317 3231 2502 3269 “om
2533 3214 2714 3269 haben,
2745 3232 2763 3269 ε
2789 3215 2930 3287 quod
2973 3230 3091 3271 υενο
3125 3226 3273 3269 eum
3299 3225 3372 3270 αι
3394 3255 3410 3282 ν
3458 3211 3526 3266 ad
3550 3209 3722 3264 αάυιιο

429 3320 537 3376 ret,
572 3316 762 3364 auctor
790 3306 924 3372 fuit;
958 3303 1254 3360 dummodo
1296 3301 1418 3356 illas
1449 3314 1570 3354 cum
1603 3297 1894 3363 catholico,
1929 3310 2037 3350 non

427 3417 550 3457 cum
607 3414 815 3472 pagano
854 3399 1038 3462 iniret.
1095 3395 1215 3450 Non
1275 3393 1454 3448 nullos
1501 3405 1726 3446 movere
1776 3398 2036 3460 possunt,

429 3513 551 3568 quae
595 3493 760 3549 trudit
791 3493 1121 3548 Ratramntts
1154 3491 1245 3545 lib.
1282 3505 1334 3544 tv
1383 3497 1570 3543 contra
1599 3485 1822 3542 Grtecos
1849 3483 2036 3554 cap.2,

427 3606 560 3649 tom.
590 3608 604 3648 ι
633 3591 907 3663 Spicilegii
948 3589 1235 3644 Acheristni
1267 3601 1388 3656 pag.
1424 3584 1524 3640 t09
1562 3594 1616 3639 et
1644 3583 1738 3638 ill
1769 3595 1929 3645 ,cum
1969 3593 2039 3632 ex

429 3687 654 3742 Socrate
681 3681 869 3746 refert,
907 3677 1632 3743 Constantiuopolitanos.....
1667 3675 1718 3726 in
1747 3671 2041 3742 recipiendo

427 3776 504 3830 uel
535 3773 818 3846 rejiciendo
857 3771 1072 3825 binubos
1107 3786 1206 3822 non
1236 3770 1374 3822 idem
1409 3767 1620 3832 sentire,
1645 3765 1733 3820 sed
1775 3781 1882 3819 esse
1909 3763 2044 3816 divi-

426 3885 542 3935 sos;
593 3866 902 3940 quibusdant
929 3863 1263 3920 sentientibus
1305 3878 1486 3916 eorum
1520 3861 1887 3929 receptionem,
1921 3861 2037 3928 qui-

431 3962 649 4017 busdam
697 3958 1116 4014 dissentientibus
1155 3965 1324 4009 ratam
1357 3969 1486 4009 esse.
1522 3950 1720 4007 Vetutn
1763 3949 1911 4020 quia
1939 3951 2040 4006 So-

428 4067 576 4112 crate
631 4055 730 4110 lib.
757 4068 808 4118 v,
834 4067 955 4122 cap.
986 4049 1078 4116 22,
1133 4048 1390 4105 secundis
1445 4045 1646 4115 nuptiis
1691 4044 1891 4098 inimici
1926 4057 2040 4098 tne-

427 4163 736 4218 tnoratttur,
767 4163 872 4204 non
922 4155 1051 4201 sttnt
1084 4143 1376 4209 catholici,
1430 4140 1527 4196 sed
1576 4140 1814 4195 haeretici
1862 4137 2041 4195 Nova-

431 4245 561 4301 tiani
587 4286 603 4312 ,
632 4242 725 4314 qui
754 4239 989 4297 binubos
1017 4252 1124 4293 non
1146 4234 1508 4306 recipiebant.
1544 4232 1728 4302 Itaque
1759 4248 1823 4286 ex
1851 4230 2039 4285 catho-

428 4341 544 4396 licis
571 4340 637 4394 ad
651 4353 886 4394 t'ersuut-
915 4333 1184 4390 secundas
1227 4329 1442 4400 nuptias
1471 4334 1705 4397 quattuor
1743 4325 1818 4379 illi
1853 4324 2039 4378 Patres

432 4445 662 4498 tantum,
692 4448 828 4505 quos
854 4428 1298 4490 memoravimus,
1332 4423 1584 4479 acerbius
1632 4421 1907 4490 aliquanto
1954 4419 2037 4472 lo-

429 4530 541 4584 cuti
591 4528 961 4591 inveniuntur,
992 4523 1062 4578 de
1087 4535 1317 4592 quorum
1370 4527 1551 4572 tamen
1607 4513 1877 4569 sententia
1926 4526 2034 4566 non

2146 3311 2281 3363 riunt
2308 3311 2550 3379 pertinet.
2586 3311 2703 3378 Ipse
2755 3311 2812 3365 S.
2848 3309 3207 3376 Ambrosius,
3242 3309 3333 3380 qui
3377 3322 3476 3380 pro
3504 3300 3740 3361 secundis

2147 3402 2350 3472 nuptiis
2376 3412 2566 3456 contra
2598 3401 2934 3457 Novatiattos
2973 3402 3245 3457 calculum
3289 3399 3473 3473 posuit
3502 3438 3516 3463 ,
3574 3394 3740 3464 plures

2148 3494 2366 3564 nuptias
2395 3495 2691 3566 reprobare
2739 3493 2952 3548 videtur
3003 3493 3095 3549 lib.
3141 3493 3210 3548 de
3243 3493 3448 3560 Viduis,
3499 3505 3617 3558 cap.
3660 3485 3738 3548 Ην

2147 3603 2296 3641 num.
2320 3587 2428 3643 68:
2462 3585 2646 3657 Neque
2697 3588 2831 3641 enim
2877 3585 3209 3657 prohibemus
3245 3585 3499 3642 secundas
3526 3579 3740 3650 nuptias.

2145 3680 2236 3733 sed
2267 3696 2367 3733 non
2420 3679 2818 3734 suademus"...
2843 3680 2964 3747 plus
2995 3680 3134 3746 dico,
3187 3696 3288 3733 non
3319 3675 3642 3750 prolttbentus
3667 3683 3741 3722 se-

2146 3773 2339 3826 cundas
2364 3774 2570 3842 nuptias
2594 3815 2608 3839 ,
2639 3773 2729 3827 sed
2755 3789 2856 3828 non
2889 3773 3164 3845 probamus
3192 3790 3330 3843 stupe
3354 3771 3609 3842 repetitas.
3653 3763 3734 3816 Vi-

2146 3864 2338 3920 demus
2367 3866 2586 3935 quidem
2618 3865 2761 3920 aliud
2802 3882 2927 3922 esse
2958 3881 3062 3921 non
3098 3867 3356 3937 probari,
3386 3861 3533 3920 aliud
3565 3870 3739 3928 reproo

2145 3956 2282 4023 bari,
2311 3972 2542 4026 quorum
2570 3958 2800 4013 alterum
2833 3959 2909 4013 rei
2947 3967 3031 4013 est
3053 3975 3160 4014 non
3194 3973 3417 4029 prorsus
3464 3956 3634 4016 bonan
3663 3945 3737 4000 3"

2148 4060 2323 4105 terum
2357 4052 2514 4120 plane
2541 4053 2729 4118 make;
2760 4052 2856 4108 sed
2890 4051 2990 4107 ltoc
3028 4051 3165 4107 satis
3194 4051 3436 4109 ostendit
3462 4089 3476 4115 ,
3508 4061 3611 4117 quo
3632 4041 3739 4096 ani—

2147 4159 2236 4199 mo
2261 4145 2311 4198 itt
2348 4145 2588 4200 Ecclesia
2619 4147 2820 4212 nuptirc
2851 4146 3027 4200 tertia:
3073 4153 3128 4199 et
3173 4147 3420 4216 repetita:
3466 4140 3737 4197 ferrentur,

2143 4252 2281 4307 quas
2323 4253 2502 4306 neque
2533 4237 2646 4304 illi,
2676 4238 2766 4308 qui
2807 4239 2904 4293 ltas
2948 4237 3120 4292 licitas
3151 4217 3515 4294 defen'debattt
3547 4238 3738 4294 tempe-

2144 4349 2266 4387 rare
2293 4331 2396 4387 sibi
2428 4338 2668 4402 possent,
2700 4331 2828 4402 quin
2861 4331 2964 4386 sibi
2995 4332 3175 4386 minus
3209 4332 3464 4402 probatas
3490 4320 3737 4397 pra-dica-

2143 4435 2286 4480 rent.
3500 4436 3501 4439 “

2218 4517 2352 4571 Hinc
2403 4525 2585 4572 autent
2638 4515 2835 4585 gradus
2869 4522 3013 4584 patet
3045 4515 3110 4569 ad
3140 4515 3364 4570 Patrum
3395 4519 3622 4567 mentem
3652 4498 3738 4578 afl-

429 4621 564 4676 nihil
595 4627 778 4690 postea
809 4615 1006 4672 dicturi
1036 4626 1224 4668 sumus
1263 4627 1277 4664 :
1305 4607 1494 4665 etctcri
1523 4622 1653 4662 vero
1695 4605 1882 4660 Patres
1909 4620 2030 4659 cum
2060 4585 2115 4646 Ῐ)
2140 4607 2474 4679 sequendattt
2499 4649 2514 4674 ,
2555 4623 2677 4662 cum
2744 4607 2862 4663 illas
2917 4607 3207 4675 adulterio,
3268 4608 3356 4664 vel
3413 4588 3736 4660 fornicationi

428 4713 693 4770 catholica
731 4709 972 4766 Ecclesia
998 4706 1265 4763 secundas
1299 4703 1519 4774 quidem
1561 4701 1776 4771 nuptias
1805 4714 1908 4754 non
1943 4700 2035 4754 be-

430 4825 499 4864 ne
524 4815 876 4878 acceperuut,
911 4801 1185 4870 iidemque
1213 4797 1642 4868 quibuscumque
1688 4801 1909 4862 possent
1948 4805 2035 4844 ar-

429 4902 722 4975 gumentis,
752 4900 820 4953 ab
852 4897 960 4953 illis
987 4907 1220 4948 avocare
1263 4889 1445 4945 conati
1488 4895 1615 4941 sunt
1656 4883 1996 4940 Christianos
2017 4922 2033 4948 ,

431 5010 488 5052 ut
517 4996 573 5052 S.
606 4994 756 5048 Zeno
785 4990 1027 5053 studuit;
1072 5001 1180 5042 non
1223 4994 1406 5038 tamen
1447 4996 1540 5036 cas
1580 4995 1674 5050 per
1708 4994 1767 5034 se
1809 4978 2038 5032 inlicitas

430 5105 494 5144 ac
540 5087 856 5142 inhonestas
880 5081 1200 5154 judicarunt
1234 5088 1526 5146 umquam;
1561 5072 1670 5126 ittto
1712 5086 1841 5125 vero
1891 5070 2042 5124 illon-

431 5183 660 5238 tanistas
690 5179 944 5249 primum,
975 5173 1104 5228 dein
1142 5169 1506 5235 Novatianos,
1535 5166 1627 5236 qui
1663 5179 1757 5220 eas
1783 5162 2040 5218 condent-

433 5257 637 5334 nabam
659 5317 675 5342 ,
709 5280 986 5342 tamquam
1019 5263 1310 5322 hmreticos
1349 5261 1654 5318 habuerunt
1677 5268 1733 5314 et
1764 5256 2038 5328 proscrip-

433 5377 646 5428 serunt.

506 5464 699 5520 Plures
733 5473 865 5515 vero
893 5455 1104 5521 Patres,
1137 5448 1366 5522 perinde
1415 5462 1478 5503 ac
1507 5447 1563 5503 S.
1611 5444 1796 5508 Zeno.
1848 5441 2042 5498 durius

436 5557 604 5612 multo
634 5552 903 5626 agendum
935 5553 1193 5620 putarunt
1240 5557 1363 5597 cum
1415 5540 1510 5607 iis,
1543 5541 1635 5611 qui
1666 5536 1852 5594 tertias
1890 5547 1944 5592 et
1971 5550 2040 5591 eo

437 5651 623 5720 plures
654 5647 872 5717 nuptias
897 5646 1276 5712 sequerentur.
1307 5634 1364 5692 S.
1392 5633 1540 5688 Zeno
1560 5632 1778 5703 quidem
1801 5646 1948 5685 num.
1981 5630 2036 5694 6,

437 5759 563 5800 curn
592 5743 668 5796 ait
699 5759 712 5795 :
750 5739 853 5796 Sed
897 5739 971 5792 sic
1001 5752 1092 5809 ego
1122 5735 1175 5788 in
1200 5731 1350 5787 rebus
1399 5729 1636 5785 demoror
1692 5743 1852 5798 prope
1902 5725 2040 5782 sanis

441 5837 735 5907 (ιιίιιιίιυιιι
768 5835 821 5888 in
855 5829 1106 5888 secundis
1156 5822 1380 5895 nuptiis)
1411 5823 1558 5893 quasi
1584 5836 1702 5892 qua:
1753 5835 1866 5876 vere
1895 5835 2039 5876 exsc-

2139 4698 2493 4773 deputarunt.
2540 4701 2654 4756 Hoc
2701 4702 2918 4756 nomine
2950 4691 3058 4756 non
3086 4717 3176 4757 eas
3211 4718 3309 4773 per
3340 4717 3400 4758 se
3430 4695 3596 4754 malas
3623 4697 3735 4742 esse

2143 4796 2398 4852 volebant
2440 4795 2664 4867 intelligi
2694 4793 2850 4868 [exn]
2879 4795 3024 4850 unde
3055 4811 3159 4850 non
3190 4796 3438 4851 absolute
3468 4778 3732 4844 adulterii.

2142 4903 2234 4946 aut
2287 4891 2480 4946 fornic.
2510 4901 2867 4956 accusarunt;
2923 4891 3020 4945 sed
3067 4880 3477 4947 immoderatam
3521 4881 3569 4935 in
3611 4870 3733 4944 ipsis

2143 4985 2432 5056 quamdam
2487 4982 2763 5039 libidinem
2812 4983 2912 5037 sibi
2959 4984 3286 5039 videbantur
3315 4969 3730 5052 deprehendere,

2143 5095 2264 5149 quae
2292 5079 2392 5134 etsi
2423 5077 2550 5132 dum
2579 5077 2635 5132 itt
2664 5077 2867 5146 nuptiis
2914 5077 3270 5144 consisteret,
3321 5085 3510 5132 verum
3537 5059 3730 5149 adulteo

2145 5175 2285 5228 rium
2333 5172 2739 5230 atttlornicatio
2805 5171 2912 5226 dici
2978 5186 3083 5226 non
3135 5181 3379 5242 poterat;
3438 5174 3610 5220 tamen
3668 5147 3731 5203 οἱ)

2142 5267 2467 5321 indomitum
2524 5265 2818 5334 voluptatis
2887 5264 3138 5320 allectum
3214 5265 3394 5320 simile
3469 5245 3726 5327 qUidPia'“

2146 5357 2406 5430 praeferre
2426 5355 2730 5422 videbatur,
2759 5367 2814 5410 ttt
2841 5357 3181 5424 adulterium,
3205 5357 3302 5411 sed
3331 5355 3586 5411 decorum.
3617 5345 3730 5430 ευιη

2145 5427 2512 5521 Athenagora,
2548 5449 2844 5520 foruieatio,
2873 5448 2968 5503 sed
3001 5451 3273 5521 castigata,
3299 5462 3419 5505 cum
3449 5435 3656 5497 Basilio,
3681 5427 3732 5521 cl

2151 5543 2526 5610 honesta,cum
2551 5544 2747 5612 Operis
2777 5541 3088 5612 lmperl‘ecti
3109 5515 3332 5600 auctore
3361 5542 3538 5613 posset
3561 5515 3732 5597 apud"

2145 5637 2243 5692 lari
2269 5679 2283 5699 ,
2316 5645 2375 5690 ut
2401 5651 2467 5691 ne
2498 5643 2678 5691 tamen
2713 5634 2918 5690 idcirco
2948 5650 3044 5691 seu
3074 5636 3304 5707 bigamia
3329 5675 3345 5702 ,
3375 5645 3469 5689 seu
3502 5613 3731 5707 repetitur

2147 5726 2348 5797 llllplitﬂ
2375 5742 2503 5783 vere
2531 5727 2599 5783 ab
2623 5728 2689 5782 iis
2718 5727 2968 5783 Patribtts
3007 5704 3278 5785 damnans
3307 5723 3606 5784 credantur.
3637 5704 3730 5800 ΟΨ

2147 5821 2323 5886 enim,
2354 5819 2399 5874 si
2431 5819 2600 5876 malas
2621 5835 2682 5877 ac
2703 5819 2986 5877 damnatas
3008 5829 3310 5892 putassent,
3339 5821 3562 5875 decorus,
3593 5802 3730 5854 caslP
