3998 6332
495 313 598 396 tas

1863 308 2410 367 PROLEGUMENA.
3673 310 3758 366 156
3779 255 3798 272 .

492 445 585 485 eas
615 438 860 497 excusat,
892 437 946 484 et
974 425 1296 499 quandoque
1328 426 1519 498 majori
1552 425 1711 482 laude
1740 425 1930 495 dignas
1965 440 2092 493 pos-

2201 442 2291 481 eas
2333 427 2698 498 experiretur,
2725 425 2980 483 maluerit
3019 439 3051 483 e
3093 424 3365 481 contrario
3394 424 3473 478 uri
3496 439 3639 496 quam
3678 441 3760 478 mi-

491 535 550 578 se
583 523 808 578 inveniri
849 521 1062 592 probat,
1088 535 1248 590 quam
1271 535 1392 590 qum
1433 520 1552 573 unis
1582 521 1781 590 nuptiis
1808 519 1873 573 ad
1901 533 2090 574 senec-

493 623 659 670 tutem
691 599 860 683 usque
889 611 1070 683 polita}
1100 613 1276 681 sunt);
1307 611 1400 666 sed
1422 629 1552 666 auus
1581 611 1874 680 alloquitur
1906 620 2090 665 noster

493 705 551 762 S.
581 707 840 770 Antistes,
878 721 994 776 qua:
1019 721 1153 774 saepe
1177 705 1410 759 videntur
1451 720 1595 759 nova:
1648 715 1842 774 nuptte,
1874 704 1925 758 in
1973 703 2091 774 qui-

490 799 590 855 bus
620 798 1018 854 incontinentim
1051 797 1349 868 periculum
1395 797 1726 853 coiisiderari
1771 814 1876 850 non
1908 797 2046 851 solet
2074 836 2088 861 ,

489 891 584 948 sed
617 905 796 946 merus
825 890 1065 946 libidinis
1092 905 1264 958 amor,
1295 890 1386 962 qui
1415 889 1580 945 dubio
1610 891 1798 961 procul
1830 889 2090 944 damnau-

486 983 588 1040 dus
614 993 716 1052 est,
746 993 801 1040 et
825 984 896 1040 ob
919 986 1093 1054 ipsum
1120 983 1384 1054 ejusmodi
1405 983 1607 1052 nuptiae
1635 999 1749 1038 vere
1777 981 2092 1037 exsecranda

486 1080 704 1135 crimina
757 1078 862 1135 diei
903 1078 1136 1150 quodam
1169 1078 1328 1133 modo
1361 1090 1604 1150 pomere.
1633 1076 1842 1134 Caetera
1894 1091 2090 1148 porro,

487 1189 607 1244 qua:
629 1172 798 1239 addit,
857 1189 1034 1229 causze
1059 1187 1312 1243 congruzc
1343 1182 1397 1228 et
1427 1171 1724 1242 probabilis
1756 1172 1958 1226 limites
1984 1185 2092 1226 non

487 1268 859 1340 egrediuntur,
891 1267 1087 1340 quibus
1137 1267 1394 1323 honestas
1435 1267 1684 1338 qumdam
1734 1265 1938 1330 civilis,
1985 1281 2092 1320 non

487 1372 670 1417 autem
703 1361 881 1418 divina
917 1362 1004 1418 lex
1029 1361 1098 1416 ab
1126 1360 1235 1415 illis
1258 1360 1453 1415 violata
1475 1359 1850 1414 convincatur.
1958 1354 1969 1364 ’

561 1457 735 1512 Unum
762 1456 862 1510 sub
894 1456 1055 1511 linem
1077 1453 1530 1510 considerandum
1560 1453 1791 1508 maxime
1817 1461 1924 1520 est,
1949 1450 2094 1522 quod

487 1552 757 1623 insignem
801 1551 868 1606 ad
920 1551 1107 1606 Patres
1153 1547 1510 1604 vindicandos
1537 1547 1743 1603 aditum
1775 1546 1932 1602 nobis
1959 1560 2095 1616 ape-

487 1646 615 1702 ruit.
649 1645 936 1716 Postquam
969 1645 1113 1699 enim
1145 1643 1200 1698 S.
1252 1641 1558 1712 Episcopus
1600 1654 1788 1695 contra
1837 1639 2096 1710 repetitas

491 1739 801 1811 Itujttsmodi
845 1737 1059 1809 nuptias
1103 1736 1432 1808 disputavit,
1468 1733 1673 1790 affectu
1705 1731 1940 1802 quodam
1973 1732 2093 1786 ino-

2193 519 2328 585 bere,
2359 529 2417 575 ut
2443 536 2507 575 ex
2539 521 2814 576 historicis
2851 536 2882 574 a
2923 518 3115 576 Servio
3143 518 3387 590 allegatis
3428 517 3762 574 Tertullianus

2191 624 2462 670 memorat
2489 615 2583 670 lib.
2617 615 2684 670 de
2709 613 3046 686 Monogamia
3088 629 3210 684 cap.
3254 613 3341 680 t7,
3385 612 3474 680 qui
3528 621 3763 682 pra-terea

2193 708 2342 764 addit
2368 709 2502 765 alias
2532 709 2672 779 apud
2705 709 2954 765 ethnicos
2999 706 3187 774 luis~e,
3220 721 3334 778 qua
3360 723 3455 778 pro
3493 705 3610 759 viris
3650 703 3764 758 mori

2193 803 2423 870 mallent,
2445 819 2599 874 quam
2628 804 2780 859 alteri
2808 802 3015 858 nubere.
3069 801 3203 858 Vide
3248 801 3408 857 etiam
3440 799 3498 856 S.
3528 797 3765 868 Hierony-

2195 911 2340 951 mum
2360 898 2524 966 epist.
2551 897 2653 951 125
2673 897 2804 953 edit.
2829 896 3031 952 Veron.
3061 894 3128 950 ad
3147 893 3529 964 Agcruchiam,
3557 907 3694 947 num.
3715 889 3762 944 8.

2194 987 2253 1044 In
2282 991 2519 1061 antiquis
2547 990 2855 1047 Germania:
2903 991 3115 1062 populis
3167 991 3292 1045 licet
3338 986 3578 1044 barbaris
3608 987 3766 1056 plures

2195 1081 2442 1140 civitates
2463 1094 2963 1141 commemorantur
2982 1100 3012 1139 a
3037 1084 3225 1140 Tacito
3254 1083 3305 1138 in
3339 1083 3479 1140 libro
3499 1081 3564 1138 de
3589 1081 3763 1137 Μαι-ῆι).

2195 1175 2614 1243 Germanorum,
2636 1194 2690 1232 ιι.
2711 1179 2832 1245 6,in
2857 1178 3041 1247 quibus
3069 1187 3269 1232 tantum
3291 1178 3506 1249 virgines
3530 1176 3765 1242 nuberem,

2195 1279 2251 1326 et
2275 1270 2525 1327 secundae
2557 1273 2756 1341 nuptiae
2784 1273 2946 1328 nullrc
2973 1271 3366 1337 audiebantur;
3405 1286 3525 1325 nam
3569 1271 3658 1336 sic,
3696 1269 3770 1323 itt-

2197 1363 2332 1434 qttit,
2359 1381 2518 1418 unum
2546 1364 2810 1434 accipiunt
2839 1366 3105 1431 maritum,
3129 1365 3383 1436 quomodo
3408 1380 3564 1418 unum
3587 1380 3769 1434 corpus,

2198 1472 2352 1511 unam
2381 1459 2556 1525 vitam,
2592 1475 2683 1513 nec
2710 1459 2818 1513 ulla
2844 1459 3085 1530 cogitatio
3124 1459 3259 1513 ultra
3283 1499 3300 1526 ,
3335 1474 3427 1513 nec
3467 1455 3654 1528 longior
3691 1471 3770 1509 cu-

2199 1551 2408 1622 piditas.
2425 1551 2638 1622 Insigne
2661 1554 2712 1607 in
2738 1553 2877 1608 hanc
2899 1568 3013 1608 rem
3035 1552 3493 1608 Theutonicarum
3512 1550 3772 1606 mulierum

2199 1645 2374 1716 prodit
2403 1644 2712 1715 exemplum
2737 1645 2986 1700 laudatus
3013 1646 3376 1717 Hieronymus
3406 1644 3524 1699 loco
3546 1642 3771 1713 allegato,

2199 1756 2321 1812 quae
2351 1755 2417 1797 ne
2446 1740 2688 1796 secundo
2717 1741 2922 1797 nubere
2951 1751 3297 1811 cogerentur,
3331 1748 3556 1794 mortem
3585 1737 3778 1792 sibimet

488 1839 675 1911 pinato
697 1839 953 1911 percitus,
985 1852 1136 1892 num.
1158 1837 1213 1902 6,
1246 1836 1298 1890 in
1327 1833 1442 1888 hmc
1460 1832 1728 1902 erumpit:
1757 1830 1894 1898 Quid
1921 1844 2094 1900 agam,
2127 1839 2174 1899 Β
2203 1834 2336 1906 ipsis
2381 1835 2768 1890 consciverunt
2801 1851 2812 1887 :
2844 1833 2988 1906 quod
3043 1829 3249 1903 ipsutn‘
3279 1841 3509 1888 testatur
3558 1829 3778 1884 Valerius

484 1949 584 2006 quo
609 1949 692 1987 me
715 1943 928 1997 vertam,
957 1930 1126 1986 nescio
1156 1945 1174 1982 :
1202 1945 1306 1982 non
1331 1927 1466 1982 enim
1493 1925 1657 1985 video.
1687 1924 1811 1996 quid
1838 1924 1890 1977 in
1911 1922 2094 1977 exhor-

484 2025 761 2082 tationibus
785 2024 957 2080 Divini
977 2040 1041 2078 ac
1065 2023 1169 2078 veri
1193 2022 1360 2077 cultus
1389 2019 1636 2075 Gentibus
1663 2018 1956 2090 praedicem.
1984 2014 2093 2072 Fe-

485 2117 793 2172 licitatemne
817 2114 1132 2185 virginitatis
1153 2114 1178 2166 Σ)
1201 2128 1262 2165 ac
1312 2111 1499 2166 habent
1551 2127 1672 2165 suas
1712 2109 1931 2180 virgines
1960 2125 1977 2161 :
2001 2107 2096 2162 etsi

489 2227 591 2266 non
620 2211 812 2283 felices,
844 2210 1028 2262 habent
1053 2217 1244 2262 tamen.
1285 2205 1383 2261 Sin
1408 2221 1526 2260 vero
1549 2204 1616 2257 ad
1645 2203 1908 2258 viduitatis
1938 2201 2094 2257 sudo-

485 2320 594 2359 rem
617 2304 899 2374 gloriosum
920 2301 1244 2374 palmamque
1271 2312 1607 2370 provocavero
1631 2313 1649 2361 ;
1684 2295 1828 2348 nobis
1858 2295 2096 2364 fortassis

484 2398 752 2462 insultent,
782 2397 906 2467 quia
931 2405 1120 2449 nostra:
1157 2407 1320 2447 sacrte
1366 2392 1587 2462 virgines
1615 2389 1878 2460 vidnazque
1906 2404 2094 2461 magno

488 2508 582 2565 pro
612 2488 1016 2546 immortalitatis
1043 2487 1279 2559 prazmio,
1309 2499 1416 2539 sua:
1455 2494 1622 2538 autem
1646 2483 1809 2555 gratis
1840 2481 2092 2536 laborent.

499 2587 689 2643 Verum
717 2585 815 2640 hoc
837 2594 910 2640 est
959 2583 1129 2638 solum
1177 2596 1268 2635 nos
1309 2584 1362 2633 in
1406 2593 1508 2650 quo
1551 2578 1818 2643 vincimus,
1851 2576 1971 2646 quia
2000 2590 2095 2646 pro

482 2697 578 2735 sua
593 2681 862 2734 sanctitate
874 2674 1185 2733 Christiana:
1205 2673 1325 2744 plus
1344 2673 1560 2728 nubunt.
1581 2669 1709 2726 Haec
1724 2669 1908 2724 autEm
1938 2668 2094 2724 nobis

485 2771 724 2829 indicare
753 2769 1006 2827 videntur
1042 2781 1287 2833 causam,
1331 2779 1428 2820 cur
1474 2764 1659 2820 Sancti
1718 2762 1908 2817 Patres
1945 2770 2094 2816 tanto

482 2863 662 2922 studio
690 2879 784 2934 per
805 2878 868 2918 ea
889 2872 1134 2931 tempora
1164 2857 1426 2914 adversus
1473 2855 1762 2926 bigamiam
1809 2862 1864 2909 et
1910 2852 2094 2923 plures

484 2961 702 3032 nuptias
732 2954 1194 3017 declamaverint;
1223 2961 1420 3018 et.cur,
1457 2959 1514 3004 ut
1561 2948 1644 3004 his
1683 2948 1894 3003 obicem
1926 2960 2095 3017 pone-

479 3063 624 3121 rent,
673 3050 920 3123 pluribus
972 3046 1270 3104 cauonibus
1326 3042 1649 3107 laborarint,
1693 3040 1891 3109 quibus
1939 3040 2092 3110 biga-

487 3147 589 3203 mis
619 3144 701 3218 (ι)
729 3154 784 3200 et
831 3140 1136 3198 sacerdotio
1168 3136 1526 3204 interdixere,
1560 3143 1614 3190 et
1629 3148 1725 3190 eos
1755 3131 2094 3204 paenitentiae

485 3239 566 3312 (2)
588 3237 893 3309 subjecere,
925 3243 998 3296 et.
1033 3229 1179 3304 quod
1206 3245 1270 3284 ex
1299 3228 1524 3284 l-lieron.
1557 3225 1639 3296 (3)
1666 3225 1948 3289 discimus,
1968 3238 2094 3294 pro-
2119 3240 2165 3304 ρ

487 3333 715 3388 hibuere
733 3325 1116 3386 Ecclesiastica
1135 3323 1294 3394 stipe,
1317 3337 1438 3391 quae
1455 3321 1506 3374 itt
1524 3317 1952 3375 Christianorum
1969 3316 2096 3370 sub-

486 3427 686 3484 sidium
742 3421 914 3498 [ουν]
945 3419 1406 3481 distribuebatur;
1449 3416 1784 3484 vetitumque
1827 3419 2095 3484 prmtcrea

487 3523 669 3587 fuerit,
702 3536 771 3575 ne
788 3521 1028 3589 ipsorum
1046 3511 1401 3583 conviviis(l)
1420 3508 1675 3565 adessent
1699 3507 2026 3578 presbyteri,
2043 3514 2098 3560 et

487 3632 558 3672 ne
582 3629 736 3670 sacra
752 3613 981 3678 oblatio,
1014 3605 1342 3670 benedictio,
1375 3613 1431 3660 et
1457 3617 1660 3659 corona
1691 3617 1786 3657 seu
1821 3600 2092 3666 velamen,

487 3709 686 3781 quibus
756 3704 1089 3760 univirarum
1156 3700 1358 3770 nuptize
1433 3697 1516 3770 (5)
1590 3694 2092 3758 sanctiﬁcabantur,

489 3802 682 3860 iisdem
711 3799 1081 3856 adhiberetur.
1110 3793 1266 3866 Apud
1294 3791 1498 3849 Gentes
1527 3790 1785 3845 nimirum
1815 3790 1886 3843 ita
1911 3797 2097 3843 sancte

488 3894 790 3968 conjugalis
819 3891 924 3947 tori
955 3889 1178 3946 castitas
1226 3883 1641 3948 observabatur,
1687 3891 1744 3937 ut
1788 3888 1909 3951 post
1939 3879 2097 3950 primi

488 3993 589 4049 viri
619 4000 849 4047 mortem
891 3985 984 4041 alii
1026 3997 1368 4054 nequaquam
1417 3977 1623 4033 nubere
1675 3974 1932 4030 mulieres
1971 3973 2099 4028 reli-

488 4087 634 4160 gioni
665 4084 947 4141 haberent.
985 4075 1304 4146 Exemplum
1352 4071 1581 4142 hujusce
1634 4067 1716 4124 rei
1760 4066 2096 4123 luculentum

490 4159 574 4239 est
599 4182 652 4238 in
682 4178 975 4246 Penelope,
1023 4187 1144 4244 quae
1191 4170 1257 4224 ad
1300 4165 1572 4225 secundas
1605 4162 1821 4234 nuptias
1851 4177 1882 4216 a
1915 4159 2097 4216 multis

490 4273 805 4337 sollicitata,
847 4250 1072 4325 strenue
1101 4261 1333 4327 restitit,
1361 4275 1484 4316 cum
1513 4267 1569 4315 et
1595 4255 1774 4312 mariti
1828 4252 1989 4310 ﬁdem
2042 4261 2099 4309 ct

491 4366 675 4441 populi
731 4363 931 4418 famam
978 4365 1284 4418 vereretur,
1318 4361 1377 4408 ut
1405 4367 1476 4407 ex
1511 4349 1684 4419 ipsius
1712 4346 1893 4403 verbis
1930 4345 2099 4413 liquet

491 4437 635 4532 apud
685 4456 980 4513 Homerum
1027 4449 1221 4521 Odyss.
1256 4462 1368 4502 tm.
1430 4444 1603 4512 Quam
1665 4443 1716 4495 in
1769 4437 2095 4495 sententiam

493 4553 668 4618 Dido,
719 4548 861 4622 apud
912 4545 1221 4618 Virgilium,
1256 4537 1477 4597 Aﬂneid.
1533 4553 1606 4601 IV,
1664 4543 1721 4590 ut
1765 4533 2097 4605 signiﬁcaret

2199 1928 2484 1995 Maximus,
2505 1929 2600 1984 lib.
2647 1944 2730 1994 Vl,
2781 1943 2902 1999 cap.
2938 1928 2990 1983 l.
3026 1927 3327 1982 Pausanias
3355 1931 3411 1981 in
3447 1922 3782 1981 Corinthiacis

2199 2024 2293 2080 lib.
2325 2040 2383 2090 ιι,
2416 2039 2466 2079 c.
2498 2023 2591 2090 21,
2621 2023 2724 2079 hoc
2749 2024 2878 2079 olim
2905 2022 3047 2091 apud
3079 2022 3302 2078 Graecos
3339 2031 3573 2076 sanctum
3617 2028 3661 2071 et
3704 2031 3779 2070 so-

2199 2117 2365 2173 lemne
2395 2118 2599 2186 {emittis
2628 2118 2786 2189 fuisse
2816 2116 3019 2188 prodit,
3045 2127 3124 2180 ut,
3150 2116 3320 2187 priore
3347 2116 3460 2170 viro
3473 2122 3681 2176 mortuo,
3709 2127 3779 2165 sc-

2198 2213 2380 2268 cundis
2425 2212 2622 2282 nuptiis
2673 2213 3017 2277 abstinerent;
3049 2220 3105 2266 et
3131 2209 3390 2266 similiter
3443 2207 3710 2280 Euripides
3736 2205 3782 2260 in

2199 2306 2430 2374 Alcest.,
2463 2322 2608 2362 vers.
2636 2305 2773 2372 464,
2806 2316 2960 2377 turpe
3007 2315 3062 2361 et
3110 2321 3339 2361 exosum
3391 2304 3534 2376 apud
3587 2301 3783 2358 eosdem

2199 2401 2367 2456 luisse
2384 2400 2641 2465 ostendit,
2667 2400 2713 2454 si
2733 2401 2834 2465 vir,
2856 2414 3026 2456 uxore
3041 2409 3275 2466 mortua,
3301 2398 3469 2453 aliam
3486 2396 3585 2452 sibi
3601 2393 3785 2465 junxis-

2198 2502 2323 2561 set;
2357 2494 2439 2550 sic
2466 2493 2610 2548 enim
2645 2492 2717 2547 ibi
2745 2492 2947 2548 choros
2974 2493 3206 2563 loquens
3237 2491 3516 2546 inducitur
3544 2507 3558 2545 :

2293 2586 2347 2635 Si
2371 2591 2538 2635 autem
2560 2597 2740 2634 novum
2763 2583 2984 2646 elegerit
3006 2585 3208 2633 maritus
3227 2592 3411 2646 torum,

2291 2647 2421 2698 Sane
2452 2661 2684 2711 perquam
2705 2646 2822 2696 mihi
2847 2646 2997 2696 fuerit
3017 2660 3215 2697 exosus.

2199 2731 2254 2786 Id
2285 2731 2459 2802 ipsum
2491 2746 2655 2801 penes
2687 2730 2959 2785 Romanos
2977 2731 3230 2802 antiquos
3253 2729 3494 2800 viguisse
3519 2726 3676 2783 refert
3698 2724 3787 2780 Va-

2199 2822 2362 2878 lerius
2394 2822 2678 2885 Maximus,
2710 2821 2804 2876 lib.
2840 2837 2900 2887 ιι,
2927 2837 3048 2892 cap.
3087 2823 3139 2889 1,
3171 2837 3321 2876 num.
3349 2822 3406 2883 5,
3444 2819 3532 2875 ubi
3553 2815 3787 2874 matronis

2199 2917 2429 2972 univiris
2485 2916 2752 2987 pudicitia:
2799 2930 3057 2972 comitum
3105 2916 3172 2972 ab
3216 2917 3459 2987 antiquis
3510 2916 3786 2984 imposilam

2200 3011 2360 3066 tradit
2389 3027 2403 3066 :
2433 3025 2464 3066 e
2492 3019 2680 3065 contra
2707 3024 2836 3064 vero
2867 3009 3298 3079 intemperantia:
3347 3019 3530 3062 notam
3559 3023 3619 3063 ac
3646 3005 3784 3060 lasci~

2199 3102 2319 3160 vide
2362 3119 2458 3160 eas
2499 3102 2729 3159 subiisse
2776 3102 2962 3170 refert,
3016 3118 3134 3171 quze
3183 3101 3250 3156 ad
3295 3101 3565 3156 Secundus
3598 3097 3786 3170 nuptias

2199 3199 2535 3254 transissent.
2583 3197 2712 3263 Qua:
2757 3212 2857 3251 uno
2903 3206 3153 3254 contenta:
3196 3195 3530 3250 matrimonio
3583 3198 3783 3264 fuerant,

2201 3310 2389 3346 corona
2415 3292 2676 3362 pudicitia?
2702 3290 3119 3355 honorabantur;
3142 3287 3508 3344 existimabant
3532 3289 3660 3342 enint
3686 3299 3787 3340 cum

2202 3386 2459 3456 pracipue
2504 3395 2754 3439 matrona:
2783 3384 2982 3438 sincera
3022 3381 3125 3450 ﬁde
3169 3381 3531 3450 incorruptum
3561 3395 3664 3433 esse
3690 3375 3788 3429 ani-

2200 3495 2362 3546 mum,
2393 3480 2481 3548 qui
2501 3489 2615 3548 po~t
2643 3478 2889 3546 deposita:
2915 3475 3223 3548 virginitatis
3254 3474 3444 3536 cubile,
3478 3475 3529 3526 in
3553 3469 3789 3542 publicum

2200 3573 2373 3642 egredi
2398 3575 2634 3635 nesciret,
2653 3572 2930 3626 multorum
2953 3569 3399 3624 matrimoniorum
3419 3563 3784 3637 experientiam,

2199 3669 2344 3740 quasi
2391 3669 2628 3742 legitima:
2671 3669 2942 3741 cujusdam
2993 3665 3400 3735 intemperantia:
3447 3663 3646 3733 signant
3695 3672 3788 3711 esse

2199 3763 2478 3818 credentes.
2526 3761 2670 3817 Idem
2718 3762 2877 3816 etiam
2921 3759 3159 3816 sensisse
3188 3756 3468 3812 Romanos
3496 3770 3605 3810 sua:
3635 3749 3788 3808 tctatis

2199 3856 2332 3909 satis
2361 3853 2563 3908 indicat
2588 3853 2811 3908 Publius
2835 3851 3027 3922 Syrus,
3059 3863 3219 3906 versu
3247 3847 3354 3904 984
3381 3865 3393 3900 :
3728 3833 3732 3836 Ὺ

2295 3965 2493 4017 Habent
2516 3965 2675 4016 locum
2699 3963 2943 4015 maledicti
2968 3962 3158 4013 crebrae
3185 3975 3246 4011 nu
3257 3961 3385 4025 ptize.

2201 4062 2255 4108 et
2285 4066 2445 4107 versu
2474 4048 2581 4105 482
2609 4067 2622 4103 :

2296 4141 2472 4192 Mulier
2495 4155 2607 4207 qua:
2626 4140 2791 4192 multis
2814 4141 2987 4204 nubet,
3012 4141 3179 4191 multis
3197 4153 3292 4190 non
3317 4137 3498 4202 placet.

2203 4251 2312 4308 [Ias
2338 4250 2590 4306 nimirum
2615 4250 2791 4306 minus
2817 4247 3039 4320 pudicas
3062 4248 3228 4303 fuisse
3255 4263 3283 4301 ει
3308 4243 3573 4302 Romanis
3595 4239 3788 4297 habitas

2203 4344 2326 4400 inde
2346 4343 2606 4415 colligere
2635 4343 2781 4408 licet,
2811 4341 2954 4413 quod
3002 4344 3240 4412 positum
3297 4338 3488 4394 Romae
3541 4330 3791 4407 pudicitia:

2199 4439 2412 4511 signum
2438 4439 2704 4509 attingere
2746 4445 3078 4493 vetarentur.
3110 4435 3243 4492 Nam
3275 4434 3543 4504 pudicitia:
3578 4432 3787 4502 signum,

2202 4534 2376 4604 inquit
2402 4531 2594 4588 FeStus
2623 4532 2689 4587 ad
2717 4532 2940 4587 verbum
2967 4532 3245 4587 Pumcrrnt
3264 4573 3278 4595 ,
3313 4531 3463 4601 nefas
3497 4537 3570 4582 est
3598 4521 3785 4592 attingi,

491 4665 552 4706 se
624 4621 761 4702 non
799 4655 1087 4713 nupturam
1153 4635 1384 4705 amplius
1450 4641 1571 4703 post
1623 4627 1784 4700 primi
1851 4625 2096 4696 conjugis
2123 4633 2174 4694 Ι)
2201 4629 2300 4681 nisi
2320 4627 2384 4681 ab
2413 4643 2505 4694 ea,
2534 4641 2648 4698 qua:
2673 4625 2831 4682 semel
2879 4625 3070 4697 nupsit.
3123 4624 3377 4694 Apertius
3405 4621 3662 4678 Martialis
3687 4632 3790 4671 nin-

489 4741 736 4805 obitum,
811 4734 980 4790 multa
1041 4729 1329 4784 adversum
1373 4739 1433 4779 se
1499 4723 1675 4792 primo
1743 4720 2091 4790 imprecatur,

491 4849 639 4889 vers.
691 4829 761 4885 27
804 4846 818 4880 :

563 4849 639 4889 rs.
691 4849 754 4885 xi
804 4849 818 4880 :

531 4849 560 4891 θ
585 4922 732 4984 Ante,
763 4919 938 4984 pudor,
964 4925 1110 4979 quam
1134 4919 1186 4963 te
1211 4909 1386 4960 violem
1402 4945 1416 4972 ,
1442 4912 1529 4956 aut
1552 4910 1635 4955 tua
1653 4903 1764 4966 jura
1785 4901 2045 4954 resolvam.

491 5010 630 5066 Tum
661 5009 778 5062 lucc
800 5005 869 5060 de
898 5001 1128 5071 conjuge
1155 4995 1372 5066 subjicit
1393 5034 1409 5060 ,
1445 5006 1588 5047 vcrs.
1613 4990 1684 5046 28
1720 5007 1732 5044 :

587 5098 678 5149 Ille
703 5109 858 5152 meos,
883 5095 1068 5153 primus
1088 5089 1172 5153 qui
1197 5100 1277 5137 me
1300 5086 1392 5136 sibi
1412 5084 1597 5146 junxit,
1623 5093 1818 5153 amores

589 5143 807 5212 Klistnlit
820 5143 941 5208 i'il'le
965 5143 1146 5204 habeat
1165 5163 1353 5208 secum,
1375 5143 1644 5208 servetque
1664 5143 1890 5205 Sepulcro
1912 5156 1924 5191 :

495 5249 682 5320 anue
707 5256 813 5300 tam
863 5239 1022 5296 fortis
1048 5239 1101 5293 in
1133 5238 1234 5291 hoc
1266 5235 1543 5305 proposito
1573 5229 1692 5295 fuit,
1724 5235 1782 5282 ut
1817 5240 1938 5282 cum
1965 5224 2099 5294 regis

495 5315 702 5415 nuptias
733 5337 878 5394 ultro
905 5343 1093 5405 Optare
1121 5327 1426 5391 debuisset,
1479 5339 1548 5379 ne
1595 5331 1775 5377 tamen
1827 5315 2095 5374 seettndas

570 5523 648 5597 (ί)
691 5519 781 5578 δίο
827 5501 1497 5597 eliam-32"9_.§e‘31“‘ii
1534 5488 2096 5597 §3F.?_Efl2£°?..~'.’f§.“.‘.'."_‘

497 5562 1302 5660 θεέἔιιδίίνριῖιξῖιιῖιιξΞεινὶιιε
1339 5577 1410 5660 i_n_
1445 5588 1497 5628 tv
1528 5568 1791 5626 Aineitlos
1819 5581 1835 5631 ;
1865 5562 2098 5619 Tertul-

498 5647 701 5730 l'iainus,
723 5647 794 5719 de
822 5653 1158 5730 Monogamia
1189 5663 1307 5719 cap.
1346 5647 1434 5730 t_7.
1466 5715 1502 5730 ﬂ

574 5707 1163 5809 (ifhiiiiétifu'éiieaes.
1195 5707 1316 5777 can.
1351 5718 1430 5809 5.;
1466 5714 1693 5770 Basilius
1721 5724 1811 5780 ep.
1843 5707 1880 5761 2
1927 5718 2094 5760 cano-

503 5788 718 5865 nic‘radv
733 5788 1190 5873 Amphilochium,
1223 5809 1343 5873 can.
1376 5788 1429 5842 4.
1704 5855 1719 5873 _
1745 5853 1758 5873 ι
1817 5867 1915 5873 ____
1989 5847 2093 5873 om

573 5847 1476 5954 idoviniamuu
1521 5874 1671 5916 num.
1701 5853 1788 5924 14,
1817 5867 1937 5924 pag.
1989 5847 2098 5903 265

2203 4720 2392 4776 tierunt
2427 4719 2691 4790 ejusmodi
2734 4720 2942 4790 pluries
2991 4718 3307 4774 uubentium
3337 4710 3790 4786 intemperantiam

2202 4813 2445 4868 adulterii
2513 4822 2638 4869 nota
2698 4813 2912 4869 inurere
2959 4827 3066 4867 non
3113 4810 3382 4867 dubitavit
3454 4807 3722 4879 Epigram.
3765 4802 3794 4857 5

2203 4909 2297 4964 lib.
2324 4925 2407 4963 vr:

2294 5001 2413 5061 Quae
2437 5002 2583 5052 toties
2606 5000 2763 5055 nubit.
2789 5010 2888 5046 non
2909 4997 3072 5061 nubit,
3097 4995 3319 5061 adultera
3344 4993 3467 5059 lege
3487 5000 3598 5055 est;

2390 5063 2620 5114 Oll’endar
2643 5061 2829 5112 mwcba
2853 5059 3152 5122 simpliciore
3176 5058 3358 5109 minus.

2210 5151 2275 5206 Et
2327 5148 2575 5203 similiter
2613 5144 3046 5215 Quittctiliattus,
3102 5143 3391 5199 declamat.
3444 5141 3573 5206 506,
3626 5137 3794 5209 plures

2203 5244 2419 5315 nuptias
2447 5239 2670 5296 nubendi
2695 5239 2970 5308 quamdam
2990 5235 3372 5307 impudicitiam
3397 5233 3650 5307 appellat.
3681 5227 3794 5284 Ilaec

2200 5337 2362 5409 igitur
2419 5349 2541 5390 cum
2593 5330 2736 5404 apud
2787 5331 3034 5386 ethnicos
3074 5330 3334 5387 adversus
3365 5327 3549 5400 plures
3594 5322 3794 5395 nuptias

2204 5501 2334 5547 tom.
2368 5505 2406 5544 ιι
2459 5487 2592 5544 edit.
2639 5482 2770 5542 Ver.
2824 5494 2880 5540 et
2918 5486 3079 5557 epist.
3133 5483 3259 5551 123,
3310 5483 3376 5540 ad
3424 5479 3791 5554 Agerttcbiant,

2203 5578 2352 5618 num.
2386 5563 2438 5615 7.

2275 5633 2358 5705 (4)
2397 5627 2879 5705 goncil._Neoca:_s.
2909 5642 3032 5684 can.
3054 5629 3120 5705 Δ’7Ζ

2202 5691 2764 5848 θρζῦἑθΤθηιιιιίιιιιιιε
2790 5701 2884 5756 lib.
2921 5714 2959 5756 ιι
3002 5699 3068 5755 ad
3101 5697 3272 5756 Uxor.
3305 5713 3358 5757 c.
3391 5701 3446 5758 9.
3484 5691 3793 5754 Ambro~ius
