3952 6320
167 237 258 291 137

1093 224 1542 286 DISSERTATIO
1577 224 1643 295 ll,
1690 226 1779 284 DE
1824 226 1884 285 8.
1925 227 2078 286 ΖΕΝ.
2127 229 2524 289 DOCTRINA.‘

3355 243 3458 303 158

170 358 380 425 vigeret
398 352 608 420 Opinio;
631 349 1115 420 SS.Patribus,qui
1135 350 1396 420 justitiam
1419 349 1564 424 [cxv]
1584 352 1750 405 multo
1779 363 1829 421 Α
1859 366 1956 422 pus
1980 353 2036 409 8.
2071 353 2277 409 Monica
2300 354 2503 410 inﬁdeli
2531 353 2725 408 marito
2747 351 2948 420 nupsit,
2975 367 3042 409 ex
3068 368 3175 425 quo
3203 355 3462 427 Augusti-

168 447 398 503 ethnicis
429 446 793 516 perfectiorem
824 460 887 500 ex
914 444 1219 500 Christiana
1253 445 1368 514 lege
1406 444 1756 500 excolendam

171 541 567 608 intelligebant,
608 548 758 606 turpe
785 537 1005 590 nimium
1037 535 1338 600 videbatur,
1371 535 1414 589 si
1439 551 1606 606 penes
1630 551 1759 590 suos

171 631 402 688 secunda
429 646 496 687 ac
517 629 732 702 repetita
761 629 1006 698 coniugia
1057 629 1288 684 ethnicis
1317 628 1444 697 ipsis
1472 628 1612 683 male
1642 628 1758 684 visa

169 723 600 789 dominarentur,
626 736 688 776 ac
718 719 944 792 proinde
977 720 1162 790 primis
1187 730 1419 790 quatuor
1461 720 1567 774 illis
1617 734 1758 790 prte-

176 818 354 873 sertim
385 816 638 872 Ecclesia:
655 815 884 881 saeculis,
909 815 1102 884 quibus
1120 813 1412 870 Christiani
1440 830 1562 869 cum
1585 815 1763 870 etbni-

179 909 252 966 cis
279 921 428 967 erant
465 909 723 980 permisti,
755 907 922 962 multo
943 906 1312 964 vehementius
1341 908 1603 978 ejusmodi
1633 924 1764 964 con-

182 1003 334 1058 nubia
358 1003 431 1059 ab
455 1001 644 1056 iisdem
673 1010 919 1056 avertere
938 1009 991 1056 et
1012 1001 1354 1056 sermonibus
1378 1009 1434 1056 et
1465 1001 1681 1071 scriptis
1708 1008 1765 1056 et

173 1095 444 1154 canonicis
469 1096 630 1152 etiam
673 1097 850 1167 pinnis
890 1096 1068 1151 conati
1099 1103 1246 1160 sunt,
1275 1111 1342 1152 ne
1373 1095 1540 1166 (quod
1571 1109 1766 1166 magno

177 1189 432 1246 Gentibus
483 1188 666 1244 fuisset
715 1186 992 1258 seandalo)
1032 1186 1264 1256 plurium
1319 1187 1624 1257 nuptiarum
1681 1189 1766 1242 in-

179 1280 607 1350 temperantiam,
648 1294 766 1345 seu,
797 1279 872 1334 uti
896 1278 1178 1345 vocabant,
1229 1278 1492 1334 adulteria
1539 1279 1768 1347 probare

178 1387 239 1428 ac
269 1374 448 1428 fovere
481 1371 813 1428 viderentur.
842 1371 1024 1442 Itaque
1050 1384 1172 1442 qua:
1196 1370 1249 1425 in
1273 1371 1591 1426 coercendis
1611 1385 1769 1440 repe-

179 1465 285 1520 titis
318 1465 748 1521 Christianorum
794 1465 996 1535 nuptiis
1041 1464 1099 1522 8.
1149 1462 1382 1521 Zenonis
1433 1465 1770 1535 aliorumque

179 1559 390 1614 Patrum
419 1573 574 1614 mens
598 1557 780 1621 fuerit,
800 1559 911 1627 jam
937 1556 1153 1612 tandem
1182 1557 1387 1628 liquere
1403 1557 1728 1611 arbitramur
1753 1568 1767 1613 :

177 1662 404 1724 etquam
438 1653 492 1706 in
522 1652 842 1708 sententiam
889 1649 1174 1716 adulterii,
1228 1649 1629 1714 fornicationis,
1679 1659 1772 1702 attt

1865 461 1990 499 num
2025 447 2198 517 ipsum
2227 451 2494 518 concepit.
2521 447 2593 500 At
2618 446 2817 515 nuptiis
2848 445 3151 500 istiusmodi
3181 447 3456 503 nihilomi-

1861 554 1965 593 nus
1995 539 2194 594 restitit
2219 539 2360 593 idem
2390 539 2447 594 8.
2487 539 2682 593 Doctor
2706 579 2722 605 ,
2765 536 2906 592 libro
2944 554 2961 594 t
3011 539 3078 594 dc
3120 539 3460 595 Adulterinis

1861 632 2152 703 conjugiis,
2174 648 2294 703 cap.
2323 633 2414 695 2i,
2445 634 2657 687 tametsi
2680 647 2772 687 eas
2803 631 2987 687 divino
3011 633 3131 703 jure
3165 634 3460 702 probibitas

1863 741 1969 780 non
2004 725 2230 780 auderet
2255 725 2484 780 delinire
2513 739 2630 793 cap.
2662 724 2754 791 25,
2781 735 2836 779 et
2866 741 2989 780 mox
3016 725 3456 796 Carthaginensis

1863 815 2120 889 Synodus
2142 833 2230 871 an.
2263 816 2391 882 597,
2421 831 2540 871 can.
2574 815 2663 882 l2,
2696 833 2802 884 quo
2852 817 2917 870 ad
2961 818 3280 873 clericormn
3325 819 3464 874 filios

1865 916 1921 966 et
1949 908 2085 964 filias
2116 909 2334 964 easdem
2387 908 2678 977 prohibuit,
2713 908 2872 976 idque
2901 920 3073 964 ratum
3110 911 3349 966 habitum
3377 921 3463 967 est

1867 1001 2112 1071 pluribus
2159 1002 2281 1056 aliis
2307 1001 2358 1056 in
2388 1000 2608 1072 synodis
2633 1010 2686 1056 et
2715 1003 3012 1071 praesertim
3061 1002 3112 1057 in
3157 1002 3460 1060 Chalcedo-

1866 1096 2021 1150 nensi
2053 1110 2175 1150 can.
2213 1095 2301 1160 13,
2331 1110 2393 1150 ac
2417 1093 2633 1149 tandem
2661 1095 2954 1150 universim
2994 1096 3253 1152 dirimens
3293 1099 3454 1168 impe-

1868 1189 2167 1244 dimentum
2218 1187 2341 1243 inde
2393 1187 2490 1242 fuit
2539 1185 2883 1244 matrimonio
2934 1190 3262 1258 oppositum,
3313 1192 3468 1261 cujus

1867 1280 2020 1335 initia
2049 1280 2331 1350 explorate
2360 1289 2598 1335 statuere
2626 1295 2731 1334 non
2761 1280 2907 1336 licet.
2959 1281 3118 1336 Hisce
3163 1282 3377 1352 quidem
3413 1285 3468 1340 in

1870 1371 2186 1443 regionibus
2210 1372 2310 1427 sub
2333 1372 2504 1426 nostri
2534 1371 2785 1426 Auctoris
2815 1382 3027 1428 aetatem
3056 1374 3104 1428 id
3131 1375 3465 1432 matrimonii

1870 1477 2041 1535 genus
2066 1465 2334 1534 episcopis
2366 1463 2503 1519 adeo
2551 1463 2848 1532 diSplicuit,
2886 1474 2942 1519 ut
2994 1464 3050 1521 S.
3091 1465 3408 1522 Ambrosius
3439 1481 3468 1521 a

1872 1557 1930 1613 S.
1963 1555 2161 1627 Vigilio
2186 1557 2506 1613 Tridentino
2530 1566 2770 1628 rogatus,
2803 1566 2864 1611 ut
2908 1572 3006 1625 pro
3047 1572 3159 1613 sua:
3210 1558 3469 1615 Ecclesia:

1872 1651 2157 1720 regimine,
2189 1666 2310 1717 qtne
2338 1650 2642 1706 necessaria
2667 1651 2749 1704 vel
2775 1649 2922 1704 utilia
2946 1649 3281 1718 viderentur,
3325 1667 3474 1708 com-

179 1750 415 1805 criminis
469 1747 779 1804 nominibus
833 1746 974 1817 apud
1030 1745 1232 1802 Gentes
1281 1746 1492 1799 usitatis
1551 1751 1766 1799 uteren-
1798 1743 2494 1814 Bmoneret,rescripserit
2514 1758 2600 1814 ep.
2624 1743 2711 1811 19,
2733 1743 2784 1797 id
2811 1752 3002 1813 praeter
3025 1754 3223 1800 caetera
3242 1746 3476 1801 n'iaxime

185 1851 289 1907 tur,
340 1843 464 1897 hinc
494 1842 665 1913 magis
687 1842 962 1912 magisque
1007 1837 1410 1909 cognoscimus.
1440 1836 1547 1894 Sed
1578 1835 1648 1892 de
1685 1849 1773 1892 sc-

181 1934 368 1991 cundis
386 1936 590 2006 nuptiis
617 1935 779 1990 nimis
809 1932 1040 1988 fortasse
1064 1927 1251 1987 multa'.

245 2030 374 2098 Qua:
429 2045 590 2100 porro
643 2028 838 2084 eodem
886 2036 1115 2083 tractatu
1156 2025 1190 2082 6
1245 2026 1338 2080 lib.
1373 2041 1411 2088 ι,
1447 2039 1595 2078 num.
1627 2025 1680 2088 7,
1709 2022 1767 2079 S.

179 2123 319 2178 Zeno
341 2121 412 2178 de
440 2121 786 2177 matrimonio
805 2135 928 2175 cum
963 2117 1267 2174 infidelibus
1282 2115 1662 2187 conjungendo
1681 2131 1774 2170 ve-

177 2217 480 2274 hementius
528 2225 702 2288 urget,
756 2215 1004 2286 apologia
1057 2228 1163 2268 non
1209 2213 1482 2284 indigent;
1512 2226 1633 2267 nam
1665 2225 1770 2266 non

179 2309 349 2365 solum
375 2309 474 2364 fuit
505 2318 765 2364 constans
794 2309 1014 2362 Patrum
1037 2305 1328 2369 sententia,
1358 2305 1624 2374 ejusmodi
1645 2319 1774 2366 con-

176 2404 335 2459 nubia
367 2411 490 2474 post
512 2402 784 2472 baptisma
812 2402 929 2473 cogi
960 2415 1068 2456 non
1102 2415 1284 2471 posse,
1307 2415 1428 2457 cum
1455 2401 1509 2455 in
1533 2400 1619 2456 bis
1650 2415 1773 2469 pec-

177 2499 328 2554 candi
367 2499 684 2569 periculum,
716 2497 860 2570 quod
903 2497 1242 2567 potissimum
1275 2510 1304 2550 a
1344 2494 1402 2550 S.
1449 2494 1668 2550 Zenone
1695 2493 1775 2548 ef-

177 2591 363 2653 fertur,
393 2591 712 2661 plerumque
758 2588 1064 2654 immineat;
1116 2587 1210 2644 sed
1257 2602 1319 2642 ea
1371 2586 1442 2641 ob
1473 2585 1770 2656 periculum

176 2685 440 2754 ejusmodi
473 2685 558 2740 vel
587 2687 638 2739 in
673 2686 786 2754 ipsa
818 2683 987 2738 veteri
1031 2681 1150 2752 lege
1195 2680 1481 2736 interdicta
1525 2680 1775 2748 leguntur

177 2775 328 2832 Deut.
363 2793 458 2843 vn,
491 2777 524 2832 5
554 2794 567 2830 :
599 2775 780 2848 Neque
807 2775 1025 2830 sociabis
1050 2791 1166 2827 cum
1193 2774 1264 2828 eis
1291 2772 1552 2844 conjugia.
1581 2768 1775 2825 Filiam

178 2878 314 2923 tuam
341 2887 445 2924 non
465 2869 607 2924 dabis
628 2869 738 2940 ﬁlio
763 2871 892 2940 ejus,
923 2884 1014 2922 nec
1045 2868 1211 2939 ﬁliam
1239 2868 1380 2922 illius
1409 2865 1632 2934 accipies
1660 2864 1774 2934 ﬁlio

179 2971 282 3024 tuo,
306 2965 426 3032 quia
450 2965 655 3018 seducet
693 2961 860 3029 ﬁlium
902 2973 1067 3026 tuum,
1099 2977 1162 3015 ne
1197 2970 1442 3028 sequatur
1479 2975 1578 3014 me.
1627 2957 1773 3013 Idem

180 3053 404 3110 habetur
429 3054 598 3110 Exodi
657 3070 802 3123 xxiv,
850 3053 936 3109 16,
993 3054 1133 3122 Quin
1175 3068 1284 3107 non
1333 3051 1466 3106 nulli
1510 3065 1776 3106 censuere

1874 1835 2193 1901 cavendum,
2249 1852 2316 1892 ne
2350 1834 2645 1891 Christiani
2687 1851 2808 1890 cum
2854 1836 3161 1892 infidelibus
3219 1837 3476 1908 coojugio

1873 1928 2278 1998 cepularentur.
2327 1928 2513 2000 Itaque
2557 1943 2683 1984 cum
2737 1928 2795 1985 8.
2844 1927 2992 1984 Zeno
3038 1930 3089 1983 iu
3150 1929 3264 1984 haec
3311 1930 3479 1987 velte-

1876 2034 2088 2075 menter
2139 2035 2237 2090 pro
2279 2022 2544 2075 concione
2615 2019 2912 2085 disseruit,
2960 2029 3015 2075 et
3070 2019 3308 2090 pericula
3355 2019 3478 2092 qui-

1874 2111 2019 2180 dem,
2051 2113 2248 2184 quibus
2271 2112 2502 2168 obuoxia
2533 2121 2661 2167 sunt
2685 2113 2756 2168 ob
2778 2114 2966 2168 oculos
2994 2115 3199 2183 posuit,
3245 2114 3296 2169 id
3333 2113 3473 2171 effe-

1875 2206 1967 2268 cit,
1993 2205 2135 2274 quod
2163 2216 2393 2262 caeteros
2413 2204 2709 2262 catholicos
2735 2205 3010 2262 antistites
3050 2207 3245 2262 fecisse
3267 2211 3468 2280 depre-

1876 2295 2184 2353 hendimus.

2347 2367 2518 2443 [cui]
2573 2367 2800 2426 CAPUT
2842 2368 2977 2424 Vlll.

1875 2455 2172 2499 SINGULARE
2223 2456 2272 2496 8.
2327 2457 2549 2496 ZBNUNIS
2599 2456 2964 2496 TBSTIIONIUI
3050 2457 3118 2497 DE
3175 2457 3474 2506 ρυωυειωι

2321 2528 2692 2568 εκειιουκεκιδ
2733 2528 3034 2568 εινεμευκ.

1946 2584 2161 2652 Quanta
2203 2583 2452 2640 libertate
2499 2586 2579 2638 usi
2620 2584 2728 2637 sint
2774 2588 3013 2639 editores
3045 2584 3388 2642 Veronenses
3421 2588 3476 2643 in

1877 2687 2038 2734 tract.
2069 2679 2136 2735 16
2181 2678 2275 2733 lib.
2331 2693 2370 2746 ι,
2423 2693 2573 2733 ηυω.
2603 2677 2660 2742 5,
2701 2678 2764 2733 de
2805 2677 3218 2748 Resurrectione,
3249 2680 3350 2735 alia
3382 2680 3480 2737 de-

1878 2781 2110 2840 mentes,
2139 2770 2403 2826 addentes
2429 2770 2554 2831 alia,
2588 2770 2689 2826 alia
2720 2780 3139 2843 transponentes
3166 2785 3220 2829 et
3247 2773 3478 2831 efferen-

1878 2873 1981 2930 tes,
2011 2873 2069 2919 ut
2098 2865 2322 2934 placuit;
2355 2879 2453 2919 suo
2481 2864 2602 2918 loco
2635 2863 2924 2935 diligenter
2960 2867 3359 2924 adnotavimus.
3389 2869 3483 2925 Of-

1879 2958 2042 3014 fendit
2066 2971 2245 3014 autem
2289 2959 2459 3028 ipsos,
2503 2965 2562 3012 ut
2589 2958 2822 3025 videtur,
2844 2960 2927 3015 vel
2955 2959 3092 3015 alios
3121 2977 3282 3033 posse
3303 2963 3476 3019 offen-

1877 3051 2009 3107 dere
2053 3051 2357 3118 credidere,
2402 3051 2547 3121 quod
2594 3051 2696 3107 hoc
2749 3052 2867 3108 loco
2923 3053 2981 3109 8.
3030 3052 3176 3109 Zeno
3221 3058 3480 3126 singulari

179 3148 389 3217 nuptias
409 3147 679 3218 ejusmodi
704 3146 948 3202 absolute
969 3147 1039 3202 ab
1069 3145 1332 3216 Apostolo
1357 3159 1479 3199 esse
1509 3141 1766 3200 interdic-
1795 3143 1841 3208 C
1875 3145 2035 3214 plane
2065 3145 2331 3200 sententia
2363 3144 2523 3199 tradit
2543 3185 2557 3210 ,
2587 3144 2826 3217 spiritus,
2859 3146 2948 3215 qui
2982 3162 3477 3219 energumenorum

179 3248 278 3308 tas,
303 3253 416 3295 tum
446 3257 594 3308 cum,
632 3239 649 3293 l
678 3239 808 3296 Cor.
843 3255 935 3305 vn,
985 3238 1090 3299 59.
1123 3237 1238 3291 ait:
1277 3235 1374 3291 Cui
1431 3235 1536 3290 uult
1594 3235 1772 3300 nubat,

178 3340 373 3386 tantum
400 3333 451 3386 in
480 3330 728 3397 Domino,
758 3330 809 3386 id
841 3340 940 3396 est,
969 3339 1027 3384 ut
1057 3328 1305 3400 plerique
1337 3327 1629 3396 explicant,
1658 3341 1775 3379 cum

179 3421 469 3480 Christiano
498 3433 717 3488 tantum,
761 3423 814 3478 in
855 3436 1014 3489 quam
1060 3437 1171 3476 rem
1224 3420 1484 3490 legendus
1513 3417 1769 3488 Hierony-

177 3534 296 3575 mus
342 3519 440 3576 lib.
492 3535 508 3574 ι
565 3520 619 3573 in
668 3517 1033 3582 Jovinianum,
1093 3529 1242 3569 num.
1299 3513 1403 3579 10,
1457 3520 1565 3567 tum
1611 3511 1771 3566 etiam

178 3626 332 3676 cum,
389 3611 438 3665 ll
481 3610 608 3668 Cor.
661 3625 757 3676 Vl,
821 3609 929 3673 M,
975 3607 1232 3677 praacepit
1288 3622 1302 3658 :
1365 3602 1542 3658 Nolite
1585 3605 1775 3675 jugum

179 3702 357 3759 ducere
381 3721 499 3758 cum
527 3703 846 3772 inﬁdelibus.
879 3701 1008 3768 Quae
1043 3701 1179 3755 enim
1207 3697 1537 3769 participatio
1557 3695 1776 3765 justitite

177 3814 289 3850 cum
318 3797 628 3865 iniquitate?
681 3806 768 3850 aut
820 3809 934 3867 quin
963 3794 1179 3848 societas
1231 3791 1359 3845 lucis
1399 3790 1467 3844 ad
1508 3785 1776 3842 tenebras?

175 3895 288 3956 qui?
320 3900 492 3945 autent
519 3890 786 3945 conventio
816 3886 1004 3943 Christi
1034 3886 1102 3941 ad
1140 3883 1345 3939 Belial?
1377 3891 1466 3936 aut
1505 3895 1619 3952 quae
1655 3895 1776 3951 pars

175 3988 312 4056 fideli
359 4004 480 4042 cum
527 3984 762 4055 inﬁdeli?
809 3984 896 4053 qui
934 3992 1102 4036 autem
1149 3994 1424 4034 consensus
1461 3975 1650 4046 templo
1679 3972 1776 4027 Dei

177 4097 291 4135 cum
317 4080 512 4134 idolis?
534 4078 635 4132 Vos
656 4078 792 4133 enim
812 4077 933 4132 estis
953 4075 1196 4147 templum
1219 4071 1311 4126 Dei
1330 4070 1427 4125 vivi
1436 4112 1448 4131 .
1469 4078 1598 4134 ctc.,
1613 4082 1774 4138 quam

181 4187 310 4228 sane
329 4172 658 4228 sententiam
687 4171 965 4242 prospexit
992 4169 1049 4224 S.
1073 4166 1240 4231 Zeno,
1259 4176 1315 4220 ut
1338 4163 1687 4218 adnotatione
1705 4159 1776 4214 25

186 4264 687 4320 animadvertimus.
721 4261 830 4317 Hoc
851 4261 1012 4316 etiam
1042 4267 1296 4328 spectans
1324 4257 1382 4311 S.
1404 4253 1707 4326 Cyprianus
1722 4252 1775 4305 in

183 4360 320 4415 libro
349 4360 419 4415 de
445 4357 659 4426 Lapsis,
685 4357 826 4413 inter
846 4353 1098 4418 crimina,
1127 4352 1196 4406 ob
1217 4365 1335 4421 quae
1365 4349 1503 4403 Deus
1533 4346 1778 4414 indigna-

179 4461 282 4518 tus,
329 4461 390 4506 ut
441 4450 678 4505 Ecclesia
737 4449 1110 4518 persecutione
1142 4443 1472 4503 afficeretur,
1506 4437 1775 4510 permisit,

1876 3249 2109 3305 corpora
2137 3233 2412 3299 obsident,
2447 3249 2552 3290 non
2581 3250 2704 3290 esse
2731 3251 2947 3307 semper
2974 3253 3133 3294 veros
3162 3239 3442 3297 dwtnones
3464 3285 3480 3310 ,

1877 3329 1972 3384 sed
2004 3329 2213 3384 animas
2243 3343 2349 3382 non
2383 3343 2674 3396 numquam
2707 3343 2828 3384 esse
2860 3329 3136 3386 hominum
3161 3373 3176 3399 ,
3210 3350 3357 3403 quos,
3400 3337 3483 3390 iu-

1877 3423 2013 3491 quit,
2041 3422 2096 3474 in
2111 3421 2414 3474 idololatria
2439 3430 2809 3474 commorantes
2847 3437 3016 3491 nuper
3062 3425 3140 3477 uel
3183 3425 3407 3479 Maxime
3432 3429 3483 3482 vi

1877 3517 2050 3584 aliqua
2082 3517 2265 3570 abiisse
2293 3515 2690 3570 meminerimus.
2744 3513 2802 3569 ld
2840 3522 3022 3570 autem
3070 3516 3310 3574 editores
3362 3535 3483 3575 mo-

1879 3611 2024 3665 visse
2053 3609 2178 3665 inde
2209 3617 2372 3680 putet,
2397 3608 2541 3679 quod
2570 3609 2673 3664 hoc
2699 3609 3067 3664 teStimonium
3099 3610 3169 3664 ita
3197 3614 3485 3670 emollien-

1878 3703 2006 3759 dum
2038 3703 2300 3774 putarint,
2330 3712 2529 3758 utrem
2567 3718 2596 3755 a
2651 3701 2988 3758 dtemonibus
3038 3704 3217 3760 [letam
3273 3709 3485 3778 ingere-

1879 3805 2045 3861 rent,
2106 3793 2367 3849 detractis
2399 3835 2412 3858 ,
2475 3793 2560 3849 vel
2609 3795 2860 3857 mutatis.
2906 3795 2973 3850 iis
3015 3796 3210 3865 quibus
3242 3798 3300 3855 S.
3333 3799 3484 3857 Zeno

1879 3888 1932 3943 ld
1983 3887 2180 3943 factum
2227 3902 2256 3941 a
2313 3885 2654 3942 daemonibus
2701 3886 2922 3942 minime
2971 3888 3153 3942 fictum
3198 3890 3480 3951 indicavit.

1879 3982 2018 4049 Quid
2077 3990 2254 4034 autetn
2310 3976 2634 4033 offensionis
2689 3978 2804 4032 haec
2848 3979 3207 4048 contineant,
3262 3983 3483 4052 ignora-

1881 4090 2023 4129 mus.
2055 4072 2172 4128 Non
2217 4069 2610 4126 crediderlmus
2671 4069 2872 4125 veritos
2940 4070 3063 4126 illos
3109 4087 3253 4137 esse,
3315 4091 3382 4129 ne
3438 4080 3486 4133 si

1880 4165 2124 4236 qua-dam
2157 4165 2419 4219 malorum
2448 4165 2644 4219 anima:
2664 4203 2678 4228 ,
2738 4177 3225 4232 energumenorutn
3252 4180 3480 4238 corpora

1881 4257 2138 4314 invadere
2171 4255 2652 4324 proderentur,eas
2682 4255 2876 4310 inferni
2902 4257 3075 4324 poenis
3103 4267 3227 4312 ante
3248 4264 3481 4317 extremi

1876 4350 2065 4420 judicii
2085 4351 2226 4406 diem
2255 4349 2392 4404 haud
2412 4348 2867 4419 puniriquispiam
2884 4356 3122 4418 putaret:
3147 4366 3271 4406 natu
3290 4355 3481 4412 eadem

1880 4453 2028 4502 esset
2054 4445 2122 4500 de
2147 4442 2482 4500 daemonibus
2508 4443 2820 4508 difficultas,
2873 4443 2963 4512 qui
3015 4445 3095 4496 uri
3142 4460 3202 4499 se
3259 4448 3479 4516 quidem

178 4543 278 4601 ltoc
304 4541 775 4607 cotmnemnravit,
798 4540 1123 4596 observante
1151 4535 1449 4606 Augustino
1469 4532 1523 4586 in
1552 4531 1689 4588 libro
1710 4529 1778 4584 de
1803 4544 1858 4605 Ι)
1882 4537 2120 4594 confessi
2175 4535 2464 4592 traduntur
2489 4551 2517 4589 τι
2551 4535 2846 4599 Lactantio,
2898 4534 2990 4591 lib.
3038 4551 3096 4598 η,
3121 4551 3244 4609 ουρ,
3296 4540 3380 4606 15,
3429 4554 3487 4600 οι

178 4634 306 4691 Fide
336 4643 395 4691 et
419 4634 674 4704 operibus
703 4648 822 4703 cap.
853 4632 940 4697 19,
964 4628 1408 4700 qundCbristiani
1433 4640 1555 4680 cum
1587 4621 1775 4678 infide-

178 4725 312 4783 libus
332 4725 740 4782 tnatrimnninm
761 4725 980 4789 inirent,
1004 4721 1167 4790 idque
1185 4718 1456 4775 aflimabat
1483 4715 1611 4768 nihil
1631 4713 1775 4768 aliud

178 4837 302 4887 esse,
353 4837 510 4886 quam
573 4820 882 4889 prostituere
930 4817 1201 4888 gentilibus
1262 4812 1486 4884 membra
1559 4808 1770 4864 Christi.

179 4915 329 4971 Adde
359 4915 506 4986 quod
532 4912 772 4970 Concilia
813 4912 1079 4984 ejusmodi
1130 4909 1344 4976 nuptias
1383 4905 1775 4963 interdixerant

175 5010 335 5063 etiam
359 5016 488 5062 ante
514 5007 746 5063 Zenonis
775 5015 1013 5073 aetatem,
1048 5012 1107 5059 ut
1131 5001 1523 5058 Eliberitanum
1554 5013 1675 5051 can.
1706 4996 1774 5052 15

177 5113 230 5160 et
260 5103 347 5170 l7,
382 5093 752 5158 Laodicenum
801 5116 922 5156 can.
959 5101 1027 5157 10
1077 5105 1131 5152 et.
1172 5097 1261 5157 15,
1294 5104 1349 5150 et
1382 5093 1699 5148 Arelatense
1730 5104 1770 5154 ι,

177 5211 294 5251 can.
330 5197 421 5251 11.
455 5195 635 5250 Solum
687 5195 740 5250 in
785 5195 986 5260 Africa,
1045 5201 1100 5247 et
1147 5190 1282 5245 forte
1325 5187 1485 5244 etiam
1527 5184 1678 5251 alibi,
1707 5197 1774 5236 ex

176 5289 408 5360 quadam
440 5305 544 5344 non
601 5289 980 5358 episcoporum
1013 5284 1261 5356 quidem,
1302 5286 1396 5337 sed
1445 5277 1625 5349 pepuli
1659 5275 1773 5330 sive

176 5384 546 5454 simplicitate.
577 5383 690 5438 sive
713 5382 1032 5454 ignorantia,
1057 5381 1172 5436 sive
1201 5378 1303 5433 alia
1338 5389 1674 5448 quacumque
1702 5370 1772 5425 de

177 5491 338 5535 eausa
383 5479 557 5534 multo
579 5491 698 5549 post
721 5479 780 5535 8.
811 5477 1137 5550 Cyprianum
1165 5473 1364 5529 sensim
1405 5469 1628 5525 invaluit
1654 5465 1772 5534 epi-

179 5572 290 5638 nio,
323 5571 444 5626 haec
468 5570 712 5642 conjugis
741 5571 929 5638 licere,
962 5569 1096 5625 adeo
1119 5578 1172 5622 ut
1201 5566 1288 5622 vel
1319 5579 1422 5618 non
1451 5567 1773 5633 putarentur

180 5678 299 5721 esse
329 5675 575 5736 peccata,
610 5664 695 5720 vel
738 5673 795 5719 ut
832 5663 992 5718 dubia
1043 5677 1131 5717 res
1177 5658 1436 5716 derelicta
1491 5663 1658 5721 esset,
1716 5661 1775 5706 ut

183 5759 298 5816 loco
323 5759 559 5828 atlegato
586 5758 914 5830 Augustinus
943 5765 1201 5824 testatur;
1227 5763 1284 5814 et
1311 5768 1404 5827 per
1444 5752 1611 5808 hocce
1638 5758 1772 5806 tem-

585 5854 862 5917 ΡΑτιιοι..
913 5851 1025 5916 XI.

1882 4634 1975 4689 lib.
2017 4649 2071 4699 ν,
2104 4647 2226 4701 cap.
2255 4632 2348 4695 2i.
2389 4646 2487 4686 nec
2515 4645 2620 4685 non
2649 4645 2678 4684 a
2709 4627 2946 4684 Firmico
2989 4630 3056 4684 de
3106 4630 3310 4691 Errore
3352 4651 3481 4706 pro-

1881 4728 2017 4783 fante
2044 4725 2319 4797 religionis
2346 4739 2466 4796 pag.
2501 4723 2620 4789 100,
2649 4734 2703 4779 at
2726 4723 2973 4778 orationis
3000 4726 3246 4784 incendiis
3270 4770 3286 4796 ,
3318 4740 3374 4786 ut
3401 4733 3480 4788 ait

1881 4819 2144 4874 Minucius
2174 4820 2224 4872 in
2251 4815 2472 4871 Octavio
2498 4831 2619 4886 cap.
2650 4815 2745 4882 27,
2775 4825 2831 4870 et
2873 4816 2985 4871 sine
3027 4817 3230 4888 ignibus
3276 4822 3378 4887 uri,
3421 4832 3481 4880 ut

1879 4912 2117 4970 Hilarius
2145 4909 2376 4964 affirmat
2401 4910 2451 4964 in
2478 4909 2614 4964 libro
2631 4919 2819 4963 contra
2837 4907 3217 4965 Conatantium
3242 4928 3389 4969 num.
3416 4917 3473 4983 8,

1879 5015 1939 5060 ut
1968 5019 2037 5060 ne
2065 5013 2244 5059 tamen
2275 5003 2490 5073 pr0prio
2539 5003 2700 5057 etiam
2745 5003 3011 5073 supplicio
3041 5016 3297 5072 careant,
3331 5013 3477 5079 quod

1879 5097 2306 5169 adjurationibus
2348 5098 2632 5151 adauctum
2685 5096 2926 5167 prodidit
2984 5095 3041 5152 S.
3076 5099 3378 5170 Cyprianus
3406 5105 3478 5161 de

1880 5188 2152 5246 [dolorum
2185 5189 2419 5245 vanitate
2449 5205 2567 5258 pag.
2591 5188 2719 5244 451.
2752 5187 2917 5260 Igitur
2939 5188 2984 5244 si
3005 5195 3252 5261 quaedam
3280 5193 3477 5264 impio-

1879 5300 1996 5339 rutn
2025 5283 2240 5345 animae,
2273 5282 2382 5335 Deo
2409 5281 2778 5349 permittente,
2805 5282 3053 5351 quaedam
3076 5297 3302 5351 corpora
3328 5301 3479 5339 inva-

1879 5377 2046 5441 dunt,
2099 5382 2353 5443 poterunt
2388 5373 2480 5439 ibi,
2539 5373 2613 5426 uti
2669 5373 2966 5438 daatnunes,
3016 5388 3201 5442 plenas
3243 5377 3476 5444 propriis

1879 5471 2120 5526 reatibus
2133 5477 2498 5537 congruentes
2515 5464 2763 5520 sittnliter
2789 5465 2920 5534 pati,
2943 5465 3290 5519 nihilominus
3308 5478 3473 5536 atque

1879 5563 1934 5618 in
1964 5563 2175 5618 inferno
2201 5560 2512 5631 aliquandiu
2539 5572 2645 5613 non
2681 5559 2898 5626 degant.
2934 5554 3201 5624 Numquid
3232 5555 3472 5614 editores

1878 5659 1953 5714 illi
1979 5659 2296 5721 timuerunt,
2331 5668 2398 5708 ne
2424 5652 2656 5706 Zenonis
2704 5664 2768 5704 ea
2811 5649 3129 5724 crederetur
3179 5650 3466 5718 sententia,

1877 5769 2040 5829 quam
2078 5753 2218 5809 inter
2247 5746 2564 5807 Tertulliani
2606 5743 2841 5800 haereses
2883 5742 2942 5797 S.
2989 5738 3321 5810 Augustinus
3378 5757 3471 5800 re-

2898 5831 2939 5897 5
