3998 6332
524 319 631 379 139

1894 314 2429 378 PROLEGOMENA.

3694 343 3778 398 HD

527 444 719 497 censet
765 433 822 495 in
872 433 1011 492 libro
1053 432 1121 490 de
1166 430 1480 490 Haresibus
1531 444 1654 504 cap.
1683 429 1755 489 86
1783 448 1796 486 :
1831 429 1970 487 Dicit
2001 448 2128 488 sane
2154 429 2209 493 Α
2234 444 2376 506 tans,
2406 436 2791 508 disserensque
2815 437 2885 495 de
2916 439 3173 511 operibus
3193 438 3524 515 quibusdam,
3560 462 3667 521 qua!
3693 458 3777 512 sub

529 530 681 585 etiam
702 530 810 601 ipse
833 527 1032 583 animus
1061 526 1325 582 hominum
1373 524 1619 595 pessimus
1668 534 1782 596 post
1820 534 2035 580 mortem
2073 525 2129 579 in

529 623 785 679 dmancs
813 618 974 676 verti?
999 617 1124 676 litae
1149 618 1389 689 opinatio
1413 632 1445 675 e
1472 617 1792 685 Platonicis,
1813 626 1875 674 ut
1894 616 2124 684 videtur,

530 714 769 771 derivata
799 713 947 785 (nam
972 711 1151 771 simile
1178 710 1434 785 quiddam
1481 710 1732 768 Plotinus
1786 709 2009 767 tradidit
2057 725 2127 766 ex

530 805 829 876 Augustino
852 804 948 863 lib.
978 821 1035 861 ιι
1054 804 1122 861 de
1145 804 1309 860 Civit.
1339 802 1434 859 Dei
1479 818 1599 876 capt
1628 802 1746 875 ll),
1782 818 1942 875 quam
1984 802 2127 874 apud

531 898 921 956 Tertullianum
950 898 1191 970 reperire
1217 913 1324 954 non
1353 896 1520 963 licuit,
1543 896 1641 954 sed
1660 894 2127 969 Origeniquodam

529 992 692 1051 modo
712 992 1036 1050 adscribitur
1059 1006 1090 1047 a
1112 991 1172 1049 S.
1204 990 1536 1070 Hieronymo
1562 990 1721 1062 epist.
1752 988 1849 1058 59,
1887 989 1956 1045 ad
1992 986 2127 1045 Avi-

531 1097 666 1154 tum,
699 1100 856 1144 error
904 1083 1121 1158 quidem
1152 1091 1266 1151 est,
1295 1082 1564 1155 siquidem
1614 1081 1882 1139 malorum
1930 1081 2126 1138 animae

530 1188 654 1251 post
667 1191 898 1237 mortem
915 1189 1163 1237 naturam
1186 1178 1455 1251 propriam
1469 1193 1698 1235 exsuere
1713 1185 1878 1248 atque
1892 1176 2128 1249 abjicere

525 1283 580 1328 et
613 1271 672 1328 in
697 1271 1003 1329 daemonum
1042 1280 1285 1328 naturam
1321 1268 1595 1327 immutari
1628 1269 1920 1327 credantur
1961 1287 1975 1324 :
2020 1284 2128 1340 quo

529 1378 693 1421 sensu
727 1363 845 1420 haec
878 1364 1150 1420 sententia
1199 1372 1472 1434 tamquam
1519 1362 1744 1419 haeresis
1767 1362 2019 1421 damnata
2050 1362 2129 1419 le-

529 1458 674 1531 gitur
699 1473 733 1516 a
755 1457 1051 1517 Philastrio
1079 1472 1201 1528 cap.
1233 1456 1359 1525 121,
1387 1472 1510 1512 riam
1561 1457 1751 1512 animo
1787 1465 1977 1511 natura
2023 1472 2130 1512 non

528 1552 742 1608 vertitur
784 1552 839 1606 in
886 1561 1130 1606 naturam
1157 1551 1392 1606 alterum.
1439 1551 1511 1606 At
1548 1550 1685 1605 nib-il
1738 1550 1844 1607 tale
1894 1549 2128 1607 Zenonis

528 1643 695 1701 verba
717 1643 1062 1701 subindicant
1089 1661 1104 1697 :
1135 1642 1247 1699 imo
1268 1651 1481 1698 tantum
1534 1642 1580 1697 is
1630 1640 1803 1698 abfuit
1821 1641 1890 1698 ab
1913 1654 1977 1698 ea
2000 1657 2127 1698 sen-

526 1738 714 1804 tentia,
739 1752 845 1807 qua
874 1737 1232 1795 scelestarum
1263 1736 1458 1792 animus
1481 1736 1537 1793 in
1561 1735 1842 1794 dmones
1878 1736 2127 1794 converti

2231 528 2534 586 animarum
2564 532 2782 587 nomine
2802 531 2945 589 circa
2966 534 3215 604 sepulcra
3242 536 3577 609 gerebantur,
3594 554 3781 603 conten-

2227 620 2328 687 dit,
2360 637 2485 695 pag.
2517 621 2590 679 66
2631 632 2765 679 tom.
2795 639 2888 681 vttr
2918 625 3181 682 Βίιιιίοιιιε
3212 626 3275 682 P.
3312 628 3396 698 P.,
3422 632 3546 689 edit.
3594 635 3778 709 Lugd“-

2230 714 2437 782 nensis,
2464 728 2527 771 ea
2551 756 2567 782 ,
2611 731 2735 787 qua
2782 716 2839 774 id
2897 727 3153 789 gererent
3177 761 3191 787 ,
3243 728 3355 777 esse
3390 725 3523 779 male
3561 729 3780 787 «tentoria

2227 806 2483 864 bunum
2535 811 2739 866 animus
2798 814 3259 882 repracsntantic;
3311 808 3451 887 quod
3474 818 3534 875 S.
3577 819 3780 881 Zenonis

2229 901 2594 973 suspicionem
2614 903 2921 962 conﬁrmat.

2855 1000 3088 1060 CAPUT
3128 1001 3221 1060 IX.

2330 1107 2459 1158 cum
2495 1108 2713 1153 sucron
2743 1108 3000 1155 ssnssnrr
3045 1112 3117 1156 ns
3167 1102 3443 1161 «omnia
3479 1108 3685 1162 subicio.

2304 1185 2379 1242 De
2403 1185 2607 1257 judicio
2647 1189 2945 1247 novissimo
2987 1186 3140 1249 Zeno
3168 1204 3279 1250 non
3306 1195 3444 1254 bene
3482 1198 3701 1257 sensisse
3724 1212 3780 1257 es

2229 1287 2388 1336 tract.
2404 1281 2472 1336 21
2489 1282 2587 1338 lib.
2609 1297 2665 1348 tl,
2685 1282 2739 1339 in
2755 1285 3019 1355 psalmum
3041 1288 3418 1358 centesimum,
3440 1289 3597 1347 videri
3611 1300 3778 1363 potest,

2227 1371 2527 1446 quippequi
2542 1374 2739 1433 ibidem
2755 1387 2869 1433 tum
2883 1378 3069 1436 ﬁdeles
3084 1388 3197 1436 tum
3211 1380 3455 1438 inﬁdeles
3466 1382 3598 1440 abeo
3608 1382 3782 1456 judicio

2228 1463 2434 1522 liberos
2462 1465 2606 1524 facit.
2629 1468 2895 1526 Rocitatis
2910 1472 3055 1528 enim
3088 1487 3155 1529 ex
3190 1474 3477 1548 Evangelia
3496 1475 3703 1534 Joannis
3714 1494 3778 1547 ιιι,

2228 1558 2328 1624 18,
2380 1559 2579 1618 Christi
2613 1564 2795 1621 verbis
2844 1582 2858 1619 :
2903 1567 3004 1635 Qui
3042 1569 3204 1623 credit
3252 1570 3307 1625 in
3374 1584 3481 1640 nte,
3524 1588 3617 1628 non
3652 1572 3782 1646 judi-

2226 1652 2424 1710 cabitur
2447 1673 2466 1712 :
2488 1658 2577 1730 qui
2602 1669 2773 1715 autem
2799 1670 2903 1717 non
2933 1655 3116 1730 credit,
3134 1663 3253 1735 jam
3274 1662 3526 1730 iudicatus
3560 1676 3662 1732 est;
3683 1666 3784 1724 haec

2226 1750 2445 1806 subdit:
2479 1751 2604 1809 Herc
2630 1755 2847 1812 diremta
2876 1758 3053 1813 eximit
3070 1759 3275 1832 judicio
3299 1758 3492 1830 fideles,
3518 1774 3614 1817 non
3640 1762 3783 1817 admi-

520 1829 789 1898 ferunlur,
820 1841 879 1887 ιιι
906 1831 1116 1886 animas
1142 1845 1238 1886 635
1256 1844 1390 1926 fere
1409 1844 1556 1897 0588,
1572 1829 1703 1886 dum
1724 1844 2121 1926 euersumeuos
2150 1826 2201 1887 Β
2225 1844 2291 1898 sit
2315 1845 2384 1899 ad
2400 1846 2661 1919 judicium
2701 1849 2973 1919 inﬁdeies;
3011 1826 3153 1923 quod
3195 1826 3451 1926 deinceps
3490 1854 3779 1913 luculentius

521 1932 810 1996 occupant,
857 1941 971 1982 non
1010 1933 1193 1981 autem
1237 1923 1538 1991 damones,
1581 1934 1961 1995 argumentum
2003 1923 2123 1995 ejus

514 2019 801 2078 evidenter
832 2030 1018 2090 ponat,
1052 2034 1177 2076 cum
1218 2019 1415 2077 exinde
1460 2020 1765 2077 animarum
1797 2020 2119 2077 immortali-
2141 2029 2155 2038 ‘

438 2101 451 2109 ’
521 2121 711 2201 uteie,
738 2128 803 2171 ac
831 2112 1065 2171 subinde
1093 2112 1555 2171 resurrectionem
1581 2114 1840 2186 colligat;
1868 2114 2013 2186 quod
2041 2124 2121 2169 ta-

520 2222 651 2264 men
676 2208 854 2277 ipsum
881 2207 1099 2263 ﬁctione
1126 2206 1459 2273 daemonum,
1503 2209 1595 2279 qui
1625 2223 1687 2264 se
1706 2223 1806 2278 pro
1833 2207 2119 2264 animabus

420 2372 425 2375 _
520 2310 731 2373 gerant,
767 2301 883 2357 ﬁeri
915 2315 1075 2371 posse
1114 2317 1222 2356 non
1269 2303 1492 2357 omnino
1519 2303 1792 2359 inﬁciatur
1826 2302 2114 2359 scribens:

517 2390 584 2449 At
627 2392 780 2460 dicis,
837 2391 964 2447 Haec
1015 2392 1271 2449 dmones
1311 2395 1531 2465 ﬁngunt.
1592 2391 1673 2451 Eo
1724 2395 1960 2463 probatio
2007 2412 2116 2451 me-

517 2485 640 2553 lior,
665 2495 774 2542 etc.
801 2483 1068 2542 Caeterum
1102 2485 1146 2541 si
1186 2501 1344 2543 veras
1371 2489 1659 2558 impiorﬁm
1706 2488 1916 2544 animas
1951 2505 2115 2545 ener-

515 2591 781 2650 gumenos
803 2577 1128 2651 quandoque
1155 2577 1433 2645 invadere,
1457 2580 1578 2636 loco
1598 2580 1931 2649 daemonum,
1953 2596 2114 2653 posse

515 2670 721 2738 sensit;
750 2671 900 2743 quid.
930 2685 1138 2741 qntcso,
1166 2671 1369 2727 erroris
1413 2672 1540 2728 huic
1575 2674 1862 2730 sontentiai
1888 2673 2114 2732 subest?

512 2760 725 2821 Scimus
749 2778 999 2845 magnam
1027 2778 1151 2822 esse
1171 2762 1314 2821 inter
1342 2780 1534 2821 sacros
1556 2765 1864 2838 Scriptores
1889 2779 2107 2826 contro-

509 2856 767 2923 versiam,
789 2872 916 2913 num
947 2856 1003 2912 in
1030 2856 1097 2913 iis
1123 2856 1348 2925 visibus,
1395 2857 1451 2914 in
1477 2858 1673 2929 quibus
1722 2860 1937 2931 piorum
1990 2865 2112 2920 ani-

510 2964 616 3004 mat
698 2947 1011 3004 viventibus
1101 2949 1421 3021 apparuisse
1501 2950 1786 3007 traduntur
1815 2993 1833 3021 ,
1916 2954 2114 3010 animus

513 3039 646 3110 ipsas
673 3042 776 3097 sub
804 3038 913 3096 alia
930 3040 1116 3111 specie
1140 3055 1263 3097 sese
1296 3040 1407 3097 illis
1441 3041 1764 3113 objecerint,
1791 3060 1858 3101 an
1889 3047 2112 3119 angelo-

2226 1939 2532 2007 conﬁrmat,
2569 1943 2742 2011 primo
2768 1944 2836 2000 de
2858 1944 3107 2004 ﬁdelibus
3137 1964 3151 2002 :
3188 1944 3331 2017 Quid
3362 1949 3492 2004 enim
3512 1966 3696 2005 necesse
3719 1952 3780 2007 est

2215 2028 2454 2105 ﬂuitare
2485 2036 2815 2093 credentem?
2842 2039 3113 2096 Indicium
3136 2044 3273 2099 enim
3309 2061 3372 2099 ea:
3390 2040 3629 2116 ambiguls'
3655 2045 3783 2099 rebus

2224 2126 2455 2182 exsistit:
2481 2128 2722 2201 adempta
2746 2131 3098 2207 ambiguitate,
3130 2132 3328 2205 jndicii
3354 2150 3456 2191 non
3496 2132 3784 2191 desideratur

2221 2231 2453 2276 etram.
2484 2218 2623 2277 Tum
2654 2223 2724 2279 de
2750 2223 3057 2282 inﬁdelibus
3083 2240 3099 2283 :
3126 2226 3211 2283 Et.
3227 2244 3331 2300 quo
3355 2238 3447 2286 nec
3474 2228 3689 2298 inﬁdeles
3712 2242 3782 2282 ne-

2222 2323 2360 2366 cesse
2406 2321 2482 2368 est
2510 2315 2754 2388 judicare
2772 2334 2795 2385 ;
2838 2318 2963 2390 quia
3005 2319 3123 2391 jam
3168 2335 3265 2375 sua
3309 2329 3428 2377 sunt
3464 2316 3781 2376 incredulitate

2220 2402 2471 2474 damnati,
2504 2407 2556 2463 id
2581 2410 2725 2480 quod
2751 2412 3075 2482 comprobat
3101 2428 3169 2471 es
3200 2410 3297 2472 illo
3325 2410 3461 2486 psai.
3491 2431 3506 2471 ι
3539 2410 3688 2469 {Non
3709 2424 3778 2468 re-

2218 2507 2433 2570 “"’9¢"‘
2451 2500 2601 2569 θηρίδ
2642 2503 2697 2557 in
2715 2503 2939 2577 Ιπαὶύὲο,
2974 2514 3137 2577 neque
3169 2516 3462 2578 peccatores
3499 2506 3553 2562 in
3594 2504 3779 2561 consilio

2209 2590 2492 2661 iustorum.
2521 2592 2588 2649 Et
2608 2594 2866 2670 deinceps
2891 2599 3047 2670 plura
3065 2599 3311 2668 disserit,
3343 2598 3532 2673 quibus
3547 2594 3779 2672 judicium

2216 2683 2285 2740 iis
2329 2686 2504 2742 solum
2552 2700 2775 2747 manere
2820 2692 3078 2760 insinuat,
3124 2695 3213 2767 qui
3263 2694 3409 2753 inter
3438 2694 3669 2752 inﬁdeles
3704 2692 3780 2750 vel

2218 2778 2415 2850 impios
2437 2790 2490 2837 et
2509 2782 2697 2841 ﬁdeles
2717 2800 2813 2841 seu
2839 2800 3058 2845 sanctos
3079 2788 3239 2847 medii
3269 2802 3417 2860 sunt,
3439 2797 3645 2864 quarunt
3667 2784 3779 2845 obli-

2215 2886 2330 2943 qua:
2348 2876 2684 2947 ancipitisque
2698 2879 2814 2935 virm
2829 2883 3110 2938 necessario
3130 2893 3248 2941 sunt
3260 2886 3579 2943 discutienda
3592 2892 3778 2940 secreta.

2288 2966 2394 3025 Sed
2439 2970 2554 3027 haec
2600 2984 2671 3028 ne
2722 2988 2883 3046 quem
2927 2972 3227 3046 oﬁ'endant,
3274 2974 3782 3036 animadvertendum

2218 3063 2394 3132 primo
2418 3073 2521 3128 ρει,
2555 3066 2742 3135 plures
2771 3068 3022 3140 antiquos
3051 3062 3261 3127 similia
3291 3070 3590 3130 tradidisSe.
3621 3070 3782 3140 Neque

511 3147 633 3188 rum
678 3148 845 3204 opera
887 3134 1073 3190 omnia
1115 3137 1416 3192 evenerint.
1464 3136 1544 3193 De
1589 3154 1694 3209 qua
1739 3142 2111 3199 controversia

2219 3166 2314 3211 eos
2351 3157 2791 3228 memorabimus,
2819 3134 2956 3232 qui.
2999 3162 3351 3237 simplicitatis
3387 3171 3597 3221 accusat
3621 3134 3784 3232 οτιέεε.

512 3225 1153 3330 Augustinus-disserens-
1171 3227 1257 3330 hin
1286 3228 1427 3330 -iib._
1459 3228 1527 3330 de
1563 3229 1706 3287 Cura
1746 3246 1846 3330 pro
1887 3238 2117 3296 mortuis
2145 3224 2191 3290 C
2220 3262 2319 3305 ne,
2347 3257 2478 3307 tum
2515 3260 2539 3306 ι.
2562 3265 2682 3324 με.
2711 3224 2805 3319 ﬂ"
2939 3224 3186 3327 quod)“
3220 3252 3406 3315 “rm
3436 3258 3565 3330 psal.
3595 3273 3609 3312 ι
3640 3274 3651 3309 :
3679 3224 3784 3309 Nvan

511 3332 632 3389 cap.
666 3316 732 3372 10
755 3360 771 3387 ,
808 3318 871 3373 11
900 3359 916 3385 ,
951 3318 1019 3376 15
1050 3327 1109 3375 et
1133 3320 1199 3375 16
1223 3360 1243 3386 ,
1284 3320 1513 3380 inﬁciari
1552 3338 1743 3381 verum
1796 3328 1970 3385 visum
2004 3344 2115 3387 non

513 3409 699 3478 audet,
742 3426 866 3466 nam
893 3410 1004 3467 hinc
1046 3412 1092 3467 si
1136 3412 1273 3479 falsa
1314 3430 1427 3469 esse
1469 3420 1907 3488 responderimus,
1937 3434 2117 3479 contra

513 3501 853 3574 quorumdam
883 3504 1077 3575 scripta
1096 3504 1329 3573 ﬁdelium
1358 3505 1615 3580 (exempli
1645 3512 1816 3583 gratia
1863 3514 1922 3571 8.
1977 3514 2114 3573 Am-

514 3593 682 3650 brosii
708 3593 996 3653 referentis
1020 3596 1387 3654 inventionum
1416 3614 1704 3672 corporum
1739 3604 1838 3662 88.
1870 3605 2115 3666 Gervasii

508 3697 565 3742 et
606 3686 858 3754 Protasii,
886 3698 940 3743 et
979 3687 1203 3745 Luciani
1248 3689 1395 3746 illam
1433 3694 1676 3763 corporis
1721 3696 1780 3754 S.
1829 3698 2114 3772 Stephani)

508 3790 559 3835 et
589 3789 768 3835 contra
806 3795 982 3835 eorum
1006 3796 1189 3835 sensus
1214 3821 1233 3849 ,
1259 3783 1347 3853 qui
1378 3782 1504 3840 talia
1530 3785 1627 3839 sibi
1650 3788 1900 3844 accidisse
1924 3793 2116 3861 conﬁr-

512 3881 676 3941 mant,
726 3870 1047 3944 impudenter
1095 3873 1267 3927 venire
1322 3873 1634 3943 videbimur;
1681 3886 1739 3932 et
1781 3889 1901 3949 post
1947 3883 2113 3939 multa

515 3966 767 4036 utrinque
809 3964 1107 4039 disputata,
1162 3980 1277 4022 rem
1326 3966 1428 4022 sub
1473 3967 1641 4025 dubio
1693 3970 1971 4043 relinquit,
2013 3990 2115 4033 nec

511 4062 703 4118 abnuit
744 4070 1034 4133 utrumque
1074 4063 1190 4118 ﬁeri
1238 4063 1511 4133 potuisse,
1568 4074 1628 4121 ut
1675 4070 1840 4125 modo
1884 4071 1974 4128 illa
2015 4089 2116 4144 per

511 4155 657 4225 ipsas
685 4154 955 4225 iustorum
1005 4156 1245 4225 animas,
1286 4156 1449 4213 modo
1495 4174 1589 4226 per
1633 4164 1854 4235 angelos
1898 4166 2109 4225 ﬁerent.

514 4247 701 4320 itaque
748 4263 872 4305 cum
898 4258 1006 4305 tam
1050 4250 1391 4321 espioratnm
1430 4250 1668 4309 Zenonis
1719 4258 2110 4327 testimonium,

511 4359 619 4416 quo
641 4358 729 4400 res
755 4344 1021 4414 proditur,
1052 4360 1174 4416 qua:
1201 4360 1297 4401 eos
1325 4346 1476 4416 ipsos
1525 4347 1759 4407 habebat
1794 4361 1981 4418 testes,
2022 4358 2111 4428 qui

512 4435 615 4507 ipsi
639 4435 835 4492 dicenti
866 4436 1114 4505 aderant,
1145 4437 1269 4508 quis
1290 4437 1409 4496 sine
1439 4442 1745 4500 temeritate
1790 4447 1988 4502 factum
2018 4465 2115 4506 ne-

511 4529 637 4601 get?
665 4530 816 4587 Sicut
840 4530 983 4587 enim
1007 4529 1202 4589 animo:
1232 4532 1443 4604 piorum
1470 4533 1539 4590 ad
1570 4535 1865 4603 viventium
1912 4542 2113 4599 utilita-

2214 3354 2485 3415 resurgent
2511 3345 2658 3417 impii
2684 3347 2738 3401 in
2757 3348 3038 3422 judicium,
3074 3361 3352 3424 negarunt
3379 3349 3538 3407 motos
3556 3352 3783 3404 resurrec-

2214 3434 2372 3490 tionis
2409 3446 2671 3507 compotes
2711 3442 2935 3510 futuros,
2985 3453 3079 3498 aut
3116 3442 3215 3500 Dei
3250 3442 3458 3520 judicio
3503 3437 3781 3516 dignandos.

2215 3524 2409 3583 Patres
2460 3529 2716 3587 Ecclesiae
2758 3531 3105 3592 doctissimos
3149 3539 3508 3610 appellamus,
3556 3544 3682 3608 quos
3730 3544 3784 3587 ea

2214 3620 2559 3691 simplicitate
2593 3625 2995 3683 succensendos
3032 3642 3139 3685 non
3170 3618 3465 3699 credimtts,
3494 3628 3681 3701 quique
3716 3622 3784 3681 vel

2214 3722 2341 3770 ante
2370 3713 2645 3772 Zenonem
2684 3718 2893 3788 vixere,
2922 3718 3007 3777 vel
3030 3723 3081 3778 ei
3097 3734 3365 3796 suppares
3395 3728 3552 3780 nitate
3574 3716 3781 3784 inerunt,

2214 3805 2301 3861 vel
2331 3808 2493 3863 etiam
2535 3818 2722 3879 postea
2759 3813 2955 3870 similia
2985 3813 3243 3873 docuere.
3277 3812 3463 3873 Primo
3509 3824 3785 3870 memoran-

2214 3897 2316 3955 dus
2345 3900 2494 3956 venit
2530 3900 2868 3974 Lactantius,
2917 3909 3007 3979 qui
3038 3908 3133 3965 lib.
3167 3918 3249 3965 νη
3291 3906 3526 3967 lnstilut.
3558 3908 3671 3976 cap.
3707 3900 3788 3967 20»

2214 3999 2498 4062 postquam
2531 4009 2720 4053 omnes
2752 3997 2804 4052 in
2837 3998 2947 4056 ﬁne
2992 3994 3178 4057 mundi
3225 4004 3629 4060 resurrecturos
3664 3992 3792 4052 allir~

2215 4088 2399 4169 mavit,
2442 4090 2509 4145 de
2535 4093 2718 4162 quibus
2736 4095 2993 4168 judicium
3024 4106 3269 4167 magnum
3301 4098 3440 4154 idem
3474 4098 3582 4167 ipse
3622 4106 3707 4146 rex
3737 4102 3791 4142 σε

2214 4178 2358 4235 Deus
2394 4184 2569 4253 faciet,
2603 4200 2749 4241 num.
2795 4187 2829 4244 5
2873 4188 3063 4244 addit:
3098 4184 3212 4247 Nec
3252 4198 3427 4248 tamen
3451 4187 3665 4246 uniuersi
3688 4192 3791 4239 tunc

2213 4286 2246 4326 α
2280 4270 2390 4329 Deo
2408 4276 2929 4349 judicabuntttr......
2966 4296 3086 4337 nam
3129 4286 3219 4355 qui
3247 4282 3415 4340 Deum
3450 4291 3550 4338 non
3588 4290 3788 4353 agnora-

2214 4377 2353 4433 runt,
2382 4372 2624 4440 quoniam
2669 4377 2917 4431 sententia
2960 4372 3025 4433 de
3060 4378 3141 4435 Itis
3180 4380 3234 4434 in
3277 4378 3643 4435 absolutionem
3679 4367 3791 4443 ferri

2213 4472 2316 4513 non
2345 4471 2529 4531 potest,
2551 4464 2667 4535 jam
2704 4468 2925 4537 iudicati
2953 4468 3289 4539 damnatique
3313 4480 3456 4540 sunt,
3482 4467 3662 4525 sanctis
3694 4462 3790 4519 Lit-

2217 4552 2337 4605 teris
2380 4557 2778 4614 contestantibus
2821 4576 2925 4616 non
2972 4572 3352 4620 resurrecturos
3394 4581 3504 4620 esse
3542 4560 3716 4634 impios
3748 4556 3794 4610 in

517 4634 647 4726 tem,
672 4623 785 4681 Deo
809 4626 1044 4691 volente,
1068 4637 1394 4726 peierantes
1412 4632 1549 4702 Aug.
1581 4635 1852 4690 sententia
1882 4636 2115 4695 homini—
2140 4612 2194 4672 D
2210 4644 2490 4715 judicium.
2518 4649 2571 4707 S.
2604 4649 2838 4708 Hilarius
2862 4653 2913 4709 in
2936 4657 3071 4726 psal.
3101 4673 3141 4726 ι,
3171 4658 3363 4716 eadem
3391 4656 3561 4714 ferme
3586 4612 3644 4709 ac
3666 4651 3795 4707 Zeno

513 4716 614 4773 bus
627 4731 910 4787 apparere,
923 4726 979 4773 et
992 4717 1238 4787 quaedam
1252 4719 1487 4788 edicere,
1499 4723 1841 4792 conﬁrmare,
1856 4731 2114 4789 ostende-

515 4825 607 4876 rc;
634 4808 820 4883 [cxvn]
859 4809 1064 4880 quidni,
1093 4809 1284 4868 eodem
1327 4814 1675 4883 permittente
1703 4819 1835 4888 Deo,
1867 4824 2112 4894 quaedam

513 4901 803 4973 impiorum
825 4903 1019 4958 animm
1046 4903 1351 4960 daemonum
1378 4907 1553 4963 vicem
1600 4926 1759 4981 agere
1800 4926 2113 4989 potuerunt,

517 5003 574 5048 ut
596 5009 661 5048 ex
690 5008 875 5049 earum
903 4996 1215 5051 testimonio
1241 4994 1367 5053 ﬁdei
1397 4999 1569 5067 ipsius
1598 5005 1797 5062 veritas
1819 5012 2112 5069 conﬁrma-

517 5092 690 5151 retur,
726 5094 786 5140 nt
831 5099 962 5140 sane
1000 5102 1062 5142 ex
1117 5087 1311 5144 iisdem
1360 5095 1773 5154 resurrectionis
1830 5105 2110 5164 veritatem

515 5175 572 5233 8.
614 5174 766 5231 Zeno
815 5177 1140 5232 conﬁrmat?
1180 5180 1403 5237 Factum
1454 5184 1645 5242 saltem
1681 5194 1867 5262 negari
1907 5199 2111 5268 nequit,

515 5285 581 5327 ac
610 5268 835 5341 proinde
856 5269 989 5325 nihil
1020 5271 1078 5328 S.
1103 5271 1309 5330 Zenoni
1342 5287 1518 5345 potest
1546 5287 1877 5352 succenseri,
1906 5291 1996 5360 qui
2037 5308 2115 5348 ex

518 5363 662 5420 iacto
707 5361 850 5435 apud
889 5363 1167 5419 auditores
1207 5368 1490 5437 explorato
1519 5372 1573 5428 in
1610 5389 1725 5431 rem
1755 5391 1906 5435 suam
1954 5394 2115 5451 argu-

518 5468 759 5517 mentum
794 5457 1146 5513 fortissimum
1188 5465 1502 5533 sumpserit,
1546 5482 1667 5525 cum
1719 5476 2017 5542 praesertim
2044 5478 2113 5537 de

516 5551 1087 5611 ﬁctionedtemonum
1133 5554 1235 5609 sub
1276 5555 1439 5612 linem
1494 5562 1705 5618 numeri
1749 5568 2110 5637 suspicionem

516 5645 759 5714 injicint;
806 5659 970 5715 quam
1007 5644 1060 5699 in
1104 5661 1218 5700 rem
1264 5646 1526 5706 videndus
1558 5654 1763 5722 etiam,
1814 5658 1859 5713 si
1909 5662 2110 5734 placet,

519 5735 722 5794 [Encas
744 5738 971 5795 Gazwus
1018 5740 1070 5795 in
1119 5739 1351 5811 dialogo,
1379 5745 1469 5814 qui
1502 5743 1887 5820 Theophrastus
1926 5755 2113 5817 inscri‘

509 5827 673 5898 bitur,
705 5831 792 5887 ubi
828 5830 895 5888 de
935 5831 1237 5890 animarum
1278 5845 1419 5893 statu
1461 5837 1886 5903 luculentissima
1927 5848 2110 5923 dispu-

2222 4738 2407 4807 habet,
2450 4744 2586 4800 adeo
2624 4754 2682 4801 ut
2722 4746 2864 4804 hunc
2903 4762 2970 4805 ex
3013 4751 3205 4807 eodem
3236 4752 3496 4825 pleraque
3525 4750 3575 4808 id
3603 4738 3796 4823 generis

2221 4833 2278 4889 in
2325 4851 2483 4892 suum
2543 4848 2824 4897 tractatum
2889 4844 3226 4903 transtulisse
3271 4849 3325 4904 in
3382 4840 3795 4904 adnotationibus

2221 4932 2612 4989 monuerimus.
2667 4935 2900 4994 Sanctus
2945 4939 3073 4996 item
3114 4941 3437 4998 Ambrosius
3466 4942 3520 4998 in
3566 4936 3796 4997 eumdem

2217 5023 2504 5092 psalmum,
2559 5025 2626 5080 ad
2679 5042 2742 5083 ea
2792 5030 2956 5087 verba
3010 5049 3024 5085 :
3081 5031 3343 5101 Quoniam
3398 5051 3500 5089 non
3552 5016 3797 5099 resurgant

2212 5113 2361 5185 irnpii
2393 5117 2449 5171 in
2481 5118 2700 5186 iudicio,
2754 5123 3008 5181 similiter
3053 5128 3129 5183 ait
3175 5144 3328 5184 num.
3362 5129 3430 5187 51
3470 5126 3636 5183 :Non
3677 5123 3798 5179 enim

2217 5202 2371 5273 dixit,
2417 5206 2540 5264 Non
2567 5224 2853 5286 resurgant,
2892 5219 2984 5273 sed
3008 5219 3101 5287 ait,
3148 5220 3448 5293 Resurgunt
3471 5215 3689 5294 quidem,
3718 5210 3797 5270 εειι

2217 5317 2321 5357 non
2349 5303 2402 5358 in
2423 5304 2647 5376 judicio.
2684 5308 2787 5376 Qui
2810 5320 2978 5369 autem
3014 5318 3259 5390 resurgit,
3308 5326 3388 5374 est
3416 5316 3589 5389 utique
3629 5323 3674 5371 et
3698 5328 3796 5367 mtto

2221 5401 2324 5460 net,
2354 5396 2443 5449 sed
2482 5398 2604 5468 quia
2632 5415 2734 5454 non
2762 5403 2979 5459 credidit
3003 5407 3056 5461 in
3096 5407 3381 5476 Christum,
3413 5414 3530 5485 jam
3546 5403 3796 5483 judicatus

2221 5495 2315 5553 est,
2346 5495 2394 5540 et
2420 5489 2534 5543 ideo
2573 5508 2676 5546 non
2702 5496 2837 5549 venit
2885 5498 2940 5552 in
2960 5492 3240 5569 judicium,
3283 5518 3435 5573 quem
3477 5501 3665 5575 μενοςιί
3692 5501 3796 5571 iam

2221 5588 2391 5633 manet
2426 5595 2574 5648 paena
2593 5585 2900 5654 judicii.....
2942 5586 3021 5645 De
3059 5604 3117 5646 eo
3152 5600 3342 5656 arttem,
3388 5588 3658 5664 quod'ait:
3688 5578 3795 5643 Non

2220 5686 2493 5747 resurgunt
2524 5678 2671 5750 impii
2699 5678 2751 5733 in
2768 5680 2997 5753 judicio,
3035 5686 3319 5741 secundum
3354 5668 3688 5759 anngelium
3716 5679 3796 5736 αὺο

2218 5769 2385 5823 soluta
2404 5776 2671 5840 seruantia,
2694 5773 2819 5843 quia
2838 5792 2940 5831 non
2958 5792 3132 5833 omnes
3154 5778 3556 5847 iudicabuntur;
3580 5784 3633 5833 et
3649 5772 3797 5832 allato

2222 5868 2368 5919 textu
2401 5861 2590 5922 Pauli:
2620 5866 2809 5926 Omnes
2833 5879 3007 5929 autem
3048 5881 3245 5947 oportet
3274 5886 3371 5931 nos
3410 5881 3548 5931 stare
3584 5878 3699 5930 ante
3717 5866 3797 5926 tri-
3900 5940 3907 5945 .
