3952 6320
156 343 251 400 Ml

1118 358 1570 420 DlSSEBTATIO
1609 358 1679 429 II,
1721 360 1811 418 DE
1851 361 1908 419 S.
1951 363 2106 422 ΖΕΝ.
2149 368 2514 431 DOCTIthA.
2548 369 2556 378 ’

3347 384 3446 442 143

152 463 309 569 burial
335 464 550 532 Christi.
575 471 713 542 quod
746 477 1076 533 contrarium
1113 481 1419 551 putabatur,
1451 485 1744 554 respondet
1770 485 1824 548 A
1851 489 1904 535 et
1931 479 1982 536 id
2017 483 2189 553 ipsum
2217 489 2564 558 conﬁrmant,
2593 507 2713 564 quze
2739 493 3020 552 traduntur
3045 496 3114 554 de
3140 503 3445 569 peccatori—

151 554 433 616 Christum
465 563 529 618 de
560 563 861 624 inﬁdelibus
893 570 1155 639 locutum,
1182 576 1270 644 qui
1290 592 1392 630 non
1421 577 1746 634 crediderunt

151 651 202 704 in
229 649 517 710 Dominum
538 657 713 714 Iesum
735 679 753 728 ;
779 672 835 718 et
861 666 1150 734 Apostolus
1173 670 1265 724 etsi
1290 669 1419 726 dixit
1449 688 1645 736 omnes,
1680 673 1744 728 de

149 743 211 797 iis
240 745 420 812 utique
445 751 595 816 dixit,
639 754 724 822 qui
750 756 1093 812 crediderunt.
1137 760 1496 834 Hieronymus
1538 765 1591 818 in
1623 765 1749 821 Dia-

148 834 268 906 lngo
311 851 503 898 contra
532 844 850 916 Pelagianos
893 866 1042 906 num.
1071 853 1142 909 28
1183 863 1328 910 textu
1371 856 1563 925 psalmi
1595 859 1743 929 ejus-

145 931 266 988 dem
294 935 466 991 allato
487 938 564 993 ait
595 938 755 994 :Jam
782 944 923 998 enim
950 946 1004 1000 in
1034 949 1372 1018 perditionem
1401 963 1520 1006 sunt
1549 955 1746 1024 preju-

146 1025 322 1080 dicati.
376 1031 580 1087 Auctor
628 1033 888 1091 Breviarii
931 1041 982 1092 in
1031 1041 1164 1110 psal.
1199 1043 1384 1098 linter
1429 1045 1744 1118 Hieronymi

144 1120 340 1190 Opera,
371 1132 503 1178 tom.
539 1142 611 1184 Vtt
635 1130 962 1200 Appendicis
984 1134 1116 1189 edit.
1149 1134 1348 1192 Veron.
1375 1152 1494 1208 cap.
1527 1139 1561 1194 4
1584 1157 1594 1192 :
1619 1138 1743 1195 Non

143 1215 260 1283 quia
274 1232 378 1268 non
399 1232 693 1291 resurgunt,
715 1225 804 1276 sed
821 1223 1030 1300 [cxvnt]
1042 1227 1162 1298 quia
1179 1233 1231 1282 in
1235 1231 1439 1302 judicio
1455 1248 1555 1286 non
1573 1247 1743 1287 resur-

143 1319 263 1377 gunt
282 1313 425 1380 ,jam
444 1315 580 1368 enim
608 1315 671 1368 de
686 1317 748 1370 iis
773 1322 1169 1392 prtcjudicatstm
1184 1333 1277 1378 est.
1305 1324 1742 1382 Auctoralterius

143 1399 527 1460 Commentarii
554 1405 884 1481 Hieronymo
903 1412 1166 1484 adscripti
1197 1416 1253 1469 in
1273 1416 1462 1472 codice
1488 1417 1740 1475 Bobiensi

142 1493 329 1548 eodem
362 1504 496 1550 tum.
519 1511 614 1563 vn,
649 1514 767 1571 pag.
793 1501 884 1570 27,
927 1503 980 1558 in
1009 1505 1323 1574 praefatione
1362 1507 1430 1564 ad
1459 1509 1736 1565 laudatum

142 1584 472 1643 Breviarium
509 1607 521 1643 :
555 1589 676 1646 Non
705 1593 836 1648 dixit
879 1595 1130 1666 absolute,
1165 1599 1287 1656 Non
1313 1613 1606 1674 resurgunt,
1648 1603 1740 1658 sed

141 1679 356 1744 addidit,
391 1679 460 1735 In
477 1684 715 1755 judicio;
745 1687 863 1742 licet
884 1705 988 1745 non
1011 1704 1276 1764 resurgent
1299 1696 1369 1748 ad
1390 1698 1734 1752 examinatio-

143 1788 272 1840 nem,
294 1774 388 1828 sed
417 1789 704 1848 resurgent,
745 1790 803 1834 ut
841 1784 1014 1837 statim
1057 1787 1359 1840 setttents’tnn
1391 1789 1739 1846 domitationis

1848 572 1949 629 bus
1975 579 2189 645 mediis,
2221 597 2357 650 quos
2381 584 2452 640 ob
2479 587 2767 658 ancipitem
2799 590 2965 647 vitam
2993 596 3246 650 examine
3269 596 3447 653 discu-

1846 668 2047 725 liendos
2079 679 2388 732 necessario
2431 684 2741 749 pronuntiat
2770 703 2784 738 :
2814 685 3134 757 Ambiguitas
3165 690 3300 744 enim
3344 687 3448 746 nisi

1847 764 2008 834 fuerit
2037 767 2292 837 discussa,
2315 774 2438 845 jure
2466 791 2567 829 non
2593 786 2755 846 potest
2779 781 2960 836 mereri
2982 784 3304 838 sententiam.
3332 784 3451 842 Hoc

1846 871 2062 929 quoque
2087 860 2319 917 aliorum
2343 864 2560 920 Patrum
2589 870 2872 925 sententiae
2900 875 3194 941 pertinent.

1919 953 2104 1024 Itaque
2129 971 2197 1009 ex
2229 956 2421 1012 horum
2452 957 2672 1015 Patruus
2704 975 2767 1017 ac
2797 962 3026 1020 Zeuonis
3052 978 3233 1025 mente
3260 984 3446 1027 resur-

1845 1056 1974 1120 gent
1999 1048 2214 1120 quidem
2247 1065 2460 1118 omnes,
2490 1064 2544 1109 et
2570 1071 2761 1112 omnes
2786 1058 2949 1113 etiam
2978 1068 3105 1116 ante
3125 1061 3325 1118 Christi
3353 1066 3446 1119 tri-

1847 1141 2006 1196 bunal
2031 1141 2274 1210 stabunt,
2297 1145 2452 1215 justi,
2481 1148 2650 1217 impii,
2686 1159 2740 1204 et
2763 1151 2948 1218 medii,
2980 1162 3034 1206 et
3064 1168 3252 1210 omnes
3281 1156 3445 1211 etiam

1848 1235 1932 1290 vel
1968 1236 2245 1304 praemium
2281 1249 2568 1304 aeternum,
2611 1241 2754 1311 quod
2787 1257 2884 1311 pro
2930 1244 3137 1300 meritis
3175 1245 3445 1316 acquisie-

1844 1325 1976 1391 rint,
2008 1327 2253 1395 adibant,
2285 1332 2367 1387 vel
2401 1347 2649 1400 pinnam;
2701 1335 2798 1390 sed
2845 1351 2952 1391 non
2993 1353 3204 1406 omnes,
3236 1339 3290 1394 ot
3329 1339 3448 1397 haec

1843 1421 2117 1477 sententia
2136 1422 2434 1492 justissima
2461 1435 2696 1490 constet,
2723 1426 2929 1498 judicio
2971 1436 3027 1486 et
3070 1432 3319 1487 examine
3363 1431 3446 1487 iu-

1842 1514 2126 1587 digebunt,
2179 1533 2280 1574 nec
2325 1519 2456 1589 justi
2513 1521 2791 1589 nimirum,
2839 1538 2938 1580 nec
2982 1525 3156 1595 impii,
3211 1542 3444 1598 quorum

1842 1624 2006 1666 causa
2057 1612 2338 1667 notissima
2366 1623 2471 1681 est,
2504 1615 2599 1671 sed
2640 1616 2803 1672 medii
2842 1619 3042 1686 solum,
3073 1635 3302 1690 quorum
3331 1623 3443 1677 vita

1841 1704 2005 1760 dubia
2050 1721 2173 1760 cum
2219 1706 2382 1764 fuerit
2409 1709 2593 1778 (dubia
2644 1719 2827 1767 tamen
2873 1727 2977 1767 non
3013 1714 3146 1783 Deo,
3194 1716 3281 1772 cui
3309 1717 3446 1772 nihil

1843 1797 2012 1855 latere
2035 1809 2233 1870 potest,
2264 1801 2362 1858 sed
2385 1801 2742 1874 hominibus),
2761 1805 2829 1860 ad
2855 1805 3230 1863 vindicandam
3259 1821 3444 1865 coram

144 1866 397 1935 accipiant
423 1883 441 1921 :
471 1869 734 1926 rationem
760 1871 909 1972 dedit
937 1876 1098 1972 paulo
1151 1889 1280 1934 ante
1314 1896 1328 1932 :
1354 1877 1514 1972 Intpn'
1542 1882 1611 1935 ad
1639 1900 1744 1954 pc-
1775 1889 1821 1950 B
1846 1866 2099 1948 omnibus
2129 1866 2324 1950 divina:
2351 1899 2636 1950 sententia:
2660 1866 2943 1967 justitiam,
2971 1899 3042 1956 de
3073 1901 3156 1956 his
3173 1902 3438 1972 judicium

143 1971 256 2008 nam
285 1972 628 2030 resurgentes,
661 1979 766 2017 non
803 1965 947 2040 illam
975 1966 1275 2023 dilationem
1316 1971 1584 2039 habebunt,
1623 1991 1739 2041 qua:

143 2050 261 2104 solet
281 2052 474 2123 judicii
508 2056 631 2110 viin
657 2059 1022 2126 qmtionibus
1061 2063 1337 2120 admoveri.
1378 2065 1436 2121 S.
1482 2066 1737 2125 Paulinus

140 2141 373 2203 Nolanus
397 2147 586 2205 Poem.
617 2167 710 2215 vn,
743 2169 860 2224 pag.
884 2156 992 2211 διδ
1018 2155 1148 2213 edit.
1179 2157 1509 2216 Veronensis
1549 2177 1562 2214 :

319 2263 510 2314 Idcirco
530 2264 616 2315 tali
637 2267 920 2318 dividentur
939 2269 1112 2321 ordine

317 2325 578 2400 fluminum
600 2343 688 2400 per
711 2333 880 2382 orbem
905 2334 1246 2400 dissipatorutn
1269 2349 1471 2400 greges.

399 2387 649 2459 judicaudi
677 2387 1056 2459 nonresurgaut
1073 2398 1212 2459 impii
1233 2437 1245 2456 ,

316 2453 414 2521 Qui
432 2454 744 2521 denegarem
761 2453 981 2507 debitum
1005 2453 1188 2508 cultum
1212 2453 1338 2521 Deo,

315 2515 415 2576 Sed
443 2520 677 2576 puniendi
705 2534 715 2566 :
742 2532 852 2569 nam
875 2535 1015 2570 suum
1043 2523 1234 2572 crimen
1260 2515 1432 2574 videns

317 2573 422 2647 lion
445 2573 986 2647 itidigcbitquzrstione
1013 2585 1182 2647 delegi
1206 2601 1217 2647 ;

317 2641 556 2710 Quoniam
579 2641 918 2710 imminentem
945 2641 1214 2710 prseteré'nt'
1232 2648 1403 2697 mortis
1426 2653 1604 2698 notam.

315 2703 522 2771 §iguum
540 2705 714 2757 salutis
736 2720 833 2757 non
856 2703 1099 2771 gerentes
1119 2709 1380 2760 frontibus.

314 2763 549 2834 In’c’ccator
575 2775 758 2834 autem,
789 2777 838 2819 et
857 2763 955 2819 non
983 2771 1156 2834 impius
1179 2776 1362 2831 tamen,

317 2828 439 2898 Quae
464 2841 639 2892 magna
663 2833 803 2898 turba
831 2841 924 2893 cst,
947 2828 1300 2898 nou'resurget
1322 2828 1511 2898 gloriae,

314 2890 753 2958 Xerumresurget
774 2890 1050 2958 deputanda
1077 2890 1290 2947 examini
1315 2890 1326 2947 ἑ

313 2951 417 3022 ῌεε
442 2955 570 3004 enim
593 2951 776 3006 sedere
802 2951 911 3022 cum
939 2960 1193 3021 piisjudex
1223 2968 1402 3022 potest,

317 3016 519 3083 Causam
542 3031 745 3069 suorum
765 3016 1056 3072 redditurus
1071 3016 1284 3083 actuum,

319 3078 566 3144 V’ariequc
591 3085 750 3147 gestis
771 3092 855 3134 aut
878 3086 1172 3150 probandus,
1201 3078 1286 3136 aut
1308 3100 1441 3138 reus.

146 3179 394 3252 Tandem,
445 3197 501 3241 ut
547 3187 683 3244 alios
723 3191 1020 3257 mittamus,
1052 3191 1112 3248 S.
1141 3191 1411 3247 Caesarius
1435 3207 1605 3248 serta.
1637 3193 1726 3258 77,

1842 1997 1936 2038 seu
1965 2001 2194 2042 examen
2223 1997 2271 2042 et
2295 1989 2530 2059 cognitio
2579 1989 2830 2045 distincta
2882 1991 3127 2048 habenda
3177 1995 3298 2050 erit.
3354 1996 3445 2050 In-

1845 2079 2002 2134 terim
2031 2093 2163 2135 vero
2191 2083 2442 2138 omnibus
2469 2083 2634 2154 judex
2661 2099 2815 2140 suum
2841 2085 3058 2153 tribuet,
3091 2087 3274 2158 justis,
3306 2104 3445 2160 quos

1843 2174 2119 2229 honorabit
2149 2185 2202 2228 ut
2242 2177 2416 2245 ﬁlios;
2461 2178 2661 2248 impiis,
2704 2194 2841 2250 quos
2889 2181 3123 2249 carniﬁci
3167 2182 3445 2238 destinabit

1839 2267 2034 2332 suntm,
2063 2285 2165 2322 non
2188 2269 2490 2335 audiendos,
2523 2270 2612 2324 sed
2640 2272 3040 2342 competentibus
3069 2274 3229 2339 poenis
3253 2290 3444 2328 antan-

1839 2361 2074 2428 dandos;
2109 2373 2422 2432 peccatores
2469 2371 2650 2419 autem
2694 2365 2905 2420 medios
2947 2367 3286 2436 ponderabit,
3329 2383 3443 2424 non

1841 2453 1984 2522 quod
2015 2453 2209 2508 borum
2234 2463 2384 2524 gesta
2417 2457 2597 2511 statim
2622 2466 2740 2526 post
2762 2467 2990 2513 mortem
3013 2459 3305 2529 ponderata
3331 2477 3440 2516 non

1839 2545 2064 2613 iuerint,
2109 2562 2208 2603 nec
2236 2558 2344 2603 tum
2377 2551 2703 2606 sententiam
2748 2551 2854 2607 sibi
2880 2551 3116 2608 debitam
3154 2555 3444 2611 retuleriut

1839 2642 1986 2714 (nam
2022 2652 2088 2697 tr.
2125 2643 2192 2697 16
2220 2642 2257 2697 l.
2288 2659 2340 2710 ι,
2364 2659 2420 2698 n.
2453 2644 2489 2697 2
2509 2686 2524 2711 ,
2554 2646 2756 2698 anintas
2784 2657 2984 2701 nostras
3014 2664 3225 2703 suorum
3247 2667 3438 2721 corpo—

1838 2737 1951 2786 rum
1971 2733 2138 2808 [cxtx]
2158 2738 2378 2792 exsuviis
2393 2746 2599 2791 exsutos
2627 2755 2720 2807 pro
2747 2740 2994 2808 qualitate
3013 2741 3292 2810 factorum,
3312 2759 3434 2814 quae

1839 2839 1969 2880 sane
2007 2826 2269 2895 judicium
2318 2828 2388 2885 de
2434 2829 2590 2886 iactis
2637 2842 2972 2902 supponunt,
3010 2835 3262 2903 quaedam
3306 2837 3435 2891 locis

1840 2921 2126 2991 ptenalibus
2164 2923 2402 2995 relegari,
2436 2925 2686 2995 quaedam
2727 2926 2946 2997 placidis
2985 2929 3192 2985 sedibus
3218 2931 3442 3002 refoveri

1839 3013 2046 3088 tradit),
2073 3015 2167 3072 sed
2209 3017 2352 3088 quod
2382 3018 2432 3072 in
2467 3019 2630 3074 totius
2653 3020 2836 3076 mundi
2870 3034 3163 3094 conspectu
3206 3023 3322 3080 haec
3345 3040 3439 3082 ea.

1837 3105 1959 3161 dem
1989 3107 2213 3177 justitia:
2248 3111 2444 3166 divina:
2470 3113 2697 3182 aequitas
2727 3114 2942 3184 publico
2968 3117 3154 3186 judicii
3182 3118 3436 3176 examine

1836 3203 2021 3268 putere
2042 3201 2255 3258 debeat.
2289 3203 2376 3258 Ita
2401 3207 2518 3271 erit,
2553 3206 2666 3275 ipse
2694 3207 2751 3263 S.
2778 3207 2923 3264 Zeno
2952 3210 3245 3278 concludit,
3279 3221 3354 3280 ut,
3379 3211 3435 3268 in

147 3278 377 3346 Append.
421 3279 706 3353 Augustini
748 3301 898 3340 nutn.
929 3286 1001 3341 ιε
1033 3286 1114 3340 Ad
1141 3288 1406 3359 judicium
1447 3289 1582 3342 enim
1625 3306 1727 3344 non
1754 3291 1797 3352 C
1833 3291 1949 3361 ipso
1979 3293 2189 3351 scilicet
2215 3300 2441 3353 extremi
2470 3299 2657 3369 judicii
2688 3302 2801 3365 die,
2817 3306 2978 3375 justis
3007 3321 3218 3374 corona,
3253 3278 3435 3375 pecca-

148 3373 337 3428 vestiunt
367 3388 457 3429 nec
495 3377 712 3448 pagani,
744 3395 836 3433 nec
877 3379 1125 3446 haeretici,
1165 3398 1254 3435 nec
1280 3380 1478 3446 Judaei,
1506 3383 1627 3453 quia
1663 3383 1726 3437 de

149 3463 267 3532 ipsis
287 3468 532 3538 scriptum
565 3481 639 3524 est
671 3485 692 3524 :
723 3469 825 3538 Qui
857 3489 957 3526 non
986 3474 1165 3538 credit,
1188 3477 1303 3546 jam
1316 3475 1588 3546 judicatus
1627 3484 1720 3530 est.

210 3558 336 3625 Quis
363 3570 438 3618 tot
465 3563 654 3620 Patres
697 3565 892 3621 similia
927 3567 1199 3624 tradentes
1227 3571 1428 3624 erroris
1469 3585 1724 3626 accusare

147 3652 344 3720 audeat,
373 3665 427 3712 et
462 3669 571 3714 non
605 3660 781 3728 potius
825 3661 1092 3732 intelligat
1126 3678 1245 3718 eam
1297 3665 1349 3718 in
1394 3665 1722 3720 sententiam

148 3757 322 3800 corum
351 3749 652 3806 testimonia
685 3753 1003 3822 explicanda
1031 3769 1174 3819 esse,
1206 3766 1264 3809 ut
1303 3771 1428 3812 vere
1457 3773 1564 3812 non
1595 3773 1724 3814 exc:

149 3839 334 3895 merint
355 3844 419 3899 ab
459 3855 704 3900 extremo
722 3845 928 3916 judicio
955 3848 1147 3920 impios
1178 3850 1260 3904 vel
1289 3849 1552 3915 inﬁdeles,
1587 3867 1722 3922 quos

151 3931 251 3988 Deo
269 3935 518 4005 judicauti
539 3939 820 3996 adiuturos
847 3931 1081 3998 confessi
1113 3954 1260 4010 sunt,
1284 3943 1380 3998 sed
1403 3945 1544 3998 aliud
1567 3946 1723 4014 quid-

153 4031 279 4098 piam
309 4033 597 4101 innuerint,
621 4035 766 4105 quod
796 4051 920 4092 cum
946 4037 1212 4092 catholico
1237 4037 1486 4109 dogmate
1509 4053 1613 4093 non
1639 4054 1723 4094 re-

154 4127 365 4194 pugnet?
401 4125 456 4182 Id
499 4141 634 4184 sane
663 4130 949 4186 sententia:
994 4146 1059 4186 ex
1106 4132 1344 4187 omnium
1389 4133 1724 4189 testimonio-

157 4232 266 4273 rum
289 4221 572 4279 cellatione
599 4222 757 4279 facile
785 4223 1021 4280 elicitur.
1051 4224 1231 4280 Primo
1261 4241 1359 4280 nec
1391 4227 1597 4296 piorum
1621 4239 1722 4282 nco

152 4311 416 4383 impiorum
446 4319 896 4375 resurrectionem
926 4329 1148 4391 negant,
1196 4320 1290 4375 scd
1323 4335 1722 4378 resurrecturus

154 4407 347 4474 quidem
381 4409 552 4477 aiunt,
583 4428 690 4466 non
742 4425 919 4470 tamen
951 4414 1004 4468 in
1031 4414 1314 4485 judicium,
1347 4416 1490 4487 quod
1521 4416 1587 4472 de
1615 4417 1718 4472 im-

153 4496 244 4569 piis
257 4501 447 4562 diserte
473 4508 766 4564 aﬂirtnant.
799 4508 1269 4567 licam-rectionem
1290 4524 1452 4581 porro
1473 4521 1582 4566 tum
1607 4513 1721 4584 jus-

156 4603 334 4665 torum,
367 4609 474 4656 tum
513 4602 866 4660 scelestarum
899 4603 1175 4660 hominum
1200 4616 1386 4663 noster
1423 4617 1608 4663 auctor
1635 4609 1718 4662 lu-

1829 3386 2023 3440 toribus
2055 3397 2147 3442 aut
2177 3389 2462 3457 excissatis,
2510 3403 2599 3445 aut
2631 3393 2912 3448 emendatis
2950 3397 3292 3467 indulgentia,
3331 3400 3434 3452 im-

1829 3479 1928 3549 piis
1950 3489 2119 3534 autent
2148 3491 2340 3535 teterna
2370 3498 2518 3551 paena
2557 3484 2830 3540 tribuatur.
2853 3484 2910 3540 In
2939 3487 3132 3555 quibus
3160 3489 3205 3543 si
3233 3504 3430 3560 pecca-

1828 3581 2005 3627 torum
2037 3581 2248 3628 tantum
2277 3574 2338 3630 ﬁt
2380 3578 2602 3640 mentio,
2629 3583 2783 3648 queis
2805 3583 3096 3650 excusatis,
3129 3584 3210 3638 vel
3237 3598 3428 3641 emen-

1825 3663 1968 3720 datis
1990 3665 2366 3736 indulgentiam
2399 3668 2655 3724 tributum
2688 3671 2752 3726 iri
2799 3672 3123 3741 afﬁrmatur,
3157 3691 3316 3733 nemo
3347 3677 3430 3734 id-

1827 3756 1971 3812 circo
2001 3769 2319 3828 peccatores
2363 3760 2573 3815 medios
2595 3763 2736 3817 inter
2757 3763 2936 3834 justus
2983 3777 3035 3822 et
3065 3767 3280 3839 itnpips,
3315 3771 3423 3837 vel,

1827 3859 1884 3905 ut
1923 3867 1986 3904 ex
2015 3859 2274 3907 contextu
2309 3852 2494 3923 liquet,
2527 3855 2866 3912 Christianos
2908 3868 3222 3927 peccatores
3251 3863 3428 3918 indul-

1825 3945 2064 4014 gentiam
2099 3945 2150 4000 in
2175 3947 2364 4016 judicii
2389 3947 2478 4002 die
2505 3948 2856 4005 adsecuturos
2886 3951 3157 4008 Zenonem
3187 3957 3426 4013 sensisse

1825 4038 2074 4109 colligat;
2109 4039 2252 4109 quod
2282 4042 2333 4094 in
2366 4042 2529 4095 alium
2559 4043 2785 4097 aliorum
2817 4059 3055 4101 errorem
3084 4045 3380 4103 declinaret
3409 4067 3421 4104 :

1826 4145 1947 4185 nam
1976 4148 2039 4186 cx
2092 4131 2284 4187 iisdem
2335 4134 2712 4203 peccatoribus,
2764 4149 2857 4191 seu
2885 4134 3206 4193 Christianis
3232 4140 3424 4196 mediis

1825 4224 2007 4294 plures
2034 4224 2265 4288 futuros,
2311 4227 2401 4297 qui
2451 4242 2550 4282 nec
2577 4229 2837 4294 excusati,
2872 4246 2973 4286 nec
3013 4234 3282 4288 emendati
3314 4235 3419 4289 im-

1826 4318 2062 4388 piorum,
2094 4334 2189 4374 seu
2231 4320 2628 4376 iucredulorum
2658 4323 2820 4377 linem
2859 4323 3103 4393 adibant,
3131 4327 3332 4383 Auctor
3358 4343 3419 4384 sc

1824 4411 2041 4468 novisse
2064 4413 2236 4482 palam
2264 4413 2441 4484 prodit
2463 4424 2617 4469 tract.
2648 4417 2716 4471 i6
2759 4417 2850 4472 lib.
2878 4433 3079 4482 t,num.
3100 4421 3187 4489 il,
3207 4435 3326 4480 cum
3350 4423 3420 4480 de

1825 4505 2150 4576 injustorum
2177 4509 2577 4563 resurrectione
2610 4509 2857 4580 loquens,
2885 4526 3003 4567 eam
3032 4527 3153 4569 esse
3176 4517 3271 4581 ait,
3304 4531 3418 4588 qua:

1825 4601 2012 4672 impios
2037 4618 2154 4655 cum
2185 4602 2536 4672 peccatoribus
2567 4602 2916 4675 universisque
2953 4605 3230 4663 incredulis
3255 4612 3420 4680 genti-

155 4690 377 4747 caleuter
405 4695 603 4751 adserit
620 4695 714 4751 lib.
746 4697 941 4752 ttract.
969 4697 1054 4764 16,
1092 4715 1242 4755 nam.
1272 4701 1359 4754 il.
1391 4700 1560 4755 Porro
1579 4699 1722 4770 jndi-
1749 4695 1802 4756 D
1825 4696 1918 4752 bus
1944 4696 2155 4768 perenni
2181 4696 2399 4750 destinat
2420 4711 2598 4766 patente.
2625 4697 2920 4768 Perspicua
2943 4703 3106 4758 etiam
3129 4712 3272 4772 sunt,
3297 4721 3419 4776 quae

157 4781 286 4837 cium
309 4799 423 4840 cum
451 4799 666 4858 negant,
695 4799 798 4842 non
823 4787 952 4844 illud
977 4800 1192 4861 negant,
1217 4793 1388 4861 justus
1413 4793 1495 4848 vel
1528 4793 1720 4862 impius

159 4873 205 4928 in
235 4878 490 4935 novissimi
512 4880 699 4950 judicii
728 4881 818 4937 die
857 4889 982 4937 ante
1015 4882 1217 4939 Christi
1249 4884 1482 4940 tribunal
1509 4887 1721 4942 adiutu-

155 4981 265 5034 ros,
289 4985 383 5027 nec
408 4972 458 5027 in
497 4981 562 5029 eo
590 4974 791 5031 alteros
819 4974 874 5030 in
901 4984 1158 5031 aeternam
1204 4979 1452 5048 gloriam,
1497 4981 1548 5036 in
1591 4995 1720 5050 sup-

159 5060 356 5131 plicium
385 5069 771 5139 snmpitcrnum
795 5071 998 5128 alteros
1025 5085 1380 5129 concessuros
1412 5092 1425 5128 :
1459 5075 1553 5130 sed
1576 5077 1723 5146 judi-

158 5155 284 5210 rtatn
307 5172 401 5228 pro
427 5177 594 5218 cauam
640 5164 811 5220 dubita
837 5168 1071 5223 examine
1111 5178 1410 5233 sumentes,
1445 5168 1545 5224 hoc
1575 5170 1722 5225 afﬁr-

160 5258 292 5304 mant
319 5267 496 5322 unum,
525 5257 577 5310 in
624 5271 787 5313 causa
842 5269 987 5314 certa
1019 5268 1130 5315 tum
1158 5260 1424 5332 iustorum
1460 5261 1719 5330 ﬁdelium,

162 5347 260 5394 tum
287 5343 567 5402 inﬁdelium
600 5349 908 5419 impiorum,
943 5352 1144 5423 judicio
1181 5367 1276 5408 seu
1323 5355 1555 5409 examine
1585 5371 1723 5425 Opus

163 5445 256 5487 non
293 5434 540 5504 futurum,
568 5441 710 5512 quod
752 5443 892 5498 ratio
919 5443 1228 5500 Zenoniana
1255 5453 1442 5515 aperte
1485 5447 1676 5517 probat
1707 5466 1718 5500 :

163 5523 399 5586 Iudicium
438 5537 570 5589 enim
607 5553 670 5592 ex
711 5537 963 5609 ambiguis
1003 5540 1155 5594 rebus
1190 5540 1409 5607 exsistit,
1454 5550 1559 5596 etc.
1589 5541 1723 5596 Illuc

165 5635 295 5677 num.
322 5627 354 5680 2
375 5628 482 5697 jam
514 5631 638 5686 inde
686 5647 714 5684 a
748 5641 922 5688 morte
953 5636 1127 5706 justas
1170 5636 1285 5690 vita:
1319 5645 1598 5707 perpetuae,
1628 5637 1728 5690 im-

169 5716 265 5783 pios
289 5729 470 5777 azterno
511 5726 768 5796 supplicio
795 5727 1076 5782 destinatos
1120 5727 1416 5794 afﬁrmans,
1446 5729 1592 5783 nulla
1618 5745 1724 5796 eos,

167 5809 332 5883 inquit,
359 5819 578 5888 cognitio
604 5829 860 5894 exspectnt
898 5819 1130 5890 ulterius,
1178 5823 1264 5878 ubi
1299 5811 1728 5894 cognitiojudicii

119 5910 125 5915 '
169 5916 331 5975 genus,
359 5908 496 5980 quod
541 5920 762 5982 negatur
794 5915 1183 5981 necessarium,
1210 5914 1388 5971 calam
1442 5914 1728 5987 signiﬁcat,

1830 4795 1898 4850 tle
1924 4794 2183 4864 operibus
2223 4805 2275 4850 et
2303 4793 2566 4850 charitate
2597 4805 2702 4850 una
2747 4810 2868 4851 cum
2908 4795 3013 4854 ﬁde
3039 4813 3068 4854 a
3109 4799 3418 4863 Christiano

1823 4887 2133 4959 jungendis,
2180 4897 2232 4941 ut
2260 4888 2540 4942 immortali
2588 4889 2897 4945 beatitudine
2924 4895 3244 4965 perfruatur,
3288 4898 3417 4955 alibi

1829 4984 1988 5039 docet
2021 4999 2179 5054 :quzc
2206 4998 2326 5038 cum
2367 4998 2486 5055 cap.
2540 4983 2573 5039 6
2612 4986 2890 5054 praesentis
2914 4987 3306 5050 dissertationis
3333 4991 3419 5053 in-

1826 5079 2002 5135 dicata
2029 5093 2057 5133 a
2089 5079 2246 5135 nobis
2270 5077 2487 5148 fuerint,
2519 5093 2584 5135 eo
2605 5079 2862 5136 lectorem
2885 5082 3229 5141 remittimus.

2454 5216 2680 5274 CAPUT
2712 5217 2778 5272 X.

1916 5346 2211 5387 SENTENTIA
2262 5346 2306 5385 s.
2352 5348 2572 5388 ZENONIS
2636 5349 2703 5388 ns
2752 5349 3024 5393 sus'ranuu
3052 5355 3330 5396 ΑΜιιΑιιωι

2317 5439 2489 5480 STA'I'U
2527 5440 2656 5479 POST
2682 5441 2920 5484 MOII'I'EM.

1906 5538 1981 5593 Ex
2013 5538 2320 5594 constitutis
2351 5539 2614 5609 superiori
2641 5542 2816 5611 capite
2840 5558 2940 5597 una
2973 5543 3235 5599 dubitatio
3260 5543 3429 5601 subo-

1834 5635 1924 5691 riri
1951 5643 2150 5705 potest,
2179 5643 2355 5689 utrum
2386 5635 2621 5702 Auctor,
2655 5637 2744 5705 qui
2773 5637 2842 5690 ita
2867 5637 3026 5704 justis
3056 5637 3107 5690 in
3134 5636 3320 5705 judicii
3342 5639 3432 5697 die

1836 5743 2077 5782 coronam
2110 5725 2429 5781 tribuendam
2455 5724 2741 5780 afﬁrmavit
2767 5734 2919 5780 tract.
2954 5725 3018 5779 21
3057 5726 3147 5780 lib.
3184 5741 3243 5791 tt,
3277 5743 3428 5786 num.

1839 5821 1894 5890 5,
1923 5833 1982 5878 ιιι
2010 5838 2194 5878 eorum
2217 5822 2423 5876 animas
2448 5829 2567 5890 post
2608 5827 2835 5872 mortem
2879 5817 3096 5886 placidis
3121 5819 3324 5875 sedibus
3355 5840 3435 5878 re-

1841 5916 2007 5986 foveri
2039 5913 2318 5972 tradiderit
2346 5922 2502 5970 tract.
2536 5912 2624 5968 16.
2656 5910 2750 5967 lib.
2788 5913 2812 5968 I
2845 5925 2994 5968 nttm.
3027 5913 3083 5983 2,
3111 5922 3289 5972 utrum
3317 5954 3332 5986 ,
3359 5917 3413 5973 in
3457 5923 3460 5925 λ
