3952 6320
487 274 596 330 145

1882 253 2420 316 PROLEGOMENA.
3253 223 3256 226 ’
3685 260 3758 318 ιιι

493 406 686 463 quam,
722 387 787 444 ad
817 401 1000 444 eorum
1050 382 1338 440 accesserit
1378 379 1705 437 sententiam
1752 380 1820 434 ab
1875 381 2088 435 hetero—
2117 381 2163 439 Α
2195 378 2280 431 ubi
2311 376 2370 432 S.
2404 373 2667 430 Arcadius
2697 381 2902 446 martyr
2936 382 3058 444 post
3094 381 3323 432 mortem
3377 375 3429 430 in
3461 377 3649 433 coelum
3685 381 3759 433 ad-

497 481 994 554 doxisquibusdam
1023 477 1189 533 nostri
1225 474 1480 546 temporis
1519 475 1832 539 excitatam,
1865 478 1953 543 qui
1977 473 2091 542 jus-

500 578 569 632 tis
600 585 719 646 post
759 573 1208 630 resurrectionem
1259 577 1464 622 tantum
1499 569 1778 636 prmmium
1831 575 2091 620 aeternum

499 673 552 726 in
580 670 731 727 cmlis
755 683 876 724 cum
907 666 998 722 Dei
1026 664 1239 719 visione
1274 661 1687 732 impertiendum
1719 662 1979 723 docuere,
2012 659 2094 712 iu-

497 763 652 818 terim
679 775 805 815 vero
833 773 1018 814 eorum
1047 758 1258 811 animas
1287 755 1496 826 placido
1533 753 1714 823 aliquo
1741 755 1792 807 in
1821 751 2095 806 domicilio

479 829 855 925 requiescere.
889 851 1066 923 quoad
1091 849 1319 905 extremi
1358 847 1544 918 judicii
1588 849 1704 902 dies
1743 846 1944 902 caelum
1990 846 2098 900 eis-

495 947 620 1004 dem
675 945 981 1015 patel'aeiat.
1041 944 1154 999 Ilue
1197 941 1433 998 conferri
1485 941 1645 996 etiam
1695 939 1862 993 videri
1921 945 2100 1006 potest

493 1039 642 1096 aliud
668 1038 907 1094 Zenonis
933 1036 1298 1092 testimonium
1329 1049 1394 1090 ex
1425 1042 1580 1089 tract.
1611 1032 1678 1087 12
1701 1031 1796 1086 lib.
1831 1047 1869 1096 ι,
1893 1031 1945 1085 in
1970 1032 2095 1095 line,

494 1135 619 1191 ubi:
655 1133 878 1186 Dubium
905 1147 1010 1185 non
1039 1138 1147 1195 est,
1180 1130 1374 1200 inquit,
1403 1129 1714 1182 voluntatem
1745 1123 2101 1206 nostramacni

501 1245 552 1282 se
569 1226 800 1299 junxerit
827 1225 984 1296 parti,
1014 1224 1240 1294 prtebere
1275 1221 1563 1280 victoriam,
1596 1221 1804 1290 ejusque
1842 1219 1894 1271 in
1929 1233 2101 1271 resur-

502 1319 726 1374 rectione
761 1323 851 1369 aut
905 1315 1116 1384 prtemio
1158 1313 1354 1383 perfrui
1407 1311 1659 1382 perenni,
1706 1319 1797 1363 aut
1836 1308 2099 1362 consimili

502 1421 654 1479 plena
682 1408 871 1478 puniri.
895 1407 967 1462 At
995 1407 1080 1461 hic
1109 1418 1415 1476 postremus
1445 1405 1598 1460 locus
1623 1419 1688 1458 ex
1720 1404 2100 1458 haereticorum

501 1501 756 1556 manibus
783 1499 935 1554 facile
947 1497 1254 1568 eripitur,si
1277 1495 1684 1552 consideremus
1711 1495 1884 1564 primo
1904 1493 1973 1549 de
1993 1493 2106 1562 jus-

509 1604 689 1649 torum
715 1592 937 1662 prtemio
958 1590 1183 1661 perinde
1205 1588 1368 1645 scribi
1387 1632 1401 1654 ,
1429 1604 1492 1644 ac
1515 1588 1583 1643 de
1607 1603 1763 1657 pinna
1793 1588 2102 1658 impiorum;

506 1702 738 1756 quorum
768 1695 947 1740 tamen
997 1684 1208 1738 animas
1233 1684 1413 1738 statim
1447 1689 1567 1750 post
1590 1691 1818 1736 mortem
1847 1682 1974 1735 locis
2004 1697 2106 1750 pte-

2193 467 2472 522 scendisse
2495 467 2724 521 traditur
2754 483 2766 518 :
2797 464 2842 520 0
2873 466 3058 537 dignus
3080 468 3296 538 gloriosi
3322 469 3494 524 exitus
3517 471 3762 539 ΙίνιιιἈώ

2195 574 2473 614 scensurus
2501 557 2831 614 altitudinem
2862 561 2974 613 coeli
3011 559 3155 630 (cum
3195 562 3402 616 scilicet
3453 564 3503 614 in
3539 578 3602 617 eo
3625 576 3758 626 esset.

2197 661 2257 707 ut
2279 660 2581 707 moreretur
2618 693 2632 717 ,
2674 651 2818 722 quod
2843 667 2912 706 ex
2933 663 3190 707 contextu
3233 652 3450 724 liquet),
3475 657 3684 725 corporis
3701 659 3761 709 ιιι
3822 678 3830 683 ’

2197 746 2565 816 impedimenta
2613 746 2877 814 prmnittit
2900 787 2914 813 ,
2946 755 2994 800 et
3038 748 3306 818 exsequias
3336 751 3531 819 funeris
3567 752 3643 803 sui
3680 752 3761 818 ipse

2200 841 2583 910 prceredit......
2626 841 2877 896 Arcadius
2909 841 3232 896 beatissimus
3275 854 3474 914 martyr
3500 845 3661 898 adhuc
3697 847 3762 899 dc-

2201 945 2435 986 moratur
2454 933 2508 987 in
2549 934 2745 988 steculo
2787 933 3063 1003 (nimirum
3108 939 3360 1006 corpore)
3405 945 3453 990 et
3466 939 3576 1007 jam
3605 947 3766 1010 martyr

2203 1027 2448 1080 recitatur
2476 1028 2528 1080 in
2557 1027 2683 1080 coelo
2708 1069 2720 1088 ,
2748 1043 2870 1097 quae
2902 1038 3170 1097 postrema
3214 1029 3377 1084 verba
3407 1030 3704 1101 respiciunt,
3725 1040 3766 1085 ul

2203 1121 2439 1185 videtur,
2465 1120 2554 1175 illa
2602 1121 2752 1176 Pauli
2778 1121 2937 1176 Rom.
2970 1137 3068 1182 xu.
3098 1122 3190 1186 23,
3223 1122 3313 1178 ubi
3346 1124 3606 1192 primitici,
3639 1125 3683 1178 id
3705 1132 3766 1180 est

2205 1217 2388 1280 electi,
2419 1217 2698 1287 conscripti
2720 1217 2968 1270 dicuntur
2997 1218 3050 1270 in
3082 1218 3242 1282 caelis,
3278 1219 3533 1288 quamdiu
3575 1218 3626 1272 in
3652 1228 3768 1274 tem

2206 1309 2438 1380 degunt;
2469 1323 2593 1364 cum
2616 1317 2795 1364 autem
2828 1309 2954 1365 hinc
2983 1325 3080 1379 per
3107 1320 3335 1364 mortem
3383 1311 3434 1364 in
3462 1311 3648 1366 emtum
3695 1311 3770 1364 ad-

2207 1401 2496 1469 scendunt,
2527 1416 2715 1458 eorum
2739 1403 2955 1457 nomina
2983 1403 3178 1458 ibidem
3205 1402 3423 1459 recitari
3454 1413 3508 1458 et
3541 1403 3770 1459 celebrari

2210 1511 2316 1550 non
2347 1495 2624 1552 desinunt.
2676 1498 2744 1550 At
2794 1513 2860 1552 ne
2890 1498 3010 1567 quis
3039 1497 3144 1552 hoc
3190 1497 3261 1552 de
3310 1496 3442 1552 solis
3482 1497 3772 1569 martyribus

2210 1590 2486 1647 Zenonem
2517 1592 2756 1647 sensisse
2782 1591 3056 1646 existimet
3078 1632 3094 1657 ,
3123 1599 3180 1645 ut
3210 1591 3301 1646 alii
3342 1592 3610 1662 proprium
3653 1608 3774 1646 mar-

2212 1695 2391 1756 tyrqu
2440 1686 2779 1756 privilegium
2829 1687 2880 1740 id
2936 1700 3059 1741 esse
3092 1701 3372 1756 perperam
3403 1687 3597 1755 Opinati
3629 1695 3773 1753 sunt,

505 1779 710 1833 nalibus
753 1777 974 1849 relegari
1023 1784 1185 1831 tract.
1224 1775 1290 1830 16
1341 1775 1434 1831 lib.
1467 1791 1519 1843 l,
1547 1791 1694 1829 nutu.
1727 1776 1784 1841 ‘2,
1815 1778 2015 1828 Auctor
2041 1789 2103 1827 a-
2135 1780 2182 1841 B
2209 1779 2458 1835 eumdem
2491 1781 2808 1850 episcopum
2839 1779 2907 1834 de
2937 1779 3188 1834 omnibus
3215 1780 3373 1848 justis
3414 1781 3690 1834 universim
3712 1781 3776 1834 lo.

505 1873 815 1945 pertissime
846 1870 1229 1942 pronuntiavit.
1262 1868 1465 1924 Deinde
1493 1877 1552 1923 ut
1574 1870 1729 1938 hujus
1762 1882 1914 1924 mens
1942 1877 2104 1938 atque

505 1981 705 2037 seopus
728 1965 1059 2036 intelligatur
1083 2007 1098 2032 ,
1129 1963 1663 2020 animadvertendum
1692 1975 1774 2018 est
1801 1980 1867 2020 eo
1892 1965 1941 2019 in
1964 1972 2104 2018 trae-

507 2067 632 2114 tatu'
653 2060 744 2122 12,
766 2073 1077 2114 sermonem
1107 2072 1230 2113 esse
1257 2073 1360 2111 non
1389 2058 1458 2112 de
1486 2057 1684 2122 anima,
1715 2057 1806 2111 sed
1821 2057 1888 2112 de
1915 2072 2100 2126 carne,

517 2154 604 2207 vel
619 2167 874 2221 corpore,
893 2161 949 2207 et
975 2151 1230 2206 aitirmari
1252 2152 1368 2207 fore
1391 2160 1450 2205 ut
1475 2153 1591 2220 ejus
1607 2153 1814 2224 (utique
1836 2152 2103 2220 corporis)

503 2248 559 2300 in
579 2246 954 2301 resurrectione
983 2245 1234 2300 voluntas
1262 2255 1444 2300 nostra
1470 2255 1563 2301 aut
1608 2261 1796 2316 poenas
1826 2245 1935 2298 luat
1961 2285 1975 2310 ,
2012 2252 2104 2299 aut

504 2338 732 2408 praemio
780 2339 1033 2407 potiatur,
1065 2347 1349 2408 propterea
1403 2337 1545 2407 quod
1595 2337 1830 2392 debitam
1886 2335 2103 2405 corpori

505 2443 745 2497 pinnam,
775 2431 861 2485 vel
886 2431 1164 2500 praemium
1195 2430 1246 2484 in
1277 2445 1506 2501 corpore
1553 2441 1677 2485 ante
1703 2445 1809 2485 non
1839 2431 2099 2497 senserit,

502 2536 626 2590 quat
651 2532 776 2576 ante
797 2521 1249 2577 resurreCtionem
1275 2523 1391 2576 sine
1419 2536 1672 2592 corpore,
1708 2522 1758 2575 iu
1783 2521 1960 2576 anima
1988 2533 2104 2575 tan-

499 2623 614 2670 tum
641 2617 915 2671 cruciatus
944 2615 1134 2683 sensit,
1173 2617 1259 2672 vel
1310 2617 1532 2686 prtemio
1585 2615 1868 2686 perfuncta
1891 2623 2008 2682 est,
2041 2623 2103 2669 ut

500 2707 698 2762 aliisin
749 2708 881 2763 locis
911 2723 1037 2764 mox
1081 2708 1383 2764 indicandis
1424 2708 1626 2764 Auctor
1673 2719 1860 2779 aperte
1890 2709 2096 2764 docuit.

499 2799 654 2867 Quod
683 2809 863 2854 autem
887 2800 1122 2871 pertinet
1143 2799 1209 2855 ad
1240 2802 1468 2856 alterum
1499 2801 1697 2864 locum,
1723 2802 1810 2856 ubi
1830 2801 2100 2871 justorum

499 2893 710 2947 animas
738 2894 976 2948 exsuviis
1025 2907 1314 2962 corporum
1361 2894 1566 2949 solutas
1613 2893 1838 2963 placidis
1879 2893 2100 2949 sedibus

498 2983 735 3038 refoveri
764 2984 1002 3052 scripsit.
1029 2984 1264 3054 antiquis
1296 2985 1544 3040 Patribus
1576 2985 1713 3041 bene
1742 2987 1986 3054 plurimis
2011 3001 2101 3041 so-

502 3076 685 3132 lemne
706 3073 826 3142 fuit,
847 3091 969 3131 cum
993 3077 1163 3131 sinum
1186 3077 1424 3144 Abraltaz,
1455 3079 1600 3132 sedes
1636 3079 1889 3148 placidas,
1916 3089 1972 3134 et
1996 3080 2097 3133 alia

2208 1882 2481 1941 quentem,
2514 1871 2908 1942 perspicueque
2948 1887 3072 1928 sese
3123 1871 3483 1941 explicantem
3525 1872 3778 1927 audiamus

2210 1975 2278 2019 tr.
2312 1965 2380 2021 12
2435 1964 2679 2033 ejusdem
2709 1965 2832 2020 libri
2864 1981 2897 2020 ιι
2931 2010 2945 2034 ,
2977 1983 3032 2020 ιι.
3060 1965 3117 2031 4,
3153 1967 3240 2020 ubi
3269 1966 3490 2033 angelos
3519 2007 3532 2030 ,
3559 1981 3686 2036 quos
3704 1964 3779 2021 Ja-

2207 2059 2310 2112 cob
2332 2072 2428 2126 per
2457 2057 2659 2112 scalam
2689 2058 2742 2112 in
2771 2057 2969 2112 caelum
3013 2056 3408 2112 adscendentes
3439 2057 3564 2112 vidit
3588 2098 3603 2121 ,
3625 2058 3778 2126 justus

2209 2149 2260 2202 iu
2291 2148 2487 2205 caelum
2519 2149 2914 2204 adscendentes
2937 2149 3323 2218 interpretatur
3347 2149 3454 2204 sic:
3480 2149 3778 2204 Adscendu-

2208 2252 2281 2297 tes
2309 2258 2426 2296 vero
2454 2252 2574 2296 sunt
2591 2244 2725 2313 justi
2751 2284 2767 2309 ,
2807 2243 2898 2313 qui
2920 2242 3091 2313 probis
3118 2242 3349 2298 moribus
3398 2260 3486 2312 per
3503 2244 3683 2315 gradus
3709 2244 3779 2296 di-

2207 2334 2442 2388 vinorum
2473 2334 2808 2388 observantia:
2852 2347 3224 2405 praeceptorum
3258 2337 3483 2405 quotidie
3517 2336 3776 2401 spiritualis

2208 2428 2405 2483 itineris
2445 2430 2614 2500 gloria
2639 2433 2876 2498 feruntur
2902 2431 2954 2482 in
2980 2429 3196 2484 ccelunt:
3223 2431 3274 2484 in
3294 2430 3486 2500 quibus
3508 2431 3776 2484 observan-

2206 2521 2332 2576 dum
2351 2523 2648 2592 praesertim
2672 2522 2983 2577 adverbium
2999 2524 3248 2592 quotidie,
3271 2523 3414 2593 quod
3431 2523 3774 2594 accipiendum

2205 2618 2447 2686 profecto
2466 2616 2534 2671 de
2565 2617 2631 2673 iis
2646 2617 2828 2686 justis,
2853 2617 2943 2687 qui
2967 2617 3034 2672 de
3059 2617 3147 2672 die
3171 2619 3224 2672 in
3248 2617 3390 2674 diem
3423 2628 3537 2688 post
3565 2632 3781 2672 mortem

2207 2710 2258 2764 in
2289 2711 2484 2766 etelum
2518 2711 2718 2765 abeunt
2749 2752 2764 2777 ,
2800 2728 2907 2767 non
2937 2711 3039 2766 uisi
3073 2712 3286 2781 iniquus
3311 2711 3475 2782 judex
3503 2712 3777 2782 negaverit.

2207 2802 2374 2874 Igitur
2404 2804 2637 2873 placidas
2659 2805 2801 2859 sedes
2826 2845 2842 2868 ,
2875 2804 2930 2860 in
2960 2805 3157 2874 quibus
3180 2804 3451 2874 justorum
3481 2805 3676 2859 animas
3708 2820 3784 2858 re-

2207 2901 2366 2968 foveri
2483 2899 2632 2956 Zeno
2674 2900 2911 2969 prodidit
2939 2942 2952 2966 ,
2983 2915 3049 2956 ex
3079 2899 3235 2969 hujus
3262 2910 3444 2955 mente
3469 2899 3626 2970 ipsam
3661 2912 3783 2952 esse

2205 2995 2480 3049 caelestem
2516 2996 2741 3064 patriam
2775 3037 2788 3060 ,
2821 2996 2872 3050 in
2908 3011 3011 3064 qua
3044 2997 3188 3050 Deus
3228 2995 3507 3061 cernitur,
3546 2993 3672 3048 nihil
3703 3000 3782 3047 est

2205 3086 2591 3142 dubitandum:
2650 3105 2808 3158 quam
2855 3090 2910 3144 in
2953 3092 3278 3145 sententiam
3327 3099 3480 3146 tract.
3524 3090 3555 3145 3
3599 3088 3690 3143 lib.
3736 3104 3778 3153 ι,

499 3170 557 3226 id
582 3170 794 3241 generis
843 3170 1114 3242 justorum
1162 3174 1446 3228 animabus
1493 3183 1612 3243 post
1644 3185 1873 3229 mortem
1922 3174 2099 3229 vindi-
2127 3167 2172 3230 Ο
2204 3199 2350 3237 num,
2383 3186 2436 3242 4,
2457 3183 2642 3237 liberas
2667 3201 2695 3238 ε
2725 3185 2892 3238 carnis
2927 3185 3140 3240 nexibus
3169 3185 3245 3257 (id
3278 3193 3363 3239 est.
3389 3193 3506 3256 post
3524 3193 3739 3238 mortem
3763 3221 3779 3248 ,

498 3272 643 3327 eaut,
680 3265 990 3320 Paradisum
1018 3266 1342 3337 intelligere,
1370 3276 1428 3322 ut
1449 3268 1754 3324 Ludovicus
1774 3270 2099 3325 Muratorius

498 3358 686 3413 multis
712 3359 898 3413 statuit
927 3359 982 3413 in
1009 3359 1306 3414 novissimo
1332 3375 1498 3428 opere
1523 3360 1592 3417 de
1623 3361 1900 3437 Paradiso.
1936 3362 2102 3433 Equi-

497 3452 622 3509 dem
649 3452 890 3523 placidas
919 3451 1082 3509 hasce
1113 3453 1275 3509 sedes
1313 3454 1504 3510 eadem
1537 3455 1932 3525 signiﬁcatione
1958 3456 2098 3527 apud

495 3544 768 3601 Zenonem
784 3545 962 3600 locum
986 3561 1106 3602 esse
1141 3546 1481 3612 deliciarum,
1513 3548 1738 3603 verbum
1769 3549 1983 3619 refoveri
2014 3564 2102 3604 sa-

494 3637 568 3718 tis
620 3638 884 3692 insinuat:
940 3640 1068 3708 quin
1110 3623 1423 3694 Paradishm
1473 3641 1691 3695 easdem
1743 3656 1866 3697 esse
1926 3643 2102 3697 innuit

497 3743 650 3782 num.
705 3730 784 3803 ἱ,
837 3729 930 3783 ubi
964 3729 1181 3784 Latroni
1230 3745 1261 3785 e
1314 3746 1475 3786 cruce
1513 3733 1766 3801 pendenti
1822 3750 1923 3788 una
1975 3750 2098 3790 cum

497 3818 715 3876 Christo
765 3819 1083 3876 Paradisum
1131 3832 1254 3892 post
1319 3835 1547 3878 mortem
1591 3825 1975 3880 conferendum
2030 3827 2099 3881 ab

497 3913 690 3968 eodem
719 3911 936 3968 Christo
964 3915 1290 3982 promissum
1323 3915 1505 3981 tradit,
1524 3925 1580 3972 et
1607 3933 1753 3971 num.
1780 3917 1833 3981 6,
1859 3933 1982 3974 cum
2013 3935 2100 3975 re—

500 4005 871 4076 prehensuros
892 4021 989 4063 eos
1019 4047 1034 4073 ,
1066 4010 1154 4078 qui
1212 4018 1451 4064 mortuos
1477 4009 1678 4067 deﬂent
1704 4053 1718 4077 ,
1749 4013 1803 4066 in
1839 4016 2056 4069 meliora
2080 4055 2095 4080 ,

499 4099 553 4154 id
575 4108 660 4155 est
685 4100 1036 4156 beatitudinis
1077 4102 1276 4168 locum;
1325 4103 1603 4172 migrantes
1631 4104 1773 4159 haud
1796 4106 2106 4176 planetibus

496 4192 907 4262 prosequendos
932 4195 1159 4248 monuit.
1206 4193 1356 4251 Adde
1392 4197 1534 4266 quod
1565 4206 1724 4252 tract.
1771 4199 1834 4255 21
1883 4200 1976 4256 lib.
2028 4218 2093 4270 ιι,

492 4285 672 4355 justos
697 4293 752 4341 et
782 4287 973 4356 impios
1000 4288 1180 4341 statim
1215 4298 1336 4358 post
1360 4301 1590 4346 mortem
1623 4303 1716 4346 aut
1740 4295 2020 4363 prtemium
2044 4306 2099 4352 et

497 4377 714 4448 quidem
749 4388 1031 4448 :eternum,
1064 4389 1157 4436 aut
1181 4390 1441 4438 aeternam
1474 4399 1686 4454 poenam
1721 4401 1817 4456 pro
1849 4390 2054 4445 meritis
2080 4433 2096 4458 ,

497 4471 582 4526 vel
627 4470 860 4537 peceatis
906 4472 1058 4529 adire
1088 4485 1142 4529 et
1187 4476 1456 4532 sustinere
1507 4481 1835 4548 pronuntiat.
1897 4480 2098 4538 Exime

2203 3287 2256 3332 et
2282 3287 2407 3333 ante
2430 3279 2616 3349 judicii
2642 3294 2704 3334 ac
2731 3279 3146 3334 resurrectionis
3164 3278 3338 3348 diem)
3359 3295 3540 3335 eorum
3563 3278 3778 3341 animas,

2200 3371 2290 3440 qui
2318 3383 2573 3443 praecepta
2598 3371 2690 3426 Dei
2711 3372 3026 3438 custodiunt,
3049 3373 3100 3427 id
3129 3383 3210 3428 est
3241 3373 3479 3428 omnium
3502 3373 3778 3442 justorum,

2202 3463 2532 3519 beatitudine
2556 3465 2879 3534 repromissa
2907 3505 2921 3526 ,
2954 3480 3074 3534 qua:
3104 3463 3289 3535 utique
3339 3465 3391 3519 in
3419 3465 3564 3520 caelis
3597 3478 3654 3516 es
3690 3461 3779 3516 Dei

2201 3555 2409 3610 visione
2445 3556 2746 3624 proveniet,
2779 3555 3138 3627 perfruituras
3188 3558 3513 3626 pronuntiat.
3539 3553 3628 3609 Dei
3653 3569 3781 3624 prte-

2202 3658 2350 3718 cepta
2379 3650 2693 3714 custodiens,
2720 3649 3019 3716 huiusmodi
3044 3649 3222 3719 ofﬁciis
3262 3651 3533 3704 sceculares
3563 3647 3780 3702 obterens

2201 3741 2487 3809 voluptates
2514 3783 2528 3805 ,
2561 3758 2676 3796 cum
2705 3743 2859 3813 fuerit
2885 3744 3049 3796 victor
3074 3743 3345 3813 carnisque
3386 3743 3591 3798 iteaibtts
3618 3740 3736 3795 liber
3761 3780 3775 3807 ,

2200 3835 2521 3899 repromissae
2543 3833 2946 3890 immortalitatis
2975 3836 3318 3892 intestimabili
3348 3836 3642 3892 beatitudine
3663 3850 3778 3903 pcr-

2204 3926 2402 3994 fruetur
2431 3967 2446 3990 ,
2479 3935 2536 3980 et
2594 3927 3018 3983 luculentissime
3074 3928 3266 3984 eodem
3293 3937 3472 3984 tract.
3511 3931 3571 3985 lti
3609 3929 3693 3982 lib.
3729 3941 3775 3992 ι,

2202 4017 2291 4087 qui
2314 4016 2582 4088 objectum
2620 4019 2985 4076 testimonium
3030 4023 3314 4086 continet,
3344 4038 3496 4080 num.
3531 4021 3618 4077 14:
3651 4021 3778 4074 tum

2201 4118 2372 4164 autem
2400 4127 2565 4174 mors,
2590 4128 2704 4182 qua:
2727 4122 2939 4179 putatur
2969 4119 3261 4180 metuenda,
3287 4123 3557 4187 gustatur.’
3585 4125 3693 4169 tunc
3709 4114 3773 4180 ci,

2203 4200 2255 4254 id
2281 4213 2363 4256 est
2386 4204 2602 4269 animat,
2627 4205 2680 4258 in
2700 4213 2945 4260 aeternum
2973 4208 3228 4262 manentis
3255 4209 3442 4280 gloria:
3465 4209 3614 4264 beatis
3631 4207 3679 4261 in
3701 4220 3775 4260 se-

2208 4296 2380 4363 dibus,
2415 4298 2584 4352 nullas
2627 4300 2863 4372 deinceps
2911 4317 3166 4356 terumnas
3206 4304 3390 4357 mundi
3428 4317 3669 4366 sensura,
3697 4315 3773 4354 rc-

2202 4392 2454 4459 promissa
2496 4392 2716 4461 felicitas
2755 4393 3040 4447 exhibetur.
3090 4393 3189 4450 Ubi
3221 4404 3279 4450 et
3304 4395 3450 4450 sedes
3477 4397 3624 4450 beata
3660 4391 3771 4462 glo-

2200 4487 2294 4538 τίω
2317 4487 2370 4538 in
2395 4495 2641 4539 ceternum
2674 4488 2925 4541 manentis
2959 4494 3088 4541 sunt
3129 4489 3319 4558 procul
3363 4489 3525 4545 dubio
3559 4483 3772 4542 eteleslis

501 4561 656 4635 [cxx]
681 4565 814 4618 enim
835 4565 958 4631 vita,
986 4566 1179 4638 inquit,
1196 4569 1308 4640 quis
1329 4587 1500 4626 secum
1528 4583 1620 4628 aut
1639 4591 1880 4628 coronam
1903 4587 2093 4660 portat,
2125 4557 2178 4617 D
2201 4580 2390 4652 gloria:
2418 4582 2591 4648 locus,
2622 4599 2728 4638 non
2757 4592 2936 4638 autem
2963 4557 3139 4639 sinus
3163 4585 3253 4640 ille
3277 4584 3513 4641 Abraha
3535 4626 3550 4651 ,
3582 4584 3628 4638 in
3670 4593 3772 4650 quo

500 4663 590 4709 aut
611 4671 811 4724 poenam
831 4674 848 4710 :
872 4667 925 4712 et
940 4675 1006 4714 ne
1022 4659 1246 4715 dilatum
1264 4663 1536 4735 quidpiam
1551 4665 1696 4721 credi
1717 4667 1906 4735 possit.
1928 4669 2098 4740 subji-

494 4746 572 4802 cit
599 4757 719 4817 post
743 4763 908 4817 pauca
929 4766 947 4804 :
967 4749 1109 4806 Justi
1136 4754 1256 4808 vitte
1283 4767 1559 4825 perpetute,
1589 4760 1738 4831 impii
1765 4772 1957 4816 azterno
1978 4773 2098 4818 sunt

496 4839 740 4894 destinati
768 4841 1048 4912 supplicio.
1083 4843 1341 4912 Aperlius
1381 4855 1538 4902 tract.
1565 4849 1633 4903 27
1685 4852 1776 4906 lib.
1809 4869 1842 4906 ll
1869 4895 1882 4917 ,
1909 4855 1960 4908 in
1990 4855 2096 4910 line

496 4949 836 5004 proponens,
862 4935 991 5006 quid
1026 4939 1352 5008 martyribus
1383 4954 1504 5010 post
1557 4956 1785 4999 mortem
1841 4948 2090 5016 accidat,

493 5023 578 5079 his
605 5027 782 5082 verbis
814 5029 1006 5083 utitur:
1041 5028 1247 5102 Martyr
1289 5033 1558 5089 dominica:
1587 5039 1916 5095 habitationis
1938 5044 1989 5095 in
2013 5059 2093 5097 re-

493 5121 701 5173 condita
721 5121 1035 5185 adsumitur,
1077 5134 1131 5177 ut
1159 5124 1345 5180 ibidem
1392 5138 1456 5182 ea:
1483 5129 1685 5185 nomine
1740 5134 1790 5186 in
1839 5136 2114 5206 Angelum.

493 5216 823 5286 transfusus.
865 5224 1057 5270 retenta
1097 5219 1211 5273 vitae
1242 5220 1552 5276 beatitudine
1599 5224 1867 5295 glorietur.
1922 5226 1979 5282 Id
2014 5230 2092 5298 ip-

491 5321 612 5364 sum
643 5307 951 5365 conﬁrmari
992 5318 1172 5382 potest
1216 5327 1282 5369 ex
1326 5321 1484 5371 tract.
1517 5315 1586 5372 18
1648 5317 1892 5388 ejusdem
1923 5320 2088 5390 libri,

2199 4674 2264 4729 ad
2289 4685 2592 4730 extremum
2619 4691 2790 4746 usque
2823 4676 3011 4746 judicii
3056 4677 3200 4734 diem
3238 4679 3519 4734 animabus
3564 4688 3769 4732 manen-

2198 4765 2325 4822 dum
2385 4766 2482 4832 sit;
2536 4778 2590 4823 et
2647 4769 2729 4822 hae
2783 4769 3002 4839 quidem
3062 4780 3185 4841 post
3237 4781 3503 4841 gnatatam
3559 4779 3768 4826 mortem

2197 4860 2460 4915 adeunda:
2491 4861 2869 4933 designantur;
2897 4864 3050 4935 cujus
3077 4864 3155 4919 rei
3180 4866 3447 4922 rationem
3473 4870 3658 4921 Auctor
3677 4860 3768 4914 de-

2198 4953 2352 5009 derat
2393 4955 2552 5024 paulo
2597 4967 2721 5012 ante
2770 4955 2964 5011 eodem
3015 4973 3164 5011 num.
3210 4957 3498 5014 MzAliter
3529 4958 3647 5012 enim
3672 4954 3768 5005 im-

2198 5047 2524 5100 mortalitatis
2568 5048 2701 5101 stola
2731 5047 2823 5101 illa
2867 5064 2972 5102 non
3021 5049 3242 5103 sumitur
3276 5091 3291 5112 ,
3324 5051 3425 5104 nisi
3452 5049 3604 5120 primo
3637 5042 3768 5097 istud

2195 5139 2402 5195 carnale
2420 5140 2663 5208 spolium,
2697 5141 2943 5194 blandum
2970 5143 3157 5196 anima:
3177 5158 3424 5197 venenum
3450 5183 3463 5207 ,
3507 5136 3767 5196 secundum

2191 5235 2290 5290 Dei
2317 5235 2621 5289 sententiam
2642 5277 2658 5302 ,
2693 5235 2828 5291 unde
2854 5245 3119 5308 sumptum
3145 5245 3242 5302 est,
3268 5236 3580 5307 refundatur.
