3952 6320
153 348 266 407 145

1009 354 1461 416 DISSERTATIO
1488 357 1581 427 Ill,
1621 359 1710 417 DE
1748 362 1806 418 S.
1847 362 2001 422 ZEN.
2034 367 2236 429 ACTIS
2273 372 2364 430 ET
2392 373 2647 434 CUL'I‘U.

3371 387 3478 445 H6

868 610 1074 687 [exn]
1132 604 1909 701 DISSERTATIO
2018 616 2485 735 TERTIA,

719 763 1103 827 DE‘ACTIS
1163 765 1452 831 SANCTI
1505 770 1848 837 ZENONIS
1897 775 2006 840 ET
2056 778 2162 841 DE
2217 781 2578 853 EIUSDEM
2636 791 2919 860 CULTU.

759 1028 1181 1090 PROCEMIUM.

227 1142 341 1197 Etsi
370 1142 496 1198 dure
524 1143 658 1199 satis
683 1144 904 1215 prolixae
929 1148 988 1202 S.
1014 1146 1251 1204 Zenonis
1283 1149 1420 1205 Vitae
1448 1151 1764 1221 prodierunt

153 1235 207 1291 in
253 1236 458 1302 lucem,
490 1253 714 1307 quarum
742 1238 969 1295 alteram
1014 1243 1230 1312 scripsit
1253 1240 1555 1301 Coronatus
1600 1246 1762 1301 Nota-

151 1328 287 1392 rius,
310 1329 404 1399 qui
432 1340 564 1386 ante
591 1346 643 1386 ix
666 1331 918 1387 szeculum
949 1332 1148 1399 ﬂoruit,
1178 1335 1402 1392 alteram
1427 1352 1556 1393 vero
1579 1339 1763 1394 Mona-

150 1419 288 1476 chus
317 1420 685 1488 Zenonianns,
713 1424 803 1496 qui
839 1424 968 1481 visit
998 1428 1196 1482 saeculo
1227 1429 1443 1485 circiter
1486 1447 1558 1496 si,
1583 1432 1759 1487 modi-

150 1527 275 1567 cum
317 1525 502 1569 tamen
527 1528 593 1570 ac
615 1514 729 1571 lere
757 1516 891 1571 nihil
920 1519 1060 1574 scire
1088 1534 1185 1575 nos
1223 1519 1292 1576 de
1321 1524 1486 1578 nostri
1508 1521 1761 1582 Auctoris

150 1606 321 1676 gestis
364 1605 416 1661 si
456 1608 580 1677 quis
623 1610 952 1678 pronuntiet,
1003 1612 1324 1682 reprehendi
1379 1629 1487 1671 non
1540 1617 1758 1686 poterit.

154 1698 452 1755 Enimvero
482 1701 622 1756 inter
647 1717 731 1768 ea,
760 1717 884 1772 qua:
907 1700 1213 1760 Coronatus
1241 1706 1438 1762 litteris
1473 1710 1760 1779 consigna-

153 1793 247 1858 vit,
278 1792 454 1849 multa
480 1793 698 1864 quidem
736 1795 804 1851 de
830 1798 984 1853 miris
1009 1797 1352 1869 quibusdam,
1380 1816 1502 1872 quae
1533 1818 1628 1873 per
1660 1803 1761 1860 Ze-

154 1901 352 1944 nonem
385 1887 529 1944 Deus
569 1890 740 1961 gessit
770 1891 1035 1963 prodigia,
1069 1893 1372 1950 luculenter
1400 1898 1669 1964 exposuit,
1704 1908 1759 1955 at

157 1996 325 2052 pauca
349 1997 578 2054 prorsus
606 1984 676 2040 de
704 1984 811 2039 vita
836 1995 893 2041 et
919 1985 1209 2043 virtutibus
1237 1987 1353 2056 ejus
1386 1990 1587 2060 tetigit;
1620 1992 1758 2049 adeo

155 2075 410 2145 utpalam
438 2075 532 2144 sit,
560 2076 691 2132 nihil
719 2094 842 2134 eum
873 2093 938 2135 es
968 2080 1205 2152 antiquis
1233 2084 1603 2140 monumentis
1625 2087 1758 2141 bau-

155 2167 313 2232 sisse,
361 2167 462 2224 sed
497 2182 565 2225 ea
595 2178 800 2225 tantum
844 2173 1246 2242 perscripsisse,
1284 2189 1405 2245 quae
1432 2176 1503 2232 ob
1530 2178 1758 2249 prodigii

154 2262 523 2320 celebritatem
548 2265 710 2320 inlisa
738 2269 1016 2323 memoriae
1043 2267 1123 2341 (rt)
1144 2270 1388 2340 populari
1415 2269 1555 2327 fama
1579 2274 1758 2330 trade-

157 2353 376 2422 bantur;
416 2356 560 2413 unde
597 2358 762 2414 etiam
807 2358 1008 2415 factum
1047 2372 1152 2429 est,
1198 2372 1250 2417 ut
1290 2363 1406 2420 haec
1450 2365 1564 2436 ipsa
1609 2366 1757 2424 falsis

1792 1042 1845 1101 Α
1871 1057 2046 1111 nuper
2085 1059 2459 1115 memoratam,
2499 1053 2869 1116 Veronensum
2915 1076 3041 1118 eum
3080 1064 3249 1125 fuisse
3286 1073 3479 1128 statuit

1867 1152 1935 1193 ex
1960 1138 2125 1196 Petro
2144 1141 2215 1198 de
2238 1142 2517 1205 Natalibus
2542 1150 2799 1221 episeopo
2830 1152 3084 1225 Equilino
3122 1159 3216 1216 lib.
3245 1176 3265 1217 ι
3308 1163 3471 1220 Cata-

1868 1230 1974 1326 logi
2007 1233 2352 1303 Sanctorum,
2390 1248 2446 1295 et
2476 1256 2545 1298 ex
2591 1243 2913 1301 lectionibus
2941 1263 3064 1319 quae
3103 1250 3155 1305 in
3187 1251 3327 1309 festo
3355 1255 3478 1326 ejus

1866 1323 2240 1385 Ordinationis
2278 1331 2369 1388 die
2404 1336 2439 1390 8
2471 1336 2782 1394 Decembris
2821 1340 3139 1411 legebantur
3184 1323 3477 1406 Mediolani

1867 1416 1921 1471 iu
1953 1418 2190 1476 Ecclesia
2216 1420 2551 1482 Catltedrali.
2583 1427 2657 1483 At
2682 1430 2797 1487 haec
2831 1433 3197 1490 recentiorum
3227 1438 3476 1496 testimo-

1866 1507 1955 1562 nia
1982 1510 2053 1567 de
2079 1512 2243 1568 rebus
2269 1516 2507 1586 antiquis
2527 1533 2651 1575 cum
2676 1520 2809 1577 nihil
2841 1525 3090 1593 probent,
3121 1538 3181 1583 ut
3205 1540 3354 1587 recte
3375 1548 3477 1587 no-

1866 1603 1998 1659 tavit
2021 1604 2325 1663 Cardinalis
2350 1609 2612 1667 Barouius
2642 1630 2790 1670 num.
2823 1617 2893 1672 12
2921 1628 3053 1675 tom.
3103 1636 3122 1675 ι
3145 1623 3463 1691 Annalium,

1865 1709 1989 1767 pag.
2018 1695 2090 1753 59
2133 1698 2269 1754 edit.
2298 1692 2662 1769 Coloniensis,
2685 1708 2977 1780 nullusque
3000 1720 3129 1769 ante
3155 1713 3378 1771 Petrum
3403 1717 3474 1772 de

1863 1786 2143 1845 Natalibus
2170 1790 2273 1847 hoc
2296 1794 2672 1856 subiudicasse
2700 1797 2953 1857 iuvrntus
2981 1804 3081 1866 sit;
3116 1804 3316 1862 Peretti
3345 1822 3475 1863 seu-

1865 1880 2048 1936 tentize
2074 1872 2234 1939 nemo
2246 1885 2502 1959 prudens
2523 1890 2875 1960 acquieverit,
2900 1893 3277 1969 integrumque
3301 1900 3463 1957 nobis

1864 1973 2190 2044 relinquitur
2239 1978 2579 2049 conjecturas
2628 1993 2841 2039 nostras
2890 1986 3250 2045 litteratorum
3296 1992 3473 2048 oculis

1864 2076 2023 2138 atque
2063 2083 2308 2127 censura:
2333 2072 2619 2143 subjicere.
2659 2075 2895 2133 Zenonis
2925 2095 3121 2137 nomen
3150 2081 3475 2141 inter-Grae-

1862 2172 1958 2214 cos
1988 2170 2266 2232 receptum
2293 2179 2358 2220 ac
2377 2164 2656 2237 irequens,
2675 2167 2926 2227 Graecum
2947 2187 3074 2229 eum
3091 2173 3475 2234 demonstrare

1862 2253 2107 2320 videtur;
2134 2265 2191 2312 et
2217 2255 2467 2315 Graecum
2494 2260 2713 2330 quidem
2743 2262 2895 2318 illum
2913 2268 3124 2323 censuit
3144 2282 3266 2324 cum
3290 2269 3474 2327 Buch-

1863 2361 1997 2402 nero
2016 2347 2389 2407 Tillemontius
2417 2352 2601 2409 adnot.
2723 2354 2778 2412 itt
2816 2356 3092 2416 Valeriani
3133 2363 3475 2431 persecutio-

156 2450 358 2522 aliquot
400 2453 674 2524 adjunctis
707 2455 1115 2512 circumvestita
1150 2457 1525 2527 inveniantur,
1576 2469 1638 2517 ut
1686 2476 1755 2518 ex
1783 2461 1833 2523 B
1861 2453 1983 2494 “em
2006 2447 2139 2497 mm'
2168 2457 2240 2509 ’ν’
2271 2457 2395 2513 pa“
2416 2443 2545 2512 587’
2573 2454 2699 2503 “me
2722 2463 2859 2519 quos
2884 2449 3096 2506 Β¹³⁸ί¹¹⁸
3125 2451 3382 2510 Βοκηυθ
3414 2455 3470 2525 ί¹¹

157 2543 592 2603 adnotationibus
642 2548 694 2604 in
723 2563 843 2605 eam
871 2549 1041 2605 Vitam
1072 2553 1215 2608 inter
1240 2567 1591 2612 monumenta
1623 2557 1760 2615 infe-

159 2635 268 2691 rius
293 2636 672 2694 collocandam
701 2640 949 2709 liquebit.
973 2641 1267 2701 Monachus
1295 2645 1640 2704 Zenonianus
1664 2665 1759 2720 per

161 2728 531 2786 marchionetn
561 2729 832 2789 biaﬂ'eium
862 2732 1063 2803 editus,
1090 2750 1121 2790 a
1146 2736 1441 2804 Coronam,
1471 2739 1575 2795 etsi
1606 2741 1758 2797 illum

162 2834 263 2876 non
292 2822 558 2890 nominet,
587 2824 770 2880 omnia
798 2828 1025 2897 accepit,
1069 2828 1309 2901 nihilque
1345 2829 1524 2888 eidem
1553 2832 1761 2890 addidit

160 2925 354 2982 praeter
392 2914 497 2970 alia
537 2917 817 2985 miracula,
850 2934 971 2988 quae
1006 2919 1076 2975 ad
1118 2922 1283 2977 vitam
1327 2927 1757 2994 cognoscendam

163 3005 289 3063 nihil
316 3008 625 3065 conterunt.
672 3010 819 3067 Inter
856 3011 1090 3069 Zenonis
1129 3014 1281 3071 Vitas
1320 3032 1432 3071 non
1475 3018 1757 3075 retulimus

160 3097 336 3156 Jacobi
365 3099 693 3159 Veronensis
724 3106 1027 3177 presbyteri
1059 3123 1298 3178 carmen,
1330 3111 1474 3181 quod
1513 3114 1759 3170 versibus

164 3188 486 3252 hexametris
535 3196 786 3252 ducentis
826 3205 882 3251 et
933 3199 1282 3271 quadraginta
1329 3213 1567 3271 quatuor
1598 3204 1758 3261 iucu-

162 3285 364 3343 bratum
394 3305 462 3345 ex
484 3306 610 3348 .ms.
640 3291 935 3348 Zenibnani
963 3296 1276 3351 monasterii
1302 3296 1473 3353 edidit
1500 3297 1563 3352 P.
1615 3298 1757 3354 Hen-

161 3382 411 3441 schenius
434 3396 567 3442 tom.
587 3402 648 3454 ti,
677 3389 897 3457 Aprilis,
919 3405 1040 3461 pag.
1065 3391 1154 3457 76;
1187 3408 1293 3446 non
1319 3394 1464 3448 enim
1488 3396 1532 3448 is
1557 3393 1617 3451 8.
1646 3394 1759 3451 An-

163 3477 336 3533 tistitis
366 3481 549 3546 vitam,
592 3480 691 3537 sed
722 3482 980 3539 miracula
1019 3484 1381 3543 describenda
1421 3488 1524 3543 sibi
1559 3503 1758 3563 propo-

162 3572 282 3639 suit,
311 3572 500 3628 eadem
537 3574 696 3646 plane
720 3591 842 3648 qua:
886 3578 941 3633 in
975 3578 1287 3636 Zenoniano
1322 3582 1610 3656 Auonymo
1641 3597 1760 3640 mo-

164 3664 325 3719 nacho
350 3666 525 3721 soluta
551 3669 799 3725 oratione
828 3669 1098 3742 leguntur,
1128 3683 1329 3745 praeter
1358 3677 1455 3731 tria
1481 3692 1603 3747 qua:
1631 3677 1757 3733 sub-

164 3756 278 3813 inde
329 3770 635 3831 perpetrata
683 3763 791 3819 illis
820 3765 1199 3835 subjiciuntur.
1248 3768 1569 3841 Anonymus
1614 3772 1758 3840 Pipi-

164 3851 346 3909 nianus
385 3870 437 3910 ir
476 3856 663 3912 saeculi
704 3860 935 3930 scriptor
978 3862 1030 3915 in
1085 3861 1362 3934 ttltythmo
1407 3865 1474 3920 de
1528 3865 1754 3921 Verona:
1779 3859 1826 3923 C

165 3945 402 4004 laudibus
449 3951 635 4021 paucis
674 3953 916 4010 versibus
958 3970 1126 4026 pauca
1172 3957 1388 4028 quidem
1435 3960 1503 4015 de
1533 3959 1754 4018 Zenone

163 4040 373 4108 cecinit,
418 4042 514 4098 sed
545 4059 668 4115 qua:
700 4049 1128 4116 praementoraiis
1178 4049 1316 4106 Vitis
1359 4053 1527 4122 pluris
1568 4054 1754 4110 haberi

164 4144 373 4201 queunt,
403 4146 459 4191 ut
479 4152 543 4192 ex
568 4138 813 4194 dicendis
839 4145 1129 4198 constabit.
1160 4143 1345 4214 Itaque
1376 4146 1427 4200 in
1458 4156 1599 4201 tanta
1629 4164 1755 4217 pro-

168 4224 409 4284 babilium
436 4241 907 4290 monumentorum
943 4239 1162 4306 penuria
1192 4239 1427 4295 Zenonis
1465 4242 1626 4296 vitam
1659 4259 1754 4298 ue-

167 4335 248 4375 rno
272 4339 300 4376 a
328 4326 484 4380 nobis
515 4330 754 4398 requirat
779 4348 791 4384 :
822 4346 996 4401 neque
1017 4335 1160 4388 enim
1195 4334 1391 4393 imitari
1419 4338 1591 4409 placet
1614 4340 1753 4411 Bap-

167 4416 329 4472 tistam
344 4419 644 4487 Perettnm,
673 4425 760 4493 qui
794 4425 846 4480 in
874 4425 993 4481 Vita
1019 4426 1202 4484 ltalice
1229 4432 1427 4501 scripta
1457 4441 1513 4488 et
1541 4432 1750 4491 Latinis

166 4523 275 4567 cum
297 4514 517 4571 scholiis
544 4516 771 4575 Veronae
800 4519 1028 4589 primqu
1060 4523 1201 4578 edita
1229 4539 1319 4579 an.
1352 4526 1513 4593 1597,
1549 4536 1605 4582 ct
1624 4527 1747 4584 dein

165 4615 243 4656 an.
289 4605 432 4661 1710
453 4607 721 4665 Patavium
746 4611 803 4667 S.
821 4612 1055 4668 Zenonis
1077 4614 1300 4671 editioni
1324 4617 1591 4688 subjecta,
1614 4620 1748 4675 nihil

162 4693 294 4750 aliud
329 4698 529 4766 effecit,
572 4718 733 4773 quam
783 4704 1154 4763 Zenonianum
1202 4712 1524 4767 monachum
1567 4714 1751 4771 Italica

166 4784 328 4858 lingua
357 4793 580 4859 referre,
613 4805 667 4850 et
704 4797 809 4852 alia
845 4814 909 4853 ex
944 4800 1180 4871 ingenio,
1215 4806 1300 4859 vel
1335 4807 1576 4875 populari
1610 4807 1749 4863 fama

165 4883 400 4953 adjicere,
419 4906 542 4961 qua:
571 4892 766 4949 minori
796 4895 1146 4954 fundamento
1174 4901 1429 4956 nituntur.
1463 4901 1542 4957 Ne
1571 4915 1747 4959 tamen

170 4977 413 5038 lectorum
446 4985 773 5041 desiderium
804 4990 1030 5045 omnino
1064 4992 1359 5056 fraudetur,
1391 4994 1650 5065 quidquid
1683 5012 1747 5051 ex

170 5077 465 5130 tractatibus
501 5077 827 5139 Zeuonianis
869 5081 1098 5151 aliisque
1134 5084 1369 5167 antiquis
1409 5086 1749 5142 documentis

170 5165 406 5237 colligere
432 5171 600 5240 licuit,
625 5174 1002 5243 eitponendnm
1039 5165 1399 5247 aggredimur.

689 5308 876 5383 [cxxn]
915 5310 1142 5368 CAPUT
1182 5312 1222 5367 l.

342 5434 409 5477 DE
446 5438 604 5480 ACTIS
639 5439 687 5480 8.
730 5441 952 5483 ιεκοκιε
990 5444 1058 5483 ΔΙ)
1097 5442 1320 5485 10111⁵81
1357 5442 1550 5493 USQUE.

409 5522 436 5611 ξ
470 5537 508 5595 Ι.
538 5569 612 5579 -
634 5537 960 5612 Conjecturte
979 5541 1043 5597 de
1061 5541 1283 5597 Zenonis
1305 5545 1496 5615 patria.

236 5650 287 5706 In
319 5655 501 5721 primis
528 5657 597 5714 de
622 5656 859 5714 Zenonis
890 5660 1057 5729 patria
1086 5662 1356 5731 conjicere
1387 5663 1581 5734 placet.
1612 5662 1750 5735 Bap-

176 5738 285 5800 tista
324 5743 569 5805 Perettus
600 5750 777 5820 primo
820 5751 1028 5807 scholia
1058 5751 1251 5809 Latino
1296 5754 1364 5810 ad
1398 5754 1575 5809 Vitam
1606 5771 1750 5814 nunc

1778 5261 1832 5321 D

1863 2547 1967 2589 ms.
2018 2534 2308 2593 Saibanteo
2355 2535 2482 2605 658,
2529 2539 2817 2598 Historiam
2872 2544 3250 2616 episcoporum
3300 2550 3481 2605 conti-

1862 2636 2055 2694 nente,
2094 2628 2145 2686 id
2176 2644 2365 2688 verum
2400 2642 2570 2699 ratus,
2596 2634 2733 2691 lianc
2761 2636 3026 2695 rationem
3053 2639 3255 2709 adjecit
3281 2642 3473 2716 (quam

1862 2718 2087 2775 totidem
2126 2722 2309 2779 verbis
2337 2724 2555 2795 scripsit
2598 2726 2891 2784 Panvinius
2938 2731 3333 2802 Autiquitatum
3366 2735 3473 2793 Ve-

1810 2846 1819 2855 ~
1862 2828 1981 2870 ron.
2013 2814 2107 2870 lib.
2138 2831 2214 2881 tv,
2239 2831 2359 2886 cap.
2386 2816 2441 2886 6,
2465 2834 2589 2875 cum
2614 2819 2753 2877 hanc
2781 2837 2890 2878 non
2920 2817 3193 2888 nullorum
3220 2826 3477 2899 allegavit

1860 2906 2229 2979 sententiam),
2250 2910 2441 2980 quippe
2479 2914 2630 2982 cujus
2667 2929 2960 2970 sermonum
3004 2916 3228 2987 phrasis,
3269 2919 3467 2990 inquit,

1859 2999 2202 3068 grecanirum
2226 3000 2394 3055 nescio
2411 3002 2537 3073 quid
2564 3020 2626 3058 ac
2644 3007 2971 3077 peregrinum
2988 3009 3218 3064 redolere
3239 3010 3462 3067 videtur.

1862 3089 1975 3147 lmo
2018 3106 2086 3148 ex
2142 3092 2429 3166 Anonytno
2459 3095 2741 3166 Pipiniano
2765 3099 3023 3171 colligere
3043 3102 3311 3172 quispiam
3339 3118 3467 3173 pos-

1859 3193 1965 3252 set,
1992 3185 2149 3256 cujus
2177 3188 2469 3256 provinciae
2495 3191 2678 3258 fuerit,
2709 3194 2962 3250 nimirum
2986 3211 3054 3253 ex
3075 3195 3254 3268 Syria,
3279 3196 3334 3253 in
3358 3213 3465 3268 qua

1859 3275 2104 3333 Grzecuin
2133 3278 2350 3350 quidem
2384 3298 2693 3341 sermonem
2725 3286 2777 3341 id
2806 3291 3068 3357 temporis
3089 3289 3324 3361 viguisse
3342 3306 3466 3348 cer-

1860 3368 2125 3439 tissimum
2152 3380 2270 3439 est;
2302 3372 2477 3444 inquit
2498 3376 2643 3431 enim
2676 3376 2768 3433 ille
2794 3393 2808 3430 :

2013 3480 2124 3553 gon
2144 3496 2276 3553 queo
2299 3498 2500 3553 narrare
2518 3487 2665 3553 hujus
2688 3492 2842 3540 sancti
2866 3503 3039 3553 opera,

2015 3543 2186 3615 Quzea
2206 3546 2348 3611 Syria
2373 3543 2615 3615 veniendo
2638 3558 2797 3615 usqtm
2822 3555 2871 3601 in
2896 3543 3106 3613 Italiam,

2013 3606 2114 3657 Per
2137 3606 2292 3671 ipsum
2318 3614 2630 3675 omnipotens
2648 3606 2784 3664 De'us
2805 3615 3021 3667 ostendit
3043 3606 3301 3670 mirabilia.

1857 3706 1955 3765 Cui
2019 3715 2301 3773 sententia:
2370 3717 2674 3786 respexisse
2744 3720 2958 3776 videtur
2998 3720 3203 3779 Auctor
3250 3723 3463 3797 hymni,

1862 3817 2020 3871 quem
2052 3819 2119 3859 ex
2142 3804 2353 3863 duobus
2372 3822 2501 3863 mss.
2536 3808 2790 3865 lireviarii
2819 3811 3158 3871 Benedictini
3181 3802 3465 3876 codicibus

1858 3893 2096 3951 editores
2130 3895 2467 3955 Vcronenses
2495 3901 2735 3968 edidere,
2762 3919 2888 3961 cum
2914 3905 2972 3963 8.
3003 3906 3149 3964 Zeno
3176 3921 3349 3982 gentes
3371 3930 3466 3983 pe-

1858 3998 2083 4045 netrasse
2112 3993 2335 4047 marinas
2363 3993 2560 4050 ibidem
2593 3996 2853 4053 tradatur.

1934 4080 2067 4148 lluic
2092 4082 2335 4153 οι»ίηὶοηί
2363 4096 2578 4141 nostros
2623 4103 2837 4159 quoque
2864 4090 3106 4148 calculos
3146 4091 3302 4150 facile
3326 4093 3466 4165 adji-

1855 4192 2125 4245 ceremus,
2150 4180 2249 4235 nisi
2271 4180 2393 4236 duae
2413 4179 2912 4240 animadversiones
2932 4185 3283 4243 obsisterent.
3308 4186 3461 4244 Grie-

1854 4287 1951 4328 cus
1993 4284 2182 4329 attetor
2221 4273 2439 4339 perinde
2467 4264 2655 4331 Latine
2683 4291 2747 4332 ac
2773 4293 2907 4350 pure
2938 4279 3081 4351 loqui
3127 4289 3183 4337 et
3221 4280 3466 4338 scribere

1856 4365 2063 4436 nequit,
2093 4380 2156 4422 ac
2176 4366 2236 4423 S.
2269 4367 2435 4434 Zeno,
2465 4368 2619 4439 cujus
2652 4372 2825 4442 stylus
2864 4372 2964 4427 etsi
2998 4372 3309 4430 idemiidem
3341 4383 3460 4430 tur-

1855 4469 1997 4531 geat,
2045 4476 2108 4516 ac
2159 4462 2401 4532 pluribus
2450 4463 2690 4520 ﬂosculis
2736 4467 3117 4540 iuspergatur;
3166 4486 3194 4525 a
3228 4471 3464 4542 puritate

1857 4561 2033 4608 tamen
2064 4552 2267 4608 Latina:
2294 4554 2582 4610 locutionis
2607 4557 2835 4613 nihilum
2856 4560 3059 4630 deﬁcit,
3092 4573 3201 4619 tum
3227 4566 3271 4619 si
3294 4564 3462 4621 verba

1856 4646 2085 4717 singula,
2116 4657 2225 4702 tum
2257 4648 2302 4704 si
2337 4650 2620 4705 verborum
2649 4652 2936 4710 collocatio
2965 4665 3019 4711 et
3047 4659 3290 4729 syntaxis
3330 4674 3463 4717 con-

1855 4736 2141 4805 sideretur,
2171 4739 2308 4795 adeo
2334 4750 2391 4795 ut
2410 4756 2440 4796 a
2467 4745 2667 4799 teneris
2696 4746 2995 4814 unguiculis
3024 4750 3077 4803 iit
3100 4748 3303 4804 Latinis
3333 4766 3464 4808 auc-

1856 4830 2064 4884 toribus
2092 4834 2434 4898 cxercitatus,
2460 4846 2514 4889 ct
2544 4836 2681 4891 inter
2710 4835 2896 4893 Latine
2945 4838 3227 4910 loquentes
3260 4841 3462 4897 educa-

1856 4932 1961 4987 tus,
2006 4935 2059 4977 et
2102 4924 2309 4979 Latinis
2341 4928 2390 4980 iti
2424 4928 2626 4982 scholis
2672 4931 2919 4985 excultus
2946 4947 3225 5002 appareat.
3260 4935 3459 4991 Versa-

1856 5016 2119 5070 tissitnum
2152 5035 2284 5072 sane
2329 5036 2388 5074 se
2434 5021 2612 5090 prodit
2659 5024 2708 5076 in
2748 5026 2920 5095 poetis
2969 5028 3190 5091 Latinis,
3226 5047 3459 5100 quorum

1855 5108 2112 5166 lorntnlas
2159 5124 2213 5168 et
2253 5118 2490 5170 carmina
2541 5120 2608 5173 ita
2648 5124 2931 5175 commode
2971 5125 3212 5189 adhibet,
3261 5139 3316 5182 ut
3350 5147 3458 5184 non

1857 5218 1952 5274 per
1979 5205 2085 5258 vim
2116 5222 2397 5276 expressa,
2421 5209 2514 5263 sed
2544 5212 2598 5265 in
2622 5227 2840 5266 succum
2888 5218 3316 5288 sanguinemqne
3342 5222 3461 5287 ejus

1855 5310 2113 5351 «inversa
2167 5313 2580 5370 cognoscantur.
2637 5302 2920 5374 Virgilium
2966 5307 3144 5377 legere
3209 5324 3460 5365 assuetus

1861 5389 2129 5461 proditur,
2158 5391 2312 5463 cujus
2345 5408 2534 5450 versus
2561 5412 2666 5450 tton
2700 5386 2991 5470 numquam
3033 5402 3150 5471 ejus
3188 5402 3458 5459 decidisse

1858 5496 1889 5536 e
1919 5483 2127 5537 calamo
2153 5483 2548 5556 intelliguntur,
2584 5490 2737 5560 cujus
2765 5493 2980 5560 generis
3010 5502 3258 5548 auctores
3286 5494 3461 5562 expli-

1858 5574 2119 5630 cabuntur
2155 5587 2211 5633 et
2253 5576 2564 5648 legebantur
2605 5597 2635 5635 a
2677 5583 2879 5652 pueris,
2924 5593 2983 5637 ut
3025 5583 3211 5637 Latina
3255 5584 3460 5651 puriori

1854 5665 2036 5739 lingua
2066 5677 2122 5724 et
2161 5670 2435 5728 locutione
2462 5674 2719 5730 viridiore
2746 5676 3074 5746 potirentur.
3120 5674 3290 5728 Nemo
3322 5688 3458 5734 sane

1858 5774 1926 5815 ex
1959 5760 2087 5832 ipsis
2113 5759 2319 5818 Latinis
2346 5764 2522 5834 quarti
2545 5766 2725 5822 saeculi
2755 5764 3120 5835 Scriptoribus
3139 5763 3329 5823 Latina
3352 5779 3457 5838 pu-

244 5885 320 5955 (a)
361 5886 489 5949 Vide
530 5889 806 5949 Admdnit.
840 5892 896 5950 in
922 5872 1269 5954 Monunienta
1298 5910 1450 5951 num.
1474 5894 1525 5961 l,
1557 5894 1610 5949 in
1641 5891 1757 5963 tiri,
1789 5904 1846 5954 et
1873 5888 2059 5953 adnot.
2090 5898 2124 5950 5
2154 5896 2207 5953 in
2232 5900 2401 5968 ipsum
2429 5897 2626 5956 Vitam.
