3998 6332
515 253 618 312 14⁸1

1909 247 2280 305 PROLEGOM
2291 247 2444 309 ENA.
3682 269 3698 321 i
3718 269 3768 325 i8

511 374 672 427 ritate
693 369 871 426 eidem
901 385 1016 440 par,
1041 368 1125 424 vel
1151 365 1319 438 magis
1343 365 1545 422 latinus
1568 365 1860 434 invenitur,
1887 368 2024 423 adeo
2053 376 2110 423 ut
2137 369 2188 428 Α
2218 383 2321 423 non
2351 369 2468 424 fuit.
2511 367 2783 424 Zenonem
2818 377 3106 443 martyrem
3139 372 3300 428 Decio
3329 375 3612 447 imperante
3649 385 3769 444 inter

512 464 834 519 latinitatem
860 462 980 532 ejus
997 463 1118 531 jure
1143 459 1576 516 commendariut
1603 460 1785 531 plures
1815 460 2034 528 eruditi,
2059 469 2115 516 et

512 560 943 631 elegantissimum
971 555 1294 610 aiiirmarint
1335 554 1688 612 Casaubouus
1717 565 1767 616 et
1813 555 1934 618 alii;
1963 553 2111 612 Basi.

513 655 620 710 lius
649 663 828 708 autem
856 651 1052 716 Faber,
1091 651 1181 721 qui
1212 649 1540 704 Thesaurum
1569 650 1870 704 eruditionis
1901 662 2114 704 summo

512 745 694 801 studio
732 754 785 800 et
825 743 1032 798 inﬁnita
1076 740 1472 816 propemodum
1515 741 1833 808 Latinorum
1878 740 2117 806 lectione

511 837 756 909 digessit,
779 833 988 909 [cuni]
1009 835 1299 890 utLatinas
1326 850 1568 905 quasque
1595 849 1758 890 voces
1783 850 1848 890 ex
1873 834 2114 905 probatis

512 931 733 986 Auctor.
781 940 1086 1000 excerptas,
1113 939 1167 984 et
1211 928 1277 983 ad
1323 927 1535 984 radices
1581 937 1861 984 revocatas
1907 928 2114 984 Latina:

511 1026 709 1097 lingum
730 1024 991 1086 studiosis
1029 1033 1280 1081 accurata
1307 1030 1364 1078 et
1389 1021 1603 1093 perutili
1633 1022 1889 1077 methodo
1910 1036 2111 1093 propo-

510 1130 690 1186 neret,
726 1134 833 1180 non
869 1117 1138 1181 dubitavit
1164 1117 1438 1176 Zenonem
1471 1133 1616 1187 saepe
1646 1118 1904 1188 allegare,
1937 1131 2112 1189 eoque

509 1228 621 1270 uno
665 1212 903 1270 Austore
949 1210 1155 1284 aliquot
1182 1224 1348 1266 voces
1388 1211 1527 1266 inter
1555 1209 1810 1280 probatas
1842 1211 2106 1268 inserere.

508 1305 588 1362 Ex
609 1303 790 1366 multis
813 1303 1005 1358 saltem
1024 1302 1249 1367 Graecis,
1274 1303 1366 1372 qui
1389 1300 1582 1358 Latine
1594 1301 1799 1372 aliquid
1818 1300 2108 1372 scripsere,

510 1413 618 1456 non
655 1397 830 1454 solum
869 1410 1030 1456 nemo
1073 1410 1212 1452 unus
1248 1404 1354 1462 est,
1387 1397 1478 1466 qui
1517 1410 1640 1451 cum
1689 1394 1910 1452 Zenone
1937 1397 2112 1468 possit

507 1493 764 1560 conferri,
797 1492 892 1550 sed
930 1507 1050 1548 cum
1077 1491 1279 1557 aliena,
1311 1507 1418 1546 non
1451 1492 1631 1546 nativa
1659 1491 1842 1560 lingua
1873 1491 2111 1562 scripseo

507 1588 639 1653 rint,
689 1601 878 1644 omnes
924 1599 1114 1655 parum
1155 1584 1346 1640 Latine
1393 1585 1678 1654 scripsisse
1731 1584 2105 1649 inveniuntur,

507 1697 610 1737 nec
637 1681 1018 1751 ambigendum
1058 1681 1188 1750 quin
1218 1678 1278 1735 S.
1322 1677 1472 1734 Zeno
1499 1677 1809 1748 scripsisset
1835 1677 2107 1745 similiter,

2221 464 2501 520 Africanos
2541 465 2858 535 reperimus,
2896 469 3052 535 cujus
3088 483 3283 539 corpus
3323 487 3440 528 cum
3486 482 3770 542 translatum

2217 556 2377 617 fuerit
2409 559 2748 632 Byzantium.
2793 561 2911 631 ejus
2942 563 3199 618 memoria
3243 565 3380 635 apud
3419 567 3623 628 Grmcas
3650 578 3772 633 cele-

2217 645 2369 704 brata
2401 650 2610 720 legitur.
2658 651 2788 708 Vide
2824 651 2955 708 Acta
2985 653 3308 712 Sanctorum
3339 658 3570 716 Bollandi
3615 665 3691 722 die
3719 671 3772 726 10

2219 743 2421 813 Aprilis
2453 751 2586 800 tom.
2617 759 2654 798 ι.

2220 881 2248 953 §
2278 881 2340 937 ii.
2391 913 2461 924 —
2492 881 2838 955 Episcopatus
2878 884 2942 941 S.
2984 886 3206 942 Zenonis
3242 887 3420 956 initia,
3454 893 3776 966 ordinatisque

2288 979 2399 1049 ejus
2425 992 2472 1031 Vl
2504 974 2634 1030 ldus
2683 974 2977 1033 Decembris
3008 990 3214 1052 peracta
3241 982 3503 1036 statuitur.
3554 983 3774 1055 Ejusdem

2287 1068 2341 1122 in
2370 1069 2716 1123 convertendis
2743 1069 2810 1122 ad
2835 1069 2988 1139 [idem
3021 1070 3265 1126 Gentibus
3293 1073 3524 1143 felicitas.
3558 1075 3618 1130 In
3648 1078 3778 1132 Aria-

2290 1161 2368 1216 nis
2397 1161 2690 1232 refellendis
2733 1171 2883 1231 atque
2913 1163 3306 1234 comprimendis
3331 1175 3571 1236 quantum
3598 1166 3778 1225 labora-

2288 1256 2430 1310 verit.
2475 1253 2674 1310 Verona
2702 1254 2770 1310 ad
2815 1253 3163 1312 Christianam
3201 1258 3493 1343 religionem
3527 1261 3586 1315 ab
3629 1264 3780 1328 eodem

2289 1367 2530 1404 conversa
2543 1392 2554 1404 .

2288 1485 2474 1558 itaque
2502 1494 2622 1556 post
2649 1485 2882 1542 Orientis
2911 1487 3032 1555 iter,
3055 1489 3143 1544 cui
3161 1504 3284 1547 sese
3306 1500 3430 1546 ante
3449 1493 3781 1565 episcopatum

2215 1578 2363 1638 Zeno
2388 1579 2725 1636 commisisse
2753 1577 3058 1636 credendus
3085 1590 3170 1637 est
3210 1581 3486 1655 (episcOpi
3516 1584 3649 1640 enim
3693 1603 3781 1643 nou

2215 1674 2319 1730 nisi
2361 1672 2693 1745 gravissimis
2721 1672 2790 1728 de
2831 1673 3013 1730 causis
3065 1677 3314 1747 proprias
3345 1677 3498 1733 sedes
3537 1679 3781 1749 relinque-

505 1774 552 1829 si
573 1773 820 1830 eamdem
857 1773 1103 1830 Graecam
1137 1771 1400 1842 originem
1449 1779 1502 1826 et
1530 1770 1907 1826 educationem
1947 1771 2106 1825 sorti-
2138 1773 2185 1834 B
2211 1766 2386 1840 bant),
2413 1766 2712 1823 Veronensi
2757 1767 3000 1824 ecclesiae
3030 1779 3152 1839 post
3179 1769 3450 1826 Cricinum
3496 1774 3784 1842 praepositus

506 1878 593 1923 tus
620 1868 829 1923 luisset.
870 1867 998 1923 Haec
1042 1869 1214 1939 prima
1265 1864 1592 1934 conjectatio
1639 1865 1936 1924 vehemens
1975 1865 2108 1920 satis

506 1960 664 2015 nobis
694 1960 932 2027 videtur,
963 1969 1022 2014 ut
1045 1961 1251 2015 Auctor
1293 1974 1323 2012 a
1348 1958 1559 2014 Latinis
1585 1957 1902 2028 parentibus
1931 1967 2103 2026 ortus,

505 2052 590 2107 vel
620 2052 762 2106 inter
791 2052 1014 2108 Latinos
1042 2053 1236 2108 saltem
1275 2051 1539 2108 educatus
1577 2066 1640 2106 ac
1683 2051 1961 2106 institutus
1987 2065 2109 2121 pro-

505 2146 689 2201 betur.
721 2147 896 2202 Aliam
924 2161 1068 2202 nunc
1103 2145 1446 2216 adjiciamus,
1471 2159 1574 2214 qua
1601 2145 1805 2201 certior
1831 2145 2107 2215 provincia

504 2251 796 2297 statuatur.
838 2243 1028 2298 Exstat
1072 2240 1324 2296 Auctoris
1373 2249 1632 2295 tractatus
1673 2239 1743 2296 de
1783 2240 1842 2297 S.
1879 2239 2109 2295 Arcadio

505 2343 766 2407 martyre,
795 2335 948 2404 eujus
965 2335 1104 2406 apud
1134 2345 1362 2390 caeteros
1391 2334 1642 2404 antiquos
1673 2335 1930 2388 memoria
1961 2333 2108 2388 nulla

504 2431 796 2486 invenitur.
831 2431 985 2486 illum
1027 2439 1208 2486 autem
1241 2429 1293 2484 in
1321 2428 1569 2485 Caesarea
1614 2428 1947 2484 Mauritania:
1987 2445 2109 2500 pas-

503 2539 623 2578 sum
650 2539 715 2579 ex
751 2522 1077 2581 Zenonianis
1105 2522 1383 2579 codicibus
1411 2522 1599 2594 liquet.
1631 2523 1768 2590 Quid
1801 2538 1938 2578 unus
1970 2523 2109 2578 inter

503 2632 694 2678 omnes
726 2617 1058 2672 Veronensis
1101 2617 1390 2687 episcopus
1429 2615 1579 2671 Zeno
1626 2624 1769 2672 tanta
1819 2631 1941 2672 cum
1985 2617 2109 2673 reli-

502 2710 664 2781 gione
683 2711 987 2766 natalitium
1014 2710 1133 2781 ejus
1158 2710 1303 2766 diem
1333 2709 1655 2774 celebraret,
1680 2711 1781 2764 nisi
1807 2709 1950 2780 quod
1971 2725 2110 2781 prac-

502 2805 659 2874 cipua
687 2802 917 2874 quadam
950 2803 1242 2860 devotione
1280 2803 1455 2858 eidem
1487 2814 1634 2859 esset
1662 2803 1930 2869 addictus,
1956 2812 2010 2858 et
2039 2820 2108 2859 ex

503 2898 692 2953 eadem
735 2897 871 2952 forte
912 2898 1210 2966 provincia,
1244 2897 1296 2952 in
1329 2912 1433 2968 qua
1476 2897 1567 2952 ille
1594 2905 1825 2952 mortem
1858 2896 2102 2966 oppetiit,

503 2992 766 3060 originem
798 2991 1056 3045 duceret?
1107 2989 1483 3046 Africanorum
1531 2991 1745 3060 quidem
1780 2991 2106 3058 scriptorum

501 3087 700 3156 stylum
733 3086 784 3137 in
809 3096 997 3139 nostro
1023 3085 1258 3140 Auctore
1283 3083 1755 3153 deprehenderunt
1777 3085 1836 3150 ii,
1869 3085 1961 3156 qui
1990 3085 2106 3154 ejus

2211 1862 2334 1929 fuit,
2360 1861 2521 1933 idque
2549 1870 2706 1917 sexto
2748 1861 2870 1918 idus
2897 1862 3210 1920 Decembris
3247 1880 3346 1920 an.
3384 1865 3512 1930 56%,
3539 1875 3783 1937 postremo

2210 1955 2410 2012 Juliani
2457 1970 2622 2021 anno,
2672 1964 2729 2010 ut
2771 1957 2903 2011 satis
2955 1956 3304 2026 probabiliter
3350 1959 3668 2028 conjeeimus
3691 1961 3785 2016 dis-

2211 2060 2342 2106 sert.
2372 2065 2408 2115 ι,
2443 2063 2560 2119 cap.
2593 2049 2645 2116 5,
2680 2049 2708 2119 §
2737 2050 2788 2104 5.
2820 2046 2954 2104 Cum
2984 2065 3115 2106 vero
3146 2051 3214 2106 de
3243 2066 3389 2107 anno
3431 2053 3596 2122 [tatam
3637 2053 3716 2117 sit,
3743 2053 3782 2106 si

2210 2143 2279 2199 de
2304 2142 2392 2198 die
2418 2151 2651 2210 constet,
2682 2152 2742 2198 ut
2771 2142 2968 2202 ibidem
2998 2143 3372 2210 ostendimus;
3401 2145 3468 2199 ad
3509 2145 3642 2200 hunc
3661 2145 3782 2200 diem

2209 2234 2554 2296 statuendum
2602 2244 2798 2305 praeter
2826 2250 2912 2300 ea,
2961 2251 3082 2306 qua:
3125 2236 3326 2292 ibidem
3373 2237 3657 2305 attulimus,
3696 2238 3783 2293 alia

2211 2337 2524 2399 argumenta
2557 2328 2708 2382 novis
2730 2327 2960 2383 subinde
2979 2328 3322 2384 documentis
3351 2339 3406 2385 et
3427 2329 3787 2386 consideratio-

2211 2423 2369 2483 nibus
2411 2422 2642 2484 indicata
2686 2422 2738 2480 in
2781 2421 3246 2478 conﬁrmationem
3291 2423 3380 2480 hic
3430 2423 3656 2493 adjicere
3682 2423 3784 2493 pla-

2210 2527 2317 2574 cet.
2345 2517 2528 2576 Primo
2558 2517 2736 2587 plures
2762 2516 3020 2578 ecclesias
3050 2533 3145 2587 per
3169 2517 3379 2573 italiam
3405 2528 3460 2574 et
3479 2517 3604 2574 alibi
3627 2517 3680 2573 S.
3701 2516 3785 2572 Ze-

2211 2609 2368 2674 nonis
2394 2607 2596 2682 [σιω]
2630 2610 2846 2668 nomine
2877 2610 3171 2677 dedicatas,
3209 2610 3404 2666 festum
3435 2612 3550 2680 ejus
3589 2626 3638 2666 vr
3681 2610 3786 2664 ldus

2214 2702 2432 2761 Decem.
2457 2703 2736 2760 celebrare
2757 2718 2876 2774 cap.
2898 2701 2933 2758 4
2963 2703 3292 2760 videbimus.
3314 2705 3488 2760 Porro
3509 2707 3640 2758 hanc
3665 2704 3786 2786 diem

2211 2796 2566 2856 emortualem
2599 2795 2656 2853 S.
2687 2797 2957 2854 Antistitis
2988 2811 3094 2852 non
3129 2796 3301 2853 fuisse
3324 2796 3662 2852 ostendemus
3689 2795 3714 2866 ᾗ
3738 2796 3785 2850 3.

2210 2888 2345 2946 Cum
2375 2904 2503 2946 vero
2529 2890 2581 2945 in
2607 2890 2990 2947 translerendis
3015 2891 3166 2948 festis
3193 2891 3516 2948 Sanctorum
3543 2907 3604 2948 ea
3632 2891 3788 2946 cautio

2210 2983 2451 3041 adhibita
2501 2983 2681 3050 fuerit,
2728 2993 2787 3039 ut
2830 2985 3090 3056 impedito
3137 2987 3426 3042 emortuali
3473 2985 3577 3052 die,
3617 2984 3787 3040 festum

2211 3078 2582 3136 traduceretur
2609 3079 2660 3133 in
2685 3078 2828 3134 diem
2859 3077 3042 3139 alium.
3073 3093 3181 3148 quo
3207 3079 3293 3144 vel
3327 3079 3604 3134 translatio
3626 3075 3788 3132 Sancti

505 3188 763 3235 tractatus
807 3178 1139 3249 diligentlori
1185 3193 1311 3233 cura
1353 3178 1692 3234 evolverunt.
1736 3177 1946 3249 Gaspar
1977 3179 2105 3233 Bar-
2132 3171 2178 3233 C
2209 3172 2476 3242 corporis,
2510 3171 2591 3226 vel
2637 3169 2906 3226 dedicatio
2934 3170 3196 3235 basilicae,
3231 3173 3328 3228 vel
3375 3171 3638 3226 ordinatio
3661 3167 3788 3222 cole-

508 3273 654 3326 tltius
701 3273 842 3327 inter
891 3271 988 3326 hos
1056 3271 1408 3325 Christianum
1459 3272 1732 3343 Apuleium
1786 3273 1837 3326 in
1883 3271 2106 3328 Zenone

500 3366 811 3436 perspicere
851 3365 954 3420 sibi
982 3366 1130 3419 visus
1166 3375 1269 3428 est,
1329 3373 1386 3418 ut
1421 3349 1581 3419 fidem
1649 3364 1779 3420 facit
1832 3366 1924 3422 lib.
1981 3382 2106 3421 sun

500 3457 791 3512 Adversar.
823 3471 942 3527 cap.
979 3457 1066 3523 l0,
1092 3472 1212 3527 pag.
1246 3457 1403 3520 i9“,
1432 3467 1486 3511 ct
1515 3457 1607 3513 lib.
1655 3475 1687 3511 v
1733 3458 1787 3513 in
1818 3460 1973 3514 Statii
2004 3459 2108 3516 Sil-

501 3566 623 3605 vam
656 3567 778 3621 pag.
812 3553 938 3608 446.
973 3552 1128 3608 Enim
1160 3567 1291 3612 vero
1322 3553 1503 3630 plures
1532 3552 1779 3626 Appuleii
1811 3553 1924 3618 Afri
1953 3556 2106 3609 iocu-

501 3643 699 3706 tiones,
732 3651 786 3696 et
824 3644 985 3700 verba
1019 3644 1148 3698 item
1178 3643 1332 3715 plura
1374 3646 1494 3714 ejus
1520 3659 1583 3698 ac
1624 3646 1851 3702 aliorum
1899 3646 2108 3702 Alrica-

502 3749 694 3788 norum
741 3733 976 3806 propria,
1019 3735 1361 3802 Tertulliani,
1406 3734 1682 3808 Cypriani,
1719 3747 1853 3805 etc.,
1899 3739 1950 3793 in
1988 3741 2106 3810 ejus

504 3827 820 3882 tractatibus
852 3828 1213 3898 reperiuntur,
1254 3831 1457 3900 quae-in
1486 3830 1607 3884 aliis
1633 3831 1854 3886 aliarum
1885 3832 2105 3888 Latina-

501 3936 620 3976 rum
651 3920 1047 3990 provinciarum
1076 3921 1432 3992 scriptoribus
1462 3921 1659 3978 l'rustra
1693 3923 1957 3994 requiras.
2005 3925 2108 3982 Ne-

503 4029 610 4086 que
639 4013 952 4070 Al'ricanum
983 4013 1210 4070 Veronae
1236 4015 1549 4086 episcopum
1579 4026 1816 4071 creatum
1860 4019 2104 4086 mireris;

506 4123 604 4178 per
626 4107 679 4163 id
708 4109 853 4164 enim
886 4120 1098 4179 tempus
1122 4108 1365 4180 episcopi
1383 4116 1436 4163 et
1456 4108 1635 4165 clerus
1656 4125 1801 4184 smpe
1821 4127 1885 4167 ex
1914 4112 2106 4168 alienis

505 4201 800 4272 provinciis
837 4200 1125 4257 dabantur.
1175 4200 1380 4256 Eodem
1421 4200 1618 4256 saeculo
1660 4202 2105 4259 Fortunatianum

507 4297 818 4364 episcopum
842 4293 1244 4373 Aquileiensem
1275 4291 1463 4347 Afrum
1497 4293 1663 4350 fuisse
1687 4310 1754 4351 ex
1781 4296 2108 4369 Hieronymo

503 4387 783 4443 discimus.
808 4387 1068 4454 Donatus,
1097 4387 1313 4443 natione
1336 4385 1670 4453 Afer,uonne
1694 4388 2110 4448 Mediolanensis

502 4477 763 4534 Ecclesiae
784 4479 1070 4552 presbyter
1094 4477 1196 4534 fuit
1213 4477 1390 4534 adhuc
1409 4488 1529 4549 post
1550 4479 1821 4538 Ambrosii
1851 4485 2106 4542 mortem?

2213 3265 2391 3327 batur,
2445 3273 2504 3320 ut
2530 3279 2598 3319 eo
2641 3262 2976 3334 paragrapho
3006 3263 3318 3319 notabimus
3346 3281 3362 3320 :
3395 3264 3496 3320 etsi
3543 3279 3606 3318 eo
3633 3261 3714 3317 die
3750 3275 3791 3313 τι

2210 3356 2337 3416 Idus
2365 3356 2674 3419 Decembris
2703 3357 2970 3416 dedicatio
2993 3358 3236 3414 ecclesiae
3262 3359 3325 3416 S.
3355 3359 3588 3415 Zenonis
3615 3358 3665 3412 in
3687 3370 3792 3410 nus-

2215 3453 2311 3508 tris
2342 3451 2492 3518 libris
2516 3452 2793 3521 signetur;
2825 3460 3001 3507 tamen
3028 3451 3098 3506 ob
3133 3451 3536 3510 ordinationem
3577 3448 3792 3518 ejusdem

2213 3546 2412 3616 potius,
2444 3560 2604 3618 quam
2634 3545 2704 3600 ob
2731 3544 2988 3601 Ecclesiae
3024 3545 3424 3602 dedicationem
3457 3545 3652 3600 festum
3694 3542 3793 3610 ejus

2211 3638 2333 3694 aliis
2380 3639 2431 3694 in
2463 3635 2717 3694 Ecclesiis
2745 3636 2920 3701 eidem
2952 3637 3058 3694 diei
3105 3638 3216 3693 lere
3240 3638 3581 3708 adsignatum
3627 3632 3797 3689 veris?-

2212 3732 2496 3792 millimum
2533 3742 2636 3795 est,
2671 3740 2956 3800 propterea
2987 3732 3130 3802 quod
3160 3747 3227 3787 ex
3275 3733 3502 3788 Rabano
3545 3739 3600 3785 et
3639 3727 3792 3784 Wau-

2209 3828 2456 3884 delberto
2482 3827 2664 3883 saculi
2694 3842 2746 3882 ιχ
2778 3825 3156 3896 scriptoribus,
3183 3840 3285 3882 nec
3315 3841 3422 3882 non
3448 3840 3517 3880 ex
3537 3839 3636 3878 ms.
3662 3820 3791 3876 Vati-

2210 3934 2348 3976 cano
2360 3918 2502 3976 5806
2523 3918 2765 3988 ejusdem
2792 3917 3169 3984 sarculi,variis
3195 3919 3249 3976 in
3284 3919 3420 3974 locis
3440 3932 3506 3973 ea
3531 3916 3644 3970 dies
3666 3912 3793 3968 cele-

2209 4013 2324 4070 bris
2349 4021 2606 4084 appareat
2643 4012 2754 4083 jam
2797 4011 2926 4070 inde
2949 4028 2977 4066 a
3004 4013 3204 4069 saeculo
3232 4028 3286 4068 rx
3333 4027 3460 4069 cum
3492 4012 3550 4068 S.
3582 4008 3795 4070 Zenonis

2211 4105 2429 4162 basilica
2473 4106 2558 4160 vix
2607 4113 2716 4158 tum
2765 4104 3024 4175 temporis
3061 4103 3312 4162 dedicata
3361 4104 3540 4161 fuerit.
3575 4100 3717 4170 Quod
3758 4096 3796 4151 si

2209 4197 2523 4254 consideres
2551 4195 2790 4252 Caesenze
2817 4206 2872 4252 et
2900 4197 3116 4256 Pistorii
3149 4196 3208 4252 S.
3240 4197 3522 4254 Zenonem
3569 4202 3690 4251 ante
3714 4207 3799 4248 no-

2211 4307 2339 4352 num
2365 4300 2420 4346 et
2439 4297 2690 4348 octavum
2734 4290 2897 4346 etiam
2919 4291 3176 4350 seculum
3208 4306 3465 4363 magnum
3497 4291 3796 4350 Patronutn,

2212 4386 2294 4442 vel
2320 4384 2617 4453 titularem,
2655 4385 2729 4439 uti
2758 4397 2979 4452 vocant,
3013 4385 3246 4442 electum
3279 4385 3476 4442 eadem
3502 4385 3590 4441 die
3614 4383 3796 4440 cultum

2211 4476 2378 4538 fuisse
2404 4477 2563 4534 unico
2587 4478 2674 4534 vel
2705 4478 2976 4549 praecipuo
3006 4477 3166 4544 festo,
3195 4479 3506 4548 cuiusmodi
3538 4491 3677 4537 nunc
3695 4474 3802 4546 qui-

504 4584 564 4628 ut
591 4574 846 4630 Paulinus
897 4576 947 4628 iu
979 4573 1138 4645 hujus
1168 4575 1273 4630 vita
1314 4584 1542 4630 testatur
1579 4592 1727 4631 num.
1780 4576 1871 4634 54,
1921 4577 2107 4650 Neque
2132 4562 2186 4622 D
2212 4571 2335 4628 dem
2364 4585 2431 4626 ex
2457 4570 2875 4628 imntemorabili
2901 4585 3087 4630 earum
3119 4571 3490 4628 Ecclesiarum
3529 4576 3804 4628 consuetu-

505 4667 778 4739 Anonymi
825 4667 1091 4738 Pipiniani
1137 4669 1400 4724 sententia
1444 4680 1689 4736 moveat;
1743 4670 1917 4742 potuit
1961 4673 2104 4728 enim

505 4757 677 4826 Zeno,
709 4760 832 4814 licet
860 4758 1010 4824 Afer,
1035 4759 1234 4830 eSyria
1254 4759 1522 4816 Veronam
1553 4761 1842 4831 proﬁcisci,
1863 4780 1984 4819 cum
2003 4765 2108 4822 iter

504 4852 558 4907 in
581 4852 856 4907 Orientem
885 4867 946 4906 ea
981 4861 1300 4922 tempestate
1330 4851 1586 4922 frequens
1615 4863 1780 4909 esset.
1807 4855 1862 4911 S.
1895 4855 2104 4912 Philas-

507 4945 641 4999 trius
664 4941 952 4999 Bt-ixiauus
977 4945 1288 5014 episcopus,
1317 4958 1439 4998 cum
1472 4955 1615 5000 esset
1647 4947 1927 5018 presbyter
1952 4967 1963 5002 :
1995 4948 2110 5004 Cir-

505 5037 730 5090 cumiens
755 5038 1048 5091 universum
1079 5051 1208 5107 pene
1243 5035 1489 5089 ambitum
1517 5035 1740 5091 Romani
1778 5040 1913 5093 orbis
1947 5041 2110 5094 domi-

504 5131 678 5184 nicum
707 5130 1014 5199 praedicasse
1042 5131 1248 5184 verbum
1276 5129 1526 5185 similiter
1557 5131 1782 5186 traditur
1811 5148 1840 5187 a
1873 5133 1932 5188 S.
1964 5134 2105 5191 Gau-

505 5220 691 5275 dentio
719 5222 770 5275 in
801 5230 1027 5276 tractatu
1073 5221 1140 5276 de
1170 5221 1227 5277 S.
1256 5221 1548 5278 Pliilastrio
1577 5237 1697 5294 pag.
1724 5221 1853 5291 241,
1885 5234 1939 5280 et
1964 5225 2104 5281 idem

503 5327 722 5382 quoque
749 5311 1082 5367 Gaudentius
1112 5328 1172 5367 se
1217 5313 1504 5368 Philastrio
1547 5314 1597 5368 in
1627 5313 1872 5370 eamdem
1901 5315 2108 5370 Brixia—

505 5421 629 5460 nam
684 5404 996 5459 cathedram
1043 5404 1346 5472 suiiectum,
1399 5405 1526 5461 dum
1571 5406 1624 5461 in
1655 5407 1878 5463 Oriente
1921 5423 2109 5464 versa-

505 5509 681 5565 retur,
706 5497 910 5555 diserte
942 5499 1142 5569 prodit,
1168 5511 1280 5555 tum
1309 5502 1360 5554 in
1392 5515 1645 5557 sermone
1673 5503 1740 5560 de
1767 5503 2104 5563 ordinatione

507 5594 590 5648 sui
625 5609 745 5663 pag.
805 5592 930 5659 181,
966 5604 1076 5648 tum
1109 5594 1161 5648 in
1205 5607 1454 5650 sermone
1494 5594 1562 5651 de
1591 5595 1931 5653 dedicatione
1963 5598 2106 5655 Basi—

506 5683 646 5749 licae,
697 5699 817 5755 pag.
851 5685 973 5740 tat.
1016 5684 1256 5741 Zenonis
1287 5685 1506 5742 tandem
1552 5705 1770 5756 nomen,
1820 5691 1924 5746 etsi
1966 5691 2107 5748 inter

507 5771 726 5830 Graecos
756 5774 1039 5848 frequens,
1087 5777 1155 5833 ab
1185 5777 1452 5860 Africanis
1492 5780 1840 5838 nihilominus
1868 5782 2102 5852 alienum

2214 4665 2341 4720 dine
2391 4665 2661 4735 peragitur
2702 4664 2854 4735 :jam
2880 4679 3009 4735 ergo
3054 4673 3180 4728 ante
3227 4680 3436 4722 nonum
3487 4674 3543 4720 et
3572 4674 3800 4720 octavum

2213 4759 2376 4814 etiam
2393 4758 2648 4815 saeculum
2667 4771 2729 4816 ea
2750 4757 2865 4813 dies
2883 4757 3114 4814 celebris
3129 4766 3266 4823 erat,
3289 4775 3400 4815 non
3432 4758 3618 4829 utique
3634 4755 3700 4812 ob
3719 4753 3804 4808 tle-

2215 4852 2544 4910 dicationem
2575 4867 2697 4923 qua:
2725 4853 2992 4923 posterius
3022 4852 3268 4921 contigit,
3300 4853 3398 4910 sed
3427 4854 3500 4908 ob
3528 4847 3806 4908 ordinatio-

2216 4959 2338 5002 nem
2371 4959 2532 5016 quam
2565 4943 2787 5014 proinde
2814 4957 2881 4998 eo
2908 4943 2994 4998 die
3022 4943 3163 5014 apud
3195 4943 3469 5000 Veronam
3497 4956 3707 5014 quoque
3727 4955 3802 5001 ce-

2215 5036 2472 5094 lebratam
2500 5036 2664 5092 luisse
2685 5035 2785 5090 hoc
2805 5045 3121 5105 argumento
3143 5035 3433 5096 evidenter
3451 5031 3799 5092 convincitur.

2214 5129 2310 5186 His
2331 5129 2468 5185 adde
2493 5130 2653 5184 aliam
2681 5127 3112 5184 observationem
3145 5144 3208 5185 ex
3243 5129 3380 5200 ipsis
3407 5139 3610 5186 nostra?
3635 5125 3807 5183 Eccle-

2211 5222 2306 5278 siae
2336 5222 2507 5289 libris,
2536 5235 2567 5276 e
2595 5222 2789 5291 quibus
2815 5220 2865 5276 id
2895 5223 3067 5292 ipsum
3093 5220 3474 5277 conﬁrmatur.
3498 5221 3648 5276 Licet
3671 5216 3802 5272 enim

2213 5316 2267 5371 in
2299 5314 2634 5371 Calendariis
2660 5331 2765 5370 non
2795 5315 2954 5370 nullis
2982 5330 3048 5371 eo
3087 5315 3178 5371 die
3201 5325 3423 5372 notetur
3451 5315 3706 5370 dedicatio
3733 5327 3807 5364 er-

2214 5409 2381 5464 elesiw
2411 5407 2471 5465 S.
2501 5406 2745 5474 Zenonis,
2771 5407 2824 5463 in
2855 5408 2981 5480 ipsis
3011 5416 3190 5464 tamen
3220 5406 3620 5464 Ecclesiasticis
3646 5405 3800 5468 libris,

2211 5509 2267 5555 et
2291 5499 2452 5554 missa
2484 5508 2540 5556 et
2560 5499 2794 5556 ollicium
2818 5498 2888 5558 de
2917 5498 2978 5555 S.
3020 5499 3241 5558 Zenone
3262 5500 3550 5571 episcopo,
3577 5512 3682 5553 non
3719 5509 3806 5549 au-

2211 5599 2318 5646 tem
2365 5589 2432 5646 de
2463 5590 2802 5646 dedicatione
2832 5591 3078 5667 ecclesiae
3121 5591 3481 5661 designantur
3525 5600 3580 5647 et
3607 5587 3803 5644 descri-

2211 5684 2433 5739 buntur.
2482 5681 2559 5740 De
2611 5684 2771 5738 Missa
2822 5683 2953 5738 satis
3000 5683 3273 5758 attigimus
3324 5683 3466 5742 diss.
3498 5700 3538 5751 ι,
3591 5697 3709 5754 cap.
3753 5679 3804 5746 ὅ,

2213 5777 2242 5865 §
2276 5779 2330 5849 5,
2361 5788 2418 5836 et
2445 5778 2766 5842 luculentius
2795 5779 2996 5855 patebit
3021 5794 3085 5837 ex
3117 5777 3512 5858 Admonitione
3537 5776 3606 5846 ad
3627 5787 3805 5837 monu-
