3998 6332
234 262 340 317 119

1073 261 1523 322 DISSERTATIO
1563 267 1652 336 Ill,
1699 268 1785 325 DE
1826 271 1883 328 S.
1924 272 2076 328 ΖΕΝ.
2129 277 2332 335 ACTIS
2364 280 2451 338 ET
2490 280 2742 342 CULTU.

3441 303 3546 357 11⁸ιο

225 388 416 433 menta
449 393 595 433 num.
628 379 683 433 5.
726 379 877 434 Nunc
908 388 962 435 ut
988 379 1056 436 de
1095 379 1276 436 officio
1321 381 1586 452 dicamus,
1636 385 1688 438 in
1729 399 1830 440 ms.
1861 396 1911 454 Α
1939 387 2076 443 citer
2106 389 2163 445 S.
2196 391 2492 466 Episcopus
2535 397 2863 456 laboraverit
2895 403 2955 458 in
2988 406 3269 476 gentibus,
3312 425 3378 466 ex
3427 415 3545 483 qui~

221 469 529 543 Capitulari
562 474 748 540 seculi
794 489 916 544 χιιι,
947 474 1038 546 qui
1079 473 1372 541 orationes,
1427 476 1729 546 lectiones,
1773 489 1829 536 et

217 565 555 638 antipbonas
579 565 649 622 de
674 565 886 632 Sanctis
930 583 1027 640 per
1053 582 1254 624 artuum
1283 567 1336 624 in
1380 568 1626 634 Ecclesia
1655 570 1828 628 Vero-

219 658 388 716 nensi
417 658 645 714 usitatas
673 661 938 731 continet,
967 671 1022 724 et
1050 675 1174 722 cum
1200 661 1320 718 aliis
1350 677 1483 720 mss.
1515 664 1828 722 vetustiori-
1855 684 1860 698 ι

217 752 332 813 bus
363 754 525 824 plane
551 754 808 820 concinit,
837 753 1040 812 eadem
1072 754 1405 826 antiphonaa,
1445 771 1566 828 quae
1595 757 1674 812 uti
1715 772 1835 828 pro-

215 846 360 916 prie
393 845 456 902 S.
485 845 716 904 Zenonis
759 847 814 902 in
847 847 1013 905 tribus
1058 848 1179 906 aliis
1222 848 1376 904 libris
1421 848 1489 906 ad
1529 849 1730 906 Laudes
1751 849 1833 906 di-

215 940 418 994 cenda:
447 939 826 1011 adsignantur,
859 940 1245 998 describuntur
1271 940 1515 998 dicendae
1561 943 1724 998 etiam
1765 943 1833 998 ad

216 1032 431 1099 Horas,
461 1045 514 1088 et
537 1032 920 1092 describuntur
943 1033 1161 1105 quidem
1190 1049 1376 1091 mense
1405 1034 1690 1093 Decembri
1711 1051 1832 1092 cum

213 1127 476 1184 oratione
499 1127 640 1183 Deus
667 1129 752 1199 qui
777 1145 872 1184 nos
901 1128 961 1186 S.
992 1128 1229 1186 Zenonis
1258 1131 1499 1200 episcopi
1533 1131 1660 1190 item
1696 1147 1838 1201 pro-

213 1221 362 1291 pria.
394 1219 534 1277 Hinc
563 1231 741 1278 autem
773 1221 1030 1293 colligere
1063 1223 1190 1278 licet
1223 1222 1276 1282 in
1312 1223 1611 1282 Veronensi
1647 1224 1838 1282 Eccle-

214 1316 329 1382 sia,
350 1316 447 1370 cui
478 1315 564 1372 ille
581 1316 751 1376 codex
780 1317 1011 1388 publicis
1037 1317 1092 1374 in
1120 1316 1314 1374 ofﬁciis
1331 1318 1628 1387 serviebat,
1652 1334 1840 1382 mense

216 1423 454 1480 quoque
475 1408 755 1468 Decembri
781 1424 891 1467 non
915 1411 1135 1470 missam
1159 1412 1358 1479 solum,
1393 1411 1490 1468 sed
1521 1421 1576 1468 et
1600 1412 1838 1470 ofﬁcium

216 1502 292 1560 de
336 1502 403 1560 S.
454 1501 673 1562 Zenone
717 1502 1000 1574 episcopo,
1045 1519 1154 1566 non
1181 1512 1362 1568 autem
1399 1504 1470 1560 de
1498 1504 1842 1568 dedicatione

214 1597 565 1656 celebratum
597 1597 784 1663 fuisse.
807 1597 950 1656 adeo
980 1607 1038 1654 ut
1063 1599 1340 1656 ordinatio
1359 1599 1418 1656 S.
1453 1599 1708 1667 Zenonis,
1733 1617 1841 1658 non

215 1704 414 1748 autem
485 1693 755 1750 dedicatio
815 1677 1052 1750 basilica:
1113 1709 1170 1750 vr
1222 1694 1347 1752 ldus
1410 1695 1725 1754 Decembris
1775 1696 1846 1755 ab

1931 479 2032 536 bus
2065 482 2230 574 etiam
2262 485 2449 574 deem
2476 484 2725 545 fawndia
2755 505 2820 548 ac
2862 494 2984 550 zelo
3027 497 3146 567 ejus
3185 499 3401 558 illectos
3441 479 3542 574 ipsi

1932 570 2276 628 concionami
2303 574 2616 636 interfuisse
2639 581 2946 654 colligimus
2983 601 3051 642 ex
3107 599 3267 646 tract.
3291 592 3331 649 Β
3359 570 3508 650 Ιίιιίι
3530 639 3544 662 ,

1933 658 2121 716 adnot.
2151 662 2203 729 1,
2233 663 2530 724 luculenter
2559 671 2749 740 probat
2778 675 2970 745 ingens
2993 679 3085 737 ille
3109 679 3393 741 hominum
3433 658 3539 742 nu;

1935 767 2160 822 merus,
2221 757 2310 826 qui
2350 770 2483 828 quot
2537 764 2695 819 annis
2760 765 3083 837 baptismate
3156 774 3534 835 abluebantur.

1937 843 2119 902 Tract.
2151 847 2218 903 ὃὸ
2239 858 2294 904 et
2316 849 2392 904 ‘2
2414 852 2506 909 lib.
2536 869 2597 919 ιι,
2630 872 2829 927 genere,
2855 870 3024 926 etate.
3053 880 3199 933 om,
3229 870 3540 937 conditione,

1939 945 2015 1005 et,
2045 950 2102 993 ut
2129 940 2352 998 additur
2380 951 2536 1000 tract.
2567 948 2658 1015 38,
2691 951 2899 1006 natione
2928 952 3116 1012 diversi
3146 972 3540 1031 memorantur,

1940 1031 2051 1100 qui,
2079 1033 2134 1088 in
2175 1035 2518 1104 paschalibus
2543 1041 2713 1109 festis,
2762 1046 2934 1102 sacris
2965 1049 3126 1106 undis
3170 1053 3332 1110 simul
3387 1057 3541 1114 diluti

1940 1133 2068 1182 sunt
2093 1145 2106 1182 :
2136 1142 2368 1199 cumque
2394 1131 2448 1188 hi
2484 1134 2687 1206 aliique
2714 1146 2972 1198 tractatus
2995 1143 3244 1210 .divereis
3269 1150 3424 1207 annis
3455 1168 3546 1209 re-

1943 1217 2089 1274 citati
2115 1219 2170 1274 id
2193 1221 2369 1286 ipsum
2396 1225 2616 1283 circiter
2640 1211 2910 1301 repetant,
2965 1250 3215 1308 magnam
3246 1245 3405 1299 annis
3434 1245 3548 1301 sin-

1943 1310 2082 1380 gulis
2102 1311 2547 1382 baptizandorum
2570 1321 2737 1378 fuisse
2752 1325 3112 1396 frequentiam
3131 1331 3541 1392 demonstrant:

1944 1403 2090 1496 quod
2136 1405 2204 1460 ad
2230 1407 2615 1466 declarandum
2657 1415 2908 1488 Episcopi
2939 1433 3006 1475 ea
3035 1423 3089 1480 in
3114 1437 3174 1479 re
3205 1431 3544 1496 procuranda

1946 1494 2190 1554 laborem
2237 1510 2294 1556 et
2342 1503 2672 1574 diligentiam
2721 1512 2950 1570 mirifice
2985 1494 3220 1574 confert.
3268 1522 3324 1577 ld
3369 1523 3547 1594 ipsum

1947 1591 2108 1646 etiam
2139 1595 2390 1650 statuitur
2413 1611 2480 1652 ex
2507 1613 2570 1654 ea
2600 1601 2852 1672 ecclesia,
2884 1621 3046 1676 quam
3069 1610 3140 1666 ab
3163 1612 3356 1670 eodem
3389 1591 3550 1672 Vero-

1949 1698 2034 1738 na:
2056 1684 2374 1744 mditicatam
2399 1689 2681 1761 dicemus;
2709 1695 2837 1752 licet
2859 1698 3003 1756 enim
3029 1717 3127 1773 per
3149 1717 3210 1761 se
3251 1709 3384 1764 satis
3407 1721 3554 1766 esset

215 1788 337 1858 ipso
364 1787 670 1846 Veronensi
694 1787 937 1856 Ecclesia
969 1789 1244 1845 celebrata
1275 1801 1562 1860 appareat;
1595 1793 1670 1847 uti
1702 1793 1842 1863 apud

1950 1778 2128 1874 ampla
2153 1789 2208 1834 et
2233 1795 2426 1874 capax,
2460 1793 2638 1842 tamen
2682 1804 2794 1859 prae
2835 1791 3290 1869 Christianorum,
3333 1804 3425 1874 qui
3470 1807 3556 1860 ni-

217 1884 534 1938 monacltos
561 1882 900 1941 Zenonianos
933 1883 1182 1941 distincte
1206 1899 1273 1940 eo
1285 1884 1372 1940 die
1385 1885 1708 1942 celebratam
1729 1887 1849 1944 loco

218 1974 458 2032 laudato
478 1973 606 2030 diss.
627 1991 645 2030 ι
673 1976 1036 2034 meminimus.
1061 1975 1247 2049 Itaque
1269 1992 1394 2034 cum
1417 1978 1684 2034 dedicatio
1706 1980 1849 2036 basi-

221 2066 351 2123 lica:
375 2066 442 2123 S.
481 2067 732 2134 Zenonis,
768 2068 871 2123 etsi
903 2083 970 2124 eo
997 2069 1084 2124 die
1112 2071 1163 2124 in
1193 2069 1394 2140 aliquot
1417 2086 1547 2128 mss.
1577 2071 1844 2128 Calenda-

217 2160 322 2215 riis
367 2168 594 2227 notata,
643 2160 792 2215 nullo
821 2171 1000 2217 tamen
1044 2159 1225 2217 ofﬁcio
1257 2161 1530 2234 prazcipuo
1575 2163 1845 2221 celebrata

217 2252 456 2322 probari
513 2253 651 2323 apud
702 2252 1001 2310 Ecclesiam
1057 2253 1428 2311 Veronensem
1485 2257 1695 2328 possit;
1757 2258 1844 2315 vel

216 2343 369 2413 apud
428 2343 583 2400 solos
629 2345 1005 2401 celebrabatur
1053 2347 1351 2403 monachos
1395 2347 1607 2406 duobus
1651 2349 1844 2408 diebus

216 2446 374 2507 post,
403 2451 510 2492 seu
539 2438 642 2509 (ut
671 2437 789 2494 aliis
815 2439 868 2494 in
890 2438 1167 2496 codicibus
1190 2440 1424 2513 legitur)
1453 2441 1542 2500 die
1568 2446 1837 2514 sequenti,

214 2529 308 2584 vel
335 2542 369 2583 a
392 2528 697 2585 Veronensi
719 2529 961 2586 Ecclesia
987 2544 1056 2586 eo
1075 2530 1164 2586 die
1185 2532 1298 2587 sola
1325 2534 1842 2592 commemoratione

213 2621 641 2688 celebrabatur;
687 2633 740 2678 et
779 2617 848 2678 ad
878 2623 1016 2679 hanc
1042 2627 1616 2683 commemorationem
1669 2629 1840 2699 perti-

216 2730 358 2771 nere
390 2715 556 2772 unice
601 2725 779 2786 potest
817 2717 1111 2787 antiphona
1139 2729 1193 2774 et
1240 2721 1679 2794 responsorium,
1721 2739 1843 2792 qua:

216 2807 273 2862 in
299 2805 527 2877 Carpso
548 2816 766 2863 notatur
794 2807 875 2863 sic
902 2827 916 2863 :
945 2808 1014 2864 In
1043 2810 1360 2867 dedicatiOne
1389 2811 1452 2868 S.
1484 2811 1705 2869 Zenonis
1725 2831 1757 2869 a
1794 2824 1843 2870 et

214 2918 246 2953 τ
273 2901 344 2956 de
376 2900 724 2956 dedicatione.
754 2901 908 2970 Quod
937 2903 983 2958 si
1013 2904 1188 2959 minus
1230 2904 1458 2974 placeat,
1501 2921 1623 2962 cum
1653 2907 1841 2979 Carpsi

215 2993 454 3048 rubrica
486 3001 684 3064 pugnet
707 3008 829 3050 cum
869 2995 976 3050 alio
1021 2996 1198 3052 rituali
1228 2998 1486 3054 Ecclesia:
1516 2999 1843 3058 Veronensis

214 3087 399 3152 libro,
432 3102 532 3143 nec
554 3103 679 3144 eum
710 3088 883 3145 Missis
907 3090 1134 3146 aliorum
1165 3092 1480 3160 concordet,
1525 3095 1614 3163 qui
1639 3093 1707 3150 de
1735 3109 1842 3150 uno

215 3177 281 3234 S.
318 3176 571 3245 Zenone,
621 3195 726 3234 non
757 3179 826 3237 de
853 3180 1194 3238 dedicatione
1219 3183 1465 3239 ecclesiae
1499 3194 1552 3241 et
1595 3185 1834 3242 ofﬁcium

213 3279 276 3326 et
304 3269 538 3326 missam
564 3285 620 3326 γι
652 3271 773 3327 ldus
799 3271 1112 3328 Decembris
1143 3274 1473 3344 praeferunt;
1517 3276 1709 3346 Carpsi
1751 3293 1844 3334 er-

215 3381 320 3420 ror
345 3375 570 3434 apertus
591 3373 696 3431 est,
724 3366 1031 3437 cuiusmodi
1050 3368 1138 3422 alii
1162 3383 1378 3424 errores
1403 3368 1531 3426 alibi
1561 3370 1618 3425 in
1649 3371 1841 3426 eodem

216 3457 382 3513 libro
406 3465 677 3512 notantur.
707 3457 788 3513 Ex
817 3458 906 3513 his
930 3471 1106 3515 autem
1136 3462 1179 3515 si
1205 3471 1312 3517 stet
1340 3461 1395 3517 S.
1430 3460 1667 3518 Zenonis
1695 3463 1843 3519 ordi-

217 3551 517 3606 nationem
557 3563 610 3604 νι
640 3547 718 3606 id.
754 3551 1068 3607 Decembris
1111 3553 1442 3608 celebratam
1488 3563 1539 3609 et
1571 3564 1840 3624 peractam

216 3644 426 3710 fuisse,
460 3641 520 3700 S.
548 3641 817 3700 Zenonem
849 3643 948 3700 hoc
969 3643 1058 3700 die
1077 3645 1301 3701 “.562
1339 3644 1539 3701 Juliani
1568 3655 1844 3717 postremo

219 3737 548 3792 ordinatum
579 3753 645 3793 ex
673 3738 829 3794 dictis
851 3739 981 3795 diss.
1015 3753 1055 3806 l,
1081 3754 1130 3795 c.
1161 3741 1216 3809 5,
1246 3739 1275 3812 §
1317 3741 1372 3808 5,
1402 3741 1578 3812 palam
1620 3743 1843 3798 omnino

216 3833 367 3888 erit.
395 3829 759 3887 Transeamus
780 3831 847 3888 ad
875 3831 1000 3888 alia.

297 3923 430 3980 Hoc
454 3924 781 3994 imperatore
799 3926 904 3980 vita
939 3926 1122 3982 functo
1146 3941 1290 3983 anno
1319 3929 1564 3998 sequenti
1584 3928 1841 3995 565,0um

221 4017 545 4072 Romanum
575 4017 861 4087 imperium
891 4021 1229 4088 pervenisset
1253 4020 1320 4076 ad
1343 4035 1460 4087 eos,
1488 4023 1579 4092 qui
1606 4023 1710 4078 etsi
1729 4023 1845 4078 ido-

221 4111 511 4166 lolatriam
538 4111 697 4181 plane
727 4126 838 4166 non
863 4113 1217 4180 sustulerunt,
1268 4129 1428 4170 unam
1457 4125 1635 4173 tamen
1661 4117 1846 4174 Chris-

223 4207 440 4261 tianam
470 4204 790 4276 religionem
835 4207 1107 4274 colebant,
1148 4209 1434 4281 eidemque
1463 4211 1707 4282 impense
1748 4227 1844 4281 pa-

225 4299 680 4365 trocinabantur;
727 4300 868 4354 latus
894 4299 1102 4356 Zenoni
1131 4303 1310 4358 aditus
1359 4304 1549 4373 patuit,
1596 4303 1841 4361 eamdem

225 4391 558 4462 religionem
588 4389 820 4446 Verona:
846 4392 1023 4462 palam
1052 4393 1359 4461 excolendi,
1391 4406 1443 4449 et
1475 4411 1596 4450 cum
1621 4389 1840 4464 pietate,

226 4495 352 4541 tum
380 4484 628 4540 doctrina
655 4484 710 4541 in
737 4499 800 4540 ea
832 4487 1131 4542 excolenda
1165 4487 1392 4558 profecit
1422 4489 1615 4544 mirum
1646 4490 1696 4544 in
1727 4505 1844 4545 mo-

223 4581 388 4636 dum.
416 4578 571 4634 Multi
598 4578 651 4634 id
682 4579 942 4650 temporis
964 4588 1118 4635 erant
1145 4581 1378 4652 Pagani;
1413 4583 1556 4639 inter
1580 4583 1843 4639 Cbristia-
1871 4604 1919 4664 ι)

223 4689 340 4731 nos
372 4680 551 4728 autem
586 4672 770 4728 Ariani
800 4689 905 4727 non
938 4675 1089 4743 pauci
1121 4682 1342 4744 propter
1360 4689 1478 4730 eam
1510 4677 1836 4745 persecutio-

227 4781 387 4830 nem,
411 4780 574 4835 quam
604 4764 955 4820 Constantius
983 4765 1181 4821 Juliani
1213 4781 1511 4836 praecessor
1536 4767 1588 4822 in
1613 4767 1841 4823 catholi-

226 4875 334 4915 eos
360 4866 416 4914 et
443 4857 760 4913 muneribus
784 4866 838 4913 et
865 4858 1141 4913 fraudibus
1167 4869 1222 4914 et
1245 4861 1404 4916 minis
1434 4861 1570 4917 adeo
1600 4863 1844 4934 impense

230 4961 590 5026 promoverat
619 4951 846 5008 Valente
873 4962 928 5008 et
955 4951 1170 5009 Ursatio
1200 4954 1412 5009 Arionis
1451 4953 1633 5030 [cxxv]
1663 4958 1841 5027 Episc.

227 5047 746 5119 impellentibus,ut
768 5056 935 5103 totum
950 5049 1136 5104 orbem
1161 5053 1515 5115 concusserit,
1544 5061 1597 5106 et
1620 5050 1768 5107 hisce
1792 5051 1842 5108 iu

230 5143 559 5214 regionibus
600 5143 901 5213 corruperit
930 5142 1376 5200 Fortunatianum
1418 5144 1842 5216 Aquileiensem,

228 5253 304 5293 ac
348 5237 402 5292 in
447 5236 905 5293 Mediolanensem
952 5237 1134 5294 sedem
1167 5237 1450 5294 intruscrit
1492 5237 1842 5308 Auxentium,

228 5332 334 5402 qui
367 5344 471 5385 non
500 5329 642 5384 hanc
671 5330 844 5384 solum
892 5329 1187 5386 Ecclesiam
1233 5329 1298 5386 ad
1354 5347 1442 5386 an.
1481 5333 1585 5388 574
1620 5349 1712 5403 per
1748 5351 1845 5389 an-

231 5439 348 5480 nos
390 5423 575 5494 viginti
627 5424 929 5493 occupavit,
970 5423 1062 5481 sed
1097 5423 1264 5480 totius
1303 5425 1464 5480 etiam
1497 5426 1661 5482 Italia:
1689 5427 1847 5483 fidem

232 5534 343 5574 sua
395 5516 590 5572 haeresi
635 5516 858 5574 inficere
889 5532 950 5572 ac
990 5517 1302 5589 discerpere
1333 5519 1556 5574 studuit.
1607 5518 1663 5576 S.
1699 5518 1849 5576 Zeno

229 5610 550 5666 Vcroucnsi
579 5609 850 5666 cathedrae
882 5611 1142 5681 insidens,
1176 5614 1544 5684 frequentibus
1571 5615 1852 5670 concioni-

234 5707 354 5763 bus
397 5720 461 5761 ac
506 5705 934 5762 institutionibus
978 5705 1315 5777 Puganorum
1353 5723 1504 5778 :cque
1532 5723 1594 5763 ac
1622 5708 1852 5764 Ariano-

247 5815 380 5861 rum
407 5799 670 5876 impietati
709 5813 831 5860 sese
861 5799 1086 5875 objecit.
1113 5799 1282 5880 Quam
1326 5803 1533 5862 naviter
1558 5813 1716 5876 atque
1745 5803 1860 5864 feli-

1953 1870 2122 1926 mium
2144 1872 2371 1930 multum
2399 1889 2733 1949 excreverat,
2757 1897 2986 1942 numero
3006 1887 3146 1945 facta
3165 1901 3286 1948 erat
3306 1870 3552 1965 angusta,

1956 1972 2014 2018 ut
2039 1963 2157 2033 ipse
2213 1967 2393 2036 prodit
2438 1978 2594 2027 tract.
2643 1973 2711 2029 14
2753 1975 2849 2033 lib.
2896 1995 2937 2048 t,
2980 1996 3132 2038 num.
3176 1985 3232 2041 2.
3265 1963 3454 2060 Itaque
3487 2005 3550 2046 ea

1955 2059 2192 2128 traditio,
2225 2078 2384 2132 quam
2408 2066 2728 2139 Anonymus
2761 2073 3072 2144 Pipinianus
3110 2081 3304 2139 litteris
3326 2059 3554 2142 commi-

1951 2153 2042 2220 sit,
2069 2168 2191 2209 cum
2217 2157 2432 2227 scripsit
2460 2160 2527 2216 de
2556 2161 2817 2222 Zenone:

2045 2287 2135 2348 Qui
2158 2287 2403 2342 Veronam
2427 2297 2735 2358 praedicando
2762 2303 2994 2365 perduxit
3016 2306 3076 2359 ad
3096 2309 3409 2383 baptismum,

1949 2403 2168 2476 antiqua
2197 2415 2252 2462 et
2293 2413 2527 2480 genuina
2571 2429 2637 2469 ex
2671 2414 2820 2474 hisce
2850 2424 3169 2490 tractatibus
3188 2429 3555 2494 convincitur.

1949 2497 2115 2554 Addit
2146 2500 2285 2557 idem
2311 2504 2822 2580 Anonymus,mufta
2855 2515 2998 2572 idola
3027 2519 3300 2584 destruxit.
3333 2526 3470 2586 Cum
3499 2531 3553 2590 iu

1948 2590 2116 2657 urbe,
2150 2608 2310 2668 quam
2354 2594 2676 2658 Christiana:
2723 2604 2848 2665 tidei
2894 2610 3209 2683 acquisivit,
3257 2616 3312 2676 id
3359 2619 3556 2684 fecisse

1947 2696 2070 2738 eum
2100 2685 2381 2755 probabile
2411 2701 2516 2758 est,
2549 2701 2658 2750 tum
2685 2711 2812 2752 vero
2840 2708 2924 2764 est
2943 2705 3286 2772 probabilius
3307 2711 3478 2772 multo
3499 2715 3553 2776 in

1947 2778 2120 2852 pagis,
2150 2779 2238 2834 ubi
2265 2781 2417 2850 plura
2448 2796 2603 2842 erant
2632 2789 2839 2860 privata
2867 2792 2989 2849 fana
3019 2807 3072 2853 et
3098 2798 3423 2872 simulacra,
3451 2806 3552 2862 ad-

1947 2886 2140 2927 versus
2167 2889 2288 2950 quia
2315 2891 2440 2932 eum
2467 2878 2800 2950 declamasse
2823 2886 3050 2958 legimus
3076 2899 3232 2956 tract.
3260 2895 3328 2954 15
3382 2898 3483 2956 lib.
3513 2916 3553 2969 t,

1948 2980 2098 3059 num.
2134 2967 2188 3022 5.
2217 2967 2402 3042 Neque
2423 2971 2700 3034 etbnicum
2725 2977 2899 3038 solum
2920 2982 3124 3049 cultum
3153 2989 3458 3059 exstirpare
3483 2967 3552 3050 ab

1949 3055 2062 3124 his,
2095 3073 2231 3127 quos
2270 3060 2337 3114 ad
2375 3061 2534 3116 fidem
2565 3071 2936 3139 convertebat,
2958 3073 3154 3130 sedulo
3184 3055 3420 3148 studuit;
3453 3084 3551 3146 sed

1949 3161 2142 3218 pravos
2171 3152 2358 3223 etiam,
2387 3170 2524 3236 quos
2544 3173 2611 3213 ex
2637 3163 2853 3217 ctbnica
2876 3164 3199 3226 educatione
3220 3187 3402 3234 mores
3422 3191 3553 3236 cou~

1952 3252 2261 3314 traxerant,
2315 3258 2373 3304 ut
2418 3234 2661 3321 pluribus
2691 3270 2757 3312 ex
2786 3262 3100 3322 tractatibus
3140 3234 3553 3337 deprehendere

1947 3337 2096 3394 licet.

2017 3432 2293 3494 Adversus
2331 3436 2564 3496 Arianos
2609 3456 2769 3512 porro
2801 3445 3110 3516 frequentes
3157 3465 3438 3512 sermones
3481 3469 3550 3514 ex

1946 3529 2226 3598 proposito
2249 3528 2455 3600 habuit,
2488 3549 2553 3590 ex
2575 3537 2770 3605 quibus
2796 3539 3001 3612 aliquot
3030 3541 3209 3602 adhuc
3233 3558 3547 3616 supersunt.

1947 3618 2083 3675 Vide
2112 3631 2394 3688 tractatum
2418 3627 2651 3696 primum
2680 3629 2772 3686 lib.
2797 3647 2838 3699 ι,
2871 3641 2926 3694 et
2948 3634 3128 3705 plures
3153 3637 3312 3696 initio
3340 3639 3465 3698 libri
3485 3656 3548 3699 ιι.

1949 3711 2042 3768 llis
2069 3723 2250 3771 autem
2277 3719 2630 3779 concionibus
2651 3739 2762 3786 non
2790 3725 2968 3786 nullos
2996 3729 3217 3792 illorum
3239 3733 3553 3794 interfuisse

1946 3806 2123 3874 palam
2156 3818 2240 3864 est
2276 3825 2342 3868 ex
2382 3822 2595 3874 traCtat.
2628 3817 2717 3885 77,
2749 3827 2804 3875 et
2840 3822 3022 3894 colligi
3061 3825 3224 3883 etiam
3260 3838 3439 3897 pctest
3480 3843 3550 3886 ex

1947 3906 2161 3956 tractat.
2208 3903 2233 3960 1
2280 3904 2375 3962 lib.
2423 3923 2488 3974 ll,
2563 3923 2627 3970 ac
2662 3919 2823 3972 tract.
2856 3915 2886 3969 7
2926 3925 2982 3973 ct
3022 3918 3057 3973 8
3104 3919 3348 3990 ejusdem
3398 3921 3547 3978 libri.

1946 3992 2280 4066 Quamquam
2320 4015 2449 4058 vero
2477 4003 2693 4072 quidam
2735 4022 2802 4063 ex
2837 4008 3030 4066 iisdem
3073 4010 3290 4069 Arianis
3320 4012 3548 4071 Verona:

1945 4088 2125 4145 adhuc
2149 4091 2349 4157 fuerint
2386 4096 2488 4152 sub
2513 4097 2739 4170 Syagrio
2767 4100 3004 4160 Zenonis
3037 4119 3386 4176 successore,
3419 4123 3544 4164 cum

1945 4185 2196 4246 invidiam
2223 4188 2288 4244 ab
2314 4187 2587 4250 Hect-elicis
2611 4194 2826 4254 Indicia:
2850 4198 3078 4269 virgini,
3107 4216 3268 4272 quam
3296 4201 3359 4259 S.
3398 4203 3545 4260 Zeno

1945 4290 2400 4352 consecraverat,
2429 4294 2550 4355 post
2593 4287 2752 4358 hujus
2796 4289 3002 4348 obitum
3041 4295 3328 4351 conflatam
3369 4298 3548 4354 tradat

1945 4371 2266 4432 Ambrosius
2293 4378 2454 4448 epist.
2482 4395 2536 4445 v,
2574 4396 2722 4439 num.
2750 4385 2803 4451 1,
2826 4385 2894 4440 ad
2925 4387 3178 4443 eumdem
3212 4388 3497 4462 Syagrium
3530 4410 3545 4447 :

1949 4475 2126 4524 tamen
2153 4469 2441 4543 plerosque
2469 4488 2500 4529 a
2535 4474 2756 4533 Zenone
2783 4478 2852 4533 ad
2893 4479 3056 4537 fidem
3084 4493 3372 4541 revocatos
3401 4486 3548 4542 veri-

1947 4563 2280 4620 simillimum
2301 4577 2401 4634 est,
2432 4577 2492 4623 ut
2510 4568 2615 4626 dici
2636 4571 2706 4626 de
2734 4572 2835 4627 isto
2859 4575 3050 4643 possit,
3077 4576 3221 4646 quod
3243 4577 3313 4634 de
3336 4579 3396 4634 S.
3423 4579 3550 4637 Plii-

1951 4654 2142 4711 lastrio
2174 4665 2402 4714 testatur
2431 4659 2488 4716 S.
2518 4659 2856 4726 Gaudentius
2879 4665 2936 4720 in
2960 4681 3218 4734 sermone
3241 4669 3311 4726 de
3335 4670 3551 4734 ordina-

1952 4747 2099 4804 tione
2125 4751 2208 4806 sui
2239 4766 2358 4823 pag.
2394 4754 2528 4810 185:
2562 4754 2675 4811 Vox
2702 4757 2935 4818 Zenonis
2956 4777 3048 4830 per
3070 4765 3294 4833 gratiam
3317 4765 3552 4834 Spiritus
3639 4762 3643 4767 ’

1949 4844 2114 4899 sancti
2143 4845 2284 4916 large
2307 4846 2546 4917 efﬂuens,
2577 4850 2710 4907 hanc,
2747 4849 3032 4909 Ecclesium
3069 4855 3124 4909 in
3150 4855 3255 4925 ﬁde
3282 4855 3555 4913 Trinitatis

1950 4936 2230 4992 adorandae
2265 4939 2533 5008 fundavit,
2566 4943 2620 4995 in
2663 4959 2782 4998 vera
2821 4961 2912 5015 spe
2956 4955 3002 5002 et
3033 4945 3281 5004 clam-itala
3323 4954 3550 5022 perfecta

1951 5031 2234 5086 constituit.
2264 5031 2479 5092 Etenim
2499 5036 2645 5105 sicut
2671 5037 2730 5092 S.
2764 5036 3085 5096 Pbilasuius
3115 5043 3379 5112 septimus
3433 5047 3550 5116 epi-

1951 5137 2150 5194 scopus
2175 5124 2627 5195 Brixianus,teste
2652 5130 2844 5189 eodem
2871 5131 3180 5192 Gaudentio
3205 5135 3259 5194 in
3283 5152 3450 5195 serm.
3482 5139 3553 5197 de

1949 5220 2057 5274 vita
2085 5219 2357 5278 Philastrii
2377 5263 2392 5288 ,
2420 5239 2538 5295 pag.
2567 5225 2668 5280 iul
2697 5244 2710 5280 :
2743 5223 2870 5281 Non
2904 5228 3074 5285 saltm
3107 5242 3288 5288 contra
3323 5233 3552 5290 Gentiles

1949 5321 1997 5365 et
2037 5311 2286 5381 Iudicas,
2329 5329 2503 5370 verum
2550 5320 2705 5372 etiam
2752 5328 2934 5376 contra
2982 5322 3200 5380 hereses
3247 5343 3422 5382 omnes
3444 5367 3462 5391 ,
3505 5336 3554 5382 et

1955 5408 2178 5470 maxime
2204 5420 2384 5463 contra
2403 5414 2655 5481 furentem
2679 5427 2738 5468 eo
2761 5422 2990 5483 tempore
3004 5416 3253 5478 Arianam
3280 5419 3553 5488 perﬁdiam

1958 5505 2249 5574 pugnavit:
2282 5505 2354 5559 ita
2391 5504 2451 5562 S.
2484 5505 2632 5561 Zeno
2651 5516 2873 5564 octavus
2902 5509 3236 5567 Veronensis
3265 5513 3554 5583 episcopus

1957 5612 2022 5654 ac
2048 5599 2336 5654 Philastrio
2361 5615 2598 5670 cotcvus,
2625 5618 2730 5659 non
2755 5604 2933 5660 minus
2959 5617 3147 5661 contra
3172 5605 3554 5676 idololatriam,

1961 5701 2120 5761 qtmm
2164 5701 2352 5747 contra
2383 5695 2622 5752 haereses
2665 5711 2728 5752 ac
2759 5699 3028 5768 praecipue
3067 5699 3322 5754 Arianam
3363 5701 3562 5758 acriter

1965 5788 2264 5847 dimicavit.
2299 5787 2376 5845 Ita
2408 5790 2496 5847 hic
2529 5791 2799 5848 Veronam
2817 5791 3096 5849 erroribus
3115 5807 3399 5865 purgasse,
3422 5804 3480 5853 et
3501 5798 3568 5857 ad
