3998 6332
509 338 600 394 l5l

1901 330 2439 394 PROLEGOMENA.

3667 347 3756 404 152

499 472 684 516 veram
717 453 1034 528 religionem
1069 455 1390 526 perduxisse
1427 456 1798 527 cognoscitur,
1841 454 2102 526 quemad-

2239 472 2403 536 inam,
2433 485 2553 542 qua:
2573 469 2776 541 jamdiu
2802 480 2928 530 ante
2949 481 3263 543 susceperat
3301 475 3352 532 in
3377 477 3625 550 aliquibus
3650 499 3758 554 pau-

506 551 728 607 modum
759 548 940 605 Brixia
968 547 1066 604 sub
1097 547 1238 603 idem
1272 558 1486 618 tempus
1511 563 1610 619 per
1639 546 1990 604 Pbilastrium
2019 561 2108 601 er-

508 643 726 699 roribus
767 649 987 713 purgata
1015 651 1070 696 et
1110 640 1178 696 ad
1204 641 1528 696 catholicam
1561 639 1724 696 ﬁdem
1760 639 1999 696 traducta
2031 639 2110 694 le-

508 736 669 806 gitur.

577 825 730 895 Quod
760 841 829 881 ne
857 825 1052 880 mirum
1079 823 1327 882 videatur
1355 825 1453 891 iis,
1486 825 1576 896 qui
1608 824 1778 880 Italia:
1810 824 2108 895 praisertim

507 921 669 975 urbes
693 919 880 988 primis
909 917 1167 974 Eccle~iae
1190 917 1405 973 saeculis
1429 915 1648 974 Chrism
1671 932 1867 974 nomen
1897 915 2112 974 dedisse

508 1012 820 1083 Opinantur,
852 1011 1200 1068 considerent
1221 1027 1408 1084 quaso
1449 1011 1541 1086 (ne
1571 1011 1813 1081 pluribus
1843 1009 2111 1066 distraha-

511 1106 658 1174 ntur)
692 1105 947 1160 finitimas
975 1104 1273 1174 praesertim
1302 1105 1550 1161 civitates
1577 1103 1967 1165 Novocontum,
1993 1103 2112 1159 Mu-

511 1199 702 1265 tinam,
732 1198 1050 1255 Tridentum
1073 1241 1089 1264 ,
1123 1198 1371 1269 idemque
1399 1197 1483 1253 his
1511 1197 1785 1254 invenient
1816 1197 2078 1252 accidisse
2097 1238 2112 1263 ,

510 1293 654 1361 quod
686 1291 915 1346 Verona:
943 1306 1008 1347 ac
1035 1291 1229 1346 Brixia:
1253 1290 1546 1354 contigisse
1575 1290 1836 1344 hactenus
1855 1289 2110 1345 diximus.

515 1384 572 1441 S.
596 1384 746 1441 Felix
771 1383 972 1440 Zenoni
996 1400 1136 1456 pene
1151 1399 1351 1454 suppar
1369 1383 1661 1439 Comensis
1682 1383 1887 1451 primus
1907 1383 2116 1450 episcoo

516 1493 616 1549 pus
661 1478 756 1550 (ut
785 1479 1162 1549 cognoscimus
1199 1492 1267 1532 ex
1314 1476 1516 1548 hymno
1553 1476 1620 1531 de
1661 1476 1722 1532 8.
1751 1475 2003 1531 Ahundio
2031 1490 2120 1530 se-

516 1577 694 1634 cundo
723 1576 966 1647 ejusdem
1010 1575 1160 1631 urbis
1189 1574 1449 1645 episcopo
1490 1572 1699 1646 [cxxer
1731 1571 1872 1642 apud
1923 1567 2113 1640 Ughel.

520 1681 558 1726 t.
581 1688 632 1734 v,
657 1686 779 1742 pag.
805 1671 934 1736 2:38,
971 1680 1022 1726 et
1052 1685 1120 1726 ex
1137 1670 1245 1725 alio
1271 1669 1444 1725 veteri
1483 1671 1684 1740 hymno
1700 1667 1768 1722 de
1785 1665 1844 1722 8.
1868 1663 2120 1720 Amantio

521 1766 681 1821 tertio
721 1764 972 1820 Comensi
1017 1765 1276 1834 episcopo
1317 1762 1458 1833 apud
1480 1761 1766 1824 eumdem,
1813 1773 1933 1830 pag.
1963 1754 2116 1826 259),

521 1862 728 1931 primus
757 1875 971 1930 quoque
1003 1859 1134 1923 fuit,
1167 1859 1256 1928 qui
1302 1857 1592 1914 Novocomi
1623 1853 1903 1912 aediﬁcavit
1942 1851 2120 1909 eccle-
2153 1851 2199 1911 Β

520 1952 660 2016 sias,
693 1966 757 2007 ac
786 1952 990 2022 primus
1017 1952 1145 2005 item
1176 1951 1265 2021 qui
1293 1947 1493 2005 Christi
1535 1947 1698 2002 ﬁdem
1723 1945 1922 2002 ibidem
1961 1942 2126 2006 serui-

523 2043 666 2098 navit
689 2042 1045 2111 hominesque
1067 2042 1286 2098 Christo
1305 2043 1545 2096 lucratus
1585 2047 1692 2104 est,
1719 2050 1779 2093 ut
1799 2053 1866 2092 ex
1888 2036 2048 2106 epist.
2075 2051 2126 2090 tv

527 2136 585 2193 S.
611 2137 884 2193 Ambrosii
917 2137 981 2191 ad
1005 2136 1258 2193 eumdem
1280 2135 1646 2205 cognoscitur,
1671 2132 1760 2188 ubi
1785 2132 1902 2186 haec
1925 2130 2130 2200 scripta

525 2231 670 2301 leges
707 2247 761 2285 ιι.
793 2231 868 2286 7:
905 2230 1076 2285 Multa
1113 2232 1290 2286 messis
1331 2227 1559 2294 Christi,
1607 2227 1806 2296 inquit,
1850 2225 1940 2279 sed
1973 2226 2130 2296 pauci

524 2324 768 2392 aper-arii,
803 2332 849 2377 et
875 2305 1094 2395 difﬁcile
1122 2323 1448 2395 reperiuntur
1474 2321 1563 2392 qui
1593 2319 1954 2390 adjuvent.....
1983 2313 2132 2370 Certe

527 2418 580 2471 in
624 2417 718 2470 illo
744 2417 927 2470 ordine
960 2414 1288 2472 Comensium
1308 2419 1424 2488 jam
1465 2414 1692 2486 plerique
1726 2421 1988 2483 eruperunt
2023 2426 2133 2463 cre-

527 2508 650 2563 dere
676 2510 974 2580 magisterio
1005 2518 1122 2569 tuo,
1151 2518 1196 2561 et
1227 2508 1462 2561 doctrina
1499 2518 1588 2560 tua
1615 2505 1819 2559 verbum
1851 2502 1949 2558 Dei
1987 2518 2135 2557 rece—

531 2611 717 2673 perunt
744 2618 762 2658 :
782 2603 872 2656 sed
892 2603 978 2671 qui
1005 2603 1143 2656 dedit
1164 2601 1449 2664 credentes,
1472 2609 1519 2654 et
1539 2600 1804 2663 adiutores
1826 2596 2130 2663 dabit,elc.,

532 2693 610 2751 De
637 2694 695 2751 S.
730 2693 924 2763 Vigilio
952 2693 1271 2749 Tridentino
1304 2693 1558 2764 praesule,
1593 2692 1681 2762 qui
1713 2699 1834 2761 post
1862 2689 2135 2744 Zenonem

533 2787 865 2858 aliquamdiu
939 2788 1106 2854 vixit,
1155 2802 1336 2842 nonne
1380 2785 1498 2841 hinc
1541 2785 1825 2840 traduntur
1873 2782 1926 2836 in
1990 2781 2136 2835 Actis

535 2880 675 2950 apud
709 2880 952 2934 Bollandi
985 2881 1168 2934 socios
1191 2888 1322 2934 tom.
1351 2894 1384 2931 v
1410 2876 1574 2943 Junii,
1601 2892 1725 2946 pag.
1756 2875 1857 2930 165
1881 2891 1894 2927 :
1932 2872 2030 2928 Ubi
2059 2882 2136 2926 to-

537 2982 642 3027 tam
671 2973 925 3026 ciuitatem
955 2970 1207 3026 catholice
1226 2970 1492 3031 conuertit,
1533 2950 1798 3023 ecclesiam
1819 2964 1986 3036 (quod
2014 2973 2140 3019 ante

538 3063 681 3119 nulla
714 3062 924 3134 fuisset)
951 3065 1090 3132 infra
1119 3079 1293 3118 muros
1327 3062 1547 3116 civitatis
1584 3058 1807 3114 Domino
1844 3058 2134 3112 collocavit.

537 3157 740 3212 Auctor
770 3154 903 3208 Vitae
929 3155 985 3211 8.
1016 3153 1321 3210 Geminiani
1352 3151 1668 3206 Mutinensis
1697 3150 1952 3205 antiStitis
1979 3147 2140 3202 editae

2211 564 2290 619 cis
2331 563 2523 628 fidem,
2558 578 2653 634 per
2697 563 2837 619 hanc
2876 574 3291 636 tempestatem,
3340 584 3440 639 qua
3485 572 3637 630 libera
3679 577 3763 634 luit

2211 655 2535 714 Christiana:
2565 658 2916 725 professionis
2946 661 3338 730 amplectenda:
3367 664 3605 730 facultas,
3632 669 3764 727 Chri-

2214 763 2332 817 sto,
2362 753 2570 806 eversis
2608 767 2827 822 prorsus
2865 752 3058 818 ldolis,
3091 768 3232 823 pene
3272 764 3431 810 totam
3475 758 3624 828 (quod
3662 773 3766 819 ante

2215 861 2321 900 non
2365 843 2700 917 contigerat)
2734 861 2930 901 nomen
2979 847 3224 913 dedisse;
3263 863 3383 919 qum
3420 866 3501 905 res
3529 869 3589 907 eo
3618 856 3766 912 minus

2217 938 2664 1010 reprehendenda
2694 948 2808 1005 est,
2842 954 2950 1009 quo
2977 939 3146 1010 magis
3176 955 3243 996 ex
3269 940 3388 997 aliis
3417 945 3770 1015 quamplurium

2217 1033 2493 1088 civitatum
2537 1031 2830 1095 Ecclesiis,
2862 1032 3056 1102 quibus
3093 1033 3144 1087 id
3199 1034 3370 1104 ipsum
3399 1035 3637 1106 obvenit,
3659 1056 3770 1095 con-

2220 1123 2486 1179 ﬁrmatur.
2515 1122 2784 1180 Caeterum
2817 1123 3018 1179 fabqu
3050 1125 3100 1178 in
3132 1141 3222 1182 res
3251 1126 3302 1180 id
3333 1130 3537 1197 generis
3565 1131 3774 1201 populari

2222 1216 2360 1270 fama
2405 1219 2634 1272 invectas
2663 1226 2714 1270 et
2746 1216 2988 1280 traditae,
3035 1216 3103 1272 ad
3145 1218 3459 1276 elevandam
3481 1263 3494 1288 ,
3541 1238 3637 1278 non
3667 1241 3774 1280 vero

2224 1309 2571 1366 minuendam
2599 1309 2828 1378 alicujus
2850 1310 3113 1365 Ecclesia:
3137 1313 3507 1382 antiquitatem
3525 1326 3575 1370 et
3594 1315 3775 1373 laudem

2223 1405 2498 1474 pertinent
2525 1421 2536 1456 :
2569 1401 2707 1458 adeo
2737 1415 2793 1458 ut
2817 1418 2937 1472 quae
2966 1403 3248 1459 remissius
3276 1419 3339 1460 ac
3385 1407 3553 1461 minus
3578 1409 3779 1479 gloriose

2225 1498 2292 1554 de
2319 1497 2494 1568 aliqua
2528 1496 2767 1552 Ecclesia
2805 1495 3072 1564 feruntur,
3106 1512 3169 1553 ea
3217 1499 3417 1555 nullius
3445 1501 3693 1572 pOpttlnris
3718 1501 3780 1557 fa-

2227 1589 2368 1644 bula:
2389 1587 2754 1659 suspicionem
2779 1589 3026 1659 ingeraut
3043 1630 3057 1655 ,
3088 1590 3463 1664 ratissimaque
3500 1603 3680 1665 praeter
3698 1610 3781 1652 ca:-

2227 1689 2342 1737 tera
2375 1677 2560 1737 haberi
2587 1680 2841 1743 debeant.

2231 1816 2258 1890 §
2297 1817 2382 1873 Ill.
2408 1848 2475 1858 —
2500 1817 2649 1874 Nova
2681 1819 2911 1875 Ecclesia
2945 1819 3164 1876 Verona:
3192 1823 3472 1892 wdiﬁcata.
3503 1823 3574 1878 De
3599 1823 3787 1878 Zenonis

2302 1909 2471 1964 Clero.
2506 1909 2714 1979 Duplex
2733 1910 3018 1990 ‘l’irginum
3055 1917 3246 1984 species
3275 1912 3514 1968 Veronae.
3562 1915 3790 1969 Monaste-

2299 2005 2435 2057 rium
2470 2002 2687 2058 Verona:
2725 2006 2949 2076 printum
2990 2006 3043 2059 in
3087 2015 3191 2059 toto
3240 2005 3513 2061 Occidente
3553 2027 3582 2063 α
3617 2007 3790 2062 Zenone

2300 2095 2610 2150 institutum.
2645 2093 2888 2167 Crapulae
2929 2107 2978 2151 et
3022 2097 3239 2154 ebrietat
3272 2099 3326 2152 in
3366 2108 3637 2171 martyrum
3675 2099 3792 2171 [estis

2304 2189 2542 2250 sublatce.

2305 2300 2572 2358 Caeterum
2599 2303 2872 2358 Zenonem
2915 2315 3161 2360 nostrum
3194 2320 3391 2361 novam
3422 2306 3688 2363 ecclesiam
3713 2305 3794 2359 hac

2236 2395 2287 2449 in
2313 2396 2448 2451 urbe
2470 2412 2500 2452 e
2523 2397 2890 2453 fundamentis
2911 2399 3175 2467 erexisse,
3203 2400 3542 2471 primumque
3561 2416 3620 2456 ea
3638 2409 3794 2472 aperta

2234 2489 2667 2546 Christianorum
2723 2503 3050 2548 conventum
3104 2509 3296 2564 magna
3353 2509 3473 2549 cum
3526 2495 3796 2550 celebritate

2239 2593 2586 2654 prosecutum
2631 2594 2777 2654 patet
2807 2600 2875 2640 ex
2907 2594 3066 2640 tract.
3095 2585 3162 2640 14
3211 2587 3304 2642 lib.
3342 2603 3391 2654 ι,
3424 2596 3478 2642 ει
3502 2585 3630 2644 forte
3651 2587 3792 2656 prima

2240 2675 2339 2732 fuit
2383 2676 2436 2731 in
2477 2677 2612 2733 urbe
2661 2678 2926 2741 ecclesia,
2957 2693 3080 2748 qua:
3110 2694 3232 2733 cum
3283 2681 3340 2734 in
3387 2696 3537 2734 usum
3574 2678 3798 2734 aiditicata

2240 2771 2364 2834 fuit,
2397 2784 2519 2823 cum
2560 2779 2717 2824 antea
2749 2770 2800 2824 in
2832 2771 3053 2840 privatis
3079 2771 3288 2826 aedibus
3331 2772 3454 2826 huic
3481 2772 3596 2827 usui
3623 2785 3800 2826 accom-

2241 2861 2474 2917 modatis
2506 2904 2521 2927 ,
2578 2862 2659 2917 vel
2709 2862 2898 2916 saltem
2947 2872 3112 2930 extra,
3149 2863 3295 2919 urbis
3343 2867 3630 2935 pomerium
3677 2876 3801 2918 sacra

2243 2962 2651 3025 peragerentur.
2680 2953 3072 3010 Veronensium
3123 2955 3352 3011 divitum
3389 2957 3669 3013 liheralitas
3705 2968 3802 3009 sese

2244 3045 2344 3101 hoc
2375 3047 2428 3101 in
2460 3062 2628 3113 opere
2665 3047 3096 3115 commendavit,
3140 3050 3343 3119 quippe
3384 3047 3526 3119 quod
3567 3047 3735 3102 crebris
3765 3055 3803 3098 et

2244 3140 2404 3210 largis
2462 3140 2680 3194 illorum
2735 3141 3192 3211 prwmgationibus
3246 3141 3535 3204 referatur,
3585 3153 3718 3194 num.
3758 3137 3800 3190 5.

537 3265 603 3306 ex
635 3263 738 3304 ms.
773 3247 1074 3304 Veronensi
1117 3257 1248 3302 tom.
1284 3262 1353 3309 ιι,
1391 3256 1528 3314 part.
1563 3260 1640 3312 ιι,
1686 3243 1886 3298 Rerum
1923 3241 2134 3296 ltalica-
2161 3235 2206 3299 C
2239 3231 2572 3304 Quamquam
2607 3249 2713 3288 non
2746 3233 2844 3288 hac
2872 3233 3068 3300 solum,
3089 3233 3184 3288 sed
3211 3233 3333 3289 aliis
3362 3249 3573 3306 quoque
3601 3232 3648 3287 in
3676 3244 3806 3286 occa-

539 3357 688 3407 rum,
738 3355 920 3396 nonne
964 3339 1080 3395 lucc
1114 3339 1182 3394 de
1212 3339 1329 3405 illo,
1363 3340 1452 3408 qui
1496 3337 1697 3393 Zenoni
1725 3335 1886 3406 plane
1925 3347 2142 3390 coaevus

536 3435 657 3502 fuit,
691 3435 889 3500 scripta
923 3433 1165 3505 reliquit,
1195 3449 1314 3504 pag.
1350 3432 1449 3490 €9l
1481 3451 1494 3487 :
1531 3432 1672 3488 Sane
1707 3431 1774 3484 ad
1805 3428 1997 3484 Christi
2026 3430 2140 3483 cul-

536 3539 708 3584 turam
729 3539 833 3583 toto
857 3529 1050 3584 mundo
1070 3530 1381 3598 conﬂuente,
1397 3529 1508 3600 jam
1532 3527 1670 3581 dicta
1691 3527 1866 3580 civitas
1888 3524 2138 3597 (Mutina)

529 3615 627 3693 per
665 3623 1015 3692 apostolorum
1052 3637 1372 3676 successores
1411 3619 1620 3674 Domini
1659 3619 1813 3687 ﬁdem
1851 3618 2138 3686 recipiens,

537 3730 724 3769 vanam
755 3713 776 3766 Ι
787 3714 1025 3767 dolorum
1051 3714 1245 3782 respuit
1271 3713 1570 3784 fwditatem,
1608 3729 1669 3765 ac
1688 3719 1980 3766 sanctorum
2003 3726 2137 3780 pra:-

540 3806 797 3860 diciitione
838 3805 1159 3860 sacerdotum
1199 3806 1441 3858 amissam
1468 3804 1560 3856 diu
1588 3803 1699 3857 cali
1739 3804 1963 3869 recipere
1990 3801 2141 3867 carpit

543 3896 912 3952 licereditatem.
942 3894 1008 3949 In
1046 3912 1266 3965 quorum
1295 3895 1531 3966 catalogo
1561 3897 1911 3965 confessorum
1941 3890 2143 3945 Beatis-

537 3992 725 4046 simum
753 3989 1231 4044 Geminianum.....
1260 3988 1438 4042 eadem
1459 4029 1472 4050 ,
1501 3986 1721 4040 Domino
1752 3985 1992 4056 jubente,
2028 4001 2140 4038 sus-

538 4085 671 4155 cepit
699 4085 877 4138 civitas
917 4081 1316 4147 Mutinensium,
1347 4079 1657 4146 temporibus
1684 4079 1893 4133 Joviani
1926 4078 2142 4148 Augusti

540 4179 697 4231 totius
728 4176 1046 4245 Reipublicae
1070 4173 1357 4244 Principis.
1383 4176 1426 4228 Α
1446 4190 1546 4240 quo
1574 4173 1788 4228 caelestis
1818 4173 1933 4226 vita:
1954 4172 2140 4240 pabulo

537 4280 802 4334 recreata,
853 4276 1144 4336 sanctwque
1173 4268 1552 4338 puriﬁcationis
1592 4271 1732 4336 [ante
1767 4274 2015 4336 purgata,
2055 4279 2144 4316 su-

542 4363 801 4433 perﬂuam
843 4361 1115 4416 ldolorum
1154 4362 1446 4416 servitutem
1490 4360 1726 4428 reliquit,
1773 4367 1819 4413 et
1848 4357 1990 4412 suavi
2010 4359 2142 4428 jugo

542 4456 734 4513 Christi
778 4457 912 4512 colla
950 4457 1164 4528 subegit.
1222 4455 1279 4511 In
1329 4470 1448 4525 quin
1489 4452 1655 4508 verba
1709 4450 2144 4506 auimadvertens

539 4552 876 4608 clarissimus
920 4553 1117 4614 editor.
1168 4554 1212 4608 si
1268 4553 1369 4606 alia
1424 4550 1584 4605 simul
1643 4547 1872 4602 aliarum
1930 4544 2142 4599 urbium

2241 3324 2484 3380 sionibus
2515 3325 2588 3389 hi,
2618 3327 2872 3397 episcopo
2890 3328 3188 3398 praesertim
3217 3328 3562 3398 impellente,
3590 3324 3806 3382 liberales

2241 3431 2362 3472 sese
2395 3415 2623 3491 [cxsvu]
2651 3420 3024 3488 praebuerunt,
3055 3421 3127 3473 uti
3163 3401 3506 3491 potissimum
3536 3420 3717 3475 factum
3741 3423 3808 3472 est

2244 3507 2296 3562 in
2326 3522 2387 3562 ea
2414 3510 2756 3579 captivorum
2784 3511 3171 3582 redemptione,
3207 3524 3369 3582 quam
3392 3511 3460 3567 ab
3489 3513 3599 3582 ipso
3627 3509 3808 3565 Zenone

2242 3601 2455 3657 eximiis
2486 3602 2736 3660 laudibus
2760 3620 2854 3674 pro
2879 3605 3146 3660 concione
3175 3604 3526 3674 praedicmam
3545 3603 3714 3659 videre
3735 3615 3810 3672 po-

2245 3697 2378 3752 teris
2407 3705 2564 3753 tract.
2598 3698 2686 3761 10,
2717 3715 2866 3754 num.
2896 3699 2952 3762 5,
2985 3699 3080 3756 lib.
3113 3717 3149 3756 ι.

2314 3791 2582 3847 Czeterum
2633 3795 2917 3863 episcopus
2963 3804 3334 3865 paupertatem
3386 3796 3718 3867 profitebatur
3757 3803 3812 3844 ex

2245 3895 2403 3942 tract.
2435 3887 2504 3942 44
2538 3888 2632 3943 lib.
2685 3905 2748 3955 tt,
2782 3905 2847 3944 ex
2871 3905 2978 3959 quo
3009 3889 3170 3945 etiam
3199 3891 3408 3946 clerum
3452 3891 3526 3945 illi
3553 3888 3707 3944 fuisse
3732 3899 3810 3954 pa-

2247 3989 2354 4044 tet;
2388 3981 2666 4051 cujusdam
2695 3982 2841 4036 enim
2885 3985 2962 4038 rei
3007 3991 3173 4039 testes
3211 3985 3451 4054 appellat
3477 3981 3724 4056 operarios
3744 3977 3814 4046 qui

2246 4090 2444 4129 mecum
2472 4086 2623 4142 sunt,
2659 4077 2852 4147 inquit.
2901 4077 3037 4134 Hinc
3086 4089 3243 4133 tract.
3294 4079 3363 4135 16
3402 4079 3498 4134 lib.
3528 4094 3578 4142 ι,
3607 4090 3739 4130 num.
3767 4072 3812 4132 υ.

2244 4166 2557 4246 sacerdotes
2589 4179 2889 4237 memorat,
2922 4169 3010 4240 qui
3042 4171 3382 4232 solemnibus
3422 4171 3618 4226 divinis
3657 4166 3813 4238 quit-s-

2245 4260 2482 4313 centium
2517 4260 2723 4315 animas
2755 4261 2864 4317 Deo
2891 4263 3272 4318 commendare
3301 4265 3570 4330 solebant,
3605 4273 3655 4317 et
3679 4267 3812 4314 tract.

2246 4349 2315 4406 50
2366 4351 2460 4407 lib.
2497 4368 2567 4418 ιι,
2603 4356 2929 4408 mentionem
2989 4354 3117 4411 facit
3161 4355 3568 4418 ministrorum.
3599 4353 3683 4424 qui
3712 4349 3813 4419 epi-

2246 4457 2385 4509 c0p0
2418 4445 2781 4500 inserviebam
2809 4445 2862 4500 in
2898 4446 3100 4512 sacris,
3133 4462 3234 4503 nec
3260 4463 3368 4502 non
3395 4460 3666 4506 sacrarum
3694 4439 3818 4498 ordi-

2248 4538 2564 4604 natiouum,
2613 4539 2808 4610 quibus
2850 4540 3087 4610 paschali
3134 4550 3379 4610 tempore
3421 4541 3700 4611 inferiores
3734 4534 3817 4590 titi-

541 4645 790 4716 exempla
833 4645 1228 4716 prospexisset,
1259 4643 1455 4716 quibus
1483 4643 1536 4698 id
1570 4642 1743 4712 ipsum
1773 4640 1932 4712 plane
1971 4638 2145 4692 couti-
2170 4636 2224 4697 D
2251 4633 2403 4687 nistri
2447 4634 2512 4688 ad
2562 4635 2896 4704 superiorem
2943 4635 3187 4690 ordinem
3222 4636 3695 4705 promovebantur;
3736 4627 3819 4699 piis

513 4739 684 4810 ,gisse
725 4737 1185 4807 deprehenditur;
1229 4735 1470 4807 profecto
1520 4735 1638 4791 haec
1668 4736 1720 4788 in
1770 4731 2140 4802 praefationem

538 4848 646 4888 non
687 4831 1042 4903 conjecisset,
1076 4847 1197 4902 pag.
1231 4832 1374 4887 687:
1411 4829 1560 4897 Quod
1604 4839 1677 4883 est
1707 4830 1772 4881 ad
1813 4829 2066 4890 eiuratam
2109 4842 2142 4876 a

543 4927 921 4982 Mutinensibus
949 4925 1219 4996 gentilium
1242 4924 1650 4991 superstitionem
1671 4921 1764 4974 sub
1789 4919 2008 4973 Joviano
2030 4927 2142 4970 tan-

540 5028 646 5073 tum
673 5022 903 5091 Augusto
929 5017 1520 5089 (Gemiuianiepiseopi
1552 5024 1761 5085 opera),
1793 5014 1846 5066 id
1885 5012 2026 5066 nullo
2056 5025 2140 5063 ue-

533 5111 706 5167 ritatis
742 5122 832 5167 aut
859 5111 1326 5166 uerisimilitudinis
1361 5109 1528 5182 fulcro
1570 5107 1748 5162 nititur
1777 5115 1926 5174 atque
1953 5103 2021 5156 ad
2060 5102 2142 5172 fa-

539 5203 688 5258 bulas
716 5202 1120 5258 emendandum.
1155 5204 1210 5260 Si
1242 5202 1381 5258 Vitae
1411 5211 1600 5256 auctor
1627 5200 1729 5256 sub
1759 5197 1987 5253 Joviano
2016 5204 2137 5249 tan-

539 5303 652 5349 tum
683 5293 1000 5365 religionem
1030 5294 1392 5350 Christianam
1423 5309 1454 5348 a
1481 5291 1878 5348 Mutinensibus
1907 5303 2002 5358 per
2029 5285 2137 5342 Ge-

534 5387 832 5442 minianum
868 5387 1043 5456 primo
1066 5397 1370 5456 susceptam
1393 5385 1745 5456 prodidisset;
1773 5383 1896 5452 jure
1921 5380 2139 5452 quidem

538 5482 608 5538 ab
632 5480 844 5536 editore
874 5479 1383 5551 reprehenderetur.
1431 5480 1504 5535 At
1543 5493 1649 5532 non
1694 5476 1745 5532 id
1794 5475 1884 5531 ille
1929 5474 2132 5538 innuit,

539 5572 648 5626 imo
699 5588 795 5641 per
847 5573 981 5628 alios
1029 5574 1314 5642 episcopos
1363 5570 1730 5642 apostolorum
1789 5579 2137 5622 successores

540 5665 697 5719 iidem
729 5666 1055 5721 Mutinenses
1084 5667 1353 5736 recepisse
1385 5664 1548 5718 tradit
1577 5681 1588 5716 :
1621 5673 1671 5716 et
1712 5661 1885 5716 solum
1917 5660 2017 5715 sub
2042 5659 2136 5715 Jo-

539 5756 676 5824 viaui
704 5757 984 5833 imperium
1017 5757 1318 5814 Gemiuiani
1352 5757 1630 5811 lahoribus
1661 5754 2018 5810 idololatriam
2049 5769 2133 5819 re-

537 5833 758 5917 liquisse
785 5863 878 5905 eos
901 5861 1103 5919 narrat,
1132 5865 1252 5922 quae.
1279 5864 1366 5908 res
1391 5848 1522 5906 illud
1549 5848 1703 5906 unice
1731 5847 1985 5914 insinuat,
2015 5844 2130 5903 Mu-

2245 4736 2426 4782 autem
2455 4727 2828 4782 sacerdotibus
2854 4741 2948 4797 per
2971 4727 3111 4782 idem
3145 4738 3354 4795 tempus
3373 4724 3681 4783 ‘mercedem
3704 4735 3822 4793 pra:-

2243 4815 2425 4868 stitam
2451 4815 2756 4884 affirmans,
2792 4819 3000 4888 piorum
3033 4833 3164 4881 sane
3193 4818 3296 4874 sibi
3323 4818 3722 4888 coeperautiunt
3748 4826 3821 4868 sa-

2243 4907 2523 4962 cerdotum
2559 4909 2875 4965 industriam
2909 4909 3111 4966 indicat
3139 4913 3252 4966 sive
3281 4913 3334 4966 in
3375 4909 3715 4966 instituendis
3740 4919 3819 4960 ca-

2243 5001 2602 5069 techumenis,
2631 5005 2745 5059 sive
2772 5005 2823 5058 in
2850 5006 3233 5074 paenitentibus
3264 5005 3660 5076 praeparandis,
3688 4999 3821 5069 cuius

2243 5107 2456 5149 merces
2485 5095 2658 5164 ipsum
2686 5108 2801 5151 erat
2829 5096 3184 5166 baptismum,
3215 5107 3269 5154 et
3296 5097 3688 5162 reconciliatio,
3715 5106 3819 5164 quae

2244 5187 2484 5257 paschali
2511 5196 2755 5260 tempore
2778 5189 3134 5246 soletnniritu
3164 5192 3585 5260 peragebantur.
3612 5189 3666 5244 lu
3699 5186 3820 5240 hanc

2245 5296 2457 5352 quoque
2509 5296 2621 5337 rem
2670 5282 2884 5338 confert
2928 5285 3090 5340 etiam
3147 5285 3296 5340 locus
3346 5285 3406 5340 S.
3455 5278 3720 5339 Ambrosii
3761 5289 3822 5332 ex

2242 5374 2401 5444 epist.
2439 5390 2492 5439 ν,
2526 5375 2592 5429 ad
2624 5375 2906 5448 Syagrium
2939 5376 3175 5432 Zenonis
3221 5392 3618 5443 successorem,
3655 5375 3706 5428 in
3733 5384 3822 5442 qua

2244 5483 2366 5522 cum
2399 5467 2654 5525 lndiciam
2687 5470 2754 5525 ab
2785 5471 2886 5525 hoc
2912 5470 3248 5526 benedictam
3280 5470 3570 5525 sacerdotes
3599 5466 3826 5523 invisisse

2245 5563 2543 5627 tradantur,
2570 5563 2669 5618 hoc
2693 5562 3036 5618 sacerdotum
3063 5563 3296 5619 Zenonis
3324 5578 3441 5617 aevo
3473 5563 3822 5617 ordiuatorttm

2245 5676 2351 5715 non
2381 5661 2671 5715 obscurum
2722 5663 3087 5716 testimonium
3119 5661 3348 5717 videtur.
3383 5661 3585 5717 Horum
3627 5671 3823 5731 quoque

2238 5755 2578 5834 sacerdotum
2617 5753 2924 5822 pudicitiam
2952 5769 3016 5810 ac
3039 5754 3351 5810 caelibatum
3380 5754 3451 5809 ab
3479 5756 3710 5810 Auctore
3733 5752 3826 5805 lau-

2235 5847 2350 5903 dari
2385 5845 2538 5904 tract.
2569 5847 2602 5902 5
2625 5848 2719 5904 lib.
2753 5863 2792 5917 ι,
2826 5838 2981 5905 num.
3007 5847 3060 5918 7,
3094 5849 3226 5906 satis
3255 5847 3516 5904 credibile
3545 5856 3645 5904 est.
