3952 6320
158 381 270 436 135

968 372 1419 433 DISSERTATIO
1461 372 1546 438 Ill,
1591 368 1677 424 DE
1719 370 1777 425 ὃ.
1822 369 1981 425 ΖΕΝ.
2029 370 2231 428 ACTIS
2271 371 2360 428 ET
2400 372 2649 430 (IULTU.

3365 372 3467 429 154

231 497 345 553 Sed
372 498 493 568 quis
518 496 585 552 de
610 497 754 550 clero
779 496 830 550 in
858 496 1055 552 bonam
1086 494 1427 564 disciplinam
1457 504 1555 561 per
1582 486 1758 543 Zeno-
1784 485 1839 546 Α
1864 485 2014 540 illum
2037 487 2262 557 patratis
2283 489 2584 545 celebriora
2615 489 2782 544 fuisse
2812 488 3083 557 videntur,
3115 503 3343 560 quicque
3367 489 3470 543 im-

159 580 288 648 nem
338 592 588 648 instituto
626 591 859 655 dubitet,
889 606 1012 648 cum
1043 590 1314 661 virginum
1357 601 1572 656 quoque
1601 580 1765 639 disci-

158 687 364 757 plinam
391 688 460 741 ab
498 686 687 742 eodem
719 686 986 742 excultam
1029 701 1095 740 ex
1123 684 1311 740 eadem
1339 680 1607 739 Ambrosii
1649 681 1766 746 epi-

157 780 300 833 stola
333 779 675 834 manifestum
698 779 806 833 sit?
829 779 901 832 Ex
930 793 990 833 ea
1017 777 1268 833 nimirum
1297 775 1467 844 palam
1491 773 1763 842 colligitur

159 865 397 924 Zenonis
437 877 599 924 aetate
640 868 867 924 Verona:
905 883 1010 922 non
1054 867 1228 922 solum
1275 867 1443 921 fuisse
1489 863 1759 934 virgines,

159 977 283 1032 qux
314 961 592 1032 virginalis
625 961 895 1031 pudicitiae
922 970 1050 1016 voto
1096 959 1370 1015 obstricta:
1411 965 1528 1027 post
1573 955 1764 1026 proba-

161 1054 362 1109 tionem
391 1056 582 1110 velata:
621 1055 733 1109 suis
775 1055 826 1108 in
868 1054 1121 1110 domibus
1164 1052 1354 1122 pudice
1379 1051 1761 1118 versabantur,

159 1146 461 1216 cujnsmodi
491 1146 694 1202 Indicia
726 1145 842 1212 fuit,
877 1146 946 1202 de
969 1163 1072 1217 qua
1109 1146 1260 1215 plura
1293 1145 1526 1201 diximus
1553 1143 1686 1199 diss.
1720 1160 1759 1210 ι,

158 1254 278 1310 cap.
306 1239 362 1302 5.
397 1240 502 1313 53,
535 1240 629 1295 sed
659 1241 893 1312 virgines
919 1241 1081 1295 etiam
1113 1239 1312 1303 fuisse,
1334 1253 1455 1308 qua;
1480 1237 1762 1308 virginita-

161 1344 268 1389 tem
297 1333 562 1403 professa:
587 1347 932 1388 communem
963 1331 1016 1386 in
1058 1331 1388 1386 monasterio
1416 1329 1579 1384 vitam
1606 1328 1763 1398 dege-

161 1427 318 1492 bant;
355 1434 603 1481 accusata
624 1427 792 1493 enim,
815 1435 872 1482 ut
888 1426 1204 1482 Ambrosius
1224 1434 1425 1489 narrat,
1452 1439 1549 1494 per
1562 1425 1762 1480 calum-

162 1520 302 1573 niam
351 1518 586 1584 ludicia,
613 1520 994 1574 criminatores
1041 1520 1163 1588 ejus
1206 1518 1515 1587 impositum
1555 1517 1758 1572 crimen

162 1611 384 1680 perinde
412 1611 746 1682 divulgatum
775 1611 1020 1668 ferebant
1047 1629 1113 1668 ex
1143 1628 1292 1667 nunt.
1329 1611 1396 1666 l9
1421 1631 1435 1665 :
1465 1611 1763 1666 Cucurrisse

161 1705 393 1760 mulieres
414 1706 538 1760 viles
558 1705 626 1760 ad
651 1707 1034 1773 monasterium,
1049 1711 1279 1779 jactasse
1301 1717 1502 1774 partum
1527 1707 1757 1776 virginis,

159 1805 204 1851 et
231 1813 406 1851 necem
427 1799 680 1870 pignoris,
707 1798 772 1852 de
799 1799 1108 1853 monasterio
1136 1814 1395 1853 rumorem
1426 1816 1515 1868 per
1543 1799 1761 1869 populos

1866 593 2050 650 pressa
2091 579 2406 650 profundius
2435 582 2487 637 in
2519 583 2697 652 pOpItli
2730 581 3022 649 mentibus,
3055 581 3204 637 vanis
3233 580 3463 637 subinde

1863 671 2263 727 circumvestita
2293 673 2560 742 adjunctis
2585 673 2758 739 fuere,
2790 682 2844 729 ut
2875 673 2932 729 fit
2959 675 3009 729 in
3042 672 3127 741 iis,
3160 688 3279 744 quae
3307 690 3336 727 a
3367 689 3463 728 ue—

1864 763 2009 817 mine
2038 764 2272 833 scripta,
2316 780 2410 833 per
2452 766 2709 835 p0pulum
2760 765 3035 831 feruntur;
3067 775 3122 821 et
3152 766 3299 821 hisce
3343 780 3467 821 cum

1863 855 2131 924 adjunctis
2160 856 2230 912 ab
2258 857 2449 912 eodem
2473 859 2746 914 Coronato
2771 869 2995 928 excepta
3025 873 3088 914 ac
3115 859 3309 913 litteris
3337 873 3466 927 pro.

1864 949 2006 1015 dita,
2053 967 2158 1006 non
2202 951 2272 1005 ita
2321 952 2392 1007 ob
2437 951 2739 1006 additiones
2783 951 2944 1006 falsas
2969 951 3279 1022 spernenda
3307 959 3466 1013 sunt,

1866 1051 1924 1096 ut
1949 1041 2142 1096 exinde
2173 1043 2373 1098 veritas
2404 1041 2541 1113 ipsa,
2567 1058 2688 1112 quae
2711 1043 2761 1096 in
2794 1043 2956 1097 rebus
2986 1045 3137 1097 miris
3167 1043 3344 1097 inesse
3369 1040 3470 1096 ali-

1863 1149 1968 1204 qua
2000 1134 2139 1190 solet
2165 1135 2290 1205 (etsi
2325 1135 2559 1190 discerni
2579 1151 2682 1189 non
2707 1135 2862 1189 facile
2901 1134 3115 1204 possit),
3149 1136 3302 1202 plane
3334 1133 3467 1204 reji-

1863 1229 2057 1284 ciatur.
2103 1229 2302 1285 Eadem
2348 1230 2543 1300 repetit
2590 1231 2907 1299 Anonymus
2949 1227 3262 1294 Pipinianus
3305 1229 3468 1282 tertio

1864 1323 2059 1395 insigni
2091 1311 2351 1380 miraculo
2378 1325 2595 1392 addito;
2630 1334 2684 1380 et
2724 1325 2768 1379 is
2811 1323 2879 1395 (si
2911 1340 3072 1379 unum
3100 1323 3318 1378 Cwsaris
3347 1340 3469 1378 ver-

1865 1416 1989 1471 bum
2022 1417 2231 1487 demas)
2261 1419 2535 1472 Coronato
2560 1419 2752 1472 melius
2781 1418 2949 1471 multo
2978 1426 3032 1472 et
3071 1418 3189 1473 sine
3223 1417 3344 1472 ullis
3371 1419 3467 1472 ad-

1863 1509 2015 1575 ditis,
2047 1524 2168 1578 quae
2193 1508 2410 1564 Criticis
2451 1510 2820 1564 difficultatem
2851 1511 3097 1580 ingerant
3117 1551 3132 1576 ,
3166 1510 3255 1564 illa
3286 1510 3470 1578 paucis

1864 1602 2143 1658 describit.
2192 1604 2269 1658 En
2306 1604 2472 1672 ipsius
2520 1604 2725 1672 integra
2771 1601 2964 1666 verba,
3016 1602 3090 1656 uti
3132 1602 3382 1672 leguntur
3414 1601 3468 1656 in

1864 1695 2015 1749 calce
2044 1711 2176 1750 mss.
2209 1695 2503 1751 Zenoniani
2533 1710 2596 1751 ac
2641 1694 2988 1765 Pompeiani;
3023 1708 3144 1749 nam
3183 1695 3237 1750 in
3276 1709 3468 1750 manu-

1863 1790 2064 1858 scripto
2111 1789 2361 1844 Lobiensi
2389 1831 2403 1852 ,
2451 1805 2517 1844 ex
2563 1804 2671 1858 quo
2721 1788 2779 1843 P.
2831 1788 3172 1842 Mabillonius
3219 1789 3461 1856 ejusdem

161 1905 411 1960 sparsum.
457 1892 794 1962 Quamquam
829 1906 958 1946 vero
1005 1891 1106 1946 sub
1154 1891 1311 1960 hujus
1358 1890 1532 1960 quarti
1575 1892 1750 1946 surculi

1865 1882 2131 1951 Anonymi
2177 1881 2498 1951 opusculum
2549 1881 2750 1943 edidit,
2784 1880 2976 1934 lacuna
3021 1889 3104 1936 est
3147 1889 3365 1951 aperta,
3409 1889 3470 1934 ut

163 1982 317 2036 finem
346 1984 612 2051 virginum
658 1985 986 2041 monasteria
1025 1987 1077 2039 in
1105 1985 1396 2040 Occidente
1427 1986 1602 2054 aliqua
1647 1985 1759 2040 fue-

162 2077 296 2141 rint,
329 2085 391 2130 ut
417 2092 482 2132 ex
525 2077 645 2132 aliis
683 2077 926 2146 ejusdem
959 2078 1227 2132 Ambrosii
1279 2079 1411 2134 locis
1455 2079 1754 2149 Colligitur;

166 2167 264 2223 hoc
292 2178 495 2236 tamen,
525 2169 670 2239 quod
700 2170 927 2226 Verona:
953 2187 982 2226 a
1015 2170 1230 2227 Zenone
1257 2172 1559 2227 institutum
1593 2173 1757 2229 luisse

162 2261 392 2328 videtur,
421 2265 655 2333 primum
677 2277 798 2318 esse
824 2265 1064 2319 omnium
1092 2265 1386 2329 credimus,
1411 2265 1492 2319 vel
1521 2265 1753 2335 primum

163 2353 348 2409 saltem
396 2355 536 2410 inter
579 2355 704 2420 illa,
757 2372 982 2425 quorum
1015 2359 1272 2412 memoria
1321 2357 1512 2412 litteris
1545 2359 1756 2427 prodita

164 2459 422 2518 superest.
457 2449 533 2504 Ex
565 2449 668 2505 hoc
697 2465 857 2518 porro
891 2460 1038 2506 tanto
1064 2453 1331 2523 virginum
1365 2453 1751 2510 Veronensium

165 2557 403 2610 numero,
434 2560 554 2614 quae
584 2545 777 2616 partim
826 2546 878 2599 in
911 2547 1262 2609 monasterio,
1297 2549 1491 2617 partim
1533 2548 1754 2617 privatis

165 2635 485 2693 indomibus
516 2639 880 2709 virginitatem
927 2639 1218 2702 colebant,
1265 2640 1500 2695 Zenonis
1544 2656 1755 2695 sermo—

166 2744 305 2794 num,
333 2732 528 2801 quibus
570 2732 848 2801 virginitas
880 2734 1114 2788 maxinie
1142 2733 1622 2789 commendabatur
1653 2733 1751 2805 (uti

166 2835 297 2877 nunc
339 2833 424 2878 est
471 2816 731 2880 tractatus
767 2825 800 2880 5
828 2825 921 2880 lib.
953 2827 1016 2894 ι),
1071 2825 1302 2882 fructum
1350 2829 1750 2896 cognoscimus.

169 2911 308 2968 llunc
331 2917 578 2971 eumdem
607 2919 900 2973 antistitem
927 2920 1068 2974 inter
1091 2935 1187 2975 eos
1214 2919 1610 2974 accensendum
1637 2920 1755 2990 opi-

167 3022 346 3064 namur
391 3009 554 3066 Italiae
580 3013 865 3082 episc0pos
906 3030 934 3067 a
983 3014 1038 3070 S.
1084 3015 1386 3085 Augustino
1414 3017 1572 3085 epist.
1608 3032 1750 3081 χιιι,

167 3115 304 3154 num.
334 3103 392 3169 4,
422 3103 688 3169 laudatos,
721 3110 810 3175 qui
842 3122 964 3161 cum
996 3122 1194 3178 agapes
1217 3107 1268 3162 in
1297 3108 1594 3163 subsidium
1624 3125 1753 3178 pau-

1863 1984 2009 2028 rccte
2060 1974 2270 2028 monuit
2315 1973 2555 2028 marchio
2607 1974 2786 2043 Scipio
2851 1974 3120 2038 Mafl‘eius,
3193 1989 3314 2044 pag.
3364 1973 3470 2029 179

1861 2065 2111 2121 llistoria:
2157 2067 2551 2138 diplomaticac,
2599 2082 2757 2138 quam
2812 2081 2910 2122 nos
2957 2081 3024 2123 ex
3072 2066 3301 2122 laudatis
3332 2081 3464 2122 mss.

1858 2160 2194 2232 supplemus.

2011 2345 2224 2395 Octavus
2248 2352 2409 2408 pastor
2435 2354 2487 2396 et
2511 2345 2760 2395 confessor
2786 2351 2965 2408 martyr
2989 2345 3216 2408 inclytus,

1952 2407 2043 2484 Qui
2073 2407 2311 2484 Veronam
2339 2409 2640 2484 praedicando
2642 2409 2858 2484 χρέμιιῇ
2874 2407 2936 2484 ad
2963 2408 3292 2484 liaptisminm,

2019 2474 2056 2518 Α
2082 2473 2209 2520 malo
2233 2468 2407 2533 Spiritu
2432 2473 2619 2520 sanavit
2640 2469 2845 2520 Gallieni
2871 2468 3076 2520 (ἰωῆς
3096 2468 3243 2533 filiam
3265 2485 3277 2530 ;

2015 2535 2175 2582 Boves
2197 2531 2305 2584 cuin
2334 2535 2528 2583 homine
2558 2541 2800 2595 vergente
2828 2535 3068 2594 reduxitja
3091 2531 3289 2594 pelago.

1905 2648 1912 2658 ,
1951 2597 2232 2658 Ειίῑιιιὶιιριη
2259 2595 2436 2645 multos
2462 2596 2691 2644 liberavit
2714 2599 2774 2644 ab
2798 2597 2938 2645 hoste
2967 2595 3223 2658 pestifero,

2013 2657 2052 2706 E
2077 2660 2224 2706 fluvio
2251 2669 2534 2720 exemptum
2560 2660 2809 2707 suscitavit
2839 2657 3100 2719 mortuum,

2013 2720 2162 2769 Multa
2188 2720 2314 2768 idola
2337 2722 2578 2769 destruxit
2603 2735 2688 2782 per
2713 2722 2890 2769 crebra
2908 2722 3116 2780 jejunia.

1951 2780 2056 2846 Non
2085 2794 2224 2846 queo
2244 2781 2391 2830 nnilta
2417 2780 2616 2830 narrare
2640 2783 2783 2845 hujus
2806 2785 2958 2846 sancti
2977 2796 3147 2846 opera,

2013 2844 2133 2908 Quae
2156 2859 2183 2892 a
2206 2845 2342 2906 Syria
2369 2845 2614 2894 veniendo
2637 2844 2796 2908 usque
2821 2847 2869 2893 in
2892 2844 3098 2908 Italiam,

2012 2907 2112 2957 Per
2135 2910 2293 2971 ipsum
2317 2909 2627 2972 omnipotens
2645 2906 2784 2958 Deus
2808 2908 3025 2959 ostendit
3045 2906 3300 2958 mirabilia.

1858 3100 1983 3155 Haec
2013 3109 2192 3156 autem
2239 3102 2451 3172 aliaque
2492 3104 2624 3158 mira
2659 3103 2893 3160 Zenonis
2933 3116 3115 3175 gesta,
3145 3123 3265 3178 quae
3307 3108 3462 3178 plura

168 3206 340 3261 perum
362 3237 378 3259 ,
415 3208 818 3269 martyrumque
847 3199 1047 3253 cultum
1081 3200 1381 3266 institutas,
1413 3201 1463 3254 in
1503 3202 1750 3271 crapulas
1782 3259 1824 3282 η
1855 3193 2072 3263 quidem
2101 3195 2263 3249 fuisse
2291 3207 2560 3264 putamus,
2594 3196 2713 3252 licet
2741 3200 3000 3252 memoria
3030 3200 3351 3269 populorum
3380 3199 3464 3254 di-

168 3283 378 3341 subinde
401 3298 453 3341 et
474 3288 794 3345 ebrietatem
822 3301 877 3346 ει
902 3291 1166 3346 luxuriam
1195 3307 1483 3346 conversas
1511 3294 1752 3348 animm]-
1780 3262 1826 3324 (ἶ
1860 3288 2072 3343 labente
2095 3289 2360 3343 custodita
2384 3303 2447 3344 ac
2468 3291 2663 3345 tradita
2689 3307 2792 3346 non
2826 3294 3053 3360 fuerint;
3083 3295 3357 3350 celebrem
3383 3306 3462 3350 ta-

167 3378 459 3444 vertissent,
481 3380 534 3436 in
557 3396 651 3436 eas
679 3392 997 3452 perorarunt
1026 3385 1163 3439 adeo
1187 3384 1434 3451 feliciter,
1467 3396 1522 3441 ut
1547 3403 1611 3441 ex
1639 3387 1750 3442 suis

169 3467 414 3526 Ecclesiis
441 3482 660 3544 totaque
688 3474 837 3529 ltalia
872 3475 988 3530 illas
1009 3477 1358 3543 excluserim,
1391 3478 1468 3532 uti
1492 3478 1752 3535 observa-

167 3562 328 3617 vimus
355 3568 538 3620 adnot.
580 3566 643 3621 18
689 3569 740 3622 in
771 3579 925 3622 tract.
965 3572 1030 3626 15
1095 3570 1187 3624 lib.
1221 3586 1269 3634 ι,
1298 3570 1387 3624 ubi
1425 3575 1626 3628 Auctor
1652 3573 1748 3628 ad-

168 3668 339 3710 versus
386 3657 503 3713 illas
549 3658 866 3724 invehitur,
917 3662 1007 3729 qui
1058 3673 1115 3716 ut
1169 3664 1654 3720 comessationibus
1698 3675 1753 3722 et

169 3745 399 3804 ebrietati
461 3752 916 3822 impudicitiaeque
984 3752 1320 3824 frequentius
1377 3755 1748 3826 indulgerent,

169 3855 419 3914 martyres
451 3847 552 3901 sibi
586 3847 892 3916 fingebant,
924 3849 975 3902 in
1011 3865 1238 3918 quorum
1271 3852 1599 3906 cmmeteriis
1625 3868 1749 3922 aga-

170 3948 253 4002 pes
280 3947 514 4006 agerent.
548 3937 659 3993 Nec
685 3941 1206 4008 praztermittendum
1246 3941 1346 3996 hoc
1375 3943 1490 3998 loco
1514 3943 1745 4011 videtur,

169 4030 296 4096 quod
333 4038 441 4085 tres
478 4046 569 4085 xvt
607 4032 789 4087 saeculi
832 4043 1083 4088 auctores
1135 4034 1521 4104 prodiderunt,
1554 4035 1748 4092 Paulus

169 4119 228 4174 de
251 4120 600 4193 Mildeburgo,
629 4125 914 4194 episcolius
937 4124 1507 4195 Forosemproniensis
1534 4129 1582 4182 in
1612 4144 1749 4198 prae-

169 4213 350 4270 fatione
372 4215 490 4270 libri
525 4216 767 4283 inscripti
802 4215 1026 4272 Paulina
1055 4217 1116 4272 de
1141 4229 1281 4273 recta
1303 4220 1506 4288 pascha:
1525 4221 1749 4275 celebra-

167 4304 320 4372 tione,
350 4309 479 4362 editi
525 4325 614 4363 an.
645 4310 804 4368 1515.
839 4325 939 4365 nec
986 4327 1091 4364 non
1139 4312 1384 4379 ejusdem
1428 4313 1608 4381 operis
1652 4313 1741 4369 lib.

171 4397 352 4467 primo;
388 4401 622 4458 Joannes
669 4403 991 4479 Stoefflerus
1042 4405 1092 4458 in
1139 4404 1460 4460 Calelldal'it)
1503 4406 1747 4460 Romano

170 4491 297 4546 edito
316 4509 407 4548 an.
440 4496 596 4562 1518.
629 4511 783 4566 prop.
814 4498 901 4564 17,
933 4507 986 4552 et
1014 4513 1078 4551 ex
1108 4497 1193 4552 his
1217 4496 1524 4566 Onnphrius
1553 4497 1747 4553 Panvi-

171 4583 276 4638 nius
315 4590 572 4658 Antiquit.
610 4588 808 4646 Veron.
842 4590 934 4645 lib.
983 4605 1060 4656 tv,
1100 4605 1220 4658 cap.
1266 4590 1320 4644 6.
1376 4591 1436 4644 Hi
1491 4591 1740 4644 nimirum

1857 3395 1979 3434 men
2033 3395 2156 3435 eum
2205 3383 2314 3450 jam
2369 3382 2492 3436 inde
2545 3386 2613 3437 ab
2665 3385 2901 3453 antiquis
2950 3388 3281 3455 temporibus
3316 3390 3459 3457 apud

1853 3472 2200 3542 quamplures
2221 3485 2470 3527 externas
2500 3475 2658 3528 etiam
2689 3477 2851 3530 nrbes
2870 3517 2884 3540 ,
2915 3477 3242 3546 provincias,
3271 3494 3334 3534 ac
3361 3496 3462 3534 na-

1855 3565 2030 3620 tiones
2058 3565 2373 3629 exhibuere,
2399 3565 2465 3620 de
2495 3581 2602 3636 quo
2632 3568 2786 3638 plura
2809 3569 2985 3637 capite
3018 3579 3232 3640 quarto.

1931 3656 1998 3712 Ut
2026 3643 2204 3712 autem
2230 3657 2295 3712 ad
2319 3673 2440 3712 eum
2471 3668 2696 3723 statum,
2727 3677 2886 3730 quem
2926 3661 3161 3717 diximus
3181 3703 3196 3726 ,
3225 3663 3457 3719 ethnicis

1855 3749 2174 3818 Arianisque
2195 3749 2604 3816 obsistentibus,
2623 3752 2989 3808 Veronensem
3015 3753 3308 3810 Ecclesiam
3335 3772 3459 3824 pcr-

1853 3841 2096 3904 duceret,
2119 3842 2451 3913 aliquamdiu
2481 3844 2626 3898 illam
2662 3862 2848 3916 regere
2872 3847 3110 3916 profecto
3137 3846 3354 3913 debuit;
3388 3864 3459 3903 ex

1851 3934 1918 3990 iis
1942 3943 2142 4016 autem,
2171 3953 2291 4006 qua:
2317 3937 2696 3994 dissertatione
2722 3943 2768 4005 l,
2797 3955 2846 3994 c.
2877 3942 2930 4006 5,
2959 3943 2986 4012 §
3013 3943 3066 4007 5,
3097 3941 3454 4011 conjecimus,

1852 4043 1960 4082 non
2021 4030 2376 4099 improbabile
2436 4031 2652 4101 quidem
2705 4033 2916 4087 videtur
2963 4034 3139 4089 cidem
3196 4035 3456 4090 Ecclesiae

1852 4120 2132 4191 przefuisse
2180 4138 2273 4190 per
2302 4139 2474 4177 annos
2516 4140 2644 4178 xvnt
2664 4165 2678 4190 ,
2708 4126 2778 4179 ab
2808 4141 2948 4180 anno
2975 4125 3183 4181 scilicet
3211 4127 3340 4193 362,
3366 4144 3458 4182 us-

1851 4228 1955 4282 que
1985 4212 2050 4267 ad
2081 4228 2281 4268 annum
2311 4215 2525 4269 circiter
2547 4217 2670 4282 580,
2695 4233 2802 4287 quo
2827 4219 2877 4272 in
2907 4219 3103 4274 coelum
3137 4219 3453 4285 translatus,

1851 4305 2092 4361 laborum
2139 4322 2359 4361 suorum
2411 4310 2632 4376 prtemio
2679 4311 2909 4364 donatus
2957 4314 3084 4378 fuit,
3133 4321 3191 4366 ut
3226 4311 3455 4369 Verona:

1852 4400 1991 4468 ipsi,
2021 4416 2181 4470 quam
2212 4401 2263 4454 in
2290 4400 2593 4456 Christiana
2627 4405 2886 4474 religione
2918 4407 3152 4472 aluerat,
3183 4407 3234 4461 in
3270 4418 3452 4476 patro-

1849 4491 2048 4546 cinium
2099 4505 2363 4562 suscepta:
2406 4506 2603 4564 prmsto
2647 4509 2820 4563 esset;
2871 4500 3012 4555 unde
3045 4499 3240 4556 factum
3288 4502 3449 4558 etiam

1849 4593 1964 4646 est,
1995 4597 2048 4637 ut
2091 4585 2177 4638 illa
2218 4587 2606 4644 beneficiorum
2649 4609 2755 4646 non
2796 4593 3080 4650 immemor
3124 4597 3295 4666 ipsum
3326 4611 3452 4653 mox

173 4677 456 4741 paschalem
486 4696 746 4737 ranonem
778 4698 805 4735 a
851 4681 1065 4737 Zenone
1093 4682 1296 4737 editum
1326 4683 1411 4738 vel
1441 4685 1742 4738 restitutum
1772 4685 1826 4747 1)
1852 4693 2102 4748 magnmn
2136 4678 2426 4735 Patronnni
2456 4685 2555 4738 sibi
2587 4687 2916 4756 adscisceret
2945 4699 3103 4759 atque
3127 4689 3450 4759 deprecare-

174 4770 414 4834 produnt;
457 4789 560 4844 quo
602 4785 780 4829 autem
821 4776 1146 4830 documento
1186 4775 1343 4844 plane
1389 4776 1741 4846 ignoramus:

173 4863 285 4928 quin
315 4865 364 4918 id
393 4865 532 4922 inter
559 4865 769 4955 fabulas
790 4867 1134 4925 referendum
1162 4869 1296 4925 nihil
1326 4871 1670 4941 ambigimus.

175 5071 391 5154 [cxxvm]
417 5081 443 5154 §
464 5081 551 5141 IV.
573 5112 644 5126 -ο
668 5082 729 5138 S.
758 5083 898 5138 Zeno
925 5085 986 5138 ob
1002 5086 1251 5140 miracula
1267 5085 1479 5142 celeber.
1516 5085 1588 5141 De
1605 5091 1744 5159 ejus-

670 5175 784 5231 dem
808 5180 1079 5233 emortua“
1108 5179 1212 5233 die.

236 5371 338 5426 Non
365 5387 393 5428 a
419 5375 683 5431 Coronato
704 5375 904 5441 solum,
939 5373 1030 5429 sed
1054 5374 1122 5430 ab
1142 5376 1431 5447 Anonymo
1459 5376 1619 5431 etiam
1650 5377 1739 5432 Pi-

176 5463 368 5531 piniano
407 5485 593 5543 magna
637 5469 803 5529 fuisse
829 5469 1030 5526 Zenoni
1076 5471 1129 5526 in
1176 5470 1451 5528 daamones
1498 5480 1738 5542 potestas

178 5578 382 5636 traditur
420 5605 432 5637 ;

257 5737 312 5788 Et
331 5744 520 5804 quidem
541 5745 718 5797 multos
738 5746 964 5797 liberavit
989 5748 1051 5798 ab
1071 5750 1212 5799 hoste
1232 5747 1482 5829 pestifero.

181 5848 280 5925 Duo
304 5856 546 5933 miracula
567 5867 820 5936 describit
839 5865 1159 5946 Comitatus,
1195 5895 1313 5953 qua:
1341 5877 1406 5935 ea
1435 5877 1617 5937 multis
1638 5893 1734 5950 per

1851 4763 1952 4824 tur.
2001 4769 2076 4825 De
2108 4787 2250 4826 anno
2296 4777 2426 4830 nihil
2463 4789 2722 4842 pra-terea
2772 4779 3122 4834 laborandum
3166 4782 3449 4845 ducimus,

1848 4861 2211 4931 adjiciendum
2241 4866 2406 4932 nihil;
2440 4869 2541 4923 nisi
2571 4870 2710 4925 forte
2742 4872 2979 4926 indicare
3001 4872 3266 4944 quispiam
3295 4884 3455 4930 aveat

1845 4954 2060 5009 illorum
2086 4961 2449 5014 recentiorum
2480 4962 2805 5017 sententiam
2825 5005 2838 5026 ,
2871 4965 2958 5035 qui
2990 4966 3136 5020 nullo
3163 4966 3327 5020 allato
3349 4965 3454 5022 do-

1845 5059 2102 5104 cumento
2138 5049 2412 5107 Zenonem
2457 5066 2725 5110 inortuum
2769 5058 3050 5127 prodidere
3088 5075 3181 5115 an.
3224 5060 3348 5127 501,
3381 5059 3454 5118 de

1845 5155 1960 5210 quo
1998 5141 2150 5212 plura
2205 5144 2256 5197 in
2309 5145 2668 5202 Admonitione
2711 5150 2777 5204 ad
2821 5163 3168 5207 monumenta
3213 5169 3361 5209 nuru.
3393 5155 3451 5210 5.

1846 5229 1996 5285 Diem
2023 5248 2152 5287 vero
2181 5234 2361 5290 obitus
2404 5237 2706 5295 Coronatus
2744 5241 2999 5298 Notarius
3043 5247 3450 5314 antiquissimus

1843 5324 2106 5392 omnium,
2138 5328 2230 5397 qui
2260 5329 2328 5385 de
2350 5330 2590 5402 ejusdem
2616 5347 2790 5391 morte
2818 5337 3061 5392 fecerunt
3090 5339 3445 5402 mentionem,

1840 5431 2178 5488 nequaquam
2206 5420 2404 5491 signat.
2435 5424 2622 5480 Solum
2664 5444 2970 5484 memorans
3010 5431 3321 5498 percelebre
3349 5431 3449 5483 mi-

1844 5511 2109 5577 raculum,
2143 5530 2250 5582 quo
2279 5532 2414 5586 aqua
2447 5517 2656 5592 ﬁcum]
2688 5520 2835 5576 ﬂuvii
2857 5523 3072 5578 Athesis
3097 5524 3160 5577 ad
3195 5539 3442 5585 magnam

1841 5603 2179 5660 altitudinem
2208 5621 2430 5678 repente
2447 5615 2796 5680 exundantis,
2822 5625 3060 5685 apertam
3085 5615 3218 5670 eecl.
3251 5615 3306 5672 S.
3334 5614 3437 5672 Ze-

1843 5698 1998 5752 nonis
2041 5709 2250 5769 portam
2296 5719 2358 5758 ac
2405 5707 2663 5762 fenestras
2714 5724 2818 5762 non
2869 5710 3108 5772 ingressa
3139 5717 3248 5773 est,
3299 5711 3446 5780 quod

1844 5793 2161 5848 miraculum
2192 5811 2220 5848 a
2253 5794 2303 5851 S.
2345 5798 2608 5870 Gregorio
2647 5801 2839 5869 Magno
2891 5801 3225 5871 descriptum
3259 5803 3352 5858 lib.
3381 5821 3445 5864 ιιι

1842 5882 2221 5959 Dialogorum;
2274 5906 2393 5964 cap.
2429 5894 2516 5964 19,
2545 5895 2912 5963 quinquennio
2961 5903 3085 5954 ante
3133 5896 3444 5973 acciderat},
