3998 6332
472 264 493 321 l
506 262 576 317 iiii

1876 254 2415 313 PitOLEGOMENA.
3494 252 3499 259 “
3632 265 3713 321 iss

471 381 723 441 nimirum
751 396 839 439 an.
873 381 997 449 589,
1026 381 1249 437 relatum
1273 387 1451 435 autem
1481 375 1655 433 eidem
1688 373 1929 447 pontifici
1956 373 2067 429 lue-
2092 371 2141 435 Α
2173 372 2245 426 tio
2284 372 2510 427 ecclesia:
2540 371 2602 428 8.
2633 370 2896 426 Zenonis:
2928 371 2981 426 in
3012 370 3196 442 paucis
3236 380 3407 429 autem
3436 372 3494 429 S.
3522 374 3717 432 Zenonis

468 484 554 532 rat
587 490 616 530 a
647 475 857 532 Joanne
883 472 1154 538 Tribuno,
1192 471 1282 542 qui
1329 485 1453 526 cum
1485 467 1815 538 ‘Pronulpbo
1852 464 2065 522 Comite

469 568 573 639 ipsi
601 567 860 624 miraculo
888 564 1152 630 adfuerat,
1183 563 1308 632 hoc,
1338 564 1555 636 inquam
1573 605 1587 627 ,
1614 560 1930 617 miraculum
1955 558 2064 615 Co-

470 668 695 717 ronatus
719 673 1181 725 commemorans,
1210 658 1458 713 Auctoris
1498 655 1702 710 obitum
1734 655 1788 708 in
1818 651 2064 709 eamdem

471 752 632 824 hujus
672 752 919 808 miraculi
944 750 1088 807 diem
1129 765 1237 807 non
1277 751 1505 825 obscure
1531 746 1779 820 conjicit,
1820 746 2066 817 inquiens

472 861 620 901 num.
650 846 684 902 9
714 864 727 900 :
761 844 899 899 Dum
932 844 1016 899 die
1048 854 1224 899 sancto
1251 843 1438 898 natalis
1477 842 1642 913 ipsius
1666 838 2065 913 (Zenonis).....

474 938 797 994 convenirent
823 937 892 991 ad
916 939 1191 992 missarum
1217 936 1483 999 solemnia,
1506 944 1610 991 etc.
1642 933 1895 990 Rabanus
1921 932 2070 987 Matt-

470 1048 585 1099 rus,
617 1033 708 1104 qui
740 1032 841 1088 sub
867 1030 1101 1087 medium
1127 1045 1325 1085 nonum
1349 1028 1603 1084 saeculum
1627 1026 1826 1093 ﬂoruit,
1849 1026 1904 1081 in
1930 1024 2070 1080 Mar-

472 1124 739 1200 tyrologio
769 1139 866 1194 per
891 1122 1164 1180 Canisium
1192 1120 1338 1178 edito
1361 1129 1498 1179 tom.
1526 1136 1585 1189 tr,
1618 1129 1757 1192 part.
1789 1134 1848 1187 tt,
1879 1118 2068 1173 novis-

473 1223 626 1277 sima:
669 1219 918 1275 editionis
960 1216 1077 1273 hmc
1110 1216 1325 1272 tradit:
1363 1215 1430 1271 Vi
1476 1213 1606 1269 ldus
1652 1211 1949 1268 decembris.
2003 1211 2071 1266 In

474 1314 687 1371 Civitate
724 1313 923 1369 Verona
957 1311 1145 1367 Natale
1183 1311 1243 1367 S.
1271 1310 1494 1366 Zenonis
1545 1310 1818 1379 martyris,
1863 1308 2070 1380 quando

474 1422 623 1479 aqua?
643 1405 874 1478 ﬂuminis
893 1404 1095 1460 Athesis
1115 1419 1276 1475 usque
1292 1403 1359 1457 ad
1378 1400 1666 1473 superiores
1688 1402 1804 1455 tecti
1822 1403 2074 1472 fenestras

474 1501 696 1556 ecclesiae
721 1500 865 1556 illius
904 1506 1259 1563 excreuerant,
1302 1513 1394 1551 nec
1425 1497 1479 1551 in
1527 1510 1639 1552 eam
1666 1496 1859 1549 intrare
1889 1504 2073 1564 potue-

473 1603 613 1658 runt,
645 1596 880 1649 virtutem
918 1593 1158 1664 martyris
1187 1591 1524 1648 ostendentes.
1559 1591 1626 1644 At
1652 1590 1848 1644 Paulus
1883 1588 2073 1644 Diaco-

476 1702 579 1744 nus
606 1687 829 1743 Rabano
857 1685 1147 1758 antiquior,
1177 1686 1376 1757 quippe
1411 1684 1500 1755 qui
1528 1680 1725 1738 Carolo
1759 1681 1950 1754 Magno
1976 1680 2074 1736 im-

2138 466 2443 532 ‘dedicatio,
2496 468 2580 523 vel
2623 465 2953 527 Consecutio
3002 465 3068 522 S.
3108 463 3364 533 Zenonis;
3391 475 3445 524 et
3481 468 3639 526 solum
3672 472 3715 527 in

2166 560 2460 617 Zenoniani
2506 560 2821 623 monasterii
2872 561 3269 629 monumentis,
3322 576 3442 632 qum
3484 561 3719 623 decimum

2166 663 2417 727 quartum
2461 655 2717 710 saeculum
2750 670 2857 709 non
2888 655 3179 718 excedunt.
3210 669 3274 711 ea
3293 653 3379 711 die
3403 654 3624 725 signatur
3649 674 3721 713 ρι’-ι

2169 747 2367 802 dinatio
2407 745 2469 803 8.
2516 746 2771 814 Zenonis,
2818 755 2874 803 et
2901 746 3111 803 duobus
3138 745 3325 804 diebus
3351 756 3466 816 post
3501 747 3723 805 dedicatio

2170 838 2398 895 ecclesia:
2438 840 2499 895 8.
2543 838 2809 894 Zenonis:
2833 838 2902 894 de
2932 854 3043 909 quo
3086 838 3240 907 plura
3277 837 3636 896 dissertatione
3671 856 3723 907 t,

2170 946 2289 1003 cap.
2336 933 2391 999 ὅ,
2442 932 2493 1005 ς.
2555 935 2608 988 5.
2661 931 3040 990 Dillicultatem
3074 934 3254 1005 itaque
3290 934 3485 995 nullam
3510 935 3728 1007 ingemit

2171 1026 2447 1093 Ecclesiae,
2480 1042 2603 1096 quin
2628 1026 2729 1082 hac
2751 1026 2839 1084 die
2865 1043 2921 1082 vi
2946 1026 3025 1083 id.
3059 1027 3367 1084 Decembris
3387 1027 3608 1085 Zenonis
3631 1030 3723 1086 loss

2173 1129 2283 1175 tum
2307 1128 2588 1190 peragunt.
2631 1118 2765 1174 Cum
2796 1120 2942 1177 enim
2972 1119 3090 1176 dies
3129 1136 3203 1176 ιιι
3226 1121 3421 1190 Aprilis
3438 1121 3490 1177 in
3515 1122 3727 1189 Quadrin-

2170 1215 2432 1286 gesimam
2462 1215 2547 1269 vel
2579 1214 2859 1273 Paschalis
2891 1215 3026 1271 festa
3057 1216 3355 1287 saepiSsime
3376 1217 3589 1285 incidat,
3630 1218 3731 1289 quia

2173 1306 2273 1363 bus
2298 1306 2489 1363 diebus
2525 1319 2835 1364 sanctorum
2863 1310 3102 1364 natalitia
3126 1310 3255 1366 olim
3287 1325 3393 1366 non
3414 1312 3731 1369 celebrabas-

2175 1411 2294 1467 tur;
2327 1402 2441 1457 haec
2467 1400 2740 1457 transferri
2772 1412 3171 1461 consueverunt
3201 1403 3254 1458 in
3291 1405 3451 1458 alium
3479 1403 3632 1470 diem,
3657 1404 3732 1473 qui

2174 1494 2383 1551 scilicet
2411 1496 2625 1566 propria
2654 1496 2706 1553 in
2737 1496 2980 1554 Ecclesia
3008 1497 3098 1553 vel
3124 1498 3483 1563 translationi,
3510 1497 3590 1553 vel
3613 1497 3737 1553 ordi-

2177 1590 2404 1655 natioui,
2434 1590 2520 1644 vel
2544 1589 2870 1646 dedicationi
2900 1591 3146 1647 ecclesias
3172 1591 3342 1662 ipsius
3362 1600 3503 1648 esset
3523 1590 3739 1662 adsigna~

2179 1691 2283 1737 tus.
2335 1682 2425 1737 Sic
2464 1682 2682 1753 quidem
2714 1682 2946 1739 Radullo
2973 1692 3112 1739 teste
3154 1683 3224 1740 de
3248 1682 3473 1741 Observ.
3499 1698 3611 1739 ean.
3635 1698 3737 1754 cap.

477 1789 704 1855 perante
735 1780 837 1836 sub
867 1780 1077 1836 initium
1106 1779 1347 1851 ejusdem
1375 1777 1555 1833 sseculi
1594 1776 1833 1846 scripsit,
1884 1775 1976 1831 lib.
2010 1788 2071 1831 tn
2100 1778 2149 1839 B
2174 1789 2264 1830 xvi
2296 1791 2310 1828 :
2346 1774 2658 1831 Solemnilos
2681 1775 2743 1831 S.
2776 1775 3010 1848 Gregorii
3040 1777 3166 1832 olim
3194 1777 3249 1831 in
3287 1776 3442 1841 diem,
3467 1793 3567 1849 qua
3592 1779 3738 1848 fuant

477 1872 546 1928 de
580 1872 759 1928 Gestis
786 1870 1288 1943 Longobardorum,
1322 1884 1440 1941 cap.
1472 1869 1564 1937 23,
1594 1868 1734 1924 ident
1763 1867 2079 1923 miraculum

477 1965 645 2036 affigit
672 1976 814 2021 sexto
843 1965 1038 2021 decimo
1066 1964 1182 2020 Cal.
1210 1962 1516 2019 Novembris
1539 1981 1557 2018 :
1584 1971 1641 2018 et
1672 1978 1996 2034 quamquam
2027 1963 2079 2018 in

480 2075 583 2115 ms.
616 2058 964 2115 Medoetlensi
984 2102 999 2126 ,
1048 2072 1111 2113 ac
1142 2058 1193 2113 in
1226 2056 1463 2113 editione
1504 2055 1842 2126 Lindebrogii
1873 2055 2083 2127 legatur

481 2150 595 2209 Cal.
632 2151 961 2207 Novembris:
990 2152 1218 2206 omissas
1249 2160 1431 2205 tamen
1474 2149 1638 2206 fuisse
1669 2150 1974 2205 numerales
1998 2148 2085 2203 lit-

483 2252 626 2298 teras
655 2258 768 2308 th,
801 2256 920 2311 quae
951 2242 1004 2297 in
1026 2240 1145 2297 aliis
1166 2255 1297 2296 mss.
1330 2252 1383 2297 et
1412 2239 1739 2296 editionibus
1764 2248 2082 2305 cernuntur,

484 2336 660 2407 palam
688 2343 770 2391 est
794 2376 809 2401 ,
841 2332 1002 2406 idque
1032 2334 1206 2407 ipsum
1237 2333 1590 2391 conﬁrmatur
1627 2348 1694 2390 ex
1736 2332 1999 2391 Landulfo
2030 2335 2084 2390 in

482 2428 774 2485 Addiiione
799 2428 866 2483 ad
889 2427 1182 2485 Miscellam
1210 2427 1521 2496 nuperrime
1540 2426 1740 2483 editam
1767 2436 1898 2482 tom.
1941 2427 2087 2483 tRe-

483 2538 604 2579 rum
632 2522 956 2591 ltalicarum,
991 2538 1109 2593 pag.
1142 2517 1261 2591 l8],
1290 2521 1379 2594 qui
1416 2520 1640 2577 Paulum
1678 2521 1968 2577 Diaconum
1994 2536 2086 2578 se-

483 2627 673 2685 cutus,
720 2615 830 2672 imo
855 2615 1202 2680 exscribens,
1255 2630 1349 2671 xv:
1386 2612 1502 2670 Cal.
1542 2613 1860 2671 Novembris
1890 2614 2084 2686 posuit.

484 2705 685 2762 Verum
716 2705 832 2763 hinc
850 2707 995 2777 dies,
1028 2707 1083 2765 in
1111 2724 1214 2778 qua
1239 2706 1459 2765 Athesis
1486 2707 1798 2763 miraculum
1825 2708 2088 2780 contigit,

485 2798 542 2855 8.
586 2798 821 2856 Zenonis
866 2801 1180 2857 emortualis
1225 2816 1380 2870 esse,
1430 2810 1487 2856 ut
1528 2800 1831 2858 Corausius
1879 2802 2086 2869 innuit,

488 2894 639 2948 nullo
683 2893 844 2949 modo
876 2903 1085 2965 potest;
1116 2910 1237 2951 cum
1271 2896 1410 2952 hanc
1448 2895 1593 2952 diem
1631 2895 1868 2951 Zenonis
1897 2894 2090 2951 festam

494 2986 640 3042 nulla
664 2986 985 3043 documenta
1017 2990 1227 3059 signent
1248 3029 1263 3055 ,
1294 3004 1414 3060 quae
1456 2989 1783 3059 caeteroquin
1816 2988 1932 3044 dies
1956 2989 2091 3043 alios

491 3079 728 3135 Zenonis
758 3080 1036 3136 memoriae
1061 3082 1339 3138 dedicatos
1367 3096 1430 3138 ac
1458 3084 1622 3138 festos
1642 3090 2088 3138 commemorant.

2182 1870 2491 1936 ordinatus,
2540 1870 2733 1925 solebat
2771 1871 3063 1941 transferri.
3116 1869 3171 1925 Id
3209 1869 3387 1940 ipsum
3427 1870 3744 1927 conﬁrmatur

2185 1975 2296 2019 tum
2335 1965 2402 2019 ab
2429 1975 2650 2020 auctore
2679 1964 2816 2020 Vitae
2855 1965 2914 2021 S.
2946 1964 3203 2035 Rudperti
3235 1963 3474 2035 episcopi
3500 1961 3744 2019 Salisbur-

2182 2059 2384 2131 gensis,
2408 2060 2624 2130 scripta:
2639 2058 2839 2113 saeculo
2856 2073 2950 2124 χιι,
2975 2068 3086 2113 tum
3100 2072 3168 2113 ex
3184 2065 3406 2113 auctore
3425 2056 3603 2128 capitis
3612 2068 3743 2121 xxiv,

2185 2152 2328 2222 quod
2374 2151 2643 2222 adjectum
2675 2150 2775 2205 fuit
2821 2150 3005 2206 libello
3034 2150 3099 2206 de
3122 2149 3499 2207 Donatisnibus
3534 2147 3747 2219 ejusdem

2187 2242 2483 2300 Ecclesia):
2515 2244 2730 2315 utrique
2754 2243 2898 2298 enim
2921 2244 3204 2314 loquentes
3224 2242 3297 2299 de
3313 2243 3444 2299 testa
3469 2240 3555 2301 die
3581 2239 3748 2312 ipsine

2188 2345 2298 2393 met
2327 2336 2382 2393 8.
2415 2336 2697 2408 iludperti,
2720 2337 2807 2407 qui
2836 2351 2869 2393 e
2892 2336 3027 2392 vivis
3059 2346 3373 2393 excesserat
3391 2351 3442 2391 vr
3459 2334 3569 2392 Cal.
3601 2332 3751 2405 Apri-

2188 2431 2276 2498 lis,
2301 2447 2418 2487 eam
2449 2446 2477 2485 a
2508 2431 2564 2488 S.
2596 2431 2821 2503 Virgilio
2845 2432 3145 2487 institutam
3184 2440 3412 2487 monent
3438 2446 3531 2502 pro
3556 2426 3749 2485 ὀίωθωί

2189 2523 2404 2595 quidem
2422 2523 2511 2580 die
2529 2540 2619 2580 νιη
2633 2524 2991 2580 Calendarum
3009 2524 3200 2580 Octob.
3222 2524 3276 2579 in
3294 2523 3480 2598 [cru]
3500 2538 3601 2594 quo
3628 2520 3753 2575 Rud-

2191 2618 2328 2689 perti
2358 2632 2556 2689 corpus
2587 2619 2699 2688 ipse
2730 2619 3104 2686 transtulerat,
3154 2619 3205 2673 in
3233 2620 3371 2676 urbe
3390 2626 3567 2673 autem
3594 2617 3671 2671 die
3693 2626 3753 2669 vn

2191 2710 2549 2766 Calendarum
2582 2710 2825 2782 ejusdem
2857 2711 3060 2767 mensis
3080 2752 3096 2776 ,
3143 2726 3269 2768 cum
3310 2721 3499 2767 octava
3524 2708 3756 2765 Calenda-

2193 2820 2312 2861 rum
2344 2804 2461 2860 dies
2490 2811 2749 2874 occupata
2787 2813 2935 2861 esset
2962 2802 3107 2859 Ecsto
3130 2790 3494 2860 dedicationis
3515 2801 3753 2865 ecclesiae,

2194 2897 2248 2953 in
2275 2913 2377 2968 qua
2408 2898 2525 2968 ejus
2551 2899 2720 2952 sancti
2746 2911 2943 2968 corpus
2972 2895 3233 2968 quiescit;
3268 2906 3326 2954 et
3365 2895 3647 2953 transdueti
3671 2893 3754 2947 hu.

2190 2991 2344 3061 jusce
2372 2990 2492 3047 testi
2521 2998 2673 3045 extra
2725 2989 2909 3045 obitus
2936 2989 3080 3045 diem
3129 2989 3275 3045 hanc
3318 2990 3597 3062 adsignant
3644 3001 3755 3043 can.

2197 3096 2335 3148 sam,
2364 3082 2504 3153 quod
2538 3082 2653 3137 haec
2683 3082 2800 3138 dies
2830 3092 3040 3152 propter
3063 3082 3229 3154 ofﬁcia
3261 3082 3675 3154 Quadragesimaz
3696 3080 3760 3133 vel

491 3172 630 3228 Hinc
656 3188 872 3245 quoque
900 3188 1197 3246 agnoscere
1227 3173 1381 3242 licet,
1413 3190 1535 3247 quae
1560 3173 1832 3230 Coronato
1856 3176 2087 3232 auctori-
2117 3169 2164 3239 C
2195 3175 2356 3247 ipsius
2382 3173 2600 3230 Paselue
2624 3191 2766 3242 raro,
2798 3176 2950 3230 sicuti
2974 3176 3187 3248 dignum
3213 3186 3311 3245 est,
3343 3176 3626 3247 contigisset
3647 3173 3757 3227 cels-

491 3278 573 3324 tas
606 3267 880 3325 tribuenda
902 3269 973 3323 sit
998 3287 1012 3323 :
1036 3284 1136 3325 nec
1158 3272 1351 3326 mirum
1371 3284 1492 3325 esse
1516 3268 1697 3336 debet,
1725 3269 1770 3325 si
1793 3270 2092 3326 monachus

492 3360 871 3428 Zenonianus,
925 3362 1014 3433 qui
1071 3370 1314 3417 sanctum
1370 3361 1691 3433 Episcopum
1742 3362 1909 3431 pridie
1962 3360 2092 3418 Idus

493 3454 689 3523 Aprilis
724 3456 950 3510 animam
979 3457 1202 3510 creatori
1239 3471 1331 3510 suo
1372 3455 1662 3510 reddidisse
1685 3455 1903 3525 scripsit
1927 3454 2089 3527 (Pag.

493 3547 600 3603 529
651 3546 784 3602 Hist.
820 3546 1049 3618 Diplom.
1084 3547 1327 3621 Malfeii),
1357 3547 1604 3604 eumdem
1632 3547 1848 3603 Athesis
1869 3548 2091 3605 coerciti

492 3640 636 3695 diem
694 3640 987 3695 natalitium
1042 3642 1202 3710 paulo
1255 3649 1378 3713 post
1426 3642 1745 3713 appellavit;
1805 3641 1856 3697 id
1908 3642 2089 3705 enim,

494 3730 719 3802 perinde
763 3745 826 3786 ac
854 3731 955 3787 alia
1001 3733 1166 3788 multa
1188 3773 1204 3800 ,
1237 3746 1360 3788 eum
1391 3747 1456 3788 ex
1487 3731 1756 3788 Coronato
1797 3732 2093 3803 sumpsisse

494 3827 835 3898 exploratum
860 3834 964 3883 est.

567 3919 623 3974 In
653 3920 833 3975 multis
859 3917 1251 3991 Martyrologiis
1278 3925 1333 3974 et
1375 3916 1731 3985 Calendariis,
1779 3931 1882 3973 nec
1905 3932 2012 3973 non
2041 3917 2094 3973 in

499 4010 757 4069 Ecclesiis
799 4012 1007 4078 multis,
1039 4025 1161 4083 qum
1191 4010 1425 4066 Zenonis
1464 4008 1661 4065 festum
1690 4010 1978 4080 quotannis
2009 4025 2093 4065 ce-

498 4104 728 4168 lebrant,
758 4102 885 4159 huic
915 4103 1054 4160 festo
1093 4103 1369 4174 adscripta
1395 4111 1480 4158 est
1506 4102 1623 4157 dies
1647 4116 1701 4157 γι
1743 4101 1821 4157 Id.
1867 4102 2095 4159 Decem-

498 4198 628 4255 bris.
679 4200 749 4253 At
778 4214 884 4254 non
929 4198 1031 4254 hac
1068 4198 1274 4254 idcirco
1305 4196 1396 4253 die
1424 4197 1514 4252 ille
1549 4197 1752 4252 obiisse
1793 4198 2098 4255 credendus

499 4303 603 4359 est,
634 4298 695 4348 ut
722 4292 935 4349 videtur
955 4292 1257 4364 signiﬁcare
1283 4290 1537 4347 Rabanus
1565 4291 1812 4349 laudatus
1837 4309 1851 4346 :
1882 4293 1929 4347 is
1953 4292 2097 4348 enim

500 4388 853 4443 emortualem
876 4385 1108 4442 Zenonis
1130 4387 1273 4442 diem
1304 4385 1357 4441 in
1382 4385 1572 4442 eodem
1601 4384 1983 4458 Martyrologio
2007 4401 2098 4442 no-

503 4489 709 4538 taverat
738 4482 911 4555 pridie
940 4481 1060 4539 ldus
1085 4483 1307 4555 Aprilis.
1351 4481 1534 4554 Neque
1565 4496 1698 4538 nova
1744 4480 1860 4538 haec
1888 4482 2097 4539 Bahani

2193 3266 2333 3321 brari
2371 3282 2391 3322 :
2428 3267 2591 3322 verba
2624 3276 2750 3322 sunt
2794 3268 3046 3323 Auctoris
3072 3269 3231 3336 vitai,
3280 3269 3375 3341 qui
3423 3267 3545 3323 dein
3585 3264 3755 3320 addit:

2194 3360 2373 3416 Etiam
2401 3377 2684 3432 congruunt
2734 3377 2794 3415 ac
2835 3362 3135 3433 religiosum
3166 3372 3261 3427 est,
3307 3372 3366 3417 ut
3415 3358 3654 3432 quidquid
3677 3356 3764 3411 alia

2196 3454 2479 3509 observatio
2521 3453 2665 3509 illius
2692 3454 3044 3509 celebrationis
3071 3453 3248 3510 diebus
3293 3452 3613 3509 dormitionis
3646 3449 3766 3503 illius
3836 3446 3841 3451 ’

2197 3547 2260 3602 οι
2286 3551 2621 3602 reverentiam
2644 3548 3108 3618 qnadragesimalis
3123 3546 3300 3617 ofﬁcii,
3331 3546 3411 3601 vel
3431 3543 3677 3615 paschalis
3700 3540 3769 3593 ob-

2195 3643 2503 3696 servantiam
2522 3641 2701 3715 gaudii
2719 3641 2930 3707 ademit,
2955 3640 3044 3710 qui
3072 3650 3254 3695 auctor
3280 3639 3438 3695 Sedis
3459 3648 3507 3692 et
3531 3633 3769 3706 apostolus

2196 3737 2391 3791 exstitit
2415 3737 2699 3807 religionis,
2741 3735 2824 3790 hic
2873 3735 3057 3788 saltem
3080 3734 3132 3788 in
3173 3733 3332 3789 domo
3359 3731 3552 3803 requiei
3575 3724 3770 3785 sumitis

2196 3829 2467 3896 adsumpta
2481 3829 2562 3882 die
2574 3827 2925 3882 translationis
2941 3825 3352 3898 suppleatur.'l‘3
3361 3824 3516 3881 adem
3539 3830 3596 3877 ut
3610 3831 3770 3877 exem-

2197 3922 2347 3994 plum
2376 3923 2624 3978 intimum
2651 3930 2706 3978 et
2722 3921 2928 3992 aequale
2949 3921 3172 3976 omnino
3195 3918 3557 3990 proferamus,
3581 3915 3635 3972 8.
3663 3912 3774 3969 Pro.-

2198 4018 2354 4073 culns
2383 4026 2605 4087 quartus
2634 4015 2964 4072 Veronensis
3006 4016 3325 4085 episcopus,
3357 4013 3548 4070 eadem
3576 4022 3775 4066 concm-

2197 4110 2372 4166 rentis
2413 4109 2854 4180 Quadragesimae
2889 4106 2976 4163 vel
3006 4107 3285 4164 Paschalis
3325 4121 3494 4171 causa
3522 4105 3575 4160 in
3619 4096 3777 4156 multis

2199 4202 2423 4257 aliarum
2481 4201 2846 4257 Ecclesiarum
2892 4199 3296 4273 Martyrologiis
3341 4208 3397 4256 et
3449 4194 3776 4257 Calendariis,

2200 4295 2342 4351 sicut
2364 4304 2419 4352 et
2449 4295 2503 4350 in
2534 4295 2814 4359 Romano;
2846 4307 2946 4349 nec
2968 4308 3074 4349 non
3108 4292 3374 4359 Venetiis,
3400 4293 3488 4349 ubi
3517 4292 3676 4362 ipsius
3694 4299 3778 4341 no-

2202 4392 2348 4446 mine
2384 4389 2562 4445 dicata
2603 4397 2778 4444 exstat
2806 4388 3072 4453 ecclesia,
3123 4387 3373 4459 signatus
3414 4385 3608 4469 legitur
3635 4398 3665 4435 v
3708 4377 3775 4434 ld.

2207 4485 2541 4551 Decembris,
2563 4499 2683 4541 cum
2707 4485 2759 4539 in
2782 4484 3014 4551 antiquis
3036 4482 3404 4538 monumentis
3425 4498 3460 4537 ι
3500 4480 3617 4536 Kal.
3646 4473 3784 4546 Apri-

503 4577 788 4647 repctitio;
832 4592 955 4632 nam
985 4587 1266 4648 postquam
1298 4576 1731 4633 Translationem
1775 4576 1832 4634 8.
1867 4576 2100 4633 Zenonis
2127 4561 2178 4621 Ῑ)
2205 4578 2271 4633 iis
2318 4589 2535 4634 notetur
2562 4576 2832 4648 Depositio
2877 4575 2939 4633 S.
2972 4574 3189 4630 Proculi
3232 4574 3579 4649 Confessoris,
3619 4570 3785 4643 quinto

502 4678 757 4743 posuerat
778 4682 865 4724 ’χιι
890 4669 1009 4726 Kal.
1039 4669 1205 4737 Junii,
1237 4685 1343 4742 quo
1374 4670 1459 4725 dic
1486 4678 1681 4726 caetera
1702 4669 1880 4725 omnia
1906 4684 2097 4725 monu-

504 4772 682 4821 menta
710 4762 854 4819 illam
880 4763 1221 4833 consignant,
1248 4773 1436 4833 aperto
1459 4763 1609 4832 lapsu
1633 4762 1877 4819 eamdem
1907 4762 2099 4818 iterum

505 4858 735 4930 signavit
755 4874 825 4915 xit
848 4858 966 4914 Kal.
989 4859 1235 4929 Augusti,
1267 4857 1409 4930 quod
1438 4856 1633 4913 festum
1661 4856 1912 4915 omnibus
1937 4858 2099 4915 etiam

505 4952 912 5011 Veronensibus
965 4952 1331 5008 monumentis
1388 4951 1625 5021 ignotum
1676 4958 1778 5013 est.
1840 4950 2102 5008 Universa

507 5065 672 5123 porro
693 5049 1023 5107 Veronensis
1050 5046 1311 5104 Ecclesia:
1337 5045 1659 5102 documenta
1680 5060 1804 5100 cum
1831 5046 1953 5100 aliis
1973 5047 2102 5101 alio-

509 5163 625 5204 rum
659 5154 936 5201 auctorum
989 5151 1044 5200 et
1092 5142 1454 5198 Ecclesiarum
1507 5139 1564 5197 8.
1598 5140 1832 5196 Zenonis
1875 5149 2103 5197 mortem

494 5225 683 5314 'pridie
717 5238 842 5295 ldus
868 5236 1070 5308 Aprilis
1098 5243 1408 5293 consumtcr
1432 5233 1765 5302 describunt,
1812 5249 1931 5304 qua:
1976 5248 2107 5291 sane

512 5339 628 5394 dies
656 5338 729 5394 uti
752 5335 1070 5393 emortualis
1103 5333 1434 5389 Protectoris
1460 5330 1629 5387 nostri
1662 5346 1805 5386 nunc
1832 5345 2047 5405 quoque
2073 5345 2105 5386 a

513 5441 694 5487 nostra
726 5428 964 5487 Ecclesia
989 5427 1313 5484 celebratur.
1342 5425 1440 5482 Die
1461 5434 1638 5481 autem
1663 5440 1711 5479 vt
1739 5422 1864 5479 Idus
1886 5423 2110 5481 Decem-

513 5524 625 5582 bris
655 5525 707 5580 iu
740 5522 1015 5595 plerisque
1045 5518 1280 5591 antiquis
1337 5512 1739 5574 Veronensibus
1770 5517 2109 5587 manuscrip-

513 5619 582 5673 tis
612 5626 668 5673 et
695 5620 749 5673 in
776 5632 941 5688 parvo
974 5613 1356 5685 Martyrologio
1401 5611 1563 5684 (quod
1593 5610 1916 5668 Franciscus
1945 5610 2108 5666 Maria

521 5713 884 5769 Florentinius
913 5727 981 5768 ex
1014 5725 1116 5766 ms.
1139 5707 1369 5764 Lucensi
1398 5705 1814 5778 llieronymiauo
1841 5701 2109 5778 Martyro-

525 5808 669 5883 logio
694 5807 994 5881 subjectum
1026 5784 1228 5899 publici
1249 5802 1388 5881 juris
1413 5800 1562 5879 fecit)
1589 5798 1877 5867 adnotatur
1906 5799 2114 5863 dedica-

2206 4678 2384 4727 autem
2415 4670 2538 4727 ldus
2569 4669 2879 4726 Decembris
2910 4668 3178 4724 Dedicatio
3203 4669 3435 4725 ecclesia!
3461 4668 3522 4726 S.
3560 4662 3780 4721 Proculi.

2209 4764 2474 4821 eteadem
2506 4766 2662 4835 plane
2711 4763 2780 4819 de
2821 4779 2981 4819 causa
3015 4763 3099 4834 (ut
3130 4762 3181 4818 id
3208 4762 3371 4819 etiam
3401 4760 3677 4830 addamus)
3697 4756 3788 4812 les-

2210 4866 2323 4913 tum
2355 4858 2413 4915 S.
2439 4856 2734 4925 Ambrosii,
2759 4858 2849 4928 qui
2880 4857 3016 4913 obiit
3047 4856 3220 4928 pridie
3240 4855 3426 4912 Nonas
3447 4853 3665 4927 Aprilis,
3687 4847 3789 4904 obi-

2210 4966 2315 5021 que
2361 4960 2560 5023 prazter
2582 4949 3036 5006 Mediolanensem
3066 4948 3368 5005 Ecclesium
3400 4948 3702 5004 celebratur
3727 4954 3790 4995 vtt

2208 5040 2334 5101 ldus
2367 5043 2686 5107 Decembris
2708 5083 2724 5107 .
2756 5041 2810 5101 in
2841 5056 3003 5113 quem
3029 5025 3271 5111 ejusdem
3300 5040 3576 5107 ordinatio
3603 5033 3787 5101 incidit.

2210 5133 2349 5190 Hine
2379 5150 2507 5205 ergo
2541 5134 2863 5205 praeclarum
2888 5141 2943 5199 et
2968 5132 3311 5199 verissimum
3347 5131 3484 5186 illud
3512 5122 3793 5187 Cardinalis

2210 5227 2428 5282 Barouii
2453 5228 2714 5283 monitura
2740 5226 2790 5281 in
2814 5224 3253 5280 adnotationibus
3277 5223 3345 5277 ad
3374 5219 3790 5294 Martyrologium

2209 5320 2298 5377 die
2327 5321 2393 5383 18
2421 5320 2591 5377 Martii
2618 5337 2630 5373 :
2668 5317 2780 5375 Nec
2800 5320 2988 5372 mirum
3014 5342 3027 5384 -,
3059 5318 3103 5377 si
3126 5317 3264 5389 quod
3306 5331 3447 5388 sape
3471 5314 3682 5394 occidit,
3704 5309 3796 5363 alio

2215 5416 2298 5481 die
2330 5417 2384 5470 in
2423 5415 2657 5477 Romano
2688 5412 3080 5493 Martyrologio,
3119 5412 3224 5467 alio
3248 5427 3366 5483 vero
3395 5409 3523 5465 alibi
3549 5408 3613 5477 de
3634 5402 3793 5459 eodem

2213 5513 2380 5583 agitur
2408 5509 2625 5577 Sancto,
2654 5509 2907 5581 siquidem
2933 5507 3124 5562 alicubi
3150 5495 3447 5572 translatio,
3489 5505 3567 5560 vel
3592 5504 3699 5575 ejus
3725 5512 3799 5550 ec—

2214 5604 2382 5662 clesia:
2419 5604 2691 5666 dedicatio,
2724 5602 2824 5668 vel,
2869 5601 3006 5672 quod
3033 5600 3097 5654 de
3122 5597 3398 5671 Episcopis
3426 5594 3636 5659 accidit,
3669 5586 3799 5645 ordi-

2215 5702 2359 5755 natio
2397 5699 2697 5765 celebratur.
2750 5696 2861 5763 lloc
2905 5696 3068 5766 igitur
3094 5703 3405 5763 exterarum
3453 5686 3801 5761 Ecclesiarum

2218 5796 2325 5857 ritu
2348 5793 2406 5852 S.
2457 5793 2693 5859 Zenonis
2716 5790 2892 5855 natale
2917 5788 3304 5859 celebrantium
3334 5786 3425 5849 die
3449 5786 3484 5849 8
3514 5776 3801 5844 Decembris
