3952 6320
198 321 314 375 ίὲιῖ

1041 312 1492 373 DISSERTATIO
1533 312 1617 377 lli,
1662 310 1750 366 DE
1792 310 1849 365 8.
1892 311 2044 366 ΖΕΝ.
2087 309 2288 368 ΑΟΤΙ8
2327 311 2416 368 ET
2454 309 2708 369 (IULTU.

3400 310 3502 365 138

193 438 336 496 nihil
375 438 722 510 impediente,
758 452 877 491 eum
921 435 1008 492 die
1033 452 1106 491 xu
1158 435 1357 507 Aprilis
1385 435 1486 488 vita
1524 432 1790 498 functum,
1821 431 1868 492 Α
1901 445 2096 485 nouem
2121 446 2226 486 non
2255 432 2427 487 solum
2456 447 2561 488 non
2593 430 2828 504 appellat
2854 440 3150 502 martyrem,
3175 427 3268 485 sed
3295 432 3346 483 in
3375 445 3503 500 pare

191 542 251 584 ut
284 532 475 586 omnia
505 530 831 592 Veronensis
863 526 1117 584 Ecclesiae
1145 536 1489 582 monumenta
1513 523 1794 594 cultusque

187 617 355 679 aiinis
381 624 613 695 singulis
653 623 840 684 referri
883 623 1074 678 solitus
1104 628 1389 688 testantur,
1418 619 1550 675 nihil
1577 630 1659 674 est
1689 617 1788 674 du-

187 715 504 772 bitandum.
549 717 698 772 Nunc
725 714 788 768 ad
821 715 948 770 illud
985 723 1146 783 caput
1175 703 1539 769 accedendum
1581 720 1685 774 est,
1737 713 1790 766 in

185 826 300 881 quo
327 810 398 865 de
428 811 618 866 mortis
646 826 842 881 genere
869 811 1150 883 quaeritur,
1180 826 1304 864 num
1331 807 1535 864 scilicet
1559 807 1616 863 S.
1646 806 1791 862 Zeno

182 903 414 976 Martyr,
463 920 531 960 an
577 904 858 960 confessor
893 903 1124 969 obierit;
1169 903 1309 975 quod
1340 918 1459 958 cum
1489 901 1787 973 longiorem

183 997 621 1068 disputationem
665 999 936 1070 postulet,
965 998 1223 1056 distincto
1273 1000 1475 1070 capite,
1532 998 1785 1070 digeren-

179 1089 313 1146 dum
337 1100 444 1147 est.

821 1207 1152 1290 CAPUTIL

423 1338 828 1382 εοιιτιιογειιειλ
859 1338 926 1380 ιιι
955 1338 1229 1382 ΙΔΚΠΗΙΟ
1257 1337 1305 1382 8.
1333 1336 1556 1382 ιυοκιε

708 1420 974 1468 υτιιιιερυε
1006 1418 1262 1459 ΕΧΡΕΝΒΔ.

249 1547 328 1603 Dc
351 1547 610 1620 martyris
634 1546 810 1612 titulo,
833 1562 938 1617 quo
961 1544 1019 1602 S.
1047 1546 1195 1602 Zeno
1219 1546 1460 1618 insigniri
1486 1549 1643 1614 solet,
1673 1546 1783 1603 dis-

171 1641 444 1711 putaturi,
479 1656 597 1696 rem
633 1640 848 1696 invidia:
883 1641 1096 1711 plenam
1130 1639 1495 1711 ingredimur;
1529 1642 1581 1696 in
1605 1656 1705 1716 qua
1736 1640 1781 1696 si

169 1735 539 1790 aliirrnaveris
570 1742 884 1807 martyrem,
917 1744 972 1788 et
1002 1749 1106 1788 non
1139 1734 1271 1788 satis
1302 1732 1511 1788 idoneis
1540 1734 1782 1789 testimo-

1827 519 1830 524 ’
1901 531 2154 594 receptam
2186 523 2327 594 (quae
2369 524 2595 579 formula
2635 524 3006 606 confessorum
3036 534 3262 578 mortem
3294 522 3500 592 signifi-

1896 629 2021 670 care
2061 615 2224 685 solet)
2254 624 2500 679 testatur,
2544 617 2677 674 nihil
2705 627 2894 672 contra
2925 615 3245 686 Gregorium
3279 625 3494 684 potest;

1894 721 1958 762 ac
1985 708 2210 778 proinde
2238 709 2462 763 nihilum
2497 711 2695 779 pariter
2721 711 2922 775 valent,
2951 725 3072 780 qua:
3113 725 3177 764 ex
3225 709 3384 764 simili
3412 707 3494 762 lo-

1893 798 2113 855 cutione
2136 801 2250 855 sive
2281 799 2521 856 Monachi
2548 799 2864 865 Zenoniaui,
2885 802 2999 858 sive
3022 800 3171 858 Petri
3191 799 3258 858 de
3290 799 3496 853 Natali-
3545 803 3550 810 '

1893 893 2014 961 bus,
2043 895 2156 948 sive
2184 894 2434 959 aliorum,
2463 895 2551 964 qui
2579 909 2608 948 a
2627 892 2898 951 Coronato
2929 894 3104 966 palam
3125 903 3493 965 sumpserunt,

1891 985 2070 1056 colligi
2095 995 2148 1041 et
2175 987 2387 1042 obtrudi
2423 995 2666 1056 possent.

1951 1079 2160 1138 Paulus
2206 1080 2494 1144 Diaconos,
2523 1079 2616 1150 qui
2647 1081 2866 1136 ineunte
2907 1095 2962 1136 ιι
3001 1081 3199 1137 saeculo
3251 1081 3492 1151 scripsit,

1822 1217 1825 1220 .
1890 1172 2032 1229 idem
2063 1173 2281 1229 Athesis
2306 1174 2620 1230 miraculum
2647 1174 2964 1230 describens
2989 1175 3083 1232 lib.
3115 1192 3172 1234 ιιι
3221 1176 3287 1232 de
3313 1175 3494 1234 Gestis

1889 1265 2401 1338 Longohardorum,
2431 1283 2548 1338 cap.
2587 1268 2657 1324 23
2679 1311 2692 1334 ,
2725 1267 2783 1323 8.
2835 1268 3081 1340 Gregorii
3130 1270 3306 1341 Magni
3359 1287 3492 1326 auc-

1889 1361 2183 1427 toritatem,
2208 1377 2367 1432 quam
2394 1363 2611 1434 allegat,
2641 1371 2880 1429 secutus,
2907 1363 2966 1419 S.
2995 1364 3264 1420 Zenonem
3293 1376 3492 1436 martgc

1885 1475 1994 1512 rem
2021 1458 2228 1529 pariter
2256 1467 2412 1514 vocat
2437 1476 2451 1513 :
2476 1468 2530 1513 et
2556 1459 2804 1514 similiter
2846 1458 3080 1516 Joannes
3123 1459 3388 1516 Diaconos
3437 1461 3490 1516 in

1890 1550 2008 1606 Vita
2039 1553 2280 1622 ejusdem
2305 1553 2573 1625 Gregorii,
2604 1565 2725 1626 post
2748 1556 2982 1611 medium
3007 1572 3204 1611 nonum
3229 1555 3488 1613 szeculum

1887 1657 2126 1712 exarata,
2158 1647 2248 1702 lib.
2285 1664 2330 1710 ι,
2389 1665 2536 1703 num.
2592 1649 2684 1716 35,
2745 1650 2965 1706 totidem
3005 1649 3252 1722 Gregorii
3304 1652 3488 1706 verbis

1887 1737 1945 1793 S.
1962 1738 2219 1794 Zenonem
2236 1750 2508 1812 martyrem
2533 1752 2686 1812 atque
2707 1744 3001 1814 pontiﬁcem
3021 1745 3281 1798 nominat.
3310 1744 3490 1800 Raba-

169 1829 277 1884 niis
312 1826 656 1900 probaveris,
691 1828 959 1900 vulgatam
987 1829 1297 1898 opinionem
1333 1828 1514 1883 fovere
1544 1829 1780 1883 voluisse
1811 1841 1856 1902 Β
1888 1847 1986 1887 nus
2012 1832 2062 1887 iu
2089 1832 2468 1906 Martyrologio
2498 1844 2688 1905 quater
2713 1834 2948 1890 Zenonis
2978 1836 3242 1900 meminit,
3271 1849 3488 1906 quater-

168 1924 482 1988 videberis,
522 1940 620 1978 nec
650 1923 928 1978 doctorum
975 1923 1252 1978 hominum
1301 1923 1777 1993 reprehensionem

166 2017 422 2088 ell'ugies,
455 2026 508 2071 et
539 2016 916 2089 religiosorum
947 2018 1113 2072 multo
1139 2018 1337 2082 minus,
1363 2017 1560 2087 quippe
1585 2019 1777 2088 quibus

165 2126 283 2165 rem
319 2109 541 2164 dubiam
576 2110 628 2164 in
676 2109 761 2174 iis,
795 2125 914 2180 qua:
942 2110 1008 2164 ad
1041 2110 1360 2166 Sanctorum
1396 2111 1778 2182 pratrogativas

167 2201 219 2256 id
251 2200 475 2272 generis
506 2202 796 2271 pertinent,
839 2211 991 2256 certo
1019 2217 1336 2273 promovere
1364 2201 1629 2272 piaculum
1660 2215 1772 2269 est;

164 2298 207 2351 si
242 2312 378 2351 vero
406 2311 437 2352 e
466 2304 652 2350 contra
681 2297 960 2367 negaveris
989 2307 1280 2368 martyrem
1303 2340 1317 2362 ,
1355 2297 1612 2367 majorem
1667 2297 1775 2351 for-

168 2393 339 2447 tassis
387 2406 494 2447 non
533 2392 708 2446 Solum
737 2392 902 2463 vulgi,
953 2407 1110 2462 quam
1143 2392 1352 2461 piorum
1376 2392 1771 2462 quamplurium

164 2487 531 2544 offensionem
587 2485 786 2557 paries,
833 2485 922 2556 qui
964 2493 1016 2541 te
1054 2495 1106 2540 et
1139 2486 1196 2542 S.
1251 2485 1578 2541 Protectoris
1605 2487 1770 2543 cultui

164 2581 473 2647 inimicum,
505 2589 558 2635 et
590 2579 820 2647 plurium
861 2578 1182 2634 saeculorum
1226 2579 1522 2642 traditioni,
1558 2580 1630 2633 uti
1678 2595 1772 2634 vo-

163 2686 310 2740 cant,
347 2691 446 2731 nec
471 2692 576 2730 non
601 2674 928 2730 Veronensis
952 2673 1209 2729 Ecclesia:
1236 2671 1429 2728 oﬂlciis
1458 2669 1765 2739 adversum,

166 2769 494 2824 temeritatis
534 2781 708 2836 reum,
743 2766 992 2822 novitatis
1026 2765 1291 2821 fautorem
1314 2808 1328 2834 ,
1362 2776 1416 2822 et
1445 2767 1581 2822 forte
1605 2767 1765 2823 etiam

166 2863 446 2934 religionis
483 2876 546 2917 ac
576 2849 790 2931 pietatis
817 2861 1134 2914 violatorem
1169 2859 1470 2914 traducent.
1505 2858 1629 2916 llaec
1669 2877 1766 2916 nos

167 2955 412 3026 pericula
444 2939 694 3025 utrinque
720 2953 1083 3023 impendentia
1101 2951 1385 3023 diligenter
1412 2953 1762 3026 consideran-

165 3057 265 3111 tes,
320 3063 446 3101 num
478 3046 546 3101 ab
596 3046 693 3102 hac
731 3045 1099 3115 disputatione
1153 3044 1426 3100 abstinere
1465 3054 1760 3115 oporteret,

164 3127 340 3212 primo
356 3140 570 3212 quidem
594 3140 917 3212 aliquamdiu
940 3141 1302 3196 dubitavimus
1325 3161 1337 3196 ;
1357 3150 1468 3196 tum
1491 3155 1618 3196 vero
1640 3155 1761 3195 cum

1882 1941 1988 1996 que
2009 1927 2249 1998 martyris
2279 1929 2496 1984 nomine
2521 1928 2771 1984 eumdem
2797 1938 3087 2000 nuncupat.
3123 1927 3484 1985 Wandelbcr—

1882 2028 1967 2073 tus
1998 2021 2047 2073 in
2083 2019 2211 2074 Mart
2222 2022 2466 2092 yrologio
2491 2021 2714 2078 Metrico
2738 2023 2940 2092 scripto
2966 2039 3054 2077 an.
3081 2022 3206 2085 842,
3231 2024 3374 2094 quod
3400 2025 3482 2078 iu-

1881 2120 2086 2180 tegrum
2115 2112 2316 2167 editum
2342 2124 2424 2168 est
2446 2123 2576 2168 tom.
2614 2130 2649 2169 ιι
2678 2112 2950 2186 Spicilegii
2986 2114 3300 2182 Acheriani,
3330 2116 3416 2170 die
3447 2118 3480 2170 8

1882 2203 2190 2260 Decembris
2229 2203 2502 2262 Zenonem
2552 2221 2796 2264 nostrum
2838 2210 3156 2279 appellans,
3201 2221 3480 2282 martyrem

1878 2307 2053 2354 vocat.
2101 2298 2307 2354 Eodem
2345 2302 2545 2356 ste-culo
2571 2301 2861 2358 Notkerius
2889 2303 2940 2358 iu
2973 2305 3358 2376 Martyrologio
3381 2320 3481 2374 per

1875 2389 2146 2445 Canisium
2178 2394 2516 2463 promulgan
2549 2405 2680 2450 tom.
2710 2412 2747 2451 ιι
2803 2399 2982 2470 Autiq.
3016 2398 3188 2464 Lect.,
3217 2407 3353 2469 part.
3389 2415 3473 2465 ιιι,

1876 2484 2182 2538 novissima:
2202 2486 2473 2553 editionis,
2507 2497 2617 2542 tum
2677 2491 2848 2560 pridie
2879 2491 3001 2547 ldus
3032 2494 3250 2562 Aprilis,
3276 2501 3386 2547 tum
3413 2510 3469 2548 ιιι

1871 2575 1988 2632 Cal.
2018 2578 2158 2635 Junii
2190 2581 2247 2637 8.
2275 2583 2509 2640 Zenonis
2534 2588 2863 2642 mentionem
2893 2587 3121 2655 faciens,
3146 2590 3195 2644 ei
3225 2591 3472 2661 martyris

1873 2669 2084 2727 titulum
2135 2689 2350 2745 semper
2389 2680 2630 2748 apponit.
2672 2679 2951 2736 Usuardus
2990 2697 3059 2737 ex
3101 2698 3204 2737 ms.
3245 2683 3302 2738 S.
3334 2683 3472 2738 Ger-

1871 2765 2012 2818 mani
2043 2776 2319 2838 martyrem
2362 2771 2564 2839 pariter
2609 2781 2793 2839 vocat,
2827 2773 2880 2828 in
2906 2788 3015 2844 quo
3043 2784 3222 2830 tamen
3253 2775 3469 2831 Bollan-

1868 2856 2022 2911 disne
2055 2873 2160 2914 uon
2196 2860 2402 2918 levibus
2425 2866 2760 2934 argumentis
2789 2875 3111 2937 repugnant.
3145 2867 3281 2922 Cum
3313 2870 3466 2924 enim

1867 2952 2205 3008 contendunt
2235 2954 2383 3010 illum
2416 2970 2516 3010 ms.
2549 2971 2656 3012 non
2688 2973 2810 3013 esse
2842 2958 3015 3027 ipsum
3045 2958 3462 3030 autograpbum,

1869 3045 1941 3098 uti
1973 3046 2129 3115 vulgo
2161 3047 2407 3113 traditur,
2443 3049 2672 3106 Usuardi
2706 3052 2931 3118 librum;
2966 3060 3078 3108 tum
3118 3070 3246 3109 vero
3270 3070 3334 3110 ex
3357 3055 3465 3111 alio

1869 3140 2149 3194 velustiori
2177 3143 2366 3198 codice
2407 3143 2726 3200 'additioues
2757 3162 2858 3201 ms.
2901 3147 3352 3218 Sangermaneusi
3394 3152 3463 3205 ab

162 3235 213 3289 id
244 3235 360 3292 fieri
393 3252 498 3292 non
531 3251 690 3307 posse
719 3236 1012 3301 sensimus,
1034 3246 1172 3291 utne
1196 3235 1425 3292 celebris
1445 3248 1758 3293 conn-over-
1787 3242 1830 3306 ρ
1865 3229 1984 3288 aliis
2015 3233 2240 3287 insertas
2273 3235 2475 3301 volunt,
2517 3246 2567 3292 et
2613 3240 2750 3293 inter
2777 3239 2872 3295 has
2901 3241 2960 3297 S.
2995 3240 3233 3297 Zenonis
3262 3258 3458 3299 nomen

161 3329 236 3384 sia
268 3331 464 3386 intacta
493 3331 908 3402 relinqueretur,
941 3339 998 3386 et
1025 3330 1333 3387 dissertatio
1362 3331 1430 3388 de
1448 3333 1553 3388 vita
1568 3333 1624 3391 S.
1654 3335 1763 3389 An-

161 3426 347 3481 tistitis
369 3425 683 3496 imperfecta
711 3424 985 3496 prodiret;
1012 3441 1118 3496 quo
1142 3436 1428 3497 utrumque
1459 3427 1762 3485 declinare-

159 3533 277 3571 mus
323 3519 655 3590 periculum,
711 3533 829 3574 eam
881 3519 1096 3573 tandem
1151 3519 1440 3575 iucundam
1503 3521 1759 3579 duximus

159 3614 324 3670 viam.
372 3623 429 3667 ut
475 3613 650 3669 allatis
683 3614 733 3668 in
786 3614 1021 3669 medium
1079 3613 1460 3682 documentis,
1507 3631 1626 3687 qua:
1659 3633 1757 3687 pro

167 3715 393 3778 utraque
426 3716 574 3778 parte
612 3717 922 3779 suppetunt,
955 3712 1142 3780 eisque
1175 3718 1286 3763 toto
1319 3709 1369 3763 in
1399 3709 1599 3766 lumine
1645 3713 1756 3765 col-

157 3797 350 3853 locatis
397 3815 493 3855 nos
540 3799 855 3857 decidamus
899 3801 1054 3868 nihil,
1101 3801 1196 3858 sed
1239 3802 1499 3859 lectorum
1526 3803 1751 3876 judicio,

154 3890 295 3960 quod
353 3906 455 3946 non
485 3891 704 3948 difficile
749 3892 875 3949 ferri
906 3894 1135 3966 poterit,
1182 3895 1361 3951 omnia
1392 3898 1748 3953 remittamus.

185 4067 310 4142 [cxx
325 4071 396 4143 ιιι
421 4070 964 4145 §I.—Proponttntur
977 4089 1276 4149 argumenta
1293 4097 1386 4151 pro
1401 4081 1710 4136 vindicando

289 4163 358 4220 S.
388 4164 606 4222 Zenonis
630 4170 901 4240 martyrio,
923 4178 974 4224 et
996 4173 1252 4227 contraria
1272 4173 1597 4247 refelluntur.

215 4323 271 4379 lo
300 4323 488 4394 primis
511 4341 632 4397 quae
654 4342 756 4398 pro
782 4331 1041 4402 martyrio
1064 4342 1210 4398 sunt,
1239 4344 1585 4390 monumenta
1612 4349 1746 4391 con-

151 4415 473 4474 siderantur.
523 4418 582 4475 S.
626 4418 922 4490 Gregorius
971 4423 1192 4494 Magnus
1234 4428 1474 4482 omnium
1521 4429 1740 4484 testium

149 4508 570 4581 antiquissimus,
625 4512 684 4569 8.
730 4514 1002 4572 Zenonem
1041 4529 1318 4590 martyrem
1372 4523 1456 4577 bis
1506 4523 1742 4593 appellat

149 4600 238 4656 lib.
283 4617 340 4710 In
388 4603 750 4710 Dialogorum,
793 4621 843 4661 c.
894 4609 981 4676 l9,
1038 4611 1132 4710 ubi
1172 4613 1461 4668 iudicatum
1518 4615 1736 4671 Athesis
1765 4636 1816 4706 ι)
1843 4600 1974 4680 tom.
2002 4600 2049 4682 Ἰν
2092 4629 2288 4685 Rerum
2337 4632 2640 4691 ltalicarum
2682 4654 2800 4710 pag.

147 4698 483 4765 exundantis,
516 4710 571 4755 et
599 4701 666 4754 ad
693 4701 913 4770 januam
939 4703 1183 4760 ecclesias
1221 4705 1280 4762 8.
1309 4707 1542 4763 Zenonis
1579 4725 1739 4782 aper-

149 4797 252 4843 tam
297 4794 486 4848 stantis
529 4794 844 4852 miraculum
873 4795 1150 4856 describit.
1184 4798 1365 4854 Primo
1407 4800 1490 4856 his
1519 4804 1732 4859 verbis:

149 4883 296 4954 Apud
330 4885 666 4943 Veronensem
695 4891 871 4946 urbem
907 4893 1098 4962 ﬂuvius
1126 4893 1326 4948 Athesis
1350 4911 1640 4952 excrescens
1667 4899 1736 4952 ad

149 4973 206 5028 Β.
253 4976 471 5035 Zenonis
513 4983 756 5052 martyris
791 4993 944 5054 atque
980 4987 1240 5056 pontiﬁcis
1280 4989 1546 5043 ecclesiam
1576 4999 1728 5048 venit.

148 5067 342 5125 Deinde
371 5090 385 5125 :
417 5073 574 5130 Stans
606 5084 780 5130 autem
813 5086 931 5130 ante
964 5080 1182 5148 januam
1203 5121 1219 5147 ,
1253 5080 1323 5133 ad
1365 5082 1729 5137 ostendendum

146 5165 335 5216 cunctis
358 5169 590 5220 meritum
619 5171 894 5240 martyris,
927 5180 974 5225 et
999 5187 1133 5239 aqua
1152 5181 1280 5239 erat,
1313 5183 1420 5228 etc.
1456 5173 1580 5230 llaec
1607 5192 1726 5231 om-

148 5255 286 5310 nium
319 5266 424 5314 tum
454 5262 740 5326 editorum.
773 5277 894 5318 cum
927 5279 1056 5318 mss.
1079 5275 1164 5322 est
1189 5267 1384 5332 lectio;
1412 5270 1551 5324 inter
1578 5271 1728 5326 codi-

145 5359 232 5402 ces
272 5357 448 5406 autem
496 5355 875 5411 memorandus
905 5357 1202 5428 praesertim
1246 5368 1586 5426 pervetustus
1637 5363 1728 5421 ille

147 5451 339 5495 nostra!
369 5443 701 5503 bibliothecae
729 5450 1073 5518 Capituiaris,
1124 5449 1177 5504 iu
1205 5467 1312 5522 quo
1351 5455 1594 5525 martyris
1623 5472 1721 5512 no-

146 5548 260 5588 men
290 5536 456 5604 palam
480 5538 693 5608 legitur.
725 5539 860 5596 Cum
889 5541 946 5599 8.
976 5542 1240 5615 Gregorio
1263 5561 1443 5618 neque
1468 5550 1539 5603 ob
1577 5551 1722 5606 anti-

144 5629 410 5697 quitatem,
441 5647 616 5701 neque
642 5634 710 5690 ob
735 5636 1103 5693 auctoritatem
1129 5641 1488 5699 couiereudus
1517 5654 1600 5700 est
1618 5645 1721 5701 Co-

145 5733 357 5778 ronatns
376 5725 648 5793 Notarius,
675 5730 765 5799 qui
793 5732 915 5788 aliis
937 5734 991 5789 iu
1017 5737 1180 5796 rebus
1206 5753 1310 5795 non
1341 5743 1483 5796 nulla
1507 5742 1638 5800 falsa
1665 5755 1719 5802 et

145 5816 458 5888 incredibilia
490 5826 744 5894 inseruit:
778 5831 1004 5905 ejusque
1035 5837 1421 5908 testimonium,
1473 5857 1582 5916 quo
1615 5844 1717 5914 Ze-

1863 3336 1964 3378 nec
2004 3338 2108 3378 non
2139 3325 2385 3398 Martyris
2415 3329 2624 3384 titulum
2664 3331 2866 3386 Zenoni
2910 3335 3218 3403 appositum
3266 3351 3457 3391 recen-

1861 3425 2004 3480 sent,
2040 3427 2334 3488 putantque
2362 3420 2660 3476 Usuarduiu
2697 3424 2852 3494 hujus
2883 3427 3053 3480 sancti
3079 3427 3278 3482 nullam
3308 3444 3458 3483 meu-

1861 3506 2063 3561 tionem
2093 3507 2304 3576 fecisse,
2334 3513 2488 3567 sicuti
2523 3515 2724 3570 nullam
2753 3515 2950 3571 iaciunt
2986 3533 3083 3574 nec
3117 3518 3328 3585 Florus,
3357 3536 3456 3576 nec

1857 3601 2122 3667 genuinus
2175 3603 2292 3656 Atio
2333 3618 2364 3657 a
2395 3604 2686 3661 Rosweido
2730 3609 2904 3664 editus
2954 3621 3084 3666 tom.
3128 3629 3214 3667 xvr
3247 3613 3452 3668 Biblio-

1859 3690 2029 3747 theca:
2050 3693 2291 3764 Patrum,
2320 3713 2418 3753 nec
2438 3701 2806 3758 authenticum
2830 3704 2987 3764 Beda:
3012 3705 3452 3779 Martyrologium

1855 3784 1920 3838 ab
1948 3786 2139 3842 iisdem
2191 3789 2536 3848 Bollamlistis
2564 3796 2863 3867 vulgatum,
2905 3800 2952 3854 id
2985 3801 3126 3872 quod
3160 3807 3452 3858 confirma.

1856 3886 1942 3934 tur
1968 3895 2032 3936 ex
2056 3883 2278 3954 antiquo
2298 3882 2529 3956 Capituli
2564 3887 2894 3947 Veronensis
2915 3895 3100 3949 codice
3127 3895 3268 3950 idem
3293 3897 3452 3953 Beda:

1853 3974 2290 4048 Martyrologium
2321 3982 2656 4050 continente,
2689 3985 2742 4039 in
2774 4001 2879 4057 quo
2914 3989 3150 4042 secunda
3199 4006 3357 4045 manu
3387 3993 3445 4047 8.

1850 4063 2086 4122 Zenonis
2129 4086 2324 4126 nomen
2361 4073 2600 4131 additum
2639 4078 2824 4148 liquet.
2859 4079 3109 4152 Martyris
3139 4092 3316 4138 tamen
3353 4101 3449 4137 no-

1849 4174 1973 4215 men
2005 4161 2197 4234 legitur
2223 4168 2361 4236 apud
2391 4179 2668 4225 auctorem
2699 4172 3076 4245 Martyrologii,
3112 4178 3254 4249 quod
3289 4179 3469 4247 Berlin,

1846 4252 2008 4322 vulgo
2046 4256 2320 4324 tribuitur,
2352 4269 2406 4315 et
2435 4261 2524 4316 die
2549 4261 2584 4318 8
2638 4264 2946 4321 Decembris
2987 4269 3039 4322 in
3076 4269 3445 4329 additiouihus

1845 4346 1912 4400 ad
1940 4347 2378 4424 Martyrologium
2407 4353 2632 4420 Adonis,
2675 4367 2728 4411 et
2756 4359 2807 4414 in
2840 4359 3109 4432 plerisque
3138 4365 3441 4434 codicibus,

1843 4441 1931 4510 qui
1954 4452 2169 4498 auctum
2198 4451 2252 4500 et
2296 4448 2675 4518 interpolatum
2709 4452 3002 4520 praeferunt
3029 4455 3255 4511 lisuurdi
3299 4458 3442 4512 Mar-

1845 4535 2187 4606 tyrologium.
2230 4538 2284 4594 in
2315 4539 2642 4598 Calendario
2670 4548 2902 4601 cmuobii
2930 4547 3268 4607 Cassiuensis
3295 4555 3442 4610 etlito

2839 4642 2964 4706 $256,
3018 4660 3204 4702 mense
3245 4649 3437 4719 Aprili,

1841 4719 1991 4775 Zeno
2018 4725 2266 4795 martyrio
2297 4739 2568 4785 coronatus
2599 4733 2796 4788 dicitur
2822 4778 2836 4801 ,
2875 4748 2926 4791 et
2969 4740 3219 4796 similiter
3249 4745 3299 4796 in
3333 4745 3440 4798 alio

1837 4813 2160 4874 Calendario
2183 4861 2198 4884 ,
2228 4820 2370 4889 quod
2403 4825 2748 4892 pra-mittitur
2775 4827 3207 4887 Sacramentario
3234 4835 3438 4906 Grego-

1837 4907 1990 4961 riano
2018 4923 2118 4964 ms.
2151 4913 2329 4966 steeuli
2362 4929 2432 4976 ur,
2469 4915 2612 4971 inter
2645 4919 2888 4975 Vatieaa.
2942 4938 3091 4980 num.
3139 4927 3301 4995 3806,
3336 4943 3431 4984 eo-

1835 5000 1955 5056 dem
2011 5019 2197 5060 meuse
2229 5006 2425 5077 legitur
2452 5009 2632 5066 Sancti
2655 5011 2879 5070 Zenonis
2910 5021 3175 5090 martyris.

1910 5097 2178 5156 Hactenus
2209 5104 2517 5161 constitutis
2549 5124 2737 5182 magna
2771 5118 2968 5185 opponi
3003 5120 3138 5175 solet
3169 5122 3428 5193 ohjectio,

1834 5191 1952 5263 quae
1981 5198 2266 5252 maximam
2326 5211 2521 5270 praeter
2551 5215 2774 5262 crateras
2818 5212 2921 5266 vim
2968 5212 3168 5272 habere
3196 5191 3425 5278 videtur.

1834 5285 2040 5342 Dicitur
2067 5304 2196 5360 ergo
2225 5292 2552 5352 Veronensis
2583 5299 2843 5369 Ecclesia,
2878 5322 2996 5377 quae
3011 5309 3078 5366 de
3093 5313 3173 5367 sui
3207 5314 3426 5372 Patroni

1831 5393 1894 5435 ac
1916 5383 2150 5480 episcopi
2175 5390 2437 5480 martyrio
2467 5391 2534 5460 (si
2559 5394 2773 5464 quidem
2798 5413 3002 5475 martyr
3033 5406 3278 5479 obiisset)
3316 5426 3426 5480 ιιι-τε

1829 5473 2077 5530 omnibus
2108 5478 2308 5536 rescire
2355 5481 2573 5550 debuit,
2626 5505 2746 5544 eum
2793 5473 3158 5552 confessorem
3207 5473 3425 5573 semper

1828 5569 2151 5638 appellasse,
2187 5589 2290 5629 non
2324 5587 2641 5650 martyrem,
2673 5594 2726 5640 et
2755 5587 2827 5640 uti
2855 5588 3220 5645 confessorem
3255 5595 3305 5649 in
3330 5569 3418 5652 of.

1827 5661 1959 5719 liciis
1975 5673 2134 5736 atque
2150 5668 2197 5722 in
2218 5671 2395 5724 missis
2417 5674 2581 5729 coluit
2603 5677 2668 5732 ad
2688 5679 2962 5752 Aloysium
2981 5681 3204 5756 [cxxxu]
3226 5685 3420 5759 Lippo-

1826 5773 2044 5815 manum
2069 5761 2387 5835 episcopum
2412 5782 2601 5839 usque,
2623 5773 2711 5842 qui
2737 5775 2874 5829 circa
2905 5769 3137 5833 medium
3162 5761 3414 5843 szeculutn

1826 5869 1937 5925 xvi,
1974 5856 2146 5923 veteri
2169 5855 2273 5915 ritu
2301 5871 2669 5933 commutato,
2703 5867 2881 5942 officia
2913 5883 2966 5949 et
2990 5875 3183 5953 missas
3203 5879 3270 5937 de
3302 5863 3420 5974 mia;
