3998 6332
513 341 619 400 159

1872 340 2407 401 PROLEGOMENA.
3134 322 3143 331 ’
3665 352 3749 408 ltiti

513 466 633 531 tyre
666 457 1020 516 celebrandas
1061 458 1269 532 primus
1313 456 1593 514 instituit:
1625 455 1910 528 eidemque
1936 454 2108 513 veteri
2134 461 2405 530 Agantur
2444 458 2584 515 inter
2621 458 2735 515 dies
2776 475 2903 528 vnt,
2939 476 3015 517 vu
3060 470 3116 516 et
3177 476 3228 516 vt
3284 458 3395 518 Cal.
3462 462 3616 521 Julii:
3649 464 3753 522 licio

510 556 638 613 ritui
665 571 787 614 sese
807 557 1209 614 conformantes
1236 555 1447 627 aliquot
1483 562 1727 611 externae
1754 568 1970 626 quoque
2012 554 2113 609 Ec-

510 649 697 706 clesia:
720 665 841 719 cap.
884 650 942 716 4,
970 649 998 723 §
1043 650 1081 705 Ξ
1104 662 1159 705 et
1181 651 1236 715 5,
1260 648 1580 717 indicandae,
1607 664 1728 721 quae
1755 648 1899 705 diem
1926 650 1985 704 8.
2011 647 2114 704 Ze-

511 744 670 798 nonis
720 743 917 801 festum
967 743 1198 816 singulis
1236 745 1395 804 annis
1434 759 1503 799 ex
1547 744 1771 814 antiqua
1823 743 2111 814 disciplina

509 834 920 905 concelebrant,
952 835 1304 903 confessoris,
1337 851 1443 892 non
1486 851 1618 891 vero
1656 834 1908 908 martyris
1937 834 2112 890 ofﬁcia

514 935 572 983 et
596 929 793 985 missas
823 929 873 984 id
903 945 1118 1000 quoque
1145 930 1402 1000 temporis
1428 936 1705 1001 peragunt.
1755 928 1827 985 At
1860 927 1989 985 huic
2016 930 2116 986 ob-

502 1021 727 1095 ieetioni
751 1023 930 1079 ducta:
954 1040 1022 1081 ex
1047 1024 1375 1081 Veronensis
1395 1025 1698 1094 praesertim
1726 1023 1988 1080 Ecclesim
2008 1024 2113 1080 ritu

508 1134 669 1190 quem
695 1120 829 1175 alias
858 1120 1136 1175 Ecclesias
1167 1120 1485 1185 subsectuas
1523 1128 1767 1190 apparet,
1802 1118 1975 1174 facilis
2030 1134 2116 1176 re-

511 1215 741 1283 sponsio
767 1220 872 1270 est.
903 1213 1036 1270 Nam
1068 1222 1268 1286 praeter
1306 1229 1465 1285 quam
1494 1212 1639 1284 quod
1675 1213 1726 1267 in
1759 1210 1966 1282 Carpso
2011 1225 2114 1268 ms.

510 1302 846 1361 Veronensis
890 1305 1154 1362 Ecclesia:
1200 1319 1343 1360 nunc
1381 1318 1551 1375 nuper
1586 1302 1940 1360 memorando
1976 1303 2117 1358 auti-

508 1400 708 1470 phonm
736 1399 804 1455 ad
842 1400 1147 1466 introitum,
1179 1398 1552 1462 Oﬁ‘ertoriuui,
1585 1405 1641 1453 et
1669 1397 2116 1453 (lommunionem

510 1508 610 1565 pro
640 1494 779 1551 festo
819 1494 879 1551 8.
916 1492 1154 1551 Zenonis
1185 1495 1236 1549 in
1278 1494 1440 1549 missa
1482 1492 1805 1558 recitandae,
1847 1506 1928 1547 eae
1978 1490 2118 1545 indi—

512 1597 743 1654 cantur,
765 1601 891 1658 quas
930 1587 1012 1642 vel
1060 1601 1202 1643 nunc
1242 1586 1294 1640 iu
1327 1586 1508 1641 missis
1538 1596 1837 1656 martyrum
1870 1582 2119 1638 Pasehali

457 1732 465 1741 _
518 1687 765 1750 tempore
812 1678 922 1734 dici
966 1679 1161 1746 solent,
1207 1688 1263 1736 et
1305 1677 1557 1734 similiter
1587 1677 1641 1733 in
1672 1674 2014 1732 Lectionario
2055 1673 2114 1729 8.

508 1771 825 1843 Ευριιθηιὶω
850 1772 1064 1828 laudato
1091 1772 1143 1828 in
1175 1770 1399 1828 scholiis
1430 1788 1459 1827 a
1490 1770 1727 1840 Baptism
1747 1769 1986 1835 Peretto,
2020 1782 2120 1839 pro

2214 551 2492 622 emergitur
2518 550 2795 624 Oprandus
2814 551 3239 625 Archipresbyter
3260 551 3312 607 Μ
3320 552 3451 609 CLX
3466 552 3554 609 γι.

2292 643 2369 698 γι
2381 686 2392 699 .
2470 643 2560 699 Id.
2590 644 2811 717 Augusti
2841 657 2883 702 Θ
2912 645 3125 702 Beatria:
3149 644 3450 704 MCLXXI.

2299 736 2357 792 V.
2474 735 2561 791 Id.
2596 735 2829 793 Octobris
2863 736 2989 793 Nat.
3020 739 3083 794 8.
3125 738 3374 795 Placidia:
3407 738 3465 794 V.
3497 741 3616 797 etin
3643 758 3759 799 mar-

2215 828 2338 900 gine
2370 828 2754 885 Institutio.....
2784 828 3041 887 MCLXX
3057 830 3119 887 V.

2290 920 2393 974 IV.
2474 920 2559 976 Id.
2602 923 2795 992 Aprilis
2862 924 3037 979 electio
3094 923 3310 994 Adriani
3374 924 3761 998 Archipresbytcri

2217 1013 2527 1072 MCLXXX
2544 1016 2636 1071 γι.

2301 1107 2428 1162 VII.
2470 1108 2557 1163 Id.
2585 1108 2737 1164 Junii
2760 1112 3075 1165 consecratio
3116 1110 3333 1167 Adriani
3370 1111 3763 1186 Archipresbgteri

2216 1202 2271 1258 in
2298 1204 2647 1275 presbyterum
2675 1203 2731 1257 Μ
2737 1202 2984 1259 CLXXX
3000 1203 3074 1259 γι
3083 1246 3097 1260 .

2289 1297 2345 1352 ln
2379 1298 2534 1368 hujus
2571 1312 2703 1368 ergo
2733 1296 2916 1369 (Σανρεὶ
2955 1297 3279 1355 (Islendario
3307 1298 3421 1356 haec
3447 1298 3499 1356 in
3534 1314 3638 1356 rem
3663 1313 3767 1355 nos-

2221 1397 2356 1442 tram
2387 1388 2698 1444 scribuntur
2726 1407 2740 1442 :

2290 1476 2396 1533 IV.
2504 1478 2685 1536 Nonas
2714 1479 2870 1537 Febr.
2904 1480 3088 1538 Sancti
3118 1480 3276 1537 Blasii
3298 1483 3433 1554 conf.

2302 1570 2468 1628 VIII.
2502 1572 2618 1630 Cal.
2654 1573 2787 1649 Μαλὶ
2813 1574 2875 1630 8.
2899 1575 3163 1631 Adalberti
3192 1581 3333 1648 conf.

2294 1663 2440 1721 Non.
2471 1666 2620 1721 Junii
2648 1666 2687 1724 S
2736 1664 2997 1736 Bonifacii
3026 1667 3152 1740 Epi.
3176 1679 3221 1724 et
3249 1672 3388 1743 conf.

2303 1758 2397 1812 γΙ.
2505 1760 2619 1815 Cal.
2648 1758 2803 1816 Julii.
2839 1759 2967 1816 Nat.
3002 1759 3091 1819 Ss.
3132 1761 3354 1817 Joannis
3392 1772 3440 1817 et
3468 1760 3613 1817 Pauli
3649 1778 3709 1816 m.
3737 1769 3775 1815 et

503 1866 594 1923 die
621 1866 991 1922 translationis
1032 1866 1090 1924 S.
1134 1865 1371 1921 Zenonis
1408 1866 1725 1937 adsignatur
1754 1863 2107 1934 Evangelium
2139 1852 2187 1913 B
2215 1851 2288 1912 S.
2324 1850 2503 1924 Vigilii
2530 1854 2671 1924 conf.

509 1956 628 2032 Ego
660 1954 775 2013 sum
794 1960 912 2014 vilis
938 1975 1079 2027 vera,
1107 1958 1248 2029 quod
1275 1959 1437 2013 hodie
1460 1958 1660 2027 pariter
1682 1956 1734 2011 in
1764 1954 1954 2011 iisdem
1987 1955 2117 2011 mis-

506 2052 586 2107 sis
612 2051 971 2108 Paschalibus
999 2063 1297 2124 martyrum
1325 2052 1635 2112 recitamus.
1662 2049 1716 2105 in
1758 2048 2116 2119 eamdemque

512 2159 630 2202 rem
659 2161 723 2202 ex
748 2146 857 2202 alio
888 2162 991 2202 ms.
1021 2145 1222 2202 Missali
1249 2145 1567 2201 monasterii
1594 2142 1652 2201 8.
1694 2143 1928 2199 Zenonis
1953 2143 2115 2199 disci-

509 2254 655 2308 mus,
686 2240 830 2297 idem
864 2241 1221 2312 Evangelium
1252 2241 1449 2297 lectum
1474 2239 1669 2307 fuisse,
1696 2254 1820 2295 cum
1845 2239 2115 2310 qumpiam

508 2330 753 2401 ejusdem
787 2333 971 2389 Sancti
998 2332 1265 2390 festivitas
1290 2335 1345 2388 in
1373 2331 1633 2389 Paschale
1655 2339 1865 2403 tempus
1895 2331 2115 2389 incidis-

507 2435 592 2482 set
617 2445 629 2479 ς
655 2439 858 2497 praeter
888 2426 1027 2496 hmo,
1061 2428 1303 2500 inquam,
1343 2437 1528 2483 nostra
1560 2427 1889 2484 Veronensis
1920 2428 2113 2484 Eccle—

505 2521 587 2577 sia
615 2537 740 2579 eum
771 2524 1051 2592 antiquum
1094 2523 1334 2579 tenuisse
1363 2523 1524 2579 ritum
1553 2521 1786 2583 videtur.
1819 2537 1982 2593 quem
2013 2521 2113 2578 Mi-

513 2617 769 2688 crologus
811 2618 1020 2673 notavit
1059 2618 1112 2672 in
1146 2616 1285 2672 libro
1321 2616 1388 2672 de
1433 2615 1828 2672 Ecclesiasticis
1854 2615 2115 2671 observa-

516 2711 757 2767 tionibus
822 2726 945 2783 cap.
981 2711 1086 2780 45,
1146 2710 1515 2768 testimonium
1557 2709 1830 2767 indicante
1869 2710 2114 2781 Baptista

512 2804 733 2861 Peretto
777 2805 830 2860 iu
864 2805 1056 2860 iisdem
1102 2805 1337 2861 Scholiis
1368 2804 1434 2859 ad
1469 2804 1644 2860 Vitam
1673 2804 1731 2860 8.
1756 2804 2012 2871 Zenonis,
2040 2805 2113 2860 lc-

501 2898 648 2970 gitur
667 2909 848 2953 autem
872 2907 1004 2952 tum.
1026 2913 1158 2953 xvut
1190 2897 1538 2953 Bibliotheca:
1561 2897 1800 2963 Patrum,
1827 2914 1945 2969 pag.
1971 2896 2110 2954 485:

518 2988 662 3045 Nota
690 3001 882 3056 autem,
917 2990 1108 3061 inquit,
1153 2990 1216 3046 8.
1248 2989 1553 3060 Gregorium
1592 3006 1783 3060 papam
1814 2992 2035 3063 primum
2061 2991 2116 3045 in

515 3082 770 3139 Graduali
813 3084 942 3138 libro
966 3084 1032 3138 de
1066 3084 1146 3138 his
1175 3082 1485 3155 martyribus
1520 3082 1802 3156 (Romanis
1841 3083 2115 3139 Pontiﬁci-

511 3174 632 3245 bus)
671 3175 804 3230 sicut
840 3175 904 3228 de
929 3175 1308 3245 confessoribus
1340 3173 1672 3246 Pontiﬁcalia
1695 3175 1978 3232 instituisse
2004 3177 2114 3247 ofﬁ-

2293 1945 2539 2019 [cxxxtu]
2571 1947 2634 2002 lli
2656 1947 2836 2019 itaque
2876 1963 3064 2007 omnes
3095 1950 3385 2007 certissimi
3426 1960 3688 2023 martyres,
3735 1957 3782 2003 ut

2217 2037 2437 2093 aliunde
2465 2039 2843 2111 supponimus,
2872 2042 2923 2096 in
2953 2041 3121 2111 ipsius
3141 2040 3328 2114 Carpsi
3354 2041 3656 2097 Calendario
3673 2055 3779 2095 con-

2216 2130 2455 2188 feSsores
2479 2144 2756 2190 vocantur.
2772 2135 2940 2190 Porro
2958 2136 3085 2192 licet
3102 2137 3155 2192 in
3177 2151 3243 2193 eo
3257 2136 3570 2193 Calendario
3586 2136 3779 2206 legatur:

2226 2223 2396 2280 VIII.
2422 2225 2450 2281 ι
2459 2226 2555 2283 dus
2584 2228 2802 2300 Augusti
2829 2227 3022 2286 Natale
3049 2230 3189 2286 Sixti
3203 2276 3218 2299 ,
3248 2229 3584 2299 Felicissimi,
3608 2240 3650 2285 et
3669 2231 3784 2303 Aga-

2218 2317 2312 2386 piti
2337 2329 2660 2390 martyrum;
2691 2331 2867 2377 tamen
2893 2323 2944 2377 in
2973 2321 3172 2389 Carpso
3200 2324 3259 2381 8.
3292 2323 3432 2380 Sixti
3460 2323 3680 2380 ofﬁcium
3704 2337 3783 2378 no-

2220 2420 2364 2466 tatur
2392 2415 2456 2466 de
2484 2410 2784 2486 Confessore
2814 2415 3068 2489 Pontiﬁce
3088 2460 3103 2484 ,
3131 2418 3360 2474 aliorum
3387 2430 3562 2476 autem
3585 2419 3783 2474 duorum

2217 2502 2528 2572 antipliome
2567 2506 2632 2561 de
2676 2506 3010 2579 Martyribus.
3042 2509 3224 2583 Itaque
3263 2512 3409 2583 apud
3454 2511 3782 2569 Veronensem

2217 2596 2514 2655 Ecclesiam
2543 2600 2589 2656 is
2613 2602 2746 2657 ritus
2774 2604 3073 2662 obtinuisse
3098 2617 3361 2679 apparet,
3398 2618 3456 2665 ut
3476 2607 3781 2665 confessores

2217 2689 2527 2750 dicerentur
2546 2736 2561 2763 ,
2592 2696 2683 2765 qui
2709 2700 3003 2770 caeteroqui
3031 2703 3143 2758 veri
3174 2712 3301 2759 sunt
3330 2716 3623 2778 martyres,
3663 2701 3789 2757 etde

2219 2785 2408 2843 iisdem
2441 2804 2549 2849 non
2579 2790 2654 2845 uti
2681 2793 3038 2864 martyribus,
3066 2796 3160 2852 sed
3192 2795 3271 2852 uti
3314 2797 3700 2854 confessoribus
3722 2796 3788 2850 of-

2219 2878 2340 2935 ficia
2366 2880 2791 2939 celebrarentur.
2827 2886 2901 2940 Ex
2934 2886 3051 2959 ipso
3083 2886 3334 2958 Ughellio
3353 2933 3367 2957 ,
3398 2906 3520 2963 pag.
3548 2888 3677 2955 781,
3706 2886 3791 2944 Ve-

2220 2987 2506 3030 ronensem
2539 2976 2945 3045 inscriptionem
2989 2979 3260 3037 referente
3310 2984 3363 3039 id
3411 2985 3579 3054 ipsum
3622 2979 3789 3038 eruditi

2218 3067 2479 3136 suspicari
2532 3078 2588 3123 et
2626 3070 2898 3140 conjicere
2939 3083 3230 3144 poterant:
3265 3076 3320 3130 in
3361 3076 3453 3131 illa
3484 3076 3622 3132 enim
3645 3116 3658 3140 ,
3693 3088 3790 3144 qua:

2218 3161 2553 3231 temporibus
2580 3163 2811 3220 Andreae
2841 3142 3164 3224 Patriarcha:
3206 3167 3602 3241 Aquileiensis,
3644 3166 3690 3222 id
3709 3142 3793 3223 Vest

511 3268 615 3333 sia,
663 3278 721 3321 ut
747 3268 812 3321 de
837 3266 900 3323 8.
922 3266 1175 3322 Marcello
1196 3266 1408 3337 Antiph.
1437 3268 1651 3330 Statuit.
1679 3278 1726 3323 et
1752 3269 1817 3323 de
1843 3268 1904 3325 8.
1938 3266 2112 3323 Felice

2219 3261 2415 3315 saeculo
2433 3277 2505 3324 ix.
2525 3262 2575 3317 in
2595 3273 2698 3318 tem
2709 3263 2795 3333 plo
2809 3265 2937 3321 olim
2956 3265 3013 3323 S.
3035 3266 3298 3336 Gregorii,
3309 3284 3454 3325 nunc
3469 3278 3642 3323 autem
3661 3265 3794 3334 vulgo

509 3360 724 3431 Antiplt.
754 3361 1081 3425 Sacerdotes,
1107 3371 1154 3416 et
1177 3364 1272 3416 hoc
1300 3362 1476 3433 utique
1504 3363 1629 3416 satis
1658 3379 1879 3435 congrue
1903 3374 2112 3433 propter

509 3456 865 3510 excellentiam
905 3455 1170 3528 dignitatis
1215 3455 1547 3527 Apostolicaa.
1602 3454 1911 3512 Hoe'etiam
1950 3465 2114 3510 atten-

450 3575 463 3583 ο
511 3549 679 3603 dendo
704 3550 928 3617 majores
958 3549 1120 3603 nostri
1147 3550 1211 3602 de
1240 3549 1425 3604 iisdem
1454 3549 1646 3604 sanctis
1668 3551 2017 3622 confessorum
2038 3550 2114 3620 of-

510 3639 633 3709 ﬁcia
657 3640 725 3693 ad
746 3656 952 3695 cursum
980 3641 1084 3695 diei
1114 3651 1159 3695 et
1184 3643 1350 3696 noctis
1379 3643 1620 3711 leguntur
1641 3643 1931 3698 observasse
1954 3660 1967 3696 :
1997 3658 2114 3712 qua:

511 3741 558 3786 et
587 3731 859 3803 Pontiﬁcis
888 3734 1195 3805 dignitatem
1219 3736 1399 3789 eodem
1428 3736 1579 3790 modo
1607 3737 1896 3799 insinuant,
1921 3752 2012 3791 nec
2035 3746 2113 3789 ta-

512 3840 628 3880 men
670 3827 724 3880 in
772 3826 944 3895 aliquo
987 3843 1164 3882 eorum
1186 3829 1436 3900 martyrio
1468 3831 1831 3899 prieiudicant.
1864 3829 2012 3884 Idem
2050 3832 2114 3885 de

519 3919 581 3975 S.
631 3920 933 3991 Apollinare
1001 3920 1374 3975 obseruandum
1404 3938 1512 3977 esse
1550 3921 1829 3977 Gradualis
1874 3924 1998 3977 liber
2023 3924 2112 3978 de-

514 4024 785 4070 monstrat.
811 4013 1085 4070 Hactenus
1115 4015 1461 4085 Micrologus.
1494 4016 1754 4085 Equidem
1780 4018 1925 4073 hunc
1950 4017 2110 4072 ritum

512 4104 565 4159 in
594 4104 696 4161 hac
725 4106 1028 4176 praesertim
1073 4106 1376 4163 Vcronensi
1410 4108 1653 4163 Ecclesia
1700 4109 1936 4179 viguisse
1980 4110 2111 4165 illud

510 4195 872 4261 demonstrat,
912 4197 1142 4268 quodin
1190 4198 1428 4270 antiquis
1465 4200 1705 4271 ejusdem
1752 4200 2011 4257 Ecclesia:
2034 4202 2111 4257 ri-

511 4287 746 4344 tualibus
784 4288 937 4344 libris
971 4288 1259 4361 Episcopi,
1294 4290 1393 4346 etsi
1439 4299 1740 4363 martyres,
1770 4292 2112 4348 confessores

511 4389 690 4435 tamen
734 4382 1109 4447 nominantur;
1140 4391 1195 4437 et
1221 4381 1457 4457 officium
1488 4383 1558 4440 de
1582 4382 1985 4440 confessoribus
2025 4400 2113 4441 re-

509 4471 783 4528 citandum
808 4473 1066 4530 innuitur.
1092 4473 1163 4532 Ut
1183 4487 1364 4530 autem
1385 4475 1700 4532 omittamus
1721 4491 1883 4547 pauca
1901 4493 2109 4545 eorum,

508 4565 604 4636 qui
635 4566 831 4621 ibidem
864 4578 1234 4633 recensentur,
1269 4568 1639 4626 Romanorum
1676 4569 1995 4628 Pontiﬁcum
2022 4588 2141 4627 uo-.

2217 3351 2279 3409 S.
2312 3352 2523 3410 Helena:
2551 3357 2603 3411 in
2628 3355 2981 3413 dedicationis
3008 3371 3418 3416 monumentum
3448 3369 3621 3417 erecta
3643 3357 3794 3414 adhuc

2216 3447 2484 3515 cernitur,
2516 3448 2656 3504 inter
2682 3449 3000 3508 Sanctorum
3018 3493 3033 3517 ,
3065 3468 3185 3523 qua:
3214 3453 3415 3517 ibidem
3444 3453 3791 3513 cantinentur,

2216 3541 2471 3611 reliquias
2496 3542 2578 3597 lim
2602 3554 2954 3617 recensentur
2981 3545 3233 3618 S.Vigilii
3254 3551 3457 3620 confes.
3480 3588 3497 3612 ,
3523 3545 3583 3603 S.
3611 3541 3795 3599 Proculi

2214 3632 2408 3703 confes.
2432 3674 2448 3699 ,
2480 3634 2542 3690 S.
2574 3634 2799 3690 Zenonis
2823 3640 3017 3711 confes.
3051 3638 3138 3694 ubi
3179 3655 3284 3694 non
3316 3648 3429 3695 tam
3460 3640 3520 3696 S.
3550 3638 3795 3694 Zenonem

2215 3741 2337 3782 cum
2368 3727 2594 3783 Proculo
2616 3770 2629 3794 ,
2662 3744 2819 3799 quam
2850 3731 2907 3785 8.
2939 3728 3194 3801 Vigilium
3226 3732 3421 3802 utique
3446 3730 3792 3788 Tridentinum

2216 3821 2524 3890 episcopum
2551 3863 2565 3888 ,
2604 3823 2694 3893 qui
2728 3823 2946 3880 indubie
2987 3835 3193 3897 martyr
3221 3826 3475 3883 occubuit
3500 3868 3517 3896 ,
3547 3823 3799 3882 confesso-

2215 3929 2303 3970 res
2332 3930 2577 3986 pera-que
2622 3917 2921 3987 appellatos
2961 3917 3152 3982 vides,
3195 3934 3355 3990 quam
3402 3918 3796 3990 appellationem

2216 4007 2519 4064 ofﬁciorum
2561 4024 2624 4065 ac
2672 4011 2955 4067 missarum
3005 4012 3141 4068 ritus
3186 4014 3540 4085 sequebatur.
3592 4013 3664 4068 Ex
3712 4010 3802 4064 hoc

2213 4115 2379 4171 porro
2424 4101 2749 4158 Veronensis
2780 4104 3031 4160 Ecclesiae
3072 4107 3177 4161 ritu
3224 4106 3353 4163 illud
3399 4108 3702 4162 diinanasse
3729 4116 3798 4156 νιν

2214 4191 2402 4260 detur,
2436 4205 2489 4247 ut
2517 4194 2572 4249 S.
2605 4194 2752 4250 Zeno
2780 4196 2831 4250 in
2878 4196 2996 4252 aliis
3024 4214 3238 4268 quoque
3263 4199 3515 4269 ejusdem
3565 4196 3803 4253 Ecclesia:

2216 4285 2584 4340 monumentis
2612 4286 2895 4344 confessor
2920 4289 3278 4356 inscribatur,
3326 4306 3440 4346 nou
3483 4300 3719 4360 martyr;
3756 4292 3803 4337 ut

2214 4393 2284 4432 nc
2304 4386 2483 4434 tamen
2510 4378 2560 4434 id
2583 4380 2648 4436 ad
2677 4382 2991 4454 martyrium
3019 4384 3371 4441 inliciandum
3399 4385 3610 4441 traduci
3634 4368 3803 4454 possit;

2289 4469 2399 4525 Etsi
2431 4486 2560 4527 vero
2599 4473 2653 4528 in
2696 4473 2967 4546 plerisque
3001 4480 3371 4534 monumentis
3420 4475 3806 4535 Veronensibus

2212 4577 2358 4620 unus
2404 4564 2733 4622 confessoris
2778 4568 2963 4623 titulus
3011 4569 3187 4626 eidem
3238 4572 3591 4639 vindicetur;
3644 4580 3807 4627 tamen

509 4660 653 4716 mina
672 4677 901 4732 quorum
932 4664 1252 4735 martyrium
1281 4665 1445 4719 certis
1470 4665 1807 4722 documentis
1852 4681 1958 4722 non
1994 4681 2116 4737 pro-
2143 4650 2199 4713 D
2223 4658 2469 4729 quaedam
2507 4674 2612 4715 ιιοη
2637 4661 2833 4717 desum
2858 4703 2874 4729 ν
2903 4662 2954 4716 in
2983 4664 3180 4735 quibus
3208 4675 3419 4735 martyr
3450 4666 3655 4723 diserte
3678 4675 3811 4718 πεδ’

509 4757 691 4826 batur,
719 4771 814 4813 eos
839 4766 1044 4814 tantum
1068 4759 1353 4839 episcopos
1377 4763 1949 4831 commemorabimus,
1978 4780 2115 4836 quos

510 4849 678 4906 fuisse
698 4860 962 4924 martyres
993 4852 1332 4922 exploratum
1360 4861 1446 4908 est
1468 4869 1482 4920 ;
1508 4863 1562 4909 et
1592 4870 1659 4910 ne
1686 4856 1927 4927 singulos
1957 4858 2115 4929 hujus

514 4941 773 4999 Ecclesia:
813 4943 1038 4998 rituales
1068 4942 1238 4999 libros
1267 4959 1686 5015 percurramus,.
1712 4948 1845 5004 satis
1871 4952 1979 5005 erit
2006 4966 2109 5004 ms.

510 5035 659 5090 illum
681 5036 1027 5093 considerare
1050 5033 1305 5107 Carpsum
1331 5030 1677 5109 appellatum,
1702 5041 1792 5110 qui
1825 5052 1943 5111 post
1974 5040 2115 5113 prac—

464 5180 465 5183 η
515 5125 775 5184 lationem
807 5130 1056 5186 Auctoris
1085 5145 1112 5181 a
1147 5128 1403 5197 Scipione
1436 5130 1646 5189 Maﬁ‘eio
1680 5132 1877 5188 editam
1910 5137 1961 5188 in
2004 5134 2115 5189 Ad-

513 5222 704 5278 dendis
735 5230 1021 5292 postremae
1053 5223 1220 5292 partis
1258 5223 1489 5279 Veronae
1517 5224 2115 5291 "lustrate-Calenda-

514 5316 653 5372 rium
678 5314 919 5381 exhibet,
945 5323 1202 5385 nutatque
1226 5316 1456 5370 subinde
1482 5316 1785 5373 ofﬁciorum
1811 5318 1909 5373 hac
1934 5318 1986 5373 in
2011 5319 2116 5376 Ec-

513 5407 676 5464 clesia
707 5406 1152 5463 celebrandarum
1188 5408 1374 5473 ritum,
1409 5422 1509 5463 nec
1531 5423 1639 5464 non
1670 5410 2108 5482 autipltonarum,

510 5498 1006 5570 responsoriorum,
1031 5498 1361 5569 psalmorum
1385 5499 1558 5563 initia,
1582 5515 1700 5571 qua:
1724 5501 1917 5573 cuique
1934 5502 2113 5560 oflicio

511 5589 862 5647 conveniunt.
896 5588 1008 5645 Hoc
1043 5586 1298 5658 Carpsum
1329 5605 1357 5642 a
1387 5588 1664 5660 Stephano
1696 5593 2010 5665 presbytero
2054 5604 2113 5651 et

512 5694 734 5739 cantare
772 5681 1014 5753 ejusdem
1039 5680 1296 5736 Ecclesia:
1323 5682 1582 5752 scriptum
1605 5684 1703 5739 fuit
1727 5692 1853 5740 ante
1876 5686 2113 5751 medium

513 5775 767 5829 sa-culum
823 5791 919 5839 sti,
967 5789 1088 5829 cum
1133 5775 1185 5828 in
1228 5772 1551 5857 Calettdario
1578 5777 1813 5857 quinque
1844 5766 2115 5859 chro-

513 5856 648 5923 nica:
675 5862 1050 5923 adnotatioues
1093 5858 1198 5922 alia
1229 5853 1391 5924 niauu
1424 5871 1473 5923 in
1509 5850 1748 5938 margine
1772 5850 1997 5940 adiecta:
2038 5850 2114 5927 lc-

2225 4750 2379 4806 ritur.
2424 4752 2689 4809 Henricus
2735 4755 3065 4831 imperator,
3114 4758 3167 4812 in
3218 4759 3508 4831 privilegio
3555 4757 3694 4831 quod
3731 4772 3810 4809 an.

2224 4846 2365 4901 1055
2404 4847 2582 4902 abbati
2611 4849 2919 4904 monasterii
2949 4850 3007 4907 S.
3038 4850 3272 4907 Zenonis
3316 4867 3646 4911 concessum
3686 4850 3810 4911 fuit.

2224 4955 2345 5012 pag.
2374 4942 2481 4997 703
2519 4950 2651 4997 tom.
2683 4958 2716 4997 v
2750 4943 2920 4998 Italiae
2964 4945 3145 5002 Sacra:
3185 4944 3423 5016 Ughellii
3449 4989 3464 5013 ,
3515 4946 3600 5002 bis
3640 4952 3816 5013 marty-

2215 5051 2324 5089 rem
2353 5035 2504 5090 illum
2536 5046 2691 5091 vocat
2721 5054 2735 5091 :
2766 5046 2821 5092 et
2860 5037 2915 5092 in
2944 5038 3052 5092 alio
3079 5038 3391 5110 privilegio,
3421 5040 3570 5111 quod
3610 5044 3818 5108 rogante

2218 5127 2381 5184 Vitali
2420 5128 2677 5198 episcopo
2706 5128 2951 5186 Vicetino
2982 5130 3325 5202 Beringarius
3352 5132 3542 5190 eidem
3571 5133 3631 5189 S.
3657 5131 3820 5186 Zeno-

2218 5221 2302 5275 nis
2330 5221 2661 5277 monasterio
2689 5220 2905 5277 tradidit
2931 5237 3021 5278 an.
3055 5223 3192 5289 901,
3223 5240 3563 5297 quamquam
3608 5225 3691 5280 bis
3726 5235 3819 5291 ap-

2219 5315 2448 5384 pelletur
2485 5314 2776 5386 confessor,
2811 5325 2988 5372 tameu
3021 5330 3075 5374 et
3124 5330 3325 5391 martyr
3353 5321 3537 5377 semel
3584 5318 3822 5376 nomina-

2220 5415 2325 5462 tur.
2356 5406 2490 5464 Vide
2536 5406 2841 5479 Ugbellium
2890 5411 2945 5466 iu
2980 5410 3236 5469 Vicetinis
3275 5414 3560 5485 episcopis
3603 5424 3731 5469 tom.
3762 5425 3848 5479 v,,

2224 5516 2342 5571 pag.
2382 5502 2535 5558 l03l.
2571 5506 2889 5575 Anonymus
2935 5505 3286 5577 Pipinianus,
3335 5511 3437 5579 qui
3486 5510 3561 5566 de
3608 5509 3825 5565 Veronae

2220 5594 2465 5650 laudibus
2492 5595 2824 5669 Rhythmum
2858 5600 3191 5662 Iucubravit.
3222 5603 3437 5674 peritus
3468 5602 3688 5674 quidem
3717 5600 3824 5671 ejus

2226 5685 2551 5743 Veronensis
2589 5690 2757 5755 ritus,
2799 5693 3276 5764 quem‘disiinus,
3322 5710 3516 5752 nonne
3560 5695 3735 5752 adhuc
3769 5692 3823 5748 S.

2220 5781 2492 5871 Zenonem
2532 5793 2586 5840 et
2614 5786 2984 5846 confessorem
3025 5798 3081 5847 et
3126 5802 3425 5864 martyrem
3468 5790 3634 5848 simul
3682 5790 3825 5846 affir-

2225 5876 2479 5932 tunntlum
2511 5878 2754 5947 putavit?
