3952 6320
158 267 265 324 {Gl

261 415 488 463 Octavus
506 421 666 478 pastor
689 423 740 466 et
761 414 1007 467 confessor
1025 416 1160 469 Zeno
1183 427 1365 482 martyr
1387 419 1606 483 inrlytus.

154 518 498 575 Guillelmus
525 520 846 591 Pastrengns
889 523 1210 581 Veronensis
1257 526 1394 580 inter
1440 526 1617 581 sarculi
1674 543 1764 581 xrv

151 615 468 682 scriptores
494 615 884 670 eruditissimus
904 659 918 683 ,
949 620 1034 672 cui
1075 635 1196 673 eum
1227 621 1384 674 ritum
1432 621 1650 676 latuisse
1681 623 1763 675 in-

153 706 428 762 credibile
459 710 612 778 plane
641 720 722 764 est
743 753 755 773 ,
791 727 968 766 nonne
995 711 1062 769 de
1092 713 1307 770 Zenone
1337 716 1550 785 scripsit
1579 725 1764 786 aperte

151 802 474 870 martyrium
503 802 696 872 patitur
714 803 741 856 .9

227 891 422 964 Neque
460 905 762 964 opponatur
793 897 850 953 8.
893 897 1164 955 Zenonem
1206 903 1464 973 martyrio
1512 904 1760 959 coronari

152 1001 263 1038 non
304 987 576 1056 potuisse,
606 990 650 1043 si
680 1002 800 1058 post
825 991 1020 1045 Juliani
1055 994 1334 1061 imperium
1371 994 1534 1059 vixit,
1568 1008 1622 1049 ut
1653 997 1762 1052 dis-

150 1087 288 1134 sert.
330 1080 743 1136 {Ostendimus
781 1082 892 1136 Etsi
932 1087 1076 1138 enim
1108 1095 1226 1152 post
1266 1085 1538 1141 lulianum
1585 1089 1760 1143 nullas

148 1171 204 1226 in
253 1172 407 1227 Italia
454 1174 712 1232 adversus
758 1175 1094 1232 Christianos
1141 1180 1543 1246 persecutiones
1596 1180 1758 1236 fuisse

148 1267 507 1332 conceditur,
535 1267 604 1323 de
631 1284 738 1340 quo
771 1273 900 1324 satis
948 1273 1136 1326 eadem
1177 1272 1428 1340 dissert.,
1462 1289 1581 1343 cap.
1625 1275 1691 1337 2,
1727 1275 1754 1346 §

148 1361 383 1426 ultimo;
415 1362 592 1418 adhuc
625 1364 973 1418 nihilominus
1011 1365 1068 1421 8.
1102 1366 1250 1422 Zeno
1280 1368 1448 1422 occidi
1499 1370 1671 1437 potuit
1702 1370 1753 1423 in

148 1453 336 1522 aliquo
363 1454 699 1526 Paganorum
718 1499 731 1516 .
761 1458 958 1527 quibus
985 1475 1104 1514 sese
1135 1464 1496 1528 imperterritc
1524 1462 1750 1532 objecit,

154 1545 433 1612 tumultu,
465 1549 916 1616 quemadmodum
960 1553 1218 1608 similide
1263 1571 1421 1609 causa
1465 1570 1567 1610 non
1618 1557 1754 1610 mul-

151 1647 235 1692 tos
270 1648 395 1708 post
423 1657 597 1696 annos
638 1644 688 1696 in
723 1643 964 1699 ﬁnitimis
993 1645 1322 1700 Tridentinis
1374 1649 1601 1703 vallibus
1639 1649 1754 1719 glo-

151 1730 357 1785 riosam
392 1749 491 1802 pro
519 1731 734 1789 Christo
780 1746 1008 1791 mortem
1047 1740 1388 1807 oppetierunt
1429 1750 1539 1794 tres
1579 1742 1749 1796 sancti

996 216 1450 334 DISSERTiﬁlO
1489 271 1580 339 Ill,
1626 272 1712 330 DE
1753 273 1811 331 S.
1855 273 2004 330 ZEN.
2050 275 2253 336 ACTIS
2292 278 2380 337 ET
2418 277 2676 341 CULTU.

3371 287 3477 345 162

1792 402 1846 460 Α
1876 413 2100 479 proinde
2132 415 2362 473 Zenonis
2397 437 2500 475 non
2543 421 2787 477 latuisset
2820 423 3133 495 martyrium
3154 465 3169 492 ,
3203 425 3470 498 siquidem

1873 501 1917 554 is
1937 545 1950 566 ,
1983 505 2099 573 ipso
2118 507 2228 575 jam
2270 511 2556 582 episeopo,
2591 530 2686 584 pro
2716 514 3018 570 Christiana
3052 517 3156 572 lide
3175 518 3468 590 gloriosam

1871 607 2096 653 mortem
2127 604 2460 671 appetiisset.
2491 611 2810 666 Ambrosius
2837 627 2968 683 ergo
2996 611 3173 667 delata
3199 613 3265 667 ad
3295 629 3353 669 se
3382 614 3472 670 In-

1868 688 2022 744 dicite
2049 691 2278 761 Virginis
2300 712 2328 751 a
2352 698 2410 754 S.
2434 699 2651 758 Zenone
2677 705 2803 758 olim
2830 707 3066 775 probatae
3087 722 3151 762 ae
3173 707 3471 766 benedictae

1867 795 2026 835 causa
2051 826 2064 850 ,
2095 799 2216 840 cum
2275 803 2372 856 pro
2399 791 2486 844 illa
2518 794 2683 849 multa
2712 796 2932 867 scripsit
2959 798 3027 854 ad
3057 800 3339 872 Syagrium
3367 802 3472 858 Ze-

1866 875 2023 930 nonis
2048 891 2455 949 successorem,
2486 894 2595 940 tum
2622 902 2753 943 vero
2780 889 2938 960 hujus
2969 893 3141 947 sancti
3164 935 3178 959 ,
3205 895 3297 965 qui
3321 896 3467 952 illam

1865 970 2284 1036 approbaverat,
2311 976 2570 1044 judicium
2597 980 2906 1049 proferens,
2935 986 3189 1056 martyris
3215 990 3424 1045 titulum
3451 1031 3465 1055 ,

1863 1062 1954 1128 qui
1977 1061 2044 1116 ad
2066 1067 2439 1122 auctoritatem
2463 1072 2777 1128 contulisset
2802 1076 3092 1144 plurimum
3110 1117 3126 1144 ,
3154 1082 3340 1150 procul
3367 1082 3469 1136 du-

1863 1151 1954 1206 bio
1983 1169 2087 1210 non
2119 1160 2408 1216 omisisset.
2439 1165 2510 1216 At
2536 1162 2805 1220 Zenonem
2827 1180 3022 1224 sancta:
3050 1175 3308 1226 memoria:
3351 1174 3468 1243 epi-

1863 1259 2086 1315 scopum
2120 1253 2275 1307 unice
2323 1256 2595 1324 appellat,
2638 1274 2744 1312 non
2794 1273 3082 1333 martyrem
3107 1304 3123 1329 ,
3165 1264 3462 1335 inquiens:

1864 1335 1945 1389 Tu
1979 1351 2146 1394 autem
2174 1344 2285 1397 sine
2313 1347 2532 1417 alicujus
2579 1349 2756 1419 fratris
2807 1355 3020 1408 consilio
3065 1353 3163 1408 hoc
3207 1357 3465 1426 judicium

1861 1433 2217 1502 prwjudicium
2245 1439 2508 1506 feceris,ut
2534 1443 2779 1511 puellam,
2803 1442 3027 1500 Zenonis
3055 1457 3247 1502 sanctae
3272 1465 3466 1505 memo-

1858 1521 1951 1574 ria:
1984 1526 2184 1590 judicio
2224 1531 2486 1597 probatam
2529 1537 2764 1606 ejusque,
2806 1539 3181 1608 sanctiﬁcatum
3227 1541 3465 1598 benedic-

1857 1613 2010 1678 tione,
2041 1628 2156 1684 post
2181 1628 2256 1673 tot
2285 1637 2448 1676 annos
2473 1626 2581 1680 sine
2603 1639 2809 1685 auctore
2829 1632 3220 1701 criminationis,
3241 1635 3350 1689 sine
3373 1651 3463 1689 ac-

1860 1720 2094 1764 cusatore
2113 1752 2129 1777 ,
2155 1714 2265 1768 sine
2293 1718 2580 1786 professore
2614 1725 2916 1793 delationis,
2948 1727 3002 1780 in
3031 1728 3318 1797 periculum
3341 1745 3462 1783 rea-

148 1799 426 1896 maﬂyre's
449 1825 806 1884 Anaunenses
829 1871 842 1896 ,
871 1841 926 1885 et
951 1799 1179 1887 subil'nie
1206 1835 1261 1887 δ’
1294 1833 1518 1903 “gilius
1547 1837 1755 1905 Μήδω-
1785 1799 1832 1860 Β
1862 1811 1942 1902 tus
1973 1803 2318 1905 deducendam
2345 1810 2669 1868 arbitrarere.
2703 1816 2884 1886 itaque
2916 1818 3048 1872 nihil
3092 1819 3160 1874 de
3193 1821 3460 1891 martyrio

145 1932 248 1986 pus
280 1935 293 1968 :
330 1919 412 1972 vel
445 1928 524 1973 tot
556 1929 835 1993 tantasque
868 1939 964 1993 pro
991 1923 1096 1980 fide
1125 1928 1465 1997 propaganda
1498 1945 1770 1999 persecuo-

148 2010 325 2065 tiones
359 2015 532 2081 potuit
562 2013 712 2069 obire
746 2027 798 2070 et
843 2017 983 2086 pati,
1014 2029 1144 2088 quot
1173 2033 1508 2089 quantasjue
1564 2039 1756 2091 passus

149 2101 248 2156 fuit
267 2118 489 2159 cozevus
517 2105 709 2161 Brixiae
738 2109 1024 2179 episcopus
1051 2122 1268 2168 sanctus
1301 2115 1622 2172 Philaslrius
1641 2160 1654 2184 ,
1686 2119 1753 2174 de

147 2211 252 2264 quo
282 2197 402 2253 hzec
436 2199 626 2254 litteris
675 2201 905 2269 prodidit
948 2220 1231 2260 successor
1268 2208 1385 2277 ejus
1417 2209 1473 2266 8.
1506 2210 1754 2266 Gauden-

150 2289 251 2342 tius
281 2288 336 2343 iu
364 2306 619 2348 sermone
643 2293 709 2348 de
738 2296 838 2349 vita
867 2295 924 2350 8.
954 2297 1222 2353 PhilaSIrii
1253 2315 1371 2371 pag.
1399 2301 1497 2358 2H
1525 2316 1575 2358 et
1606 2303 1712 2360 2&2
1738 2324 1750 2358 :

148 2381 341 2436 Contra
368 2387 586 2455 gentiles
612 2398 759 2458 atque
788 2387 1072 2445 Iudaeos...
1105 2404 1152 2446 et
1181 2397 1472 2452 maxime...
1504 2397 1753 2452 Ariunnm

148 2476 423 2544 perﬁdiam
455 2486 596 2532 tanto
642 2481 814 2552 vigore
853 2486 1139 2556 pugnavit,
1171 2495 1228 2540 ut
1272 2493 1423 2543 etiam
1466 2491 1754 2548 verberibus

147 2571 478 2638 subderetur,
503 2587 548 2627 et
587 2575 641 2628 in
671 2593 883 2646 corpore
927 2561 1020 2632 suo
1049 2581 1292 2653 stigmata
1339 2581 1548 2638 Domini
1596 2587 1755 2640 nostri

148 2659 272 2717 Jesu
318 2663 514 2720 Christi
562 2681 806 2738 portaret.
858 2671 914 2727 ln
962 2675 1098 2728 hanc
1148 2677 1466 2730 sententiam
1517 2677 1753 2735 Joannes

149 2754 481 2815 Veroiiensis
512 2761 764 2818 Ecclesiae
796 2765 1076 2837 presbyter
1105 2767 1500 2849 mansionaritts
1541 2771 1592 2824 in
1646 2771 1752 2826 lm-

150 2851 332 2919 periali
365 2853 598 2910 Hismria
633 2859 994 2924 manuscripta
1035 2859 1150 2914 hinc
1182 2863 1248 2917 de
1276 2861 1494 2917 Zenone
1524 2864 1750 2920 scribit:

150 2943 275 3000 Post
300 2950 467 3002 multa
491 2952 748 3018 supplicia
777 2955 962 3018 quievit
993 2955 1045 3008 in
1073 2953 1277 3010 Christo
1308 2973 1342 3011 Il
1376 2955 1502 3011 ldus
1534 2959 1746 3024 Aprilis.

151 3038 299 3095 Licet
323 3041 470 3096 enim
502 3053 726 3100 mortem
752 3045 803 3100 iu
825 3047 931 3101 illis
953 3049 1418 3118 persecutionibus
1441 3060 1601 3122 atque
1627 3069 1749 3124 sup-

151 3133 323 3202 plicus
354 3151 463 3191 non
496 3139 726 3206 obierit,
761 3139 890 3194 nihil
929 3153 1105 3196 tamen
1153 3143 1202 3197 id
1235 3145 1428 3210 refert,
1463 3147 1750 3215 quominus

1865 1893 1985 1962 ejus
2033 1897 2376 1955 Ambrosium
2427 1907 2745 1974 cognovisse
2798 1911 2969 1978 palam
3013 1912 3273 1967 videtur:
3315 1925 3368 1969 et
3412 1915 3482 1978 si,

1861 1987 2182 2045 Ambrosius
2219 1991 2350 2048 nihil
2395 1996 2464 2052 de
2493 1999 2586 2053 illo
2617 2003 2866 2070 rescivit,
2900 2003 3011 2074 jam
3044 2006 3317 2063 Zenonem
3347 2025 3455 2065 non

1862 2083 2122 2150 martyrio
2143 2124 2156 2148 ,
2189 2084 2286 2139 sed
2319 2091 2546 2144 naturali
2578 2103 2750 2148 irorte
2798 2096 2851 2148 in
2886 2113 3015 2166 pace
3060 2100 3299 2155 functum
3334 2117 3461 2171 pro-

1859 2171 2250 2232 habilissimum
2283 2189 2367 2234 est
2387 2223 2401 2247 ,
2436 2183 2536 2238 nisi
2563 2201 2670 2256 quo
2700 2189 2844 2257 paris
2877 2191 3050 2247 aetatis
3079 2203 3241 2264 atque
3271 2207 3445 2250 aucto-

1859 2266 2030 2322 ritatis
2085 2269 2409 2329 documento
2456 2275 2726 2335 Ambrosii
2785 2285 3155 2340 testimonium
3199 2287 3452 2344 elidatur.

1858 2357 1976 2413 Prae
2005 2361 2104 2418 hoc
2133 2379 2313 2422 autem
2331 2372 2599 2426 Ambrosii
2625 2377 2933 2432 testimonio
2952 2383 3169 2450 sequior
3190 2384 3350 2440 nimis
3371 2396 3456 2441 est

1859 2451 1917 2506 8.
1946 2452 2190 2526 Gregorii
2222 2459 2400 2530 Magni
2425 2505 2439 2527 ,
2465 2480 2586 2534 quae
2617 2483 2713 2536 pro
2734 2475 2995 2542 martyrio
3023 2474 3295 2545 antiquior
3325 2492 3454 2548 sup-

1860 2549 2328 2615 petit,auctoritas.
2347 2556 2397 2611 ls
2422 2562 2568 2614 enim
2589 2565 2675 2630 qui
2698 2563 2904 2620 duobus
2923 2581 3042 2636 poSt
3061 2569 3275 2624 saeculis
3299 2572 3451 2640 vixit,

1857 2651 1980 2693 cum
2022 2643 2238 2700 Athesis
2283 2649 2599 2706 miraculum
2649 2657 2917 2721 recitatis,
2961 2669 3251 2732 martyrem
3301 2663 3454 2720 illum

1858 2735 2186 2803 appellavit,
2220 2740 2331 2796 fieri
2367 2746 2540 2813 potuit
2572 2756 2629 2801 ut
2659 2751 2916 2806 memoria
2949 2754 3130 2823 lapsus
3159 2771 3280 2811 eum
3311 2774 3464 2814 mar-

1858 2832 2028 2895 tyrem
2074 2832 2277 2890 dictum
2308 2838 2635 2909 crediderit,
2669 2860 2826 2914 quem
2873 2847 3142 2917 Joannes,
3176 2869 3206 2906 a
3246 2867 3354 2923 quo
3384 2857 3455 2911 de

1863 2922 2125 2978 miraculo
2151 2927 2320 2983 luerat
2349 2929 2679 3001 inStructus,
2706 2939 3006 3009 simplicem
3051 2922 3358 3015 episcopum
3400 2956 3458 3003 et

1855 3018 2224 3074 confessorem
2253 3030 2730 3094 pronuntiaverat:
2762 3034 2862 3088 nisi
2895 3034 3031 3091 forte
3072 3038 3186 3106 ipse
3211 3038 3450 3098 Joannes

1855 3123 1921 3164 eo
1943 3111 1991 3164 in
2026 3114 2178 3169 titulo
2204 3118 2382 3186 lapsus
2412 3123 2747 3190 probabilius
2773 3128 3046 3188 credatur.
3077 3133 3135 3188 In
3165 3133 3223 3190 S.
3247 3135 3455 3208 Grego-

152 3197 352 3299 iuartyr
380 3197 725 3301 appelletur;
745 3233 889 3288 unde
921 3245 1170 3306 martyres
1199 3251 1226 3288 a
1261 3236 1318 3291 8.
1353 3237 1623 3308 Cypriane
1652 3255 1745 3309 ap-
1773 3197 1820 3264 Ο
1857 3219 1936 3259 no
1979 3208 2193 3277 qu'de'"
2217 3213 2485 3309 fidem”
2534 3219 2585 3272 'd
2629 3235 2840 3290 Senem
2883 3238 3000 3280 ⁸³³⁸⁸
3045 3229 3292 3297 exemplo
3342 3248 3450 3288 "0"

151 3317 418 3388 pellantur
447 3332 498 3374 et
543 3322 616 3376 illi
655 3323 997 3380 confessores
1019 3368 1032 3391 ,
1076 3327 1164 3397 qui
1197 3328 1360 3382 multa
1392 3344 1488 3398 pro
1529 3329 1745 3387 Christo

151 3419 285 3485 passi
326 3416 564 3472 nondum
605 3418 656 3472 iu
701 3420 979 3489 Suppliciis
1009 3433 1396 3488 excesserant,
1440 3433 1491 3479 et
1541 3435 1744 3497 martyr

149 3521 296 3577 teque
326 3509 607 3565 confessm
636 3523 860 3567 vocatur
887 3529 914 3565 a
949 3513 1008 3568 8.
1043 3513 1269 3568 Paulino
1300 3514 1449 3570 Felix
1482 3516 1740 3583 Nolanus,

149 3611 199 3655 et
229 3613 492 3674 martyres
513 3604 638 3658 item
673 3606 1054 3675 przedicantur,
1077 3623 1137 3662 ac
1170 3607 1346 3662 officio
1374 3613 1625 3680 martyris
1652 3627 1744 3665 co-

149 3692 323 3747 luntur
352 3695 492 3750 idem
515 3696 567 3751 S.
601 3695 744 3751 Felix
769 3696 1106 3765 Nolanus,S.
1135 3699 1551 3756 Euseb.Vercel.
1582 3713 1740 3771 atque

148 3785 268 3852 alii,
296 3787 389 3858 qui
445 3791 770 3859 cmteroquin
805 3793 1049 3861 qumdam
1092 3793 1264 3847 solum
1311 3809 1406 3863 pro
1436 3793 1539 3850 fide
1573 3797 1734 3866 passi,

146 3875 195 3930 in
246 3895 374 3948 pace
417 3883 610 3937 mortui
650 3884 906 3954 deinceps
938 3885 1180 3960 [cxxxrv]
1221 3897 1363 3941 sunt.
1395 3887 1577 3958 Itaque
1614 3906 1736 3945 cum

147 3968 386 4042 Aloysius
416 3973 777 4044 Lippomanus
808 3996 871 4030 an
908 3977 1046 4034 1554
1079 3977 1320 4048 (Peretto
1353 3989 1487 4037 teste
1518 3986 1568 4038 in
1596 3982 1738 4038 Lati-

146 4065 222 4118 nis
243 4066 462 4122 scholiis
483 4067 549 4123 ad
580 4069 740 4124 vitam
791 4068 846 4124 S.
877 4070 1132 4141 Zenonis)
1172 4073 1423 4128 univerSu
1453 4075 1598 4129 clero
1631 4075 1734 4130 Ve-

145 4159 378 4212 ronensis
410 4159 656 4215 ditecesis
696 4163 948 4232 prmcepit
970 4205 983 4228 ,
1017 4174 1074 4217 ut
1099 4163 1166 4217 de
1189 4179 1296 4218 uno
1328 4176 1567 4237 martyre
1597 4183 1733 4237 port-

146 4250 277 4304 tifice
305 4250 538 4307 officium
571 4253 933 4309 celebraretur
955 4297 969 4319 ,
1003 4255 1145 4325 quod
1183 4267 1340 4311 antea
1368 4257 1436 4313 de
1465 4274 1572 4312 uno
1601 4275 1730 4314 con-

146 4340 339 4399 fessore
369 4346 618 4413 pontifice
642 4347 972 4402 celebratum
1017 4348 1218 4413 fuerat,
1257 4349 1395 4403 haud
1439 4351 1734 4420 reprehen-

146 4431 340 4490 dendus
367 4449 480 4503 est,
512 4454 686 4510 neque
730 4439 794 4496 iis
834 4441 1260 4497 succensendum
1286 4444 1579 4509 'Ecclesiis,
1611 4463 1730 4518 qua:

147 4533 199 4579 ut
221 4527 284 4581 ad
314 4528 636 4586 Veronensis
660 4534 963 4602 exemplum
993 4548 1113 4589 sese
1133 4534 1560 4602 coul'oriuarent,
1589 4539 1730 4595 hunc

1852 3309 2015 3352 sunt:
2047 3317 2169 3356 nam
2213 3303 2426 3362 Molano
2473 3311 2940 3372 animadVertente
2970 3320 3020 3372 in
3050 3323 3280 3375 secunda
3315 3321 3452 3378 Usu-

1847 3390 1961 3443 ardi
1990 3391 2248 3462 editione,
2280 3396 2337 3452 S.
2363 3398 2637 3458 Juvenalis
2664 3403 2980 3464 Narniensis
3007 3413 3324 3482 episcopus,
3353 3431 3450 3471 cu-

1841 3481 1930 3550 jus
1959 3484 2091 3539 lesta
2122 3488 2238 3543 dies
2266 3506 2300 3544 v
2324 3490 2507 3550 Nonas
2552 3497 2673 3552 Maii
2707 3501 2757 3554 in
2788 3500 3035 3558 Ruinauo
3062 3508 3448 3578 martyrologio

1846 3574 2119 3642 signatur,
2155 3593 2361 3653 martyr
2387 3584 2582 3642 dieitur
2613 3590 2702 3644 lib.
2739 3607 2791 3646 iv
2813 3634 2826 3658 ,
2870 3610 2990 3666 cap.
3024 3598 3122 3664 12,
3151 3616 3178 3651 a
3309 3574 3448 3660 Gre-

1843 3667 2026 3733 gorio,
2060 3682 2182 3722 cum
2215 3686 2396 3729 merus
2423 3678 2705 3736 eonfessor
2732 3681 2912 3741 fuerit.
2941 3686 3098 3743 Aliud
3122 3705 3222 3747 nos
3248 3708 3442 3750 exem-

1844 3758 1989 3824 plttm
2019 3759 2321 3820 adserimus
2365 3784 2428 3823 ex
2459 3773 2684 3840 epistola
2727 3778 2854 3833 olim
2911 3781 2979 3836 75
3032 3781 3128 3840 lib.
3160 3800 3256 3855 ts,
3301 3805 3444 3848 nunc

1843 3847 1912 3903 62
1953 3850 1992 3906 Ι.
2051 3869 2136 3919 Vl,
2169 3858 2253 3913 ubi
2297 3860 2438 3918 idem
2485 3869 2724 3935 pontifex
2767 3871 3115 3933 beatissimum
3162 3847 3439 3955 martyrem

1844 3954 2000 4000 vocat
2051 3948 2109 4004 S.
2143 3949 2397 4011 Leucium
2429 3961 2741 4032 episc0pum
2787 3967 3180 4030 Brundusinum
3205 4018 3221 4044 ,
3263 3979 3352 4048 qui
3385 3982 3439 4035 in

1849 4036 2070 4096 laudato
2099 4042 2479 4121 Martyrologio
2512 4069 2612 4109 nec
2643 4072 2751 4113 non
2782 4061 2832 4115 in
2862 4061 3181 4123 Calendario
3207 4036 3324 4124 'ms.
3354 4072 3442 4128 Bi-

1839 4128 2121 4189 bliotheca:
2163 4135 2542 4199 Casanatensis
2587 4149 2791 4219 scripto
2836 4155 3054 4212 ineunte
3105 4162 3304 4217 sicculo
3345 4179 3436 4232 Ix,

1842 4222 1908 4275 ad
1942 4237 2327 4287 monasterium
2357 4237 2625 4304 quoddam
2671 4243 3106 4306 Beneventanum
3137 4254 3265 4309 olim
3315 4272 3441 4328 per-

1841 4315 2079 4385 tinente,
2112 4337 2170 4376 ttt
2213 4323 2334 4379 ldus
2361 4325 2599 4386 Januarii
2645 4336 2913 4408 episcopus
2955 4352 3003 4396 et
3043 4349 3303 4417 confessor
3331 4366 3433 4406 no-

1838 4408 2101 4478 minatur,
2133 4425 2293 4486 atque
2322 4420 2396 4474 uti
2422 4424 2701 4482 confessor
2730 4432 2944 4500 quidem
2969 4437 3020 4491 in
3049 4439 3160 4509 ipsa
3184 4444 3301 4512 ejus
3331 4445 3437 4502 Ec-

1836 4501 1999 4557 clesia
2031 4505 2368 4568 Brundusium
2400 4531 2541 4574 nttuc
2562 4536 2774 4593 quoque
2805 4532 3060 4598 temporis
3087 4535 3300 4592 colitur.
3335 4538 3436 4596 Ve-

147 4622 382 4677 cumdem
412 4625 570 4678 ritum
603 4597 834 4682 subinde
875 4629 1167 4700 arripuisse
1193 4634 1322 4686 satis
1346 4597 1603 4689 credibile
1632 4651 1730 4690 no-
1755 4597 1808 4658 Β
1836 4607 1952 4648 mm
1983 4599 2198 4700 (“ﬁdem
2230 4614 2314 4658 es‘
2338 4604 2622 4666 Leonum"
2651 4616 2701 4669 i"
2731 4618 3057 4679 edi'ionibus
3086 4639 3204 4696 post
3231 4631 3430 4689 Roma'

149 4711 223 4766 bis
247 4725 326 4770 est
345 4758 359 4781 ,
387 4718 452 4774 de
481 4720 674 4790 quibus
701 4722 876 4792 capite
906 4735 1096 4789 quarto
1117 4724 1376 4781 dicemus.
1410 4727 1533 4783 Haec
1564 4742 1726 4797 sunt,

149 4818 484 4880 qumcmnque
516 4826 614 4877 pro
653 4812 896 4884 martyrii
934 4812 1225 4869 Zenoniani
1271 4822 1534 4874 sententia
1574 4822 1728 4876 colli-

145 4909 261 4964 gere
295 4902 588 4968 potuimus,
618 4913 672 4959 et
709 4903 825 4959 inec
851 4906 1064 4976 quidem
1098 4908 1321 4977 majori,
1356 4928 1458 4981 qua
1505 4930 1598 4982 per
1627 4931 1724 4971 nos

147 4986 284 5045 licuit
308 4993 383 5061 vi,
415 4998 686 5066 proposita
714 5009 873 5069 atque
903 5001 1186 5068 inculcata,
1213 5004 1401 5071 lector,
1451 5007 1632 5074 vides,
1667 4990 1745 5066 ut‘

146 5095 208 5136 ne
235 5084 353 5152 quid
385 5089 590 5144 roboris
633 5089 754 5146 huic
783 5093 916 5160 parti
943 5135 958 5159 ,
988 5111 1148 5164 quam
1179 5095 1507 5156 Veronensis
1541 5104 1723 5160 Eccle-

147 5174 214 5227 sia
242 5193 376 5234 nune
419 5183 692 5254 sequitur,
725 5184 1128 5256 decerperetur.
1159 5189 1309 5246 Nunc
1356 5193 1421 5250 de
1462 5194 1562 5263 iis,
1603 5216 1720 5269 qua:

147 5279 236 5334 pro
271 5275 532 5330 contraria
565 5278 832 5333 sententia
873 5290 1181 5351 suppetunt.

199 5383 225 5456 ἐ
250 5384 310 5440 II.
329 5418 395 5430 -
413 5391 722 5448 Asseruntttr
751 5406 1049 5466 argumenta
1075 5403 1348 5458 contrariw
1367 5409 1648 5463 sententiae.

210 5497 618 5572 Antiquissimus
647 5508 916 5576 omnium,
949 5512 1040 5581 qui
1062 5511 1298 5570 Zenonis
1322 5520 1720 5590 meminerunt,

151 5592 289 5647 testis
324 5607 404 5652 est
432 5598 490 5654 S.
522 5599 844 5659 Ambrosius
872 5607 1313 5680 archiepiscopus
1358 5612 1724 5672 Mediolanen-

149 5680 248 5750 sis,
274 5699 456 5746 auctor
498 5707 621 5746 cum
664 5695 903 5764 pluribus
946 5700 1254 5758 nominibus
1285 5707 1721 5766 accuratissimus

151 5783 198 5827 et
237 5782 473 5839 maximas
517 5783 676 5856 fidei,
723 5797 831 5845 tum
876 5806 1007 5848 vero
1049 5791 1249 5852 Zenoni
1296 5812 1531 5871 suppar,
1559 5817 1718 5873 quem

1838 4703 1959 4742 nam
2007 4691 2153 4747 illum
2195 4699 2489 4771 appellari,
2543 4721 2650 4762 non
2697 4709 2953 4771 Leucium
2989 4735 3002 4773 :
3044 4729 3100 4774 at
3145 4737 3266 4780 cum
3310 4726 3430 4796 ejus

1835 4793 2032 4851 corpus
2054 4785 2337 4846 Brundusii
2364 4798 2710 4865 requiescens
2738 4806 2936 4864 ibidem
2961 4814 3233 4884 tradatur,
3259 4785 3430 4878 Brun-

1835 4876 2027 4933 dusina
2059 4891 2238 4939 autem
2266 4889 2392 4944 urbs
2420 4893 2623 4950 nullum
2652 4899 2969 4972 cujusquam
2998 4913 3169 4966 sancti
3215 4913 3426 4974 Leontii

1833 4985 2029 5039 corpus
2060 4977 2199 5046 apud
2230 4995 2288 5036 se
2321 4986 2664 5054 requiescens
2704 5009 2958 5066 umquam
3004 5011 3318 5076 agnoverit,
3367 5021 3427 5068 ut

1834 5063 1967 5122 illttd
1990 5069 2046 5124 8.
2067 5069 2252 5170 Leucii
2275 5079 2510 5152 episcopi
2534 5084 2659 5140 olim
2690 5063 2908 5161 habuit,
2938 5063 3222 5170 antequam
3255 5063 3428 5166 Bene:

1830 5169 2048 5214 ventum
2078 5165 2460 5227 transferretur
2484 5190 2496 5228 ε
2544 5179 2736 5234 melior
2764 5183 2976 5242 videtur
3003 5165 3161 5249 lectio
3185 5198 3424 5264 priorum

1832 5249 2074 5274 0----..22
2113 5271 2127 5274 _
2155 5257 2255 5274 1-.»
3435 5265 3443 5274 ι

1831 5249 2074 5349 Gregorii
2103 5257 2400 5317 editionum
2429 5304 2442 5328 ,
2489 5282 2610 5337 qua:
2640 5285 2760 5327 cum
2793 5277 3031 5349 quinque
3061 5249 3425 5346 matutini

1831 5342 2101 5402 nediCtina
2141 5349 2388 5422 allegatis
2413 5354 2670 5416 Leucium
2696 5342 3006 5434 praeierunt.
3034 5375 3112 5429 Ex
3140 5377 3224 5432 his
3245 5342 3426 5439 aut—ein

1833 5435 2044 5536 duobus
2069 5438 2126 5495 8.
2160 5440 2438 5503 Pontiﬁcis
2468 5450 2706 5522 lapsibus
2737 5457 2791 5514 in
2823 5466 3074 5536 martyris
3106 5467 3258 5524 titulo
3287 5435 3425 5527 Gott:

1829 5528 2126 5589 fessoribus
2155 5537 2383 5608 tributo;
2419 5544 2559 5602 haud
2593 5558 2795 5608 temere
2820 5528 3010 5613 similis
3039 5560 3220 5629 lapsus
3248 5567 3427 5636 suspi-

1829 5625 1915 5679 cio
1940 5630 2184 5686 exoritur
2202 5673 2218 5698 ,
2246 5649 2367 5690 cum
2397 5637 2539 5696 idem
2569 5644 2626 5700 8.
2654 5646 2902 5706 Pontifex
2930 5652 3199 5710 Zenonem
3229 5672 3427 5735 marty-

1829 5732 1945 5774 rem
1994 5722 2247 5794 scripsit,
2293 5744 2451 5800 quem
2504 5733 2561 5790 S.
2605 5739 2924 5798 Ambrosius
2972 5754 3264 5817 martyrem
3314 5722 3423 5814 non

1828 5811 2068 5882 agnovit.
2103 5813 2364 5874 Coronati
2393 5820 2596 5882 Notarii
2632 5826 2748 5884 Vita
2785 5844 2910 5888 cum
2940 5811 3184 5905 pluribus
3223 5811 3424 5953 im‘pro;
