  <div class='ocr_page' id='page_1' title='image "/cluster/home/n/w/nwhite01/storage/ocr_20150623/11/hvd.32044015471287/087.png"; bbox 0 0 3998 6332; ppageno 0'>
   <div class='ocr_carea' id='block_1_1' title="bbox 545 350 645 410">
    <p class='ocr_par' dir='ltr' id='par_1_1' title="bbox 545 350 645 410">
     <span class='ocr_line' id='line_1_1' title="bbox 545 350 645 410; baseline -0.01 0"><span class='ocrx_word' id='word_1_1' title='bbox 545 350 645 410; x_wconf 68' lang='grc'><strong>165</strong></span> 
     </span>
    </p>
   </div>
   <div class='ocr_carea' id='block_1_2' title="bbox 1912 341 3797 411">
    <p class='ocr_par' dir='ltr' id='par_1_2' title="bbox 1912 341 3797 411">
     <span class='ocr_line' id='line_1_2' title="bbox 1912 341 3797 411; baseline 0.001 -8"><span class='ocrx_word' id='word_1_2' title='bbox 1912 341 2447 404; x_wconf 75' lang='lat' dir='ltr'><strong>PROLEGOMENA.</strong></span> <span class='ocrx_word' id='word_1_3' title='bbox 3711 351 3797 411; x_wconf 71' lang='lat' dir='ltr'><strong>itii</strong></span> 
     </span>
    </p>
   </div>
   <div class='ocr_carea' id='block_1_3' title="bbox 540 451 3800 540">
    <p class='ocr_par' dir='ltr' id='par_1_3' title="bbox 540 451 3800 540">
     <span class='ocr_line' id='line_1_3' title="bbox 540 451 3800 540; baseline -0.001 -17"><span class='ocrx_word' id='word_1_4' title='bbox 540 470 821 535; x_wconf 82' lang='lat' dir='ltr'><strong>habilibus,</strong></span> <span class='ocrx_word' id='word_1_5' title='bbox 837 483 956 540; x_wconf 73' lang='lat' dir='ltr'><strong>qua:</strong></span> <span class='ocrx_word' id='word_1_6' title='bbox 974 466 1102 523; x_wconf 87' lang='lat' dir='ltr'><strong>alibi</strong></span> <span class='ocrx_word' id='word_1_7' title='bbox 1119 461 2131 534; x_wconf 83' lang='lat' dir='ltr'><strong>consideravimus,adjunctisscateat,</strong></span> <span class='ocrx_word' id='word_1_8' title='bbox 2163 473 2216 533; x_wconf 75' lang='grc' dir='ltr'><strong>Α</strong></span> <span class='ocrx_word' id='word_1_9' title='bbox 2242 477 2367 517; x_wconf 82' lang='lat' dir='ltr'><strong>mox</strong></span> <span class='ocrx_word' id='word_1_10' title='bbox 2395 458 2716 517; x_wconf 84' lang='lat' dir='ltr'><strong>videbimus.</strong></span> <span class='ocrx_word' id='word_1_11' title='bbox 2749 457 2924 515; x_wconf 87' lang='lat' dir='ltr'><strong>Simili</strong></span> <span class='ocrx_word' id='word_1_12' title='bbox 2973 459 3132 530; x_wconf 89' lang='lat' dir='ltr'><strong>plane</strong></span> <span class='ocrx_word' id='word_1_13' title='bbox 3165 451 3370 517; x_wconf 78' lang='lat' dir='ltr'><strong>ratione</strong></span> <span class='ocrx_word' id='word_1_14' title='bbox 3419 461 3470 518; x_wconf 92' lang='lat' dir='ltr'><strong>in</strong></span> <span class='ocrx_word' id='word_1_15' title='bbox 3501 477 3599 521; x_wconf 91' lang='lat' dir='ltr'><strong>ms.</strong></span> <span class='ocrx_word' id='word_1_16' title='bbox 3624 464 3800 538; x_wconf 75' lang='lat' dir='ltr'><strong>Matty-</strong></span> 
     </span>
    </p>
   </div>
   <div class='ocr_carea' id='block_1_4' title="bbox 536 557 2132 636">
    <p class='ocr_par' dir='ltr' id='par_1_4' title="bbox 536 557 2132 636">
     <span class='ocr_line' id='line_1_4' title="bbox 536 557 2132 636; baseline -0.006 -16"><span class='ocrx_word' id='word_1_17' title='bbox 536 562 767 636; x_wconf 76' lang='lat' dir='ltr'><strong>[cxxsv]</strong></span> <span class='ocrx_word' id='word_1_18' title='bbox 790 563 1074 618; x_wconf 66' lang='lat' dir='ltr'><strong>levissima:</strong></span> <span class='ocrx_word' id='word_1_19' title='bbox 1089 559 1303 632; x_wconf 86' lang='lat' dir='ltr'><strong>quidem</strong></span> <span class='ocrx_word' id='word_1_20' title='bbox 1319 569 1398 614; x_wconf 89' lang='lat' dir='ltr'><strong>est</strong></span> <span class='ocrx_word' id='word_1_21' title='bbox 1425 557 1550 613; x_wconf 91' lang='lat' dir='ltr'><strong>ﬁdei</strong></span> <span class='ocrx_word' id='word_1_22' title='bbox 1569 575 1583 624; x_wconf 86' lang='lat'>;</span> <span class='ocrx_word' id='word_1_23' title='bbox 1602 568 1658 613; x_wconf 86' lang='lat' dir='ltr'><strong>at</strong></span> <span class='ocrx_word' id='word_1_24' title='bbox 1673 560 1853 629; x_wconf 88' lang='lat' dir='ltr'><strong>negari</strong></span> <span class='ocrx_word' id='word_1_25' title='bbox 1873 557 2002 613; x_wconf 89' lang='lat' dir='ltr'><strong>illud</strong></span> <span class='ocrx_word' id='word_1_26' title='bbox 2028 573 2132 612; x_wconf 90' lang='lat' dir='ltr'><strong>non</strong></span> 
     </span>
    </p>
   </div>
   <div class='ocr_carea' id='block_1_5' title="bbox 532 649 2134 727">
    <p class='ocr_par' dir='ltr' id='par_1_5' title="bbox 532 649 2134 727">
     <span class='ocr_line' id='line_1_5' title="bbox 532 649 2134 727; baseline -0.004 -19"><span class='ocrx_word' id='word_1_27' title='bbox 532 666 748 727; x_wconf 85' lang='lat' dir='ltr'><strong>potest.</strong></span> <span class='ocrx_word' id='word_1_28' title='bbox 776 655 918 726; x_wconf 78' lang='lat' dir='ltr'><strong>quod</strong></span> <span class='ocrx_word' id='word_1_29' title='bbox 947 671 1068 710; x_wconf 90' lang='lat' dir='ltr'><strong>cum</strong></span> <span class='ocrx_word' id='word_1_30' title='bbox 1100 653 1192 708; x_wconf 87' lang='lat' dir='ltr'><strong>ille</strong></span> <span class='ocrx_word' id='word_1_31' title='bbox 1219 651 1286 708; x_wconf 88' lang='lat' dir='ltr'><strong>de</strong></span> <span class='ocrx_word' id='word_1_32' title='bbox 1330 651 1548 705; x_wconf 83' lang='lat' dir='ltr'><strong>Zenone</strong></span> <span class='ocrx_word' id='word_1_33' title='bbox 1576 649 1862 706; x_wconf 85' lang='lat' dir='ltr'><strong>afﬁrmavit</strong></span> <span class='ocrx_word' id='word_1_34' title='bbox 1903 659 2134 719; x_wconf 80' lang='lat' dir='ltr'><strong>receptus</strong></span> 
     </span>
    </p>
   </div>
   <div class='ocr_carea' id='block_1_6' title="bbox 532 742 2132 818">
    <p class='ocr_par' dir='ltr' id='par_1_6' title="bbox 532 742 2132 818">
     <span class='ocr_line' id='line_1_6' title="bbox 532 742 2132 818; baseline -0.004 -16"><span class='ocrx_word' id='word_1_35' title='bbox 532 759 607 802; x_wconf 85' lang='lat' dir='ltr'><strong>est</strong></span> <span class='ocrx_word' id='word_1_36' title='bbox 637 749 690 802; x_wconf 84' lang='lat' dir='ltr'><strong>in</strong></span> <span class='ocrx_word' id='word_1_37' title='bbox 719 764 843 818; x_wconf 60' lang='lat' dir='ltr'><strong>parre</strong></span> <span class='ocrx_word' id='word_1_38' title='bbox 863 785 877 810; x_wconf 89' lang='lat'><strong>.</strong></span> <span class='ocrx_word' id='word_1_39' title='bbox 909 748 1049 802; x_wconf 90' lang='lat' dir='ltr'><strong>inter</strong></span> <span class='ocrx_word' id='word_1_40' title='bbox 1079 755 1157 801; x_wconf 93' lang='lat' dir='ltr'><strong>tot</strong></span> <span class='ocrx_word' id='word_1_41' title='bbox 1199 743 1572 815; x_wconf 81' lang='lat' dir='ltr'><strong>improbabilia</strong></span> <span class='ocrx_word' id='word_1_42' title='bbox 1595 783 1608 805; x_wconf 89' lang='lat'><strong>.</strong></span> <span class='ocrx_word' id='word_1_43' title='bbox 1640 758 1761 814; x_wconf 71' lang='lat' dir='ltr'><strong>qua:</strong></span> <span class='ocrx_word' id='word_1_44' title='bbox 1807 742 1874 797; x_wconf 87' lang='lat' dir='ltr'><strong>ad</strong></span> <span class='ocrx_word' id='word_1_45' title='bbox 1905 756 2132 812; x_wconf 78' lang='lat' dir='ltr'><strong>exagge-</strong></span> 
     </span>
    </p>
   </div>
   <div class='ocr_carea' id='block_1_7' title="bbox 540 833 2130 910">
    <p class='ocr_par' dir='ltr' id='par_1_7' title="bbox 540 833 2130 910">
     <span class='ocr_line' id='line_1_7' title="bbox 540 833 2130 910; baseline -0.004 -14"><span class='ocrx_word' id='word_1_46' title='bbox 540 841 760 896; x_wconf 84' lang='lat' dir='ltr'><strong>randam</strong></span> <span class='ocrx_word' id='word_1_47' title='bbox 791 841 851 897; x_wconf 88' lang='lat' dir='ltr'><strong>S.</strong></span> <span class='ocrx_word' id='word_1_48' title='bbox 885 838 1136 910; x_wconf 81' lang='lat' dir='ltr'><strong>Episcopi</strong></span> <span class='ocrx_word' id='word_1_49' title='bbox 1177 838 1408 909; x_wconf 89' lang='lat' dir='ltr'><strong>gloriam</strong></span> <span class='ocrx_word' id='word_1_50' title='bbox 1438 852 1505 892; x_wconf 78' lang='lat' dir='ltr'><strong>ex</strong></span> <span class='ocrx_word' id='word_1_51' title='bbox 1561 838 1672 907; x_wconf 87' lang='lat' dir='ltr'><strong>ipsa</strong></span> <span class='ocrx_word' id='word_1_52' title='bbox 1717 835 1956 907; x_wconf 89' lang='lat' dir='ltr'><strong>populari</strong></span> <span class='ocrx_word' id='word_1_53' title='bbox 1990 833 2130 889; x_wconf 82' lang='lat' dir='ltr'><strong>fama</strong></span> 
     </span>
    </p>
   </div>
   <div class='ocr_carea' id='block_1_8' title="bbox 531 930 2130 1005">
    <p class='ocr_par' dir='ltr' id='par_1_8' title="bbox 531 930 2130 1005">
     <span class='ocr_line' id='line_1_8' title="bbox 531 930 2130 1005; baseline -0.006 -13"><span class='ocrx_word' id='word_1_54' title='bbox 531 936 838 1005; x_wconf 77' lang='lat' dir='ltr'><strong>congessit,</strong></span> <span class='ocrx_word' id='word_1_55' title='bbox 872 935 1008 990; x_wconf 90' lang='lat' dir='ltr'><strong>nihil</strong></span> <span class='ocrx_word' id='word_1_56' title='bbox 1049 935 1117 990; x_wconf 87' lang='lat' dir='ltr'><strong>de</strong></span> <span class='ocrx_word' id='word_1_57' title='bbox 1148 933 1409 1004; x_wconf 87' lang='lat' dir='ltr'><strong>martyrio</strong></span> <span class='ocrx_word' id='word_1_58' title='bbox 1438 931 1681 1002; x_wconf 86' lang='lat' dir='ltr'><strong>ejusdem</strong></span> <span class='ocrx_word' id='word_1_59' title='bbox 1725 930 2005 996; x_wconf 79' lang='lat' dir='ltr'><strong>audierat,</strong></span> <span class='ocrx_word' id='word_1_60' title='bbox 2048 931 2130 984; x_wconf 88' lang='lat' dir='ltr'><strong>ni-</strong></span> 
     </span>
    </p>
   </div>
   <div class='ocr_carea' id='block_1_9' title="bbox 525 1024 2129 1101">
    <p class='ocr_par' dir='ltr' id='par_1_9' title="bbox 525 1024 2129 1101">
     <span class='ocr_line' id='line_1_9' title="bbox 525 1024 2129 1101; baseline -0.006 -16"><span class='ocrx_word' id='word_1_61' title='bbox 525 1029 709 1101; x_wconf 83' lang='lat' dir='ltr'><strong>bilque</strong></span> <span class='ocrx_word' id='word_1_62' title='bbox 733 1031 784 1084; x_wconf 92' lang='lat' dir='ltr'><strong>id</strong></span> <span class='ocrx_word' id='word_1_63' title='bbox 807 1027 1102 1098; x_wconf 88' lang='lat' dir='ltr'><strong>temporis,</strong></span> <span class='ocrx_word' id='word_1_64' title='bbox 1147 1027 1377 1096; x_wconf 89' lang='lat' dir='ltr'><strong>septimo</strong></span> <span class='ocrx_word' id='word_1_65' title='bbox 1424 1025 1631 1079; x_wconf 79' lang='lat' dir='ltr'><strong>scilicet</strong></span> <span class='ocrx_word' id='word_1_66' title='bbox 1663 1024 1742 1079; x_wconf 88' lang='lat' dir='ltr'><strong>vel</strong></span> <span class='ocrx_word' id='word_1_67' title='bbox 1792 1032 1985 1078; x_wconf 84' lang='lat' dir='ltr'><strong>octavo</strong></span> <span class='ocrx_word' id='word_1_68' title='bbox 2026 1036 2129 1076; x_wconf 79' lang='lat' dir='ltr'><strong>sa:-</strong></span> 
     </span>
    </p>
   </div>
   <div class='ocr_carea' id='block_1_10' title="bbox 524 1115 2128 1192">
    <p class='ocr_par' dir='ltr' id='par_1_10' title="bbox 524 1115 2128 1192">
     <span class='ocr_line' id='line_1_10' title="bbox 524 1115 2128 1192; baseline -0.004 -15"><span class='ocrx_word' id='word_1_69' title='bbox 524 1123 648 1178; x_wconf 87' lang='lat' dir='ltr'><strong>culo</strong></span> <span class='ocrx_word' id='word_1_70' title='bbox 667 1163 682 1188; x_wconf 95' lang='lat'><strong>,</strong></span> <span class='ocrx_word' id='word_1_71' title='bbox 714 1137 821 1177; x_wconf 89' lang='lat' dir='ltr'><strong>non</strong></span> <span class='ocrx_word' id='word_1_72' title='bbox 851 1119 1023 1174; x_wconf 90' lang='lat' dir='ltr'><strong>multo</strong></span> <span class='ocrx_word' id='word_1_73' title='bbox 1049 1129 1172 1192; x_wconf 85' lang='lat' dir='ltr'><strong>post</strong></span> <span class='ocrx_word' id='word_1_74' title='bbox 1201 1118 1262 1175; x_wconf 87' lang='lat' dir='ltr'><strong>S.</strong></span> <span class='ocrx_word' id='word_1_75' title='bbox 1291 1117 1533 1188; x_wconf 77' lang='lat' dir='ltr'><strong>Gregorii</strong></span> <span class='ocrx_word' id='word_1_76' title='bbox 1580 1115 1784 1171; x_wconf 91' lang='lat' dir='ltr'><strong>obitum</strong></span> <span class='ocrx_word' id='word_1_77' title='bbox 1806 1158 1822 1183; x_wconf 94' lang='lat'><strong>,</strong></span> <span class='ocrx_word' id='word_1_78' title='bbox 1864 1115 1964 1170; x_wconf 88' lang='lat' dir='ltr'><strong>hac</strong></span> <span class='ocrx_word' id='word_1_79' title='bbox 2010 1115 2128 1183; x_wconf 85' lang='lat' dir='ltr'><strong>ipsa</strong></span> 
     </span>
    </p>
   </div>
   <div class='ocr_carea' id='block_1_11' title="bbox 523 1206 2126 1279">
    <p class='ocr_par' dir='ltr' id='par_1_11' title="bbox 523 1206 2126 1279">
     <span class='ocr_line' id='line_1_11' title="bbox 523 1206 2126 1279; baseline -0.005 -9"><span class='ocrx_word' id='word_1_80' title='bbox 523 1215 578 1270; x_wconf 91' lang='lat' dir='ltr'><strong>in</strong></span> <span class='ocrx_word' id='word_1_81' title='bbox 604 1214 906 1270; x_wconf 88' lang='lat' dir='ltr'><strong>Veronensi</strong></span> <span class='ocrx_word' id='word_1_82' title='bbox 934 1212 1173 1268; x_wconf 80' lang='lat' dir='ltr'><strong>Ecclesia</strong></span> <span class='ocrx_word' id='word_1_83' title='bbox 1194 1211 1264 1266; x_wconf 87' lang='lat' dir='ltr'><strong>de</strong></span> <span class='ocrx_word' id='word_1_84' title='bbox 1285 1211 1474 1266; x_wconf 89' lang='lat' dir='ltr'><strong>eodem</strong></span> <span class='ocrx_word' id='word_1_85' title='bbox 1504 1208 1797 1265; x_wconf 81' lang='lat' dir='ltr'><strong>ferebatur.</strong></span> <span class='ocrx_word' id='word_1_86' title='bbox 1814 1207 1968 1264; x_wconf 84' lang='lat' dir='ltr'><strong>Adde</strong></span> <span class='ocrx_word' id='word_1_87' title='bbox 1983 1206 2126 1279; x_wconf 87' lang='lat' dir='ltr'><strong>quod</strong></span> 
     </span>
    </p>
   </div>
   <div class='ocr_carea' id='block_1_12' title="bbox 525 1301 2126 1379">
    <p class='ocr_par' dir='ltr' id='par_1_12' title="bbox 525 1301 2126 1379">
     <span class='ocr_line' id='line_1_12' title="bbox 525 1301 2126 1379; baseline -0.004 -15"><span class='ocrx_word' id='word_1_88' title='bbox 525 1311 785 1366; x_wconf 81' lang='lat' dir='ltr'><strong>Goronati</strong></span> <span class='ocrx_word' id='word_1_89' title='bbox 831 1309 962 1364; x_wconf 65' lang='lat' dir='ltr'><strong>Vite</strong></span> <span class='ocrx_word' id='word_1_90' title='bbox 983 1351 999 1373; x_wconf 93' lang='lat'><strong>,</strong></span> <span class='ocrx_word' id='word_1_91' title='bbox 1028 1323 1148 1379; x_wconf 69' lang='lat' dir='ltr'><strong>qua:</strong></span> <span class='ocrx_word' id='word_1_92' title='bbox 1179 1307 1232 1360; x_wconf 94' lang='lat' dir='ltr'><strong>iu</strong></span> <span class='ocrx_word' id='word_1_93' title='bbox 1281 1305 1602 1376; x_wconf 85' lang='lat' dir='ltr'><strong>perantiquo</strong></span> <span class='ocrx_word' id='word_1_94' title='bbox 1631 1303 1882 1372; x_wconf 81' lang='lat' dir='ltr'><strong>Remensi</strong></span> <span class='ocrx_word' id='word_1_95' title='bbox 1930 1301 2126 1358; x_wconf 83' lang='lat' dir='ltr'><strong>Codice</strong></span> 
     </span>
    </p>
   </div>
   <div class='ocr_carea' id='block_1_13' title="bbox 523 1397 2124 1477">
    <p class='ocr_par' dir='ltr' id='par_1_13' title="bbox 523 1397 2124 1477">
     <span class='ocr_line' id='line_1_13' title="bbox 523 1397 2124 1477; baseline -0.006 -18"><span class='ocrx_word' id='word_1_96' title='bbox 523 1404 749 1474; x_wconf 88' lang='lat' dir='ltr'><strong>legitur,</strong></span> <span class='ocrx_word' id='word_1_97' title='bbox 792 1402 884 1458; x_wconf 89' lang='lat' dir='ltr'><strong>ubi</strong></span> <span class='ocrx_word' id='word_1_98' title='bbox 931 1400 1218 1470; x_wconf 76' lang='lat' dir='ltr'><strong>exponitur</strong></span> <span class='ocrx_word' id='word_1_99' title='bbox 1259 1399 1580 1455; x_wconf 84' lang='lat' dir='ltr'><strong>miraculum</strong></span> <span class='ocrx_word' id='word_1_100' title='bbox 1619 1397 1876 1477; x_wconf 71' lang='lat' dir='ltr'><strong>Athesis,</strong></span> <span class='ocrx_word' id='word_1_101' title='bbox 1919 1397 2124 1452; x_wconf 83' lang='lat' dir='ltr'><strong>inserta</strong></span> 
     </span>
    </p>
   </div>
   <div class='ocr_carea' id='block_1_14' title="bbox 519 1491 2123 1569">
    <p class='ocr_par' dir='ltr' id='par_1_14' title="bbox 519 1491 2123 1569">
     <span class='ocr_line' id='line_1_14' title="bbox 519 1491 2123 1569; baseline -0.004 -17"><span class='ocrx_word' id='word_1_102' title='bbox 519 1509 782 1569; x_wconf 78' lang='lat' dir='ltr'><strong>apparent</strong></span> <span class='ocrx_word' id='word_1_103' title='bbox 823 1499 938 1568; x_wconf 82' lang='lat' dir='ltr'><strong>ipsa</strong></span> <span class='ocrx_word' id='word_1_104' title='bbox 981 1496 1038 1552; x_wconf 99' lang='grc'><strong>8.</strong></span> <span class='ocrx_word' id='word_1_105' title='bbox 1067 1495 1315 1566; x_wconf 75' lang='lat' dir='ltr'><strong>Gregorii</strong></span> <span class='ocrx_word' id='word_1_106' title='bbox 1344 1494 1540 1559; x_wconf 89' lang='lat' dir='ltr'><strong>verba,</strong></span> <span class='ocrx_word' id='word_1_107' title='bbox 1575 1503 1633 1548; x_wconf 87' lang='lat' dir='ltr'><strong>ut</strong></span> <span class='ocrx_word' id='word_1_108' title='bbox 1679 1493 1731 1547; x_wconf 92' lang='lat' dir='ltr'><strong>in</strong></span> <span class='ocrx_word' id='word_1_109' title='bbox 1771 1491 2123 1546; x_wconf 78' lang='lat' dir='ltr'><strong>adnotatione</strong></span> 
     </span>
    </p>
   </div>
   <div class='ocr_carea' id='block_1_15' title="bbox 519 1582 2121 1654">
    <p class='ocr_par' dir='ltr' id='par_1_15' title="bbox 519 1582 2121 1654">
     <span class='ocr_line' id='line_1_15' title="bbox 519 1582 2121 1654; baseline -0.004 -9"><span class='ocrx_word' id='word_1_110' title='bbox 519 1591 589 1647; x_wconf 77' lang='lat' dir='ltr'><strong>to</strong></span> <span class='ocrx_word' id='word_1_111' title='bbox 612 1590 680 1645; x_wconf 86' lang='lat' dir='ltr'><strong>ad</strong></span> <span class='ocrx_word' id='word_1_112' title='bbox 711 1589 955 1646; x_wconf 89' lang='lat' dir='ltr'><strong>eamdem</strong></span> <span class='ocrx_word' id='word_1_113' title='bbox 981 1589 1157 1644; x_wconf 89' lang='lat' dir='ltr'><strong>Vitam</strong></span> <span class='ocrx_word' id='word_1_114' title='bbox 1188 1587 1430 1643; x_wconf 81' lang='lat' dir='ltr'><strong>dicemus</strong></span> <span class='ocrx_word' id='word_1_115' title='bbox 1457 1604 1470 1640; x_wconf 87' lang='lat'><strong>:</strong></span> <span class='ocrx_word' id='word_1_116' title='bbox 1497 1587 1626 1642; x_wconf 91' lang='lat' dir='ltr'><strong>etin</strong></span> <span class='ocrx_word' id='word_1_117' title='bbox 1653 1585 1734 1640; x_wconf 84' lang='lat' dir='ltr'><strong>his</strong></span> <span class='ocrx_word' id='word_1_118' title='bbox 1756 1601 1854 1653; x_wconf 87' lang='lat' dir='ltr'><strong>pro</strong></span> <span class='ocrx_word' id='word_1_119' title='bbox 1881 1598 1948 1640; x_wconf 91' lang='lat' dir='ltr'><strong>eo</strong></span> <span class='ocrx_word' id='word_1_120' title='bbox 1977 1582 2121 1654; x_wconf 85' lang='lat' dir='ltr'><strong>quod</strong></span> 
     </span>
    </p>
   </div>
   <div class='ocr_carea' id='block_1_16' title="bbox 516 1678 2121 1754">
    <p class='ocr_par' dir='ltr' id='par_1_16' title="bbox 516 1678 2121 1754">
     <span class='ocr_line' id='line_1_16' title="bbox 516 1678 2121 1754; baseline -0.004 -17"><span class='ocrx_word' id='word_1_121' title='bbox 516 1683 659 1752; x_wconf 89' lang='lat' dir='ltr'><strong>apud</strong></span> <span class='ocrx_word' id='word_1_122' title='bbox 682 1683 739 1739; x_wconf 88' lang='lat' dir='ltr'><strong>S.</strong></span> <span class='ocrx_word' id='word_1_123' title='bbox 764 1681 1087 1754; x_wconf 73' lang='lat' dir='ltr'><strong>Gregorium</strong></span> <span class='ocrx_word' id='word_1_124' title='bbox 1116 1681 1372 1737; x_wconf 83' lang='lat' dir='ltr'><strong>scribitur</strong></span> <span class='ocrx_word' id='word_1_125' title='bbox 1393 1680 1460 1734; x_wconf 76' lang='lat' dir='ltr'><strong>ad</strong></span> <span class='ocrx_word' id='word_1_126' title='bbox 1485 1679 1854 1735; x_wconf 78' lang='lat' dir='ltr'><strong>ostendendum</strong></span> <span class='ocrx_word' id='word_1_127' title='bbox 1883 1678 2121 1731; x_wconf 71' lang='lat' dir='ltr'><strong>&quot;teritum</strong></span> 
     </span>
    </p>
   </div>
   <div class='ocr_carea' id='block_1_17' title="bbox 517 1771 2122 1845">
    <p class='ocr_par' dir='ltr' id='par_1_17' title="bbox 517 1771 2122 1845">
     <span class='ocr_line' id='line_1_17' title="bbox 517 1771 2122 1845; baseline -0.002 -17"><span class='ocrx_word' id='word_1_128' title='bbox 517 1777 791 1845; x_wconf 78' lang='lat' dir='ltr'><strong>martyris,</strong></span> <span class='ocrx_word' id='word_1_129' title='bbox 827 1775 1025 1830; x_wconf 80' lang='lat' dir='ltr'><strong>ibidem</strong></span> <span class='ocrx_word' id='word_1_130' title='bbox 1070 1775 1302 1844; x_wconf 87' lang='lat' dir='ltr'><strong>positum</strong></span> <span class='ocrx_word' id='word_1_131' title='bbox 1333 1773 1434 1828; x_wconf 75' lang='lat' dir='ltr'><strong>fuit</strong></span> <span class='ocrx_word' id='word_1_132' title='bbox 1459 1773 1528 1827; x_wconf 85' lang='lat' dir='ltr'><strong>ad</strong></span> <span class='ocrx_word' id='word_1_133' title='bbox 1565 1772 1937 1827; x_wconf 74' lang='lat' dir='ltr'><strong>ostendendum</strong></span> <span class='ocrx_word' id='word_1_134' title='bbox 1968 1771 2122 1826; x_wconf 78' lang='lat' dir='ltr'><strong>meri-</strong></span> 
     </span>
    </p>
   </div>
   <div class='ocr_carea' id='block_1_18' title="bbox 2240 556 3800 632">
    <p class='ocr_par' dir='ltr' id='par_1_18' title="bbox 2240 556 3800 632">
     <span class='ocr_line' id='line_1_18' title="bbox 2240 556 3800 632; baseline 0.004 -17"><span class='ocrx_word' id='word_1_135' title='bbox 2240 559 2446 631; x_wconf 77' lang='lat' dir='ltr'><strong>rologio</strong></span> <span class='ocrx_word' id='word_1_136' title='bbox 2494 557 2805 614; x_wconf 86' lang='lat' dir='ltr'><strong>monasterii</strong></span> <span class='ocrx_word' id='word_1_137' title='bbox 2854 556 3182 614; x_wconf 89' lang='lat' dir='ltr'><strong>Veronensis</strong></span> <span class='ocrx_word' id='word_1_138' title='bbox 3227 558 3284 614; x_wconf 89' lang='lat' dir='ltr'><strong>S.</strong></span> <span class='ocrx_word' id='word_1_139' title='bbox 3333 559 3592 632; x_wconf 87' lang='lat' dir='ltr'><strong>Spiritus,</strong></span> <span class='ocrx_word' id='word_1_140' title='bbox 3634 580 3800 622; x_wconf 88' lang='lat' dir='ltr'><strong>mense</strong></span> 
     </span>
    </p>
   </div>
   <div class='ocr_carea' id='block_1_19' title="bbox 2239 650 3800 726">
    <p class='ocr_par' dir='ltr' id='par_1_19' title="bbox 2239 650 3800 726">
     <span class='ocr_line' id='line_1_19' title="bbox 2239 650 3800 726; baseline 0.004 -20"><span class='ocrx_word' id='word_1_141' title='bbox 2239 652 2409 722; x_wconf 83' lang='lat' dir='ltr'><strong>Aprili</strong></span> <span class='ocrx_word' id='word_1_142' title='bbox 2461 651 2641 707; x_wconf 86' lang='lat' dir='ltr'><strong>brevis</strong></span> <span class='ocrx_word' id='word_1_143' title='bbox 2693 650 2937 722; x_wconf 87' lang='lat' dir='ltr'><strong>martyrii</strong></span> <span class='ocrx_word' id='word_1_144' title='bbox 2979 651 3033 706; x_wconf 89' lang='lat' dir='ltr'><strong>S.</strong></span> <span class='ocrx_word' id='word_1_145' title='bbox 3083 650 3321 707; x_wconf 82' lang='lat' dir='ltr'><strong>Zenonis</strong></span> <span class='ocrx_word' id='word_1_146' title='bbox 3358 651 3636 726; x_wconf 86' lang='lat' dir='ltr'><strong>descriptio</strong></span> <span class='ocrx_word' id='word_1_147' title='bbox 3667 656 3712 712; x_wconf 91' lang='lat' dir='ltr'><strong>lll</strong></span> <span class='ocrx_word' id='word_1_148' title='bbox 3755 657 3800 712; x_wconf 91' lang='lat' dir='ltr'><strong>in</strong></span> 
     </span>
    </p>
   </div>
   <div class='ocr_carea' id='block_1_20' title="bbox 2239 741 3799 818">
    <p class='ocr_par' dir='ltr' id='par_1_20' title="bbox 2239 741 3799 818">
     <span class='ocr_line' id='line_1_20' title="bbox 2239 741 3799 818; baseline 0.004 -19"><span class='ocrx_word' id='word_1_149' title='bbox 2239 743 2746 815; x_wconf 82' lang='lat' dir='ltr'><strong>Martyrologiorum</strong></span> <span class='ocrx_word' id='word_1_150' title='bbox 2793 741 3023 798; x_wconf 87' lang='lat' dir='ltr'><strong>formam</strong></span> <span class='ocrx_word' id='word_1_151' title='bbox 3081 744 3268 798; x_wconf 87' lang='lat' dir='ltr'><strong>iisdem</strong></span> <span class='ocrx_word' id='word_1_152' title='bbox 3313 741 3424 800; x_wconf 87' lang='lat' dir='ltr'><strong>fere</strong></span> <span class='ocrx_word' id='word_1_153' title='bbox 3462 748 3658 814; x_wconf 80' lang='lat' dir='ltr'><strong>verbis,</strong></span> <span class='ocrx_word' id='word_1_154' title='bbox 3697 763 3799 818; x_wconf 72' lang='lat' dir='ltr'><strong>quae</strong></span> 
     </span>
    </p>
   </div>
   <div class='ocr_carea' id='block_1_21' title="bbox 2238 835 3797 909">
    <p class='ocr_par' dir='ltr' id='par_1_21' title="bbox 2238 835 3797 909">
     <span class='ocr_line' id='line_1_21' title="bbox 2238 835 3797 909; baseline 0.002 -17"><span class='ocrx_word' id='word_1_155' title='bbox 2238 837 2289 893; x_wconf 91' lang='lat' dir='ltr'><strong>in</strong></span> <span class='ocrx_word' id='word_1_156' title='bbox 2329 837 2543 908; x_wconf 88' lang='lat' dir='ltr'><strong>vulgato</strong></span> <span class='ocrx_word' id='word_1_157' title='bbox 2573 835 2818 892; x_wconf 84' lang='lat' dir='ltr'><strong>Usuardo</strong></span> <span class='ocrx_word' id='word_1_158' title='bbox 2863 837 3145 906; x_wconf 80' lang='lat' dir='ltr'><strong>leguntur,</strong></span> <span class='ocrx_word' id='word_1_159' title='bbox 3192 836 3535 909; x_wconf 88' lang='lat' dir='ltr'><strong>martyriique</strong></span> <span class='ocrx_word' id='word_1_160' title='bbox 3580 841 3797 895; x_wconf 88' lang='lat' dir='ltr'><strong>testimo-</strong></span> 
     </span>
    </p>
   </div>
   <div class='ocr_carea' id='block_1_22' title="bbox 2239 927 3797 1005">
    <p class='ocr_par' dir='ltr' id='par_1_22' title="bbox 2239 927 3797 1005">
     <span class='ocr_line' id='line_1_22' title="bbox 2239 927 3797 1005; baseline 0.003 -20"><span class='ocrx_word' id='word_1_161' title='bbox 2239 933 2387 986; x_wconf 88' lang='lat' dir='ltr'><strong>nium</strong></span> <span class='ocrx_word' id='word_1_162' title='bbox 2412 945 2442 987; x_wconf 93' lang='lat' dir='ltr'><strong>e</strong></span> <span class='ocrx_word' id='word_1_163' title='bbox 2471 930 2528 987; x_wconf 92' lang='lat' dir='ltr'><strong>S.</strong></span> <span class='ocrx_word' id='word_1_164' title='bbox 2563 929 2807 1002; x_wconf 76' lang='lat' dir='ltr'><strong>Gregorii</strong></span> <span class='ocrx_word' id='word_1_165' title='bbox 2835 927 3160 985; x_wconf 81' lang='lat' dir='ltr'><strong>auctoritate</strong></span> <span class='ocrx_word' id='word_1_166' title='bbox 3187 931 3253 984; x_wconf 88' lang='lat' dir='ltr'><strong>ab</strong></span> <span class='ocrx_word' id='word_1_167' title='bbox 3280 930 3399 986; x_wconf 89' lang='lat' dir='ltr'><strong>aliis</strong></span> <span class='ocrx_word' id='word_1_168' title='bbox 3428 930 3797 1005; x_wconf 79' lang='lat' dir='ltr'><strong>Martyrologio-</strong></span> 
     </span>
    </p>
   </div>
   <div class='ocr_carea' id='block_1_23' title="bbox 2247 1023 3795 1095">
    <p class='ocr_par' dir='ltr' id='par_1_23' title="bbox 2247 1023 3795 1095">
     <span class='ocr_line' id='line_1_23' title="bbox 2247 1023 3795 1095; baseline 0.003 -17"><span class='ocrx_word' id='word_1_169' title='bbox 2247 1041 2365 1079; x_wconf 90' lang='lat' dir='ltr'><strong>rum</strong></span> <span class='ocrx_word' id='word_1_170' title='bbox 2395 1023 2751 1095; x_wconf 81' lang='lat' dir='ltr'><strong>scriptoribus</strong></span> <span class='ocrx_word' id='word_1_171' title='bbox 2782 1031 3004 1093; x_wconf 81' lang='lat' dir='ltr'><strong>excepta</strong></span> <span class='ocrx_word' id='word_1_172' title='bbox 3037 1025 3406 1090; x_wconf 78' lang='lat' dir='ltr'><strong>deduxerunt;</strong></span> <span class='ocrx_word' id='word_1_173' title='bbox 3438 1030 3492 1079; x_wconf 90' lang='lat' dir='ltr'><strong>at</strong></span> <span class='ocrx_word' id='word_1_174' title='bbox 3518 1026 3730 1082; x_wconf 83' lang='lat' dir='ltr'><strong>subinde</strong></span> <span class='ocrx_word' id='word_1_175' title='bbox 3751 1029 3795 1082; x_wconf 90' lang='lat' dir='ltr'><strong>in</strong></span> 
     </span>
    </p>
   </div>
   <div class='ocr_carea' id='block_1_24' title="bbox 2234 1113 3791 1174">
    <p class='ocr_par' dir='ltr' id='par_1_24' title="bbox 2234 1113 3791 1174">
     <span class='ocr_line' id='line_1_24' title="bbox 2234 1113 3791 1174; baseline 0.001 -2"><span class='ocrx_word' id='word_1_176' title='bbox 2234 1113 2445 1172; x_wconf 89' lang='lat' dir='ltr'><strong>duobus</strong></span> <span class='ocrx_word' id='word_1_177' title='bbox 2472 1117 2592 1170; x_wconf 87' lang='lat' dir='ltr'><strong>aliis</strong></span> <span class='ocrx_word' id='word_1_178' title='bbox 2622 1115 2773 1172; x_wconf 88' lang='lat' dir='ltr'><strong>festis</strong></span> <span class='ocrx_word' id='word_1_179' title='bbox 2797 1117 2852 1171; x_wconf 92' lang='lat' dir='ltr'><strong>S.</strong></span> <span class='ocrx_word' id='word_1_180' title='bbox 2877 1115 3113 1172; x_wconf 86' lang='lat' dir='ltr'><strong>Zenonis</strong></span> <span class='ocrx_word' id='word_1_181' title='bbox 3143 1133 3332 1173; x_wconf 87' lang='lat' dir='ltr'><strong>mense</strong></span> <span class='ocrx_word' id='word_1_182' title='bbox 3357 1117 3494 1173; x_wconf 77' lang='lat' dir='ltr'><strong>Malo</strong></span> <span class='ocrx_word' id='word_1_183' title='bbox 3522 1121 3574 1174; x_wconf 83' lang='lat' dir='ltr'><strong>et</strong></span> <span class='ocrx_word' id='word_1_184' title='bbox 3604 1119 3791 1174; x_wconf 86' lang='lat' dir='ltr'><strong>Decem-</strong></span> 
     </span>
    </p>
   </div>
   <div class='ocr_carea' id='block_1_25' title="bbox 2235 1207 3796 1280">
    <p class='ocr_par' dir='ltr' id='par_1_25' title="bbox 2235 1207 3796 1280">
     <span class='ocr_line' id='line_1_25' title="bbox 2235 1207 3796 1280; baseline 0.001 -18"><span class='ocrx_word' id='word_1_185' title='bbox 2235 1208 2351 1274; x_wconf 90' lang='lat' dir='ltr'><strong>bri,</strong></span> <span class='ocrx_word' id='word_1_186' title='bbox 2384 1224 2505 1280; x_wconf 83' lang='lat' dir='ltr'><strong>quae</strong></span> <span class='ocrx_word' id='word_1_187' title='bbox 2547 1221 2613 1264; x_wconf 85' lang='lat' dir='ltr'><strong>ex</strong></span> <span class='ocrx_word' id='word_1_188' title='bbox 2645 1207 2776 1264; x_wconf 82' lang='lat' dir='ltr'><strong>solis</strong></span> <span class='ocrx_word' id='word_1_189' title='bbox 2809 1207 3210 1265; x_wconf 87' lang='lat' dir='ltr'><strong>Veronensibus</strong></span> <span class='ocrx_word' id='word_1_190' title='bbox 3252 1207 3401 1264; x_wconf 88' lang='lat' dir='ltr'><strong>libris</strong></span> <span class='ocrx_word' id='word_1_191' title='bbox 3445 1219 3616 1265; x_wconf 81' lang='lat' dir='ltr'><strong>notata</strong></span> <span class='ocrx_word' id='word_1_192' title='bbox 3656 1221 3796 1276; x_wconf 83' lang='lat' dir='ltr'><strong>sunt,</strong></span> 
     </span>
    </p>
   </div>
   <div class='ocr_carea' id='block_1_26' title="bbox 2233 1299 3608 1374">
    <p class='ocr_par' dir='ltr' id='par_1_26' title="bbox 2233 1299 3608 1374">
     <span class='ocr_line' id='line_1_26' title="bbox 2233 1299 3608 1374; baseline 0.002 -18"><span class='ocrx_word' id='word_1_193' title='bbox 2233 1300 2324 1357; x_wconf 89' lang='lat' dir='ltr'><strong>ille</strong></span> <span class='ocrx_word' id='word_1_194' title='bbox 2353 1301 2635 1359; x_wconf 80' lang='lat' dir='ltr'><strong>confessor</strong></span> <span class='ocrx_word' id='word_1_195' title='bbox 2660 1299 2901 1373; x_wconf 81' lang='lat' dir='ltr'><strong>pontifex</strong></span> <span class='ocrx_word' id='word_1_196' title='bbox 2929 1303 3270 1358; x_wconf 89' lang='lat' dir='ltr'><strong>solummodo</strong></span> <span class='ocrx_word' id='word_1_197' title='bbox 3295 1303 3608 1374; x_wconf 85' lang='lat' dir='ltr'><strong>appellatur.</strong></span> 
     </span>
    </p>
   </div>
   <div class='ocr_carea' id='block_1_27' title="bbox 2304 1396 3798 1468">
    <p class='ocr_par' dir='ltr' id='par_1_27' title="bbox 2304 1396 3798 1468">
     <span class='ocr_line' id='line_1_27' title="bbox 2304 1396 3798 1468; baseline 0.001 -16"><span class='ocrx_word' id='word_1_198' title='bbox 2304 1400 2700 1468; x_wconf 79' lang='lat' dir='ltr'><strong>Argumentum</strong></span> <span class='ocrx_word' id='word_1_199' title='bbox 2724 1439 2738 1466; x_wconf 93' lang='lat'><strong>,</strong></span> <span class='ocrx_word' id='word_1_200' title='bbox 2772 1398 2914 1468; x_wconf 90' lang='lat' dir='ltr'><strong>quod</strong></span> <span class='ocrx_word' id='word_1_201' title='bbox 2947 1411 3013 1452; x_wconf 83' lang='lat' dir='ltr'><strong>ex</strong></span> <span class='ocrx_word' id='word_1_202' title='bbox 3038 1399 3261 1468; x_wconf 83' lang='lat' dir='ltr'><strong>antiquo</strong></span> <span class='ocrx_word' id='word_1_203' title='bbox 3285 1396 3608 1452; x_wconf 79' lang='lat' dir='ltr'><strong>Veronensis</strong></span> <span class='ocrx_word' id='word_1_204' title='bbox 3638 1398 3798 1454; x_wconf 64' lang='lat' dir='ltr'><strong>Eccle-</strong></span> 
     </span>
    </p>
   </div>
   <div class='ocr_carea' id='block_1_28' title="bbox 2229 1491 3794 1563">
    <p class='ocr_par' dir='ltr' id='par_1_28' title="bbox 2229 1491 3794 1563">
     <span class='ocr_line' id='line_1_28' title="bbox 2229 1491 3794 1563; baseline 0.002 -18"><span class='ocrx_word' id='word_1_205' title='bbox 2229 1491 2324 1545; x_wconf 68' lang='lat' dir='ltr'><strong>site</strong></span> <span class='ocrx_word' id='word_1_206' title='bbox 2354 1491 2461 1547; x_wconf 88' lang='lat' dir='ltr'><strong>ritu</strong></span> <span class='ocrx_word' id='word_1_207' title='bbox 2487 1491 2788 1547; x_wconf 85' lang='lat' dir='ltr'><strong>ducebatur</strong></span> <span class='ocrx_word' id='word_1_208' title='bbox 2811 1534 2825 1560; x_wconf 94' lang='lat'><strong>,</strong></span> <span class='ocrx_word' id='word_1_209' title='bbox 2855 1504 2914 1547; x_wconf 88' lang='lat' dir='ltr'><strong>ut</strong></span> <span class='ocrx_word' id='word_1_210' title='bbox 2944 1492 3002 1549; x_wconf 88' lang='lat' dir='ltr'><strong>S.</strong></span> <span class='ocrx_word' id='word_1_211' title='bbox 3033 1491 3186 1550; x_wconf 89' lang='lat' dir='ltr'><strong>Zeno</strong></span> <span class='ocrx_word' id='word_1_212' title='bbox 3214 1533 3229 1556; x_wconf 91' lang='lat'><strong>,</strong></span> <span class='ocrx_word' id='word_1_213' title='bbox 3272 1493 3426 1563; x_wconf 83' lang='lat' dir='ltr'><strong>cujus</strong></span> <span class='ocrx_word' id='word_1_214' title='bbox 3455 1493 3584 1548; x_wconf 85' lang='lat' dir='ltr'><strong>festa</strong></span> <span class='ocrx_word' id='word_1_215' title='bbox 3613 1492 3717 1548; x_wconf 85' lang='lat' dir='ltr'><strong>dies</strong></span> <span class='ocrx_word' id='word_1_216' title='bbox 3739 1494 3794 1548; x_wconf 88' lang='lat' dir='ltr'><strong>ad</strong></span> 
     </span>
    </p>
   </div>
   <div class='ocr_carea' id='block_1_29' title="bbox 2228 1586 3793 1662">
    <p class='ocr_par' dir='ltr' id='par_1_29' title="bbox 2228 1586 3793 1662">
     <span class='ocr_line' id='line_1_29' title="bbox 2228 1586 3793 1662; baseline 0.003 -20"><span class='ocrx_word' id='word_1_217' title='bbox 2228 1586 2622 1658; x_wconf 88' lang='lat' dir='ltr'><strong>Lippomanum</strong></span> <span class='ocrx_word' id='word_1_218' title='bbox 2673 1603 2842 1659; x_wconf 87' lang='lat' dir='ltr'><strong>usque</strong></span> <span class='ocrx_word' id='word_1_219' title='bbox 2885 1589 3250 1656; x_wconf 84' lang='lat' dir='ltr'><strong>Confessoris,</strong></span> <span class='ocrx_word' id='word_1_220' title='bbox 3304 1604 3413 1644; x_wconf 90' lang='lat' dir='ltr'><strong>non</strong></span> <span class='ocrx_word' id='word_1_221' title='bbox 3445 1587 3682 1662; x_wconf 76' lang='lat' dir='ltr'><strong>martyris</strong></span> <span class='ocrx_word' id='word_1_222' title='bbox 3723 1593 3793 1646; x_wconf 88' lang='lat' dir='ltr'><strong>of-</strong></span> 
     </span>
    </p>
   </div>
   <div class='ocr_carea' id='block_1_30' title="bbox 2229 1681 3793 1750">
    <p class='ocr_par' dir='ltr' id='par_1_30' title="bbox 2229 1681 3793 1750">
     <span class='ocr_line' id='line_1_30' title="bbox 2229 1681 3793 1750; baseline 0.001 -13"><span class='ocrx_word' id='word_1_223' title='bbox 2229 1683 2350 1737; x_wconf 84' lang='lat' dir='ltr'><strong>ficio</strong></span> <span class='ocrx_word' id='word_1_224' title='bbox 2381 1698 2443 1738; x_wconf 87' lang='lat' dir='ltr'><strong>ac</strong></span> <span class='ocrx_word' id='word_1_225' title='bbox 2475 1684 2636 1738; x_wconf 79' lang='lat' dir='ltr'><strong>missa</strong></span> <span class='ocrx_word' id='word_1_226' title='bbox 2666 1685 3046 1740; x_wconf 83' lang='lat' dir='ltr'><strong>celebrabatur</strong></span> <span class='ocrx_word' id='word_1_227' title='bbox 3070 1726 3084 1750; x_wconf 94' lang='lat'><strong>,</strong></span> <span class='ocrx_word' id='word_1_228' title='bbox 3117 1695 3167 1740; x_wconf 89' lang='lat' dir='ltr'><strong>et</strong></span> <span class='ocrx_word' id='word_1_229' title='bbox 3200 1681 3506 1740; x_wconf 82' lang='lat' dir='ltr'><strong>celebratur</strong></span> <span class='ocrx_word' id='word_1_230' title='bbox 3534 1683 3696 1739; x_wconf 86' lang='lat' dir='ltr'><strong>adhuc</strong></span> <span class='ocrx_word' id='word_1_231' title='bbox 3739 1698 3793 1740; x_wconf 79' lang='lat' dir='ltr'><strong>es</strong></span> 
     </span>
    </p>
   </div>
   <div class='ocr_carea' id='block_1_31' title="bbox 2228 1775 3795 1849">
    <p class='ocr_par' dir='ltr' id='par_1_31' title="bbox 2228 1775 3795 1849">
     <span class='ocr_line' id='line_1_31' title="bbox 2228 1775 3795 1849; baseline -0.001 -17"><span class='ocrx_word' id='word_1_232' title='bbox 2228 1779 2450 1848; x_wconf 85' lang='lat' dir='ltr'><strong>antiqua</strong></span> <span class='ocrx_word' id='word_1_233' title='bbox 2477 1777 2870 1833; x_wconf 87' lang='lat' dir='ltr'><strong>consuetudine</strong></span> <span class='ocrx_word' id='word_1_234' title='bbox 2891 1777 3030 1848; x_wconf 89' lang='lat' dir='ltr'><strong>apud</strong></span> <span class='ocrx_word' id='word_1_235' title='bbox 3055 1777 3235 1849; x_wconf 81' lang='lat' dir='ltr'><strong>plures</strong></span> <span class='ocrx_word' id='word_1_236' title='bbox 3256 1785 3505 1834; x_wconf 83' lang='lat' dir='ltr'><strong>externas</strong></span> <span class='ocrx_word' id='word_1_237' title='bbox 3532 1775 3795 1845; x_wconf 83' lang='lat' dir='ltr'><strong>Ecclesias,</strong></span> 
     </span>
    </p>
   </div>
   <div class='ocr_carea' id='block_1_32' title="bbox 518 1864 3796 1942">
    <p class='ocr_par' dir='ltr' id='par_1_32' title="bbox 518 1864 3796 1942">
     <span class='ocr_line' id='line_1_32' title="bbox 518 1864 3796 1942; baseline 0.001 -21"><span class='ocrx_word' id='word_1_238' title='bbox 518 1877 624 1921; x_wconf 84' lang='lat' dir='ltr'><strong>tum</strong></span> <span class='ocrx_word' id='word_1_239' title='bbox 649 1864 994 1937; x_wconf 73' lang='lat' dir='ltr'><strong>confessoris;</strong></span> <span class='ocrx_word' id='word_1_240' title='bbox 1025 1867 1164 1922; x_wconf 90' lang='lat' dir='ltr'><strong>unde</strong></span> <span class='ocrx_word' id='word_1_241' title='bbox 1195 1867 1432 1937; x_wconf 84' lang='lat' dir='ltr'><strong>suspicio</strong></span> <span class='ocrx_word' id='word_1_242' title='bbox 1458 1876 1542 1922; x_wconf 88' lang='lat' dir='ltr'><strong>est</strong></span> <span class='ocrx_word' id='word_1_243' title='bbox 1572 1865 1939 1921; x_wconf 87' lang='lat' dir='ltr'><strong>Veronensem</strong></span> <span class='ocrx_word' id='word_1_244' title='bbox 1959 1906 1974 1931; x_wconf 94' lang='lat'><strong>,</strong></span> <span class='ocrx_word' id='word_1_245' title='bbox 2005 1865 2117 1934; x_wconf 79' lang='lat' dir='ltr'><strong>qui-</strong></span> <span class='ocrx_word' id='word_1_246' title='bbox 2152 1875 2198 1935; x_wconf 78' lang='grc' dir='ltr'><strong>Β</strong></span> <span class='ocrx_word' id='word_1_247' title='bbox 2230 1871 2301 1924; x_wconf 91' lang='lat' dir='ltr'><strong>uti</strong></span> <span class='ocrx_word' id='word_1_248' title='bbox 2332 1885 2379 1924; x_wconf 90' lang='lat' dir='ltr'><strong>c.</strong></span> <span class='ocrx_word' id='word_1_249' title='bbox 2426 1867 2459 1923; x_wconf 78' lang='grc'><strong>4</strong></span> <span class='ocrx_word' id='word_1_250' title='bbox 2490 1868 2794 1925; x_wconf 85' lang='lat' dir='ltr'><strong>videbimus</strong></span> <span class='ocrx_word' id='word_1_251' title='bbox 2816 1912 2829 1934; x_wconf 92' lang='lat'><strong>,</strong></span> <span class='ocrx_word' id='word_1_252' title='bbox 2861 1869 2963 1926; x_wconf 93' lang='lat' dir='ltr'><strong>hoc</strong></span> <span class='ocrx_word' id='word_1_253' title='bbox 2987 1913 3003 1939; x_wconf 89' lang='lat'><strong>,</strong></span> <span class='ocrx_word' id='word_1_254' title='bbox 3040 1872 3260 1940; x_wconf 86' lang='lat' dir='ltr'><strong>inquam</strong></span> <span class='ocrx_word' id='word_1_255' title='bbox 3288 1913 3302 1938; x_wconf 91' lang='lat'><strong>,</strong></span> <span class='ocrx_word' id='word_1_256' title='bbox 3356 1883 3714 1942; x_wconf 72' lang='lat' dir='ltr'><strong>argumentum</strong></span> <span class='ocrx_word' id='word_1_257' title='bbox 3739 1887 3796 1925; x_wconf 80' lang='lat' dir='ltr'><strong>ex</strong></span> 
     </span>
    </p>
   </div>
   <div class='ocr_carea' id='block_1_33' title="bbox 512 1960 2118 2032">
    <p class='ocr_par' dir='ltr' id='par_1_33' title="bbox 512 1960 2118 2032">
     <span class='ocr_line' id='line_1_33' title="bbox 512 1960 2118 2032; baseline -0.001 -17"><span class='ocrx_word' id='word_1_258' title='bbox 512 1976 743 2032; x_wconf 87' lang='lat' dir='ltr'><strong>cumque</strong></span> <span class='ocrx_word' id='word_1_259' title='bbox 772 1960 967 2029; x_wconf 85' lang='lat' dir='ltr'><strong>fuerit,</strong></span> <span class='ocrx_word' id='word_1_260' title='bbox 1001 1963 1090 2031; x_wconf 90' lang='lat' dir='ltr'><strong>qui</strong></span> <span class='ocrx_word' id='word_1_261' title='bbox 1134 1977 1252 2016; x_wconf 89' lang='lat' dir='ltr'><strong>eam</strong></span> <span class='ocrx_word' id='word_1_262' title='bbox 1286 1961 1616 2016; x_wconf 87' lang='lat' dir='ltr'><strong>additionem</strong></span> <span class='ocrx_word' id='word_1_263' title='bbox 1646 1963 1696 2014; x_wconf 92' lang='lat' dir='ltr'><strong>in</strong></span> <span class='ocrx_word' id='word_1_264' title='bbox 1729 1973 1832 2015; x_wconf 88' lang='lat' dir='ltr'><strong>ms.</strong></span> <span class='ocrx_word' id='word_1_265' title='bbox 1874 1961 1965 2015; x_wconf 91' lang='lat' dir='ltr'><strong>illo</strong></span> <span class='ocrx_word' id='word_1_266' title='bbox 1992 1961 2118 2014; x_wconf 88' lang='lat' dir='ltr'><strong>olim</strong></span> 
     </span>
    </p>
   </div>
   <div class='ocr_carea' id='block_1_34' title="bbox 514 2052 2121 2124">
    <p class='ocr_par' dir='ltr' id='par_1_34' title="bbox 514 2052 2121 2124">
     <span class='ocr_line' id='line_1_34' title="bbox 514 2052 2121 2124; baseline -0.001 -16"><span class='ocrx_word' id='word_1_267' title='bbox 514 2053 836 2122; x_wconf 87' lang='lat' dir='ltr'><strong>Veronensi,</strong></span> <span class='ocrx_word' id='word_1_268' title='bbox 859 2069 1003 2110; x_wconf 90' lang='lat' dir='ltr'><strong>nunc</strong></span> <span class='ocrx_word' id='word_1_269' title='bbox 1031 2063 1210 2110; x_wconf 88' lang='lat' dir='ltr'><strong>autem</strong></span> <span class='ocrx_word' id='word_1_270' title='bbox 1242 2054 1493 2110; x_wconf 72' lang='lat' dir='ltr'><strong>itesneusi</strong></span> <span class='ocrx_word' id='word_1_271' title='bbox 1526 2055 1801 2124; x_wconf 82' lang='lat' dir='ltr'><strong>apposuit,</strong></span> <span class='ocrx_word' id='word_1_272' title='bbox 1823 2068 1888 2108; x_wconf 76' lang='lat' dir='ltr'><strong>es</strong></span> <span class='ocrx_word' id='word_1_273' title='bbox 1914 2052 2121 2122; x_wconf 84' lang='lat' dir='ltr'><strong>Grego—</strong></span> 
     </span>
    </p>
   </div>
   <div class='ocr_carea' id='block_1_35' title="bbox 513 2145 2120 2218">
    <p class='ocr_par' dir='ltr' id='par_1_35' title="bbox 513 2145 2120 2218">
     <span class='ocr_line' id='line_1_35' title="bbox 513 2145 2120 2218; baseline -0.001 -18"><span class='ocrx_word' id='word_1_274' title='bbox 513 2147 581 2201; x_wconf 92' lang='lat' dir='ltr'><strong>rii</strong></span> <span class='ocrx_word' id='word_1_275' title='bbox 635 2148 814 2203; x_wconf 85' lang='lat' dir='ltr'><strong>verbis</strong></span> <span class='ocrx_word' id='word_1_276' title='bbox 855 2157 1136 2218; x_wconf 78' lang='lat' dir='ltr'><strong>martyrem</strong></span> <span class='ocrx_word' id='word_1_277' title='bbox 1167 2149 1217 2202; x_wconf 93' lang='lat' dir='ltr'><strong>in</strong></span> <span class='ocrx_word' id='word_1_278' title='bbox 1247 2151 1592 2218; x_wconf 77' lang='lat' dir='ltr'><strong>confessorem</strong></span> <span class='ocrx_word' id='word_1_279' title='bbox 1619 2145 1926 2202; x_wconf 75' lang='lat' dir='ltr'><strong>correxisse</strong></span> <span class='ocrx_word' id='word_1_280' title='bbox 1949 2186 1964 2210; x_wconf 92' lang='lat'><strong>,</strong></span> <span class='ocrx_word' id='word_1_281' title='bbox 1993 2160 2120 2199; x_wconf 87' lang='lat' dir='ltr'><strong>san-</strong></span> 
     </span>
    </p>
   </div>
   <div class='ocr_carea' id='block_1_36' title="bbox 513 2236 2114 2311">
    <p class='ocr_par' dir='ltr' id='par_1_36' title="bbox 513 2236 2114 2311">
     <span class='ocr_line' id='line_1_36' title="bbox 513 2236 2114 2311; baseline -0.004 -15"><span class='ocrx_word' id='word_1_282' title='bbox 513 2251 772 2310; x_wconf 84' lang='lat' dir='ltr'><strong>ctumque</strong></span> <span class='ocrx_word' id='word_1_283' title='bbox 819 2241 1135 2297; x_wconf 85' lang='lat' dir='ltr'><strong>Pontiticem</strong></span> <span class='ocrx_word' id='word_1_284' title='bbox 1166 2241 1220 2296; x_wconf 88' lang='lat' dir='ltr'><strong>in</strong></span> <span class='ocrx_word' id='word_1_285' title='bbox 1253 2258 1316 2295; x_wconf 92' lang='lat' dir='ltr'><strong>eo</strong></span> <span class='ocrx_word' id='word_1_286' title='bbox 1355 2241 1564 2311; x_wconf 78' lang='lat' dir='ltr'><strong>lapsum</strong></span> <span class='ocrx_word' id='word_1_287' title='bbox 1606 2251 1852 2310; x_wconf 86' lang='lat' dir='ltr'><strong>putasse,</strong></span> <span class='ocrx_word' id='word_1_288' title='bbox 1881 2237 2024 2308; x_wconf 84' lang='lat' dir='ltr'><strong>quod</strong></span> <span class='ocrx_word' id='word_1_289' title='bbox 2055 2236 2114 2293; x_wconf 92' lang='lat' dir='ltr'><strong>S.</strong></span> 
     </span>
    </p>
   </div>
   <div class='ocr_carea' id='block_1_37' title="bbox 508 2335 2116 2407">
    <p class='ocr_par' dir='ltr' id='par_1_37' title="bbox 508 2335 2116 2407">
     <span class='ocr_line' id='line_1_37' title="bbox 508 2335 2116 2407; baseline -0.002 -16"><span class='ocrx_word' id='word_1_290' title='bbox 508 2335 655 2391; x_wconf 83' lang='lat' dir='ltr'><strong>Zeno</strong></span> <span class='ocrx_word' id='word_1_291' title='bbox 686 2335 915 2392; x_wconf 66' lang='lat' dir='ltr'><strong>Verona:</strong></span> <span class='ocrx_word' id='word_1_292' title='bbox 955 2339 1217 2407; x_wconf 74' lang='lat' dir='ltr'><strong>confessor</strong></span> <span class='ocrx_word' id='word_1_293' title='bbox 1249 2337 1573 2400; x_wconf 85' lang='lat' dir='ltr'><strong>haberetur,</strong></span> <span class='ocrx_word' id='word_1_294' title='bbox 1604 2352 1709 2391; x_wconf 91' lang='lat' dir='ltr'><strong>non</strong></span> <span class='ocrx_word' id='word_1_295' title='bbox 1742 2345 1937 2406; x_wconf 80' lang='lat' dir='ltr'><strong>martyr</strong></span> <span class='ocrx_word' id='word_1_296' title='bbox 1964 2350 1982 2389; x_wconf 90' lang='lat'><strong><em>:</em></strong></span> <span class='ocrx_word' id='word_1_297' title='bbox 2012 2351 2116 2404; x_wconf 86' lang='lat' dir='ltr'><strong>qua</strong></span> 
     </span>
    </p>
   </div>
   <div class='ocr_carea' id='block_1_38' title="bbox 512 2429 2116 2500">
    <p class='ocr_par' dir='ltr' id='par_1_38' title="bbox 512 2429 2116 2500">
     <span class='ocr_line' id='line_1_38' title="bbox 512 2429 2116 2500; baseline -0.004 -13"><span class='ocrx_word' id='word_1_298' title='bbox 512 2433 704 2488; x_wconf 89' lang='lat' dir='ltr'><strong>eadem</strong></span> <span class='ocrx_word' id='word_1_299' title='bbox 755 2430 824 2487; x_wconf 92' lang='lat' dir='ltr'><strong>de</strong></span> <span class='ocrx_word' id='word_1_300' title='bbox 871 2447 1033 2487; x_wconf 88' lang='lat' dir='ltr'><strong>causa</strong></span> <span class='ocrx_word' id='word_1_301' title='bbox 1074 2431 1374 2487; x_wconf 86' lang='lat' dir='ltr'><strong>monachus</strong></span> <span class='ocrx_word' id='word_1_302' title='bbox 1420 2429 1759 2486; x_wconf 87' lang='lat' dir='ltr'><strong>Zenonianus</strong></span> <span class='ocrx_word' id='word_1_303' title='bbox 1796 2429 2116 2500; x_wconf 77' lang='lat' dir='ltr'><strong>Gregorium</strong></span> 
     </span>
    </p>
   </div>
   <div class='ocr_carea' id='block_1_39' title="bbox 509 2520 2118 2597">
    <p class='ocr_par' dir='ltr' id='par_1_39' title="bbox 509 2520 2118 2597">
     <span class='ocr_line' id='line_1_39' title="bbox 509 2520 2118 2597; baseline -0.004 -15"><span class='ocrx_word' id='word_1_304' title='bbox 509 2526 790 2597; x_wconf 76' lang='lat' dir='ltr'><strong>appellans</strong></span> <span class='ocrx_word' id='word_1_305' title='bbox 811 2567 824 2591; x_wconf 92' lang='lat'><strong>,</strong></span> <span class='ocrx_word' id='word_1_306' title='bbox 853 2527 1079 2597; x_wconf 81' lang='lat' dir='ltr'><strong>ejusque</strong></span> <span class='ocrx_word' id='word_1_307' title='bbox 1118 2526 1279 2580; x_wconf 88' lang='lat' dir='ltr'><strong>verba</strong></span> <span class='ocrx_word' id='word_1_308' title='bbox 1325 2527 1586 2590; x_wconf 80' lang='lat' dir='ltr'><strong>recitatis,</strong></span> <span class='ocrx_word' id='word_1_309' title='bbox 1616 2521 1869 2594; x_wconf 84' lang='lat' dir='ltr'><strong>martyris</strong></span> <span class='ocrx_word' id='word_1_310' title='bbox 1897 2520 2118 2577; x_wconf 85' lang='lat' dir='ltr'><strong>nomine</strong></span> 
     </span>
    </p>
   </div>
   <div class='ocr_carea' id='block_1_40' title="bbox 507 2616 2116 2691">
    <p class='ocr_par' dir='ltr' id='par_1_40' title="bbox 507 2616 2116 2691">
     <span class='ocr_line' id='line_1_40' title="bbox 507 2616 2116 2691; baseline -0.004 -17"><span class='ocrx_word' id='word_1_311' title='bbox 507 2621 870 2691; x_wconf 67' lang='lat' dir='ltr'><strong>prastermisso</strong></span> <span class='ocrx_word' id='word_1_312' title='bbox 901 2620 1083 2676; x_wconf 81' lang='lat' dir='ltr'><strong>Sancti</strong></span> <span class='ocrx_word' id='word_1_313' title='bbox 1122 2619 1407 2690; x_wconf 87' lang='lat' dir='ltr'><strong>supposuit</strong></span> <span class='ocrx_word' id='word_1_314' title='bbox 1445 2619 1720 2682; x_wconf 87' lang='lat' dir='ltr'><strong>scribens,</strong></span> <span class='ocrx_word' id='word_1_315' title='bbox 1746 2616 1815 2670; x_wconf 84' lang='lat' dir='ltr'><strong>ad</strong></span> <span class='ocrx_word' id='word_1_316' title='bbox 1843 2616 2116 2671; x_wconf 80' lang='lat' dir='ltr'><strong>ostenden-</strong></span> 
     </span>
    </p>
   </div>
   <div class='ocr_carea' id='block_1_41' title="bbox 504 2708 2115 2781">
    <p class='ocr_par' dir='ltr' id='par_1_41' title="bbox 504 2708 2115 2781">
     <span class='ocr_line' id='line_1_41' title="bbox 504 2708 2115 2781; baseline -0.003 -13"><span class='ocrx_word' id='word_1_317' title='bbox 504 2716 624 2768; x_wconf 76' lang='lat' dir='ltr'><strong>dam</strong></span> <span class='ocrx_word' id='word_1_318' title='bbox 664 2717 899 2769; x_wconf 82' lang='lat' dir='ltr'><strong>meritum</strong></span> <span class='ocrx_word' id='word_1_319' title='bbox 941 2715 1155 2781; x_wconf 79' lang='lat' dir='ltr'><strong>Sancti,</strong></span> <span class='ocrx_word' id='word_1_320' title='bbox 1188 2715 1304 2778; x_wconf 85' lang='lat' dir='ltr'><strong>vel,</strong></span> <span class='ocrx_word' id='word_1_321' title='bbox 1339 2721 1396 2766; x_wconf 92' lang='lat' dir='ltr'><strong>ut</strong></span> <span class='ocrx_word' id='word_1_322' title='bbox 1423 2713 1474 2767; x_wconf 92' lang='lat' dir='ltr'><strong>in</strong></span> <span class='ocrx_word' id='word_1_323' title='bbox 1507 2728 1609 2767; x_wconf 86' lang='lat' dir='ltr'><strong>ms.</strong></span> <span class='ocrx_word' id='word_1_324' title='bbox 1647 2709 1964 2767; x_wconf 86' lang='lat' dir='ltr'><strong>lectionario</strong></span> <span class='ocrx_word' id='word_1_325' title='bbox 1997 2708 2115 2763; x_wconf 86' lang='lat' dir='ltr'><strong>Bri-</strong></span> 
     </span>
    </p>
   </div>
   <div class='ocr_carea' id='block_1_42' title="bbox 505 2803 2113 2879">
    <p class='ocr_par' dir='ltr' id='par_1_42' title="bbox 505 2803 2113 2879">
     <span class='ocr_line' id='line_1_42' title="bbox 505 2803 2113 2879; baseline -0.004 -16"><span class='ocrx_word' id='word_1_326' title='bbox 505 2811 666 2864; x_wconf 75' lang='lat' dir='ltr'><strong>xiano</strong></span> <span class='ocrx_word' id='word_1_327' title='bbox 696 2809 926 2879; x_wconf 75' lang='lat' dir='ltr'><strong>legitur,</strong></span> <span class='ocrx_word' id='word_1_328' title='bbox 967 2807 1122 2878; x_wconf 84' lang='lat' dir='ltr'><strong>cujus</strong></span> <span class='ocrx_word' id='word_1_329' title='bbox 1170 2809 1502 2863; x_wconf 87' lang='lat' dir='ltr'><strong>mentionem</strong></span> <span class='ocrx_word' id='word_1_330' title='bbox 1551 2805 1681 2860; x_wconf 76' lang='lat' dir='ltr'><strong>facit</strong></span> <span class='ocrx_word' id='word_1_331' title='bbox 1717 2803 1958 2860; x_wconf 72' lang='lat' dir='ltr'><strong>Maﬁeius</strong></span> <span class='ocrx_word' id='word_1_332' title='bbox 2018 2818 2113 2857; x_wconf 82' lang='lat' dir='ltr'><strong>no-</strong></span> 
     </span>
    </p>
   </div>
   <div class='ocr_carea' id='block_1_43' title="bbox 503 2898 2110 2972">
    <p class='ocr_par' dir='ltr' id='par_1_43' title="bbox 503 2898 2110 2972">
     <span class='ocr_line' id='line_1_43' title="bbox 503 2898 2110 2972; baseline -0.005 -14"><span class='ocrx_word' id='word_1_333' title='bbox 503 2914 616 2958; x_wconf 88' lang='lat' dir='ltr'><strong>stcr</strong></span> <span class='ocrx_word' id='word_1_334' title='bbox 647 2903 700 2958; x_wconf 92' lang='lat' dir='ltr'><strong>in</strong></span> <span class='ocrx_word' id='word_1_335' title='bbox 729 2903 1047 2972; x_wconf 69' lang='lat' dir='ltr'><strong>praefatione</strong></span> <span class='ocrx_word' id='word_1_336' title='bbox 1077 2902 1143 2956; x_wconf 89' lang='lat' dir='ltr'><strong>ad</strong></span> <span class='ocrx_word' id='word_1_337' title='bbox 1175 2899 1494 2956; x_wconf 80' lang='lat' dir='ltr'><strong>Monachum</strong></span> <span class='ocrx_word' id='word_1_338' title='bbox 1525 2898 1895 2954; x_wconf 86' lang='lat' dir='ltr'><strong>Zeuonianum</strong></span> <span class='ocrx_word' id='word_1_339' title='bbox 1918 2939 1934 2966; x_wconf 90' lang='lat'><strong>,</strong></span> <span class='ocrx_word' id='word_1_340' title='bbox 1987 2912 2110 2967; x_wconf 86' lang='lat' dir='ltr'><strong>pag.</strong></span> 
     </span>
    </p>
   </div>
   <div class='ocr_carea' id='block_1_44' title="bbox 501 2993 2114 3064">
    <p class='ocr_par' dir='ltr' id='par_1_44' title="bbox 501 2993 2114 3064">
     <span class='ocr_line' id='line_1_44' title="bbox 501 2993 2114 3064; baseline -0.005 -12"><span class='ocrx_word' id='word_1_341' title='bbox 501 2998 607 3052; x_wconf 80' lang='lat' dir='ltr'><strong>5t7</strong></span> <span class='ocrx_word' id='word_1_342' title='bbox 646 2995 783 3051; x_wconf 81' lang='lat' dir='ltr'><strong>Hist.</strong></span> <span class='ocrx_word' id='word_1_343' title='bbox 817 2996 1068 3064; x_wconf 88' lang='lat' dir='ltr'><strong>diplom.,</strong></span> <span class='ocrx_word' id='word_1_344' title='bbox 1102 2994 1169 3048; x_wconf 85' lang='lat' dir='ltr'><strong>ad</strong></span> <span class='ocrx_word' id='word_1_345' title='bbox 1193 2993 1562 3048; x_wconf 80' lang='lat' dir='ltr'><strong>ostendendum</strong></span> <span class='ocrx_word' id='word_1_346' title='bbox 1594 2993 1829 3047; x_wconf 78' lang='lat' dir='ltr'><strong>meritum</strong></span> <span class='ocrx_word' id='word_1_347' title='bbox 1853 2994 2114 3061; x_wconf 78' lang='lat' dir='ltr'><strong>confesso—</strong></span> 
     </span>
    </p>
   </div>
   <div class='ocr_carea' id='block_1_45' title="bbox 501 3085 2111 3155">
    <p class='ocr_par' dir='ltr' id='par_1_45' title="bbox 501 3085 2111 3155">
     <span class='ocr_line' id='line_1_45' title="bbox 501 3085 2111 3155; baseline -0.002 -13"><span class='ocrx_word' id='word_1_348' title='bbox 501 3090 574 3143; x_wconf 81' lang='lat' dir='ltr'><strong>ris</strong></span> <span class='ocrx_word' id='word_1_349' title='bbox 599 3104 616 3142; x_wconf 90' lang='lat'><strong><em>:</em></strong></span> <span class='ocrx_word' id='word_1_350' title='bbox 648 3088 749 3143; x_wconf 85' lang='lat' dir='ltr'><strong>nisi</strong></span> <span class='ocrx_word' id='word_1_351' title='bbox 781 3088 917 3142; x_wconf 84' lang='lat' dir='ltr'><strong>forte</strong></span> <span class='ocrx_word' id='word_1_352' title='bbox 946 3087 1048 3142; x_wconf 92' lang='lat' dir='ltr'><strong>hoc</strong></span> <span class='ocrx_word' id='word_1_353' title='bbox 1072 3103 1172 3141; x_wconf 88' lang='lat' dir='ltr'><strong>ms.</strong></span> <span class='ocrx_word' id='word_1_354' title='bbox 1199 3086 1572 3141; x_wconf 84' lang='lat' dir='ltr'><strong>lectionarium</strong></span> <span class='ocrx_word' id='word_1_355' title='bbox 1603 3085 1913 3141; x_wconf 79' lang='lat' dir='ltr'><strong>Brixianam</strong></span> <span class='ocrx_word' id='word_1_356' title='bbox 1939 3086 2111 3155; x_wconf 87' lang='lat' dir='ltr'><strong>ipsam</strong></span> 
     </span>
    </p>
   </div>
   <div class='ocr_carea' id='block_1_46' title="bbox 500 3178 2109 3248">
    <p class='ocr_par' dir='ltr' id='par_1_46' title="bbox 500 3178 2109 3248">
     <span class='ocr_line' id='line_1_46' title="bbox 500 3178 2109 3248; baseline -0.001 -14"><span class='ocrx_word' id='word_1_357' title='bbox 500 3180 758 3235; x_wconf 85' lang='lat' dir='ltr'><strong>Goronati</strong></span> <span class='ocrx_word' id='word_1_358' title='bbox 781 3179 960 3236; x_wconf 87' lang='lat' dir='ltr'><strong>Vitam</strong></span> <span class='ocrx_word' id='word_1_359' title='bbox 985 3196 1050 3234; x_wconf 81' lang='lat' dir='ltr'><strong>ex</strong></span> <span class='ocrx_word' id='word_1_360' title='bbox 1073 3179 1238 3234; x_wconf 85' lang='lat' dir='ltr'><strong>simili</strong></span> <span class='ocrx_word' id='word_1_361' title='bbox 1265 3180 1517 3248; x_wconf 82' lang='lat' dir='ltr'><strong>exemplo</strong></span> <span class='ocrx_word' id='word_1_362' title='bbox 1547 3178 1803 3234; x_wconf 83' lang='lat' dir='ltr'><strong>Remeusi</strong></span> <span class='ocrx_word' id='word_1_363' title='bbox 1837 3187 2109 3248; x_wconf 84' lang='lat' dir='ltr'><strong>sumptam</strong></span> 
     </span>
    </p>
   </div>
   <div class='ocr_carea' id='block_1_47' title="bbox 2229 1959 3791 2032">
    <p class='ocr_par' dir='ltr' id='par_1_47' title="bbox 2229 1959 3791 2032">
     <span class='ocr_line' id='line_1_47' title="bbox 2229 1959 3791 2032; baseline 0.001 -16"><span class='ocrx_word' id='word_1_364' title='bbox 2229 1961 2562 2016; x_wconf 86' lang='lat' dir='ltr'><strong>Veronensis</strong></span> <span class='ocrx_word' id='word_1_365' title='bbox 2591 1963 2890 2032; x_wconf 66' lang='lat' dir='ltr'><strong>przcsertim</strong></span> <span class='ocrx_word' id='word_1_366' title='bbox 2921 1959 3181 2020; x_wconf 84' lang='lat' dir='ltr'><strong>Ecclesiae</strong></span> <span class='ocrx_word' id='word_1_367' title='bbox 3203 1964 3309 2020; x_wconf 89' lang='lat' dir='ltr'><strong>ritu</strong></span> <span class='ocrx_word' id='word_1_368' title='bbox 3339 1961 3558 2020; x_wconf 90' lang='lat' dir='ltr'><strong>ductum</strong></span> <span class='ocrx_word' id='word_1_369' title='bbox 3577 2006 3590 2032; x_wconf 95' lang='lat'><strong>,</strong></span> <span class='ocrx_word' id='word_1_370' title='bbox 3623 1963 3714 2018; x_wconf 86' lang='lat' dir='ltr'><strong>etsi</strong></span> <span class='ocrx_word' id='word_1_371' title='bbox 3735 1961 3791 2018; x_wconf 87' lang='lat' dir='ltr'><strong>ad</strong></span> 
     </span>
    </p>
   </div>
   <div class='ocr_carea' id='block_1_48' title="bbox 2227 2056 3792 2130">
    <p class='ocr_par' dir='ltr' id='par_1_48' title="bbox 2227 2056 3792 2130">
     <span class='ocr_line' id='line_1_48' title="bbox 2227 2056 3792 2130; baseline 0.002 -20"><span class='ocrx_word' id='word_1_372' title='bbox 2227 2058 2548 2128; x_wconf 88' lang='lat' dir='ltr'><strong>martyrium</strong></span> <span class='ocrx_word' id='word_1_373' title='bbox 2594 2072 2622 2110; x_wconf 94' lang='lat' dir='ltr'><strong>a</strong></span> <span class='ocrx_word' id='word_1_374' title='bbox 2652 2056 2872 2113; x_wconf 88' lang='lat' dir='ltr'><strong>Zenone</strong></span> <span class='ocrx_word' id='word_1_375' title='bbox 2916 2057 3336 2130; x_wconf 81' lang='lat' dir='ltr'><strong>adjudicaudum</strong></span> <span class='ocrx_word' id='word_1_376' title='bbox 3388 2073 3494 2114; x_wconf 91' lang='lat' dir='ltr'><strong>non</strong></span> <span class='ocrx_word' id='word_1_377' title='bbox 3528 2059 3654 2114; x_wconf 88' lang='lat' dir='ltr'><strong>tanti</strong></span> <span class='ocrx_word' id='word_1_378' title='bbox 3688 2067 3792 2124; x_wconf 87' lang='lat' dir='ltr'><strong>est,</strong></span> 
     </span>
    </p>
   </div>
   <div class='ocr_carea' id='block_1_49' title="bbox 2225 2143 3796 2219">
    <p class='ocr_par' dir='ltr' id='par_1_49' title="bbox 2225 2143 3796 2219">
     <span class='ocr_line' id='line_1_49' title="bbox 2225 2143 3796 2219; baseline 0.004 -23"><span class='ocrx_word' id='word_1_379' title='bbox 2225 2149 2410 2216; x_wconf 88' lang='lat' dir='ltr'><strong>quanti</strong></span> <span class='ocrx_word' id='word_1_380' title='bbox 2440 2143 2572 2202; x_wconf 86' lang='lat' dir='ltr'><strong>illud</strong></span> <span class='ocrx_word' id='word_1_381' title='bbox 2607 2150 2790 2219; x_wconf 90' lang='lat' dir='ltr'><strong>plures</strong></span> <span class='ocrx_word' id='word_1_382' title='bbox 2834 2147 2955 2206; x_wconf 86' lang='lat' dir='ltr'><strong>cum</strong></span> <span class='ocrx_word' id='word_1_383' title='bbox 2987 2149 3329 2207; x_wconf 83' lang='lat' dir='ltr'><strong>llenscheuio</strong></span> <span class='ocrx_word' id='word_1_384' title='bbox 3378 2150 3617 2207; x_wconf 85' lang='lat' dir='ltr'><strong>fecerunt</strong></span> <span class='ocrx_word' id='word_1_385' title='bbox 3657 2155 3706 2206; x_wconf 89' lang='lat' dir='ltr'><strong>et</strong></span> <span class='ocrx_word' id='word_1_386' title='bbox 3731 2147 3796 2204; x_wconf 86' lang='lat' dir='ltr'><strong>fa-</strong></span> 
     </span>
    </p>
   </div>
   <div class='ocr_carea' id='block_1_50' title="bbox 2223 2239 3795 2315">
    <p class='ocr_par' dir='ltr' id='par_1_50' title="bbox 2223 2239 3795 2315">
     <span class='ocr_line' id='line_1_50' title="bbox 2223 2239 3795 2315; baseline 0.001 -21"><span class='ocrx_word' id='word_1_387' title='bbox 2223 2239 2402 2307; x_wconf 91' lang='lat' dir='ltr'><strong>ciunt,-</strong></span> <span class='ocrx_word' id='word_1_388' title='bbox 2438 2240 2582 2312; x_wconf 91' lang='lat' dir='ltr'><strong>quod</strong></span> <span class='ocrx_word' id='word_1_389' title='bbox 2609 2242 2877 2312; x_wconf 90' lang='lat' dir='ltr'><strong>superiori</strong></span> <span class='ocrx_word' id='word_1_390' title='bbox 2902 2246 3239 2315; x_wconf 81' lang='lat' dir='ltr'><strong>paragrapho</strong></span> <span class='ocrx_word' id='word_1_391' title='bbox 3261 2243 3426 2300; x_wconf 87' lang='lat' dir='ltr'><strong>latius</strong></span> <span class='ocrx_word' id='word_1_392' title='bbox 3452 2243 3795 2300; x_wconf 83' lang='lat' dir='ltr'><strong>ostendimus:</strong></span> 
     </span>
    </p>
   </div>
   <div class='ocr_carea' id='block_1_51' title="bbox 2224 2336 3795 2407">
    <p class='ocr_par' dir='ltr' id='par_1_51' title="bbox 2224 2336 3795 2407">
     <span class='ocr_line' id='line_1_51' title="bbox 2224 2336 3795 2407; baseline 0.003 -20"><span class='ocrx_word' id='word_1_393' title='bbox 2224 2339 2377 2389; x_wconf 86' lang='lat' dir='ltr'><strong>certe</strong></span> <span class='ocrx_word' id='word_1_394' title='bbox 2411 2343 2587 2390; x_wconf 88' lang='lat' dir='ltr'><strong>tamen</strong></span> <span class='ocrx_word' id='word_1_395' title='bbox 2621 2349 2740 2407; x_wconf 64' lang='lat' dir='ltr'><strong>quae</strong></span> <span class='ocrx_word' id='word_1_396' title='bbox 2774 2336 2972 2392; x_wconf 89' lang='lat' dir='ltr'><strong>ibidem</strong></span> <span class='ocrx_word' id='word_1_397' title='bbox 3006 2337 3284 2394; x_wconf 87' lang='lat' dir='ltr'><strong>attulimus</strong></span> <span class='ocrx_word' id='word_1_398' title='bbox 3327 2336 3382 2394; x_wconf 82' lang='lat' dir='ltr'><strong>in</strong></span> <span class='ocrx_word' id='word_1_399' title='bbox 3414 2336 3640 2394; x_wconf 87' lang='lat' dir='ltr'><strong>medium</strong></span> <span class='ocrx_word' id='word_1_400' title='bbox 3664 2380 3677 2403; x_wconf 91' lang='lat'><strong>,</strong></span> <span class='ocrx_word' id='word_1_401' title='bbox 3704 2351 3795 2391; x_wconf 88' lang='lat' dir='ltr'><strong>non</strong></span> 
     </span>
    </p>
   </div>
   <div class='ocr_carea' id='block_1_52' title="bbox 2223 2429 3795 2505">
    <p class='ocr_par' dir='ltr' id='par_1_52' title="bbox 2223 2429 3795 2505">
     <span class='ocr_line' id='line_1_52' title="bbox 2223 2429 3795 2505; baseline 0.002 -23"><span class='ocrx_word' id='word_1_402' title='bbox 2223 2440 2348 2482; x_wconf 91' lang='lat' dir='ltr'><strong>sunt</strong></span> <span class='ocrx_word' id='word_1_403' title='bbox 2374 2429 2678 2498; x_wconf 88' lang='lat' dir='ltr'><strong>ejusmodi,</strong></span> <span class='ocrx_word' id='word_1_404' title='bbox 2729 2439 2815 2498; x_wconf 91' lang='lat' dir='ltr'><strong>ut,</strong></span> <span class='ocrx_word' id='word_1_405' title='bbox 2847 2443 2968 2486; x_wconf 90' lang='lat' dir='ltr'><strong>cum</strong></span> <span class='ocrx_word' id='word_1_406' title='bbox 3001 2433 3208 2504; x_wconf 87' lang='lat' dir='ltr'><strong>aliquot</strong></span> <span class='ocrx_word' id='word_1_407' title='bbox 3249 2433 3388 2489; x_wconf 89' lang='lat' dir='ltr'><strong>certi</strong></span> <span class='ocrx_word' id='word_1_408' title='bbox 3438 2443 3689 2505; x_wconf 83' lang='lat' dir='ltr'><strong>martyres</strong></span> <span class='ocrx_word' id='word_1_409' title='bbox 3712 2431 3795 2486; x_wconf 82' lang='lat' dir='ltr'><strong>hac</strong></span> 
     </span>
    </p>
   </div>
   <div class='ocr_carea' id='block_1_53' title="bbox 2222 2519 3795 2594">
    <p class='ocr_par' dir='ltr' id='par_1_53' title="bbox 2222 2519 3795 2594">
     <span class='ocr_line' id='line_1_53' title="bbox 2222 2519 3795 2594; baseline 0.001 -19"><span class='ocrx_word' id='word_1_410' title='bbox 2222 2519 2278 2575; x_wconf 89' lang='lat' dir='ltr'><strong>in</strong></span> <span class='ocrx_word' id='word_1_411' title='bbox 2314 2519 2553 2576; x_wconf 79' lang='lat' dir='ltr'><strong>Ecclesia</strong></span> <span class='ocrx_word' id='word_1_412' title='bbox 2597 2523 2968 2578; x_wconf 87' lang='lat' dir='ltr'><strong>confessorum</strong></span> <span class='ocrx_word' id='word_1_413' title='bbox 3017 2525 3122 2580; x_wconf 91' lang='lat' dir='ltr'><strong>ritu</strong></span> <span class='ocrx_word' id='word_1_414' title='bbox 3167 2526 3294 2580; x_wconf 91' lang='lat' dir='ltr'><strong>culti</strong></span> <span class='ocrx_word' id='word_1_415' title='bbox 3351 2525 3582 2593; x_wconf 89' lang='lat' dir='ltr'><strong>fuerint,</strong></span> <span class='ocrx_word' id='word_1_416' title='bbox 3620 2533 3795 2594; x_wconf 82' lang='lat' dir='ltr'><strong>martyr</strong></span> 
     </span>
    </p>
   </div>
   <div class='ocr_carea' id='block_1_54' title="bbox 2223 2616 3790 2689">
    <p class='ocr_par' dir='ltr' id='par_1_54' title="bbox 2223 2616 3790 2689">
     <span class='ocr_line' id='line_1_54' title="bbox 2223 2616 3790 2689; baseline 0 -20"><span class='ocrx_word' id='word_1_417' title='bbox 2223 2617 2388 2669; x_wconf 88' lang='lat' dir='ltr'><strong>etiam</strong></span> <span class='ocrx_word' id='word_1_418' title='bbox 2439 2616 2796 2671; x_wconf 84' lang='lat' dir='ltr'><strong>eonvineatur</strong></span> <span class='ocrx_word' id='word_1_419' title='bbox 2826 2616 2886 2674; x_wconf 89' lang='lat' dir='ltr'><strong>S.</strong></span> <span class='ocrx_word' id='word_1_420' title='bbox 2919 2617 3098 2685; x_wconf 85' lang='lat' dir='ltr'><strong>Zeno,</strong></span> <span class='ocrx_word' id='word_1_421' title='bbox 3147 2618 3250 2674; x_wconf 89' lang='lat' dir='ltr'><strong>nisi</strong></span> <span class='ocrx_word' id='word_1_422' title='bbox 3291 2616 3512 2675; x_wconf 86' lang='lat' dir='ltr'><strong>aliunde</strong></span> <span class='ocrx_word' id='word_1_423' title='bbox 3547 2617 3790 2689; x_wconf 85' lang='lat' dir='ltr'><strong>probetur.</strong></span> 
     </span>
    </p>
   </div>
   <div class='ocr_carea' id='block_1_55' title="bbox 2222 2705 3793 2786">
    <p class='ocr_par' dir='ltr' id='par_1_55' title="bbox 2222 2705 3793 2786">
     <span class='ocr_line' id='line_1_55' title="bbox 2222 2705 3793 2786; baseline 0.004 -27"><span class='ocrx_word' id='word_1_424' title='bbox 2222 2705 2419 2786; x_wconf 83' lang='lat' dir='ltr'><strong>Negari</strong></span> <span class='ocrx_word' id='word_1_425' title='bbox 2443 2707 2659 2778; x_wconf 86' lang='lat' dir='ltr'><strong>quidem</strong></span> <span class='ocrx_word' id='word_1_426' title='bbox 2691 2723 2798 2764; x_wconf 92' lang='lat' dir='ltr'><strong>non</strong></span> <span class='ocrx_word' id='word_1_427' title='bbox 2829 2717 3004 2780; x_wconf 85' lang='lat' dir='ltr'><strong>potest</strong></span> <span class='ocrx_word' id='word_1_428' title='bbox 3048 2711 3378 2782; x_wconf 87' lang='lat' dir='ltr'><strong>antiphouas</strong></span> <span class='ocrx_word' id='word_1_429' title='bbox 3415 2709 3591 2767; x_wconf 79' lang='lat' dir='ltr'><strong>missa:</strong></span> <span class='ocrx_word' id='word_1_430' title='bbox 3633 2709 3684 2768; x_wconf 86' lang='lat' dir='ltr'><strong>S.</strong></span> <span class='ocrx_word' id='word_1_431' title='bbox 3712 2711 3793 2765; x_wconf 85' lang='lat' dir='ltr'><strong>Ze-</strong></span> 
     </span>
    </p>
   </div>
   <div class='ocr_carea' id='block_1_56' title="bbox 2225 2799 3792 2874">
    <p class='ocr_par' dir='ltr' id='par_1_56' title="bbox 2225 2799 3792 2874">
     <span class='ocr_line' id='line_1_56' title="bbox 2225 2799 3792 2874; baseline 0.003 -22"><span class='ocrx_word' id='word_1_432' title='bbox 2225 2801 2381 2854; x_wconf 90' lang='lat' dir='ltr'><strong>nonis</strong></span> <span class='ocrx_word' id='word_1_433' title='bbox 2412 2813 2509 2870; x_wconf 89' lang='lat' dir='ltr'><strong>pro</strong></span> <span class='ocrx_word' id='word_1_434' title='bbox 2537 2799 2780 2871; x_wconf 89' lang='lat' dir='ltr'><strong>paschali</strong></span> <span class='ocrx_word' id='word_1_435' title='bbox 2812 2812 3051 2874; x_wconf 87' lang='lat' dir='ltr'><strong>tempore</strong></span> <span class='ocrx_word' id='word_1_436' title='bbox 3074 2803 3129 2858; x_wconf 90' lang='lat' dir='ltr'><strong>in</strong></span> <span class='ocrx_word' id='word_1_437' title='bbox 3158 2801 3369 2874; x_wconf 88' lang='lat' dir='ltr'><strong>Carpso</strong></span> <span class='ocrx_word' id='word_1_438' title='bbox 3402 2805 3683 2869; x_wconf 86' lang='lat' dir='ltr'><strong>iudicatas,</strong></span> <span class='ocrx_word' id='word_1_439' title='bbox 3710 2815 3792 2856; x_wconf 85' lang='lat' dir='ltr'><strong>nec</strong></span> 
     </span>
    </p>
   </div>
   <div class='ocr_carea' id='block_1_57' title="bbox 2223 2894 3790 2969">
    <p class='ocr_par' dir='ltr' id='par_1_57' title="bbox 2223 2894 3790 2969">
     <span class='ocr_line' id='line_1_57' title="bbox 2223 2894 3790 2969; baseline 0.003 -22"><span class='ocrx_word' id='word_1_440' title='bbox 2223 2900 2328 2949; x_wconf 87' lang='lat' dir='ltr'><strong>non</strong></span> <span class='ocrx_word' id='word_1_441' title='bbox 2373 2894 2725 2968; x_wconf 87' lang='lat' dir='ltr'><strong>Evangelium</strong></span> <span class='ocrx_word' id='word_1_442' title='bbox 2769 2898 3012 2968; x_wconf 91' lang='lat' dir='ltr'><strong>ejusdem</strong></span> <span class='ocrx_word' id='word_1_443' title='bbox 3059 2899 3318 2969; x_wconf 90' lang='lat' dir='ltr'><strong>temporis</strong></span> <span class='ocrx_word' id='word_1_444' title='bbox 3361 2897 3570 2955; x_wconf 88' lang='lat' dir='ltr'><strong>duobus</strong></span> <span class='ocrx_word' id='word_1_445' title='bbox 3613 2897 3790 2954; x_wconf 88' lang='lat' dir='ltr'><strong>aliisin</strong></span> 
     </span>
    </p>
   </div>
   <div class='ocr_carea' id='block_1_58' title="bbox 2219 2987 3787 3066">
    <p class='ocr_par' dir='ltr' id='par_1_58' title="bbox 2219 2987 3787 3066">
     <span class='ocr_line' id='line_1_58' title="bbox 2219 2987 3787 3066; baseline 0.006 -25"><span class='ocrx_word' id='word_1_446' title='bbox 2219 2987 2497 3044; x_wconf 81' lang='lat' dir='ltr'><strong>eodicibus</strong></span> <span class='ocrx_word' id='word_1_447' title='bbox 2555 2991 2885 3062; x_wconf 87' lang='lat' dir='ltr'><strong>descriptum</strong></span> <span class='ocrx_word' id='word_1_448' title='bbox 2949 2993 3216 3064; x_wconf 88' lang='lat' dir='ltr'><strong>ejusmodi</strong></span> <span class='ocrx_word' id='word_1_449' title='bbox 3265 3007 3393 3052; x_wconf 88' lang='lat' dir='ltr'><strong>esse</strong></span> <span class='ocrx_word' id='word_1_450' title='bbox 3421 3038 3435 3061; x_wconf 91' lang='lat'><strong>,</strong></span> <span class='ocrx_word' id='word_1_451' title='bbox 3463 3007 3579 3066; x_wconf 65' lang='lat' dir='ltr'><strong>quae</strong></span> <span class='ocrx_word' id='word_1_452' title='bbox 3620 3007 3707 3065; x_wconf 86' lang='lat' dir='ltr'><strong>per</strong></span> <span class='ocrx_word' id='word_1_453' title='bbox 3746 2991 3787 3046; x_wconf 82' lang='lat' dir='ltr'><strong>id</strong></span> 
     </span>
    </p>
   </div>
   <div class='ocr_carea' id='block_1_59' title="bbox 2220 3084 3790 3163">
    <p class='ocr_par' dir='ltr' id='par_1_59' title="bbox 2220 3084 3790 3163">
     <span class='ocr_line' id='line_1_59' title="bbox 2220 3084 3790 3163; baseline 0.004 -26"><span class='ocrx_word' id='word_1_454' title='bbox 2220 3093 2432 3154; x_wconf 88' lang='lat' dir='ltr'><strong>tempus</strong></span> <span class='ocrx_word' id='word_1_455' title='bbox 2459 3084 2526 3141; x_wconf 92' lang='lat' dir='ltr'><strong>de</strong></span> <span class='ocrx_word' id='word_1_456' title='bbox 2547 3087 2870 3156; x_wconf 89' lang='lat' dir='ltr'><strong>martyribus</strong></span> <span class='ocrx_word' id='word_1_457' title='bbox 2899 3087 3004 3144; x_wconf 91' lang='lat' dir='ltr'><strong>dici</strong></span> <span class='ocrx_word' id='word_1_458' title='bbox 3030 3090 3205 3146; x_wconf 90' lang='lat' dir='ltr'><strong>solent</strong></span> <span class='ocrx_word' id='word_1_459' title='bbox 3231 3109 3242 3144; x_wconf 94' lang='lat'>:</span> <span class='ocrx_word' id='word_1_460' title='bbox 3265 3101 3400 3148; x_wconf 86' lang='lat' dir='ltr'><strong>atea</strong></span> <span class='ocrx_word' id='word_1_461' title='bbox 3419 3089 3653 3163; x_wconf 72' lang='lat' dir='ltr'><strong>[exuri]</strong></span> <span class='ocrx_word' id='word_1_462' title='bbox 3674 3091 3790 3144; x_wconf 85' lang='lat' dir='ltr'><strong>auti-</strong></span> 
     </span>
    </p>
   </div>
   <div class='ocr_carea' id='block_1_60' title="bbox 2219 3177 3787 3255">
    <p class='ocr_par' dir='ltr' id='par_1_60' title="bbox 2219 3177 3787 3255">
     <span class='ocr_line' id='line_1_60' title="bbox 2219 3177 3787 3255; baseline 0.004 -27"><span class='ocrx_word' id='word_1_463' title='bbox 2219 3177 2339 3246; x_wconf 89' lang='lat' dir='ltr'><strong>quis</strong></span> <span class='ocrx_word' id='word_1_464' title='bbox 2356 3178 2688 3247; x_wconf 80' lang='lat' dir='ltr'><strong>temporibus</strong></span> <span class='ocrx_word' id='word_1_465' title='bbox 2704 3179 2972 3248; x_wconf 85' lang='lat' dir='ltr'><strong>paschalis</strong></span> <span class='ocrx_word' id='word_1_466' title='bbox 2984 3181 3196 3250; x_wconf 87' lang='lat' dir='ltr'><strong>quidem</strong></span> <span class='ocrx_word' id='word_1_467' title='bbox 3216 3185 3499 3255; x_wconf 85' lang='lat' dir='ltr'><strong>temporis,</strong></span> <span class='ocrx_word' id='word_1_468' title='bbox 3516 3199 3616 3238; x_wconf 92' lang='lat' dir='ltr'><strong>non</strong></span> <span class='ocrx_word' id='word_1_469' title='bbox 3636 3189 3787 3237; x_wconf 86' lang='lat' dir='ltr'><strong>tamen</strong></span> 
     </span>
    </p>
   </div>
   <div class='ocr_carea' id='block_1_61' title="bbox 501 3271 3787 3346">
    <p class='ocr_par' dir='ltr' id='par_1_61' title="bbox 501 3271 3787 3346">
     <span class='ocr_line' id='line_1_61' title="bbox 501 3271 3787 3346; baseline 0 -19"><span class='ocrx_word' id='word_1_470' title='bbox 501 3274 812 3342; x_wconf 88' lang='lat' dir='ltr'><strong>contineat,</strong></span> <span class='ocrx_word' id='word_1_471' title='bbox 848 3275 921 3328; x_wconf 90' lang='lat' dir='ltr'><strong>uti</strong></span> <span class='ocrx_word' id='word_1_472' title='bbox 955 3289 1086 3329; x_wconf 86' lang='lat' dir='ltr'><strong>sane</strong></span> <span class='ocrx_word' id='word_1_473' title='bbox 1110 3273 1257 3329; x_wconf 83' lang='lat' dir='ltr'><strong>illam</strong></span> <span class='ocrx_word' id='word_1_474' title='bbox 1285 3274 1530 3329; x_wconf 81' lang='lat' dir='ltr'><strong>ccutinet</strong></span> <span class='ocrx_word' id='word_1_475' title='bbox 1555 3274 1931 3329; x_wconf 89' lang='lat' dir='ltr'><strong>lectionarium</strong></span> <span class='ocrx_word' id='word_1_476' title='bbox 1961 3273 2105 3328; x_wconf 89' lang='lat' dir='ltr'><strong>aliud</strong></span> <span class='ocrx_word' id='word_1_477' title='bbox 2135 3272 2182 3339; x_wconf 64' lang='grc' dir='ltr'><strong>(ἶ</strong></span> <span class='ocrx_word' id='word_1_478' title='bbox 2215 3271 2512 3340; x_wconf 81' lang='lat' dir='ltr'><strong>martyrum</strong></span> <span class='ocrx_word' id='word_1_479' title='bbox 2575 3273 2792 3342; x_wconf 90' lang='lat' dir='ltr'><strong>propria</strong></span> <span class='ocrx_word' id='word_1_480' title='bbox 2849 3272 3015 3329; x_wconf 84' lang='lat' dir='ltr'><strong>fuisse</strong></span> <span class='ocrx_word' id='word_1_481' title='bbox 3061 3274 3335 3331; x_wconf 86' lang='lat' dir='ltr'><strong>videntur.</strong></span> <span class='ocrx_word' id='word_1_482' title='bbox 3394 3274 3550 3332; x_wconf 79' lang='lat' dir='ltr'><strong>Enim</strong></span> <span class='ocrx_word' id='word_1_483' title='bbox 3573 3287 3700 3346; x_wconf 73' lang='lat' dir='ltr'><strong>vero</strong></span> <span class='ocrx_word' id='word_1_484' title='bbox 3744 3273 3787 3328; x_wconf 86' lang='lat' dir='ltr'><strong>in</strong></span> 
     </span>
    </p>
   </div>
   <div class='ocr_carea' id='block_1_62' title="bbox 497 3366 2104 3437">
    <p class='ocr_par' dir='ltr' id='par_1_62' title="bbox 497 3366 2104 3437">
     <span class='ocr_line' id='line_1_62' title="bbox 497 3366 2104 3437; baseline -0.002 -14"><span class='ocrx_word' id='word_1_485' title='bbox 497 3383 600 3423; x_wconf 89' lang='lat' dir='ltr'><strong>ms.</strong></span> <span class='ocrx_word' id='word_1_486' title='bbox 634 3367 895 3424; x_wconf 71' lang='lat' dir='ltr'><strong>Ecclesia:</strong></span> <span class='ocrx_word' id='word_1_487' title='bbox 920 3367 1254 3423; x_wconf 74' lang='lat' dir='ltr'><strong>Tridentina:</strong></span> <span class='ocrx_word' id='word_1_488' title='bbox 1275 3408 1289 3431; x_wconf 92' lang='lat'><strong>,</strong></span> <span class='ocrx_word' id='word_1_489' title='bbox 1319 3367 1462 3437; x_wconf 87' lang='lat' dir='ltr'><strong>quod</strong></span> <span class='ocrx_word' id='word_1_490' title='bbox 1493 3366 1741 3422; x_wconf 87' lang='lat' dir='ltr'><strong>eamdem</strong></span> <span class='ocrx_word' id='word_1_491' title='bbox 1771 3366 2104 3421; x_wconf 89' lang='lat' dir='ltr'><strong>additiouem</strong></span> 
     </span>
    </p>
   </div>
   <div class='ocr_carea' id='block_1_63' title="bbox 497 3459 2106 3531">
    <p class='ocr_par' dir='ltr' id='par_1_63' title="bbox 497 3459 2106 3531">
     <span class='ocr_line' id='line_1_63' title="bbox 497 3459 2106 3531; baseline -0.001 -15"><span class='ocrx_word' id='word_1_492' title='bbox 497 3471 554 3516; x_wconf 91' lang='lat' dir='ltr'><strong>et</strong></span> <span class='ocrx_word' id='word_1_493' title='bbox 585 3461 869 3516; x_wconf 84' lang='lat' dir='ltr'><strong>formulam</strong></span> <span class='ocrx_word' id='word_1_494' title='bbox 901 3460 1143 3531; x_wconf 87' lang='lat' dir='ltr'><strong>Gregorii</strong></span> <span class='ocrx_word' id='word_1_495' title='bbox 1175 3460 1354 3516; x_wconf 89' lang='lat' dir='ltr'><strong>verbis</strong></span> <span class='ocrx_word' id='word_1_496' title='bbox 1383 3461 1621 3529; x_wconf 59' lang='lat' dir='ltr'><strong>praefert.</strong></span> <span class='ocrx_word' id='word_1_497' title='bbox 1646 3459 1701 3514; x_wconf 88' lang='lat' dir='ltr'><strong>Si</strong></span> <span class='ocrx_word' id='word_1_498' title='bbox 1735 3474 1897 3528; x_wconf 90' lang='lat' dir='ltr'><strong>porro</strong></span> <span class='ocrx_word' id='word_1_499' title='bbox 1924 3474 1991 3513; x_wconf 79' lang='lat' dir='ltr'><strong>ex</strong></span> <span class='ocrx_word' id='word_1_500' title='bbox 2021 3460 2106 3514; x_wconf 90' lang='lat' dir='ltr'><strong>his</strong></span> 
     </span>
    </p>
   </div>
   <div class='ocr_carea' id='block_1_64' title="bbox 499 3551 2102 3622">
    <p class='ocr_par' dir='ltr' id='par_1_64' title="bbox 499 3551 2102 3622">
     <span class='ocr_line' id='line_1_64' title="bbox 499 3551 2102 3622; baseline 0.001 -16"><span class='ocrx_word' id='word_1_501' title='bbox 499 3551 777 3622; x_wconf 81' lang='lat' dir='ltr'><strong>probabile</strong></span> <span class='ocrx_word' id='word_1_502' title='bbox 804 3551 874 3607; x_wconf 90' lang='lat' dir='ltr'><strong>sit</strong></span> <span class='ocrx_word' id='word_1_503' title='bbox 902 3553 961 3608; x_wconf 89' lang='grc'><strong>8.</strong></span> <span class='ocrx_word' id='word_1_504' title='bbox 984 3551 1344 3622; x_wconf 88' lang='lat' dir='ltr'><strong>Gregorium,</strong></span> <span class='ocrx_word' id='word_1_505' title='bbox 1377 3551 1504 3606; x_wconf 92' lang='lat' dir='ltr'><strong>dum</strong></span> <span class='ocrx_word' id='word_1_506' title='bbox 1547 3551 1821 3606; x_wconf 87' lang='lat' dir='ltr'><strong>Zenonem</strong></span> <span class='ocrx_word' id='word_1_507' title='bbox 1855 3551 2102 3621; x_wconf 87' lang='lat' dir='ltr'><strong>appella-</strong></span> 
     </span>
    </p>
   </div>
   <div class='ocr_carea' id='block_1_65' title="bbox 494 3644 2102 3714">
    <p class='ocr_par' dir='ltr' id='par_1_65' title="bbox 494 3644 2102 3714">
     <span class='ocr_line' id='line_1_65' title="bbox 494 3644 2102 3714; baseline -0.001 -15"><span class='ocrx_word' id='word_1_508' title='bbox 494 3649 572 3700; x_wconf 83' lang='lat' dir='ltr'><strong>vit</strong></span> <span class='ocrx_word' id='word_1_509' title='bbox 599 3658 889 3714; x_wconf 83' lang='lat' dir='ltr'><strong>martyrem</strong></span> <span class='ocrx_word' id='word_1_510' title='bbox 913 3688 926 3712; x_wconf 90' lang='lat'><strong>,</strong></span> <span class='ocrx_word' id='word_1_511' title='bbox 966 3647 1126 3700; x_wconf 90' lang='lat' dir='ltr'><strong>unius</strong></span> <span class='ocrx_word' id='word_1_512' title='bbox 1156 3647 1392 3702; x_wconf 88' lang='lat' dir='ltr'><strong>nominis</strong></span> <span class='ocrx_word' id='word_1_513' title='bbox 1423 3661 1608 3701; x_wconf 91' lang='lat' dir='ltr'><strong>errore</strong></span> <span class='ocrx_word' id='word_1_514' title='bbox 1633 3645 1901 3701; x_wconf 85' lang='lat' dir='ltr'><strong>defecisse</strong></span> <span class='ocrx_word' id='word_1_515' title='bbox 1921 3685 1936 3710; x_wconf 94' lang='lat'><strong>,</strong></span> <span class='ocrx_word' id='word_1_516' title='bbox 1967 3644 2102 3699; x_wconf 92' lang='lat' dir='ltr'><strong>nihil</strong></span> 
     </span>
    </p>
   </div>
   <div class='ocr_carea' id='block_1_66' title="bbox 495 3738 2104 3809">
    <p class='ocr_par' dir='ltr' id='par_1_66' title="bbox 495 3738 2104 3809">
     <span class='ocr_line' id='line_1_66' title="bbox 495 3738 2104 3809; baseline 0 -17"><span class='ocrx_word' id='word_1_517' title='bbox 495 3751 722 3809; x_wconf 87' lang='lat' dir='ltr'><strong>prosunt</strong></span> <span class='ocrx_word' id='word_1_518' title='bbox 767 3739 916 3794; x_wconf 85' lang='lat' dir='ltr'><strong>Pauli</strong></span> <span class='ocrx_word' id='word_1_519' title='bbox 953 3739 1199 3803; x_wconf 88' lang='lat' dir='ltr'><strong>Diaconi,</strong></span> <span class='ocrx_word' id='word_1_520' title='bbox 1248 3739 1471 3794; x_wconf 77' lang='lat' dir='ltr'><strong>Joannis</strong></span> <span class='ocrx_word' id='word_1_521' title='bbox 1518 3739 1645 3793; x_wconf 91' lang='lat' dir='ltr'><strong>item</strong></span> <span class='ocrx_word' id='word_1_522' title='bbox 1695 3739 1951 3803; x_wconf 89' lang='lat' dir='ltr'><strong>Diaconi,</strong></span> <span class='ocrx_word' id='word_1_523' title='bbox 1997 3738 2104 3793; x_wconf 79' lang='lat' dir='ltr'><strong>Ra-</strong></span> 
     </span>
    </p>
   </div>
   <div class='ocr_carea' id='block_1_67' title="bbox 494 3831 2097 3901">
    <p class='ocr_par' dir='ltr' id='par_1_67' title="bbox 494 3831 2097 3901">
     <span class='ocr_line' id='line_1_67' title="bbox 494 3831 2097 3901; baseline -0.002 -13"><span class='ocrx_word' id='word_1_524' title='bbox 494 3833 620 3888; x_wconf 89' lang='lat' dir='ltr'><strong>bani</strong></span> <span class='ocrx_word' id='word_1_525' title='bbox 653 3833 860 3896; x_wconf 80' lang='lat' dir='ltr'><strong>Mauri,</strong></span> <span class='ocrx_word' id='word_1_526' title='bbox 891 3831 1135 3887; x_wconf 83' lang='lat' dir='ltr'><strong>Notkerii</strong></span> <span class='ocrx_word' id='word_1_527' title='bbox 1167 3831 1508 3896; x_wconf 88' lang='lat' dir='ltr'><strong>testimonia,</strong></span> <span class='ocrx_word' id='word_1_528' title='bbox 1549 3831 1750 3901; x_wconf 87' lang='lat' dir='ltr'><strong>quippe</strong></span> <span class='ocrx_word' id='word_1_529' title='bbox 1777 3847 1913 3900; x_wconf 84' lang='lat' dir='ltr'><strong>quos</strong></span> <span class='ocrx_word' id='word_1_530' title='bbox 1939 3847 2003 3884; x_wconf 76' lang='lat' dir='ltr'><strong>ex</strong></span> <span class='ocrx_word' id='word_1_531' title='bbox 2038 3831 2097 3887; x_wconf 93' lang='lat' dir='ltr'><strong>S.</strong></span> 
     </span>
    </p>
   </div>
   <div class='ocr_carea' id='block_1_68' title="bbox 493 3915 2100 3997">
    <p class='ocr_par' dir='ltr' id='par_1_68' title="bbox 493 3915 2100 3997">
     <span class='ocr_line' id='line_1_68' title="bbox 493 3915 2100 3997; baseline -0.002 -15"><span class='ocrx_word' id='word_1_532' title='bbox 493 3925 738 3997; x_wconf 80' lang='lat' dir='ltr'><strong>Gregorii</strong></span> <span class='ocrx_word' id='word_1_533' title='bbox 797 3926 1030 3995; x_wconf 86' lang='lat' dir='ltr'><strong>Dialogis</strong></span> <span class='ocrx_word' id='word_1_534' title='bbox 1073 3925 1232 3980; x_wconf 86' lang='lat' dir='ltr'><strong>sicuti</strong></span> <span class='ocrx_word' id='word_1_535' title='bbox 1286 3915 1607 3979; x_wconf 76' lang='lat' dir='ltr'><strong>miraculum</strong></span> <span class='ocrx_word' id='word_1_536' title='bbox 1648 3921 1906 3987; x_wconf 81' lang='lat' dir='ltr'><strong>Athesis,</strong></span> <span class='ocrx_word' id='word_1_537' title='bbox 1955 3921 2100 3994; x_wconf 89' lang='lat' dir='ltr'><strong>quod</strong></span> 
     </span>
    </p>
   </div>
   <div class='ocr_carea' id='block_1_69' title="bbox 493 4014 2098 4086">
    <p class='ocr_par' dir='ltr' id='par_1_69' title="bbox 493 4014 2098 4086">
     <span class='ocr_line' id='line_1_69' title="bbox 493 4014 2098 4086; baseline -0.002 -11"><span class='ocrx_word' id='word_1_538' title='bbox 493 4027 835 4085; x_wconf 85' lang='lat' dir='ltr'><strong>memorant,</strong></span> <span class='ocrx_word' id='word_1_539' title='bbox 871 4019 944 4073; x_wconf 86' lang='lat' dir='ltr'><strong>ita</strong></span> <span class='ocrx_word' id='word_1_540' title='bbox 987 4026 1064 4074; x_wconf 31' lang='lat' dir='ltr'><strong>et.</strong></span> <span class='ocrx_word' id='word_1_541' title='bbox 1089 4018 1342 4086; x_wconf 85' lang='lat' dir='ltr'><strong>martyris</strong></span> <span class='ocrx_word' id='word_1_542' title='bbox 1383 4015 1594 4070; x_wconf 90' lang='lat' dir='ltr'><strong>titulum</strong></span> <span class='ocrx_word' id='word_1_543' title='bbox 1621 4057 1636 4082; x_wconf 90' lang='lat'><strong>,</strong></span> <span class='ocrx_word' id='word_1_544' title='bbox 1679 4026 1838 4086; x_wconf 82' lang='lat' dir='ltr'><strong>quem</strong></span> <span class='ocrx_word' id='word_1_545' title='bbox 1893 4014 2098 4071; x_wconf 84' lang='lat' dir='ltr'><strong>Zenoni</strong></span> 
     </span>
    </p>
   </div>
   <div class='ocr_carea' id='block_1_70' title="bbox 496 4105 2100 4180">
    <p class='ocr_par' dir='ltr' id='par_1_70' title="bbox 496 4105 2100 4180">
     <span class='ocr_line' id='line_1_70' title="bbox 496 4105 2100 4180; baseline 0 -17"><span class='ocrx_word' id='word_1_546' title='bbox 496 4111 758 4180; x_wconf 84' lang='lat' dir='ltr'><strong>aftigunt,</strong></span> <span class='ocrx_word' id='word_1_547' title='bbox 801 4109 1082 4165; x_wconf 86' lang='lat' dir='ltr'><strong>derivasse</strong></span> <span class='ocrx_word' id='word_1_548' title='bbox 1127 4106 1469 4163; x_wconf 80' lang='lat' dir='ltr'><strong>manifestum</strong></span> <span class='ocrx_word' id='word_1_549' title='bbox 1500 4117 1604 4162; x_wconf 90' lang='lat' dir='ltr'><strong>est.</strong></span> <span class='ocrx_word' id='word_1_550' title='bbox 1635 4105 1838 4161; x_wconf 88' lang='lat' dir='ltr'><strong>Eadem</strong></span> <span class='ocrx_word' id='word_1_551' title='bbox 1889 4107 2100 4163; x_wconf 85' lang='lat' dir='ltr'><strong>ratione</strong></span> 
     </span>
    </p>
   </div>
   <div class='ocr_carea' id='block_1_71' title="bbox 499 4199 2098 4272">
    <p class='ocr_par' dir='ltr' id='par_1_71' title="bbox 499 4199 2098 4272">
     <span class='ocr_line' id='line_1_71' title="bbox 499 4199 2098 4272; baseline -0.003 -14"><span class='ocrx_word' id='word_1_552' title='bbox 499 4203 700 4258; x_wconf 87' lang='lat' dir='ltr'><strong>cadunt</strong></span> <span class='ocrx_word' id='word_1_553' title='bbox 754 4205 917 4259; x_wconf 90' lang='lat' dir='ltr'><strong>etiam</strong></span> <span class='ocrx_word' id='word_1_554' title='bbox 987 4202 1170 4258; x_wconf 75' lang='lat' dir='ltr'><strong>caeteri</strong></span> <span class='ocrx_word' id='word_1_555' title='bbox 1236 4200 1590 4272; x_wconf 86' lang='lat' dir='ltr'><strong>posteriores,</strong></span> <span class='ocrx_word' id='word_1_556' title='bbox 1627 4199 2098 4265; x_wconf 86' lang='lat' dir='ltr'><strong>Wandelbertus,</strong></span> 
     </span>
    </p>
   </div>
   <div class='ocr_carea' id='block_1_72' title="bbox 495 4293 2099 4367">
    <p class='ocr_par' dir='ltr' id='par_1_72' title="bbox 495 4293 2099 4367">
     <span class='ocr_line' id='line_1_72' title="bbox 495 4293 2099 4367; baseline -0.003 -13"><span class='ocrx_word' id='word_1_557' title='bbox 495 4295 815 4362; x_wconf 87' lang='lat' dir='ltr'><strong>Usuardus,</strong></span> <span class='ocrx_word' id='word_1_558' title='bbox 858 4307 950 4352; x_wconf 88' lang='lat' dir='ltr'><strong>aut</strong></span> <span class='ocrx_word' id='word_1_559' title='bbox 999 4297 1176 4367; x_wconf 89' lang='lat' dir='ltr'><strong>potius</strong></span> <span class='ocrx_word' id='word_1_560' title='bbox 1221 4293 1452 4352; x_wconf 85' lang='lat' dir='ltr'><strong>Usuardi</strong></span> <span class='ocrx_word' id='word_1_561' title='bbox 1503 4294 1995 4349; x_wconf 64' lang='lat' dir='ltr'><strong>addit-“uentorum</strong></span> <span class='ocrx_word' id='word_1_562' title='bbox 2045 4304 2099 4350; x_wconf 86' lang='lat' dir='ltr'><strong>et</strong></span> 
     </span>
    </p>
   </div>
   <div class='ocr_carea' id='block_1_73' title="bbox 487 4386 2082 4457">
    <p class='ocr_par' dir='ltr' id='par_1_73' title="bbox 487 4386 2082 4457">
     <span class='ocr_line' id='line_1_73' title="bbox 487 4386 2082 4457; baseline -0.002 -13"><span class='ocrx_word' id='word_1_563' title='bbox 487 4389 692 4444; x_wconf 83' lang='lat' dir='ltr'><strong>Adonis</strong></span> <span class='ocrx_word' id='word_1_564' title='bbox 735 4397 1020 4455; x_wconf 82' lang='lat' dir='ltr'><strong>auctores,</strong></span> <span class='ocrx_word' id='word_1_565' title='bbox 1052 4395 1108 4443; x_wconf 88' lang='lat' dir='ltr'><strong>et</strong></span> <span class='ocrx_word' id='word_1_566' title='bbox 1155 4389 1241 4442; x_wconf 90' lang='lat' dir='ltr'><strong>alii</strong></span> <span class='ocrx_word' id='word_1_567' title='bbox 1270 4429 1284 4454; x_wconf 93' lang='lat'><strong>,</strong></span> <span class='ocrx_word' id='word_1_568' title='bbox 1332 4387 1421 4457; x_wconf 90' lang='lat' dir='ltr'><strong>qui</strong></span> <span class='ocrx_word' id='word_1_569' title='bbox 1453 4386 1651 4441; x_wconf 86' lang='lat' dir='ltr'><strong>adferri</strong></span> <span class='ocrx_word' id='word_1_570' title='bbox 1699 4386 1912 4454; x_wconf 85' lang='lat' dir='ltr'><strong>solent,</strong></span> <span class='ocrx_word' id='word_1_571' title='bbox 1945 4401 2082 4456; x_wconf 88' lang='lat' dir='ltr'><strong>quos</strong></span> 
     </span>
    </p>
   </div>
   <div class='ocr_carea' id='block_1_74' title="bbox 488 4481 2097 4557">
    <p class='ocr_par' dir='ltr' id='par_1_74' title="bbox 488 4481 2097 4557">
     <span class='ocr_line' id='line_1_74' title="bbox 488 4481 2097 4557; baseline -0.004 -18"><span class='ocrx_word' id='word_1_572' title='bbox 488 4487 570 4540; x_wconf 78' lang='lat' dir='ltr'><strong>Vcl</strong></span> <span class='ocrx_word' id='word_1_573' title='bbox 593 4503 654 4541; x_wconf 80' lang='lat' dir='ltr'><strong>ex</strong></span> <span class='ocrx_word' id='word_1_574' title='bbox 684 4485 741 4541; x_wconf 87' lang='lat' dir='ltr'><strong>S.</strong></span> <span class='ocrx_word' id='word_1_575' title='bbox 766 4485 1068 4557; x_wconf 74' lang='lat' dir='ltr'><strong>Gregorio,</strong></span> <span class='ocrx_word' id='word_1_576' title='bbox 1095 4485 1179 4539; x_wconf 89' lang='lat' dir='ltr'><strong>vel</strong></span> <span class='ocrx_word' id='word_1_577' title='bbox 1207 4499 1279 4539; x_wconf 75' lang='lat' dir='ltr'><strong>ex</strong></span> <span class='ocrx_word' id='word_1_578' title='bbox 1309 4483 1429 4538; x_wconf 88' lang='lat' dir='ltr'><strong>aliis</strong></span> <span class='ocrx_word' id='word_1_579' title='bbox 1452 4481 1698 4552; x_wconf 85' lang='lat' dir='ltr'><strong>Gregorii</strong></span> <span class='ocrx_word' id='word_1_580' title='bbox 1723 4481 1944 4536; x_wconf 86' lang='lat' dir='ltr'><strong>asseclis</strong></span> <span class='ocrx_word' id='word_1_581' title='bbox 1974 4495 2097 4550; x_wconf 86' lang='lat' dir='ltr'><strong>pro-</strong></span> 
     </span>
    </p>
   </div>
   <div class='ocr_carea' id='block_1_75' title="bbox 486 4572 2096 4642">
    <p class='ocr_par' dir='ltr' id='par_1_75' title="bbox 486 4572 2096 4642">
     <span class='ocr_line' id='line_1_75' title="bbox 486 4572 2096 4642; baseline -0.006 -6"><span class='ocrx_word' id='word_1_582' title='bbox 486 4580 681 4636; x_wconf 74' lang='lat' dir='ltr'><strong>fecisse</strong></span> <span class='ocrx_word' id='word_1_583' title='bbox 710 4579 840 4633; x_wconf 83' lang='lat' dir='ltr'><strong>satis</strong></span> <span class='ocrx_word' id='word_1_584' title='bbox 864 4577 1124 4634; x_wconf 89' lang='lat' dir='ltr'><strong>credibile</strong></span> <span class='ocrx_word' id='word_1_585' title='bbox 1146 4586 1250 4632; x_wconf 87' lang='lat' dir='ltr'><strong>est.</strong></span> <span class='ocrx_word' id='word_1_586' title='bbox 1289 4575 1430 4630; x_wconf 84' lang='lat' dir='ltr'><strong>Duos</strong></span> <span class='ocrx_word' id='word_1_587' title='bbox 1463 4583 1670 4629; x_wconf 86' lang='lat' dir='ltr'><strong>tantum</strong></span> <span class='ocrx_word' id='word_1_588' title='bbox 1701 4572 1921 4628; x_wconf 82' lang='lat' dir='ltr'><strong>codices</strong></span> <span class='ocrx_word' id='word_1_589' title='bbox 1954 4587 2096 4642; x_wconf 83' lang='lat' dir='ltr'><strong>prae-</strong></span> 
     </span>
    </p>
   </div>
   <div class='ocr_carea' id='block_1_76' title="bbox 2211 3364 3790 3434">
    <p class='ocr_par' dir='ltr' id='par_1_76' title="bbox 2211 3364 3790 3434">
     <span class='ocr_line' id='line_1_76' title="bbox 2211 3364 3790 3434; baseline 0.004 -18"><span class='ocrx_word' id='word_1_590' title='bbox 2211 3364 2439 3434; x_wconf 80' lang='lat' dir='ltr'><strong>antiquis</strong></span> <span class='ocrx_word' id='word_1_591' title='bbox 2473 3364 2755 3420; x_wconf 78' lang='lat' dir='ltr'><strong>Missurum</strong></span> <span class='ocrx_word' id='word_1_592' title='bbox 2807 3367 2952 3422; x_wconf 80' lang='lat' dir='ltr'><strong>libris</strong></span> <span class='ocrx_word' id='word_1_593' title='bbox 2985 3383 3011 3421; x_wconf 91' lang='lat' dir='ltr'><strong>a</strong></span> <span class='ocrx_word' id='word_1_594' title='bbox 3059 3369 3359 3426; x_wconf 81' lang='lat' dir='ltr'><strong>venerabili</strong></span> <span class='ocrx_word' id='word_1_595' title='bbox 3403 3369 3621 3428; x_wconf 88' lang='lat' dir='ltr'><strong>Cardin.</strong></span> <span class='ocrx_word' id='word_1_596' title='bbox 3669 3369 3790 3425; x_wconf 84' lang='lat' dir='ltr'><strong>Tho-</strong></span> 
     </span>
    </p>
   </div>
   <div class='ocr_carea' id='block_1_77' title="bbox 2212 3459 3786 3537">
    <p class='ocr_par' dir='ltr' id='par_1_77' title="bbox 2212 3459 3786 3537">
     <span class='ocr_line' id='line_1_77' title="bbox 2212 3459 3786 3537; baseline 0.002 -23"><span class='ocrx_word' id='word_1_597' title='bbox 2212 3461 2386 3514; x_wconf 89' lang='lat' dir='ltr'><strong>masio</strong></span> <span class='ocrx_word' id='word_1_598' title='bbox 2407 3461 2568 3515; x_wconf 87' lang='lat' dir='ltr'><strong>editis</strong></span> <span class='ocrx_word' id='word_1_599' title='bbox 2590 3461 2705 3516; x_wconf 65' lang='lat' dir='ltr'><strong>haec</strong></span> <span class='ocrx_word' id='word_1_600' title='bbox 2731 3463 2963 3531; x_wconf 89' lang='lat' dir='ltr'><strong>rubrica,</strong></span> <span class='ocrx_word' id='word_1_601' title='bbox 2997 3459 3063 3518; x_wconf 85' lang='lat' dir='ltr'><strong>In</strong></span> <span class='ocrx_word' id='word_1_602' title='bbox 3094 3468 3354 3521; x_wconf 84' lang='lat' dir='ltr'><strong>communi</strong></span> <span class='ocrx_word' id='word_1_603' title='bbox 3380 3467 3529 3522; x_wconf 72' lang='lat' dir='ltr'><strong>unius</strong></span> <span class='ocrx_word' id='word_1_604' title='bbox 3555 3467 3786 3537; x_wconf 78' lang='lat' dir='ltr'><strong>martyris,</strong></span> 
     </span>
    </p>
   </div>
   <div class='ocr_carea' id='block_1_78' title="bbox 2211 3551 3788 3629">
    <p class='ocr_par' dir='ltr' id='par_1_78' title="bbox 2211 3551 3788 3629">
     <span class='ocr_line' id='line_1_78' title="bbox 2211 3551 3788 3629; baseline 0.003 -23"><span class='ocrx_word' id='word_1_605' title='bbox 2211 3551 2289 3606; x_wconf 77' lang='lat' dir='ltr'><strong>vei</strong></span> <span class='ocrx_word' id='word_1_606' title='bbox 2316 3555 2628 3622; x_wconf 72' lang='lat' dir='ltr'><strong>confessoris</strong></span> <span class='ocrx_word' id='word_1_607' title='bbox 2673 3555 2916 3624; x_wconf 89' lang='lat' dir='ltr'><strong>apposita</strong></span> <span class='ocrx_word' id='word_1_608' title='bbox 2971 3555 3166 3628; x_wconf 88' lang='lat' dir='ltr'><strong>legitur</strong></span> <span class='ocrx_word' id='word_1_609' title='bbox 3214 3567 3329 3614; x_wconf 89' lang='lat' dir='ltr'><strong>ttun</strong></span> <span class='ocrx_word' id='word_1_610' title='bbox 3377 3559 3430 3615; x_wconf 91' lang='lat' dir='ltr'><strong>in</strong></span> <span class='ocrx_word' id='word_1_611' title='bbox 3486 3557 3788 3629; x_wconf 61' lang='lat' dir='ltr'><strong>Antiphonao</strong></span> 
     </span>
    </p>
   </div>
   <div class='ocr_carea' id='block_1_79' title="bbox 2211 3645 3786 3728">
    <p class='ocr_par' dir='ltr' id='par_1_79' title="bbox 2211 3645 3786 3728">
     <span class='ocr_line' id='line_1_79' title="bbox 2211 3645 3786 3728; baseline 0.004 -28"><span class='ocrx_word' id='word_1_612' title='bbox 2211 3645 2316 3716; x_wconf 90' lang='lat' dir='ltr'><strong>rio,</strong></span> <span class='ocrx_word' id='word_1_613' title='bbox 2349 3662 2472 3718; x_wconf 86' lang='lat' dir='ltr'><strong>pag.</strong></span> <span class='ocrx_word' id='word_1_614' title='bbox 2503 3648 2604 3704; x_wconf 72' lang='grc'><strong>281</strong></span> <span class='ocrx_word' id='word_1_615' title='bbox 2633 3691 2646 3715; x_wconf 89' lang='grc'><strong><em>,</em></strong></span> <span class='ocrx_word' id='word_1_616' title='bbox 2685 3660 2796 3704; x_wconf 91' lang='lat' dir='ltr'><strong>tum</strong></span> <span class='ocrx_word' id='word_1_617' title='bbox 2829 3651 2880 3704; x_wconf 92' lang='lat' dir='ltr'><strong>in</strong></span> <span class='ocrx_word' id='word_1_618' title='bbox 2919 3650 3262 3709; x_wconf 78' lang='lat' dir='ltr'><strong>Leotionario</strong></span> <span class='ocrx_word' id='word_1_619' title='bbox 3287 3696 3302 3721; x_wconf 93' lang='lat'><strong>,</strong></span> <span class='ocrx_word' id='word_1_620' title='bbox 3337 3671 3459 3728; x_wconf 86' lang='lat' dir='ltr'><strong>pag.</strong></span> <span class='ocrx_word' id='word_1_621' title='bbox 3491 3655 3588 3722; x_wconf 92' lang='lat'><strong>80,</strong></span> <span class='ocrx_word' id='word_1_622' title='bbox 3621 3663 3717 3710; x_wconf 88' lang='lat' dir='ltr'><strong>tum</strong></span> <span class='ocrx_word' id='word_1_623' title='bbox 3745 3653 3786 3707; x_wconf 90' lang='lat' dir='ltr'><strong>in</strong></span> 
     </span>
    </p>
   </div>
   <div class='ocr_carea' id='block_1_80' title="bbox 2211 3741 3786 3821">
    <p class='ocr_par' dir='ltr' id='par_1_80' title="bbox 2211 3741 3786 3821">
     <span class='ocr_line' id='line_1_80' title="bbox 2211 3741 3786 3821; baseline 0.004 -25"><span class='ocrx_word' id='word_1_624' title='bbox 2211 3741 2523 3812; x_wconf 87' lang='lat' dir='ltr'><strong>Capitulare</strong></span> <span class='ocrx_word' id='word_1_625' title='bbox 2551 3743 2989 3815; x_wconf 84' lang='lat' dir='ltr'><strong>Evangeliorum,</strong></span> <span class='ocrx_word' id='word_1_626' title='bbox 3014 3762 3136 3818; x_wconf 85' lang='lat' dir='ltr'><strong>pag.</strong></span> <span class='ocrx_word' id='word_1_627' title='bbox 3158 3747 3288 3816; x_wconf 76' lang='grc'><strong>217,</strong></span> <span class='ocrx_word' id='word_1_628' title='bbox 3316 3757 3372 3805; x_wconf 86' lang='lat' dir='ltr'><strong>et</strong></span> <span class='ocrx_word' id='word_1_629' title='bbox 3403 3751 3454 3805; x_wconf 88' lang='lat' dir='ltr'><strong>id</strong></span> <span class='ocrx_word' id='word_1_630' title='bbox 3479 3750 3644 3821; x_wconf 91' lang='lat' dir='ltr'><strong>ipsum</strong></span> <span class='ocrx_word' id='word_1_631' title='bbox 3673 3764 3786 3820; x_wconf 88' lang='lat' dir='ltr'><strong>quo-</strong></span> 
     </span>
    </p>
   </div>
   <div class='ocr_carea' id='block_1_81' title="bbox 2207 3834 3786 3912">
    <p class='ocr_par' dir='ltr' id='par_1_81' title="bbox 2207 3834 3786 3912">
     <span class='ocr_line' id='line_1_81' title="bbox 2207 3834 3786 3912; baseline 0.004 -25"><span class='ocrx_word' id='word_1_632' title='bbox 2207 3847 2313 3904; x_wconf 90' lang='lat' dir='ltr'><strong>que</strong></span> <span class='ocrx_word' id='word_1_633' title='bbox 2342 3843 2557 3888; x_wconf 90' lang='lat' dir='ltr'><strong>notatur</strong></span> <span class='ocrx_word' id='word_1_634' title='bbox 2603 3834 2655 3889; x_wconf 93' lang='lat' dir='ltr'><strong>in</strong></span> <span class='ocrx_word' id='word_1_635' title='bbox 2707 3835 3130 3906; x_wconf 76' lang='lat' dir='ltr'><strong>ltesponsoriale</strong></span> <span class='ocrx_word' id='word_1_636' title='bbox 3186 3847 3241 3896; x_wconf 91' lang='lat' dir='ltr'><strong>et</strong></span> <span class='ocrx_word' id='word_1_637' title='bbox 3283 3842 3672 3912; x_wconf 86' lang='lat' dir='ltr'><strong>Antiphonario</strong></span> <span class='ocrx_word' id='word_1_638' title='bbox 3705 3853 3786 3911; x_wconf 91' lang='lat' dir='ltr'><strong>pro</strong></span> 
     </span>
    </p>
   </div>
   <div class='ocr_carea' id='block_1_82' title="bbox 2207 3925 3786 4007">
    <p class='ocr_par' dir='ltr' id='par_1_82' title="bbox 2207 3925 3786 4007">
     <span class='ocr_line' id='line_1_82' title="bbox 2207 3925 3786 4007; baseline 0.003 -25"><span class='ocrx_word' id='word_1_639' title='bbox 2207 3925 2394 3982; x_wconf 87' lang='lat' dir='ltr'><strong>ofﬁcio</strong></span> <span class='ocrx_word' id='word_1_640' title='bbox 2427 3929 2687 3999; x_wconf 89' lang='lat' dir='ltr'><strong>temporis</strong></span> <span class='ocrx_word' id='word_1_641' title='bbox 2738 3931 3040 4000; x_wconf 84' lang='lat' dir='ltr'><strong>paschalis,</strong></span> <span class='ocrx_word' id='word_1_642' title='bbox 3075 3948 3194 4004; x_wconf 86' lang='lat' dir='ltr'><strong>pag.</strong></span> <span class='ocrx_word' id='word_1_643' title='bbox 3223 3931 3333 3990; x_wconf 72' lang='lat' dir='ltr'><strong>5M</strong></span> <span class='ocrx_word' id='word_1_644' title='bbox 3362 3978 3376 4002; x_wconf 91' lang='lat'><strong>,</strong></span> <span class='ocrx_word' id='word_1_645' title='bbox 3419 3945 3475 3992; x_wconf 88' lang='lat' dir='ltr'><strong>et</strong></span> <span class='ocrx_word' id='word_1_646' title='bbox 3517 3952 3608 4007; x_wconf 91' lang='lat' dir='ltr'><strong>pro</strong></span> <span class='ocrx_word' id='word_1_647' title='bbox 3633 3934 3786 3990; x_wconf 88' lang='lat' dir='ltr'><strong>oflicio</strong></span> 
     </span>
    </p>
   </div>
   <div class='ocr_carea' id='block_1_83' title="bbox 2204 4023 3785 4102">
    <p class='ocr_par' dir='ltr' id='par_1_83' title="bbox 2204 4023 3785 4102">
     <span class='ocr_line' id='line_1_83' title="bbox 2204 4023 3785 4102; baseline 0.005 -28"><span class='ocrx_word' id='word_1_648' title='bbox 2204 4023 2515 4088; x_wconf 91' lang='lat' dir='ltr'><strong>communi,</strong></span> <span class='ocrx_word' id='word_1_649' title='bbox 2551 4038 2673 4094; x_wconf 89' lang='lat' dir='ltr'><strong>pag.</strong></span> <span class='ocrx_word' id='word_1_650' title='bbox 2707 4023 2834 4091; x_wconf 78' lang='grc'><strong>361,</strong></span> <span class='ocrx_word' id='word_1_651' title='bbox 2865 4025 3003 4082; x_wconf 89' lang='lat' dir='ltr'><strong>adeo</strong></span> <span class='ocrx_word' id='word_1_652' title='bbox 3027 4037 3082 4081; x_wconf 92' lang='lat' dir='ltr'><strong>ut</strong></span> <span class='ocrx_word' id='word_1_653' title='bbox 3109 4027 3253 4099; x_wconf 90' lang='lat' dir='ltr'><strong>quod</strong></span> <span class='ocrx_word' id='word_1_654' title='bbox 3282 4044 3352 4084; x_wconf 73' lang='lat' dir='ltr'><strong>ex</strong></span> <span class='ocrx_word' id='word_1_655' title='bbox 3395 4031 3447 4086; x_wconf 94' lang='lat' dir='ltr'><strong>id</strong></span> <span class='ocrx_word' id='word_1_656' title='bbox 3477 4031 3680 4102; x_wconf 87' lang='lat' dir='ltr'><strong>generis</strong></span> <span class='ocrx_word' id='word_1_657' title='bbox 3706 4041 3785 4083; x_wconf 85' lang='lat' dir='ltr'><strong>an-</strong></span> 
     </span>
    </p>
   </div>
   <div class='ocr_carea' id='block_1_84' title="bbox 2211 4114 3782 4192">
    <p class='ocr_par' dir='ltr' id='par_1_84' title="bbox 2211 4114 3782 4192">
     <span class='ocr_line' id='line_1_84' title="bbox 2211 4114 3782 4192; baseline 0.006 -26"><span class='ocrx_word' id='word_1_658' title='bbox 2211 4114 2452 4184; x_wconf 91' lang='lat' dir='ltr'><strong>tiphouis</strong></span> <span class='ocrx_word' id='word_1_659' title='bbox 2481 4125 2536 4171; x_wconf 91' lang='lat' dir='ltr'><strong>et</strong></span> <span class='ocrx_word' id='word_1_660' title='bbox 2562 4117 2867 4188; x_wconf 85' lang='lat' dir='ltr'><strong>Evangeliis</strong></span> <span class='ocrx_word' id='word_1_661' title='bbox 2899 4121 3106 4176; x_wconf 83' lang='lat' dir='ltr'><strong>eruittir</strong></span> <span class='ocrx_word' id='word_1_662' title='bbox 3144 4133 3524 4192; x_wconf 86' lang='lat' dir='ltr'><strong>argumentum</strong></span> <span class='ocrx_word' id='word_1_663' title='bbox 3551 4165 3564 4189; x_wconf 91' lang='lat'><strong>,</strong></span> <span class='ocrx_word' id='word_1_664' title='bbox 3604 4123 3665 4178; x_wconf 87' lang='lat' dir='ltr'><strong>ad</strong></span> <span class='ocrx_word' id='word_1_665' title='bbox 3688 4131 3782 4177; x_wconf 90' lang='lat' dir='ltr'><strong>sta-</strong></span> 
     </span>
    </p>
   </div>
   <div class='ocr_carea' id='block_1_85' title="bbox 2207 4207 3784 4285">
    <p class='ocr_par' dir='ltr' id='par_1_85' title="bbox 2207 4207 3784 4285">
     <span class='ocr_line' id='line_1_85' title="bbox 2207 4207 3784 4285; baseline 0.004 -27"><span class='ocrx_word' id='word_1_666' title='bbox 2207 4207 2466 4262; x_wconf 90' lang='lat' dir='ltr'><strong>tuendum</strong></span> <span class='ocrx_word' id='word_1_667' title='bbox 2500 4208 2707 4263; x_wconf 90' lang='lat' dir='ltr'><strong>cultum</strong></span> <span class='ocrx_word' id='word_1_668' title='bbox 2745 4212 2999 4282; x_wconf 87' lang='lat' dir='ltr'><strong>martyris</strong></span> <span class='ocrx_word' id='word_1_669' title='bbox 3051 4214 3262 4282; x_wconf 86' lang='lat' dir='ltr'><strong>potius,</strong></span> <span class='ocrx_word' id='word_1_670' title='bbox 3290 4229 3456 4285; x_wconf 88' lang='lat' dir='ltr'><strong>quam</strong></span> <span class='ocrx_word' id='word_1_671' title='bbox 3485 4213 3784 4271; x_wconf 85' lang='lat' dir='ltr'><strong>confessoris</strong></span> 
     </span>
    </p>
   </div>
   <div class='ocr_carea' id='block_1_86' title="bbox 2209 4300 3782 4378">
    <p class='ocr_par' dir='ltr' id='par_1_86' title="bbox 2209 4300 3782 4378">
     <span class='ocr_line' id='line_1_86' title="bbox 2209 4300 3782 4378; baseline 0.004 -25"><span class='ocrx_word' id='word_1_672' title='bbox 2209 4300 2414 4359; x_wconf 90' lang='lat' dir='ltr'><strong>traduci</strong></span> <span class='ocrx_word' id='word_1_673' title='bbox 2443 4317 2548 4357; x_wconf 92' lang='lat' dir='ltr'><strong>non</strong></span> <span class='ocrx_word' id='word_1_674' title='bbox 2580 4304 2772 4373; x_wconf 90' lang='lat' dir='ltr'><strong>possit.</strong></span> <span class='ocrx_word' id='word_1_675' title='bbox 2802 4303 2939 4359; x_wconf 87' lang='lat' dir='ltr'><strong>Illutl</strong></span> <span class='ocrx_word' id='word_1_676' title='bbox 2961 4315 3138 4361; x_wconf 86' lang='lat' dir='ltr'><strong>autem</strong></span> <span class='ocrx_word' id='word_1_677' title='bbox 3169 4347 3183 4373; x_wconf 91' lang='lat'><strong>,</strong></span> <span class='ocrx_word' id='word_1_678' title='bbox 3215 4307 3360 4377; x_wconf 86' lang='lat' dir='ltr'><strong>quod</strong></span> <span class='ocrx_word' id='word_1_679' title='bbox 3382 4323 3462 4378; x_wconf 65' lang='grc' dir='ltr'><strong>,εχ</strong></span> <span class='ocrx_word' id='word_1_680' title='bbox 3499 4308 3666 4364; x_wconf 83' lang='lat' dir='ltr'><strong>missis</strong></span> <span class='ocrx_word' id='word_1_681' title='bbox 3685 4321 3782 4362; x_wconf 85' lang='lat' dir='ltr'><strong>cer-</strong></span> 
     </span>
    </p>
   </div>
   <div class='ocr_carea' id='block_1_87' title="bbox 2208 4394 3782 4470">
    <p class='ocr_par' dir='ltr' id='par_1_87' title="bbox 2208 4394 3782 4470">
     <span class='ocr_line' id='line_1_87' title="bbox 2208 4394 3782 4470; baseline 0.006 -25"><span class='ocrx_word' id='word_1_682' title='bbox 2208 4403 2318 4448; x_wconf 91' lang='lat' dir='ltr'><strong>tum</strong></span> <span class='ocrx_word' id='word_1_683' title='bbox 2349 4394 2549 4452; x_wconf 86' lang='lat' dir='ltr'><strong>elicere</strong></span> <span class='ocrx_word' id='word_1_684' title='bbox 2575 4412 2868 4467; x_wconf 89' lang='lat' dir='ltr'><strong>possumus</strong></span> <span class='ocrx_word' id='word_1_685' title='bbox 2895 4398 3070 4454; x_wconf 74' lang='lat' dir='ltr'><strong>cultus</strong></span> <span class='ocrx_word' id='word_1_686' title='bbox 3102 4402 3474 4458; x_wconf 89' lang='lat' dir='ltr'><strong>testimonimn</strong></span> <span class='ocrx_word' id='word_1_687' title='bbox 3495 4445 3509 4470; x_wconf 94' lang='lat'><strong>,</strong></span> <span class='ocrx_word' id='word_1_688' title='bbox 3539 4411 3656 4460; x_wconf 89' lang='lat' dir='ltr'><strong>sunt</strong></span> <span class='ocrx_word' id='word_1_689' title='bbox 3682 4415 3782 4456; x_wconf 77' lang='lat' dir='ltr'><strong>ora-</strong></span> 
     </span>
    </p>
   </div>
   <div class='ocr_carea' id='block_1_88' title="bbox 2206 4488 3780 4569">
    <p class='ocr_par' dir='ltr' id='par_1_88' title="bbox 2206 4488 3780 4569">
     <span class='ocr_line' id='line_1_88' title="bbox 2206 4488 3780 4569; baseline 0.004 -29"><span class='ocrx_word' id='word_1_690' title='bbox 2206 4488 2407 4554; x_wconf 85' lang='lat' dir='ltr'><strong>tiones,</strong></span> <span class='ocrx_word' id='word_1_691' title='bbox 2434 4490 2514 4544; x_wconf 88' lang='lat' dir='ltr'><strong>vel</strong></span> <span class='ocrx_word' id='word_1_692' title='bbox 2540 4491 2757 4560; x_wconf 89' lang='lat' dir='ltr'><strong>gradale</strong></span> <span class='ocrx_word' id='word_1_693' title='bbox 2779 4495 3212 4563; x_wconf 86' lang='lat' dir='ltr'><strong>responsorium,</strong></span> <span class='ocrx_word' id='word_1_694' title='bbox 3239 4495 3506 4568; x_wconf 82' lang='lat' dir='ltr'><strong>siquidem</strong></span> <span class='ocrx_word' id='word_1_695' title='bbox 3536 4497 3780 4569; x_wconf 86' lang='lat' dir='ltr'><strong>proprium</strong></span> 
     </span>
    </p>
   </div>
   <div class='ocr_carea' id='block_1_89' title="bbox 2205 4577 3780 4664">
    <p class='ocr_par' dir='ltr' id='par_1_89' title="bbox 2205 4577 3780 4664">
     <span class='ocr_line' id='line_1_89' title="bbox 2205 4577 3780 4664; baseline 0.004 -29"><span class='ocrx_word' id='word_1_696' title='bbox 2205 4577 2390 4636; x_wconf 90' lang='lat' dir='ltr'><strong>Sancti</strong></span> <span class='ocrx_word' id='word_1_697' title='bbox 2425 4597 2622 4639; x_wconf 92' lang='lat' dir='ltr'><strong>nomen</strong></span> <span class='ocrx_word' id='word_1_698' title='bbox 2655 4584 2938 4655; x_wconf 61' lang='lat' dir='ltr'><strong>praeferat;</strong></span> <span class='ocrx_word' id='word_1_699' title='bbox 2979 4586 3050 4644; x_wconf 88' lang='lat' dir='ltr'><strong>ibi</strong></span> <span class='ocrx_word' id='word_1_700' title='bbox 3088 4591 3232 4645; x_wconf 90' lang='lat' dir='ltr'><strong>enim</strong></span> <span class='ocrx_word' id='word_1_701' title='bbox 3267 4593 3526 4664; x_wconf 85' lang='lat' dir='ltr'><strong>martyris</strong></span> <span class='ocrx_word' id='word_1_702' title='bbox 3561 4593 3638 4646; x_wconf 86' lang='lat' dir='ltr'><strong>vel</strong></span> <span class='ocrx_word' id='word_1_703' title='bbox 3667 4605 3780 4645; x_wconf 90' lang='lat' dir='ltr'><strong>con-</strong></span> 
     </span>
    </p>
   </div>
   <div class='ocr_carea' id='block_1_90' title="bbox 488 4664 3779 4756">
    <p class='ocr_par' dir='ltr' id='par_1_90' title="bbox 488 4664 3779 4756">
     <span class='ocr_line' id='line_1_90' title="bbox 488 4664 3779 4756; baseline -0.002 -28"><span class='ocrx_word' id='word_1_704' title='bbox 488 4675 643 4744; x_wconf 87' lang='lat' dir='ltr'><strong>cipua</strong></span> <span class='ocrx_word' id='word_1_705' title='bbox 666 4672 1102 4728; x_wconf 85' lang='lat' dir='ltr'><strong>consideratione</strong></span> <span class='ocrx_word' id='word_1_706' title='bbox 1117 4671 1307 4739; x_wconf 80' lang='lat' dir='ltr'><strong>dignOs</strong></span> <span class='ocrx_word' id='word_1_707' title='bbox 1326 4669 1379 4724; x_wconf 92' lang='lat' dir='ltr'><strong>in</strong></span> <span class='ocrx_word' id='word_1_708' title='bbox 1395 4666 1863 4724; x_wconf 79' lang='lat' dir='ltr'><strong>conﬁrmationem</strong></span> <span class='ocrx_word' id='word_1_709' title='bbox 1885 4664 2098 4722; x_wconf 87' lang='lat' dir='ltr'><strong>adferre</strong></span> <span class='ocrx_word' id='word_1_710' title='bbox 2124 4673 2178 4734; x_wconf 84' lang='lat' dir='ltr'><strong>D</strong></span> <span class='ocrx_word' id='word_1_711' title='bbox 2209 4676 2430 4732; x_wconf 66' lang='lat' dir='ltr'><strong>resscris</strong></span> <span class='ocrx_word' id='word_1_712' title='bbox 2465 4677 2651 4734; x_wconf 76' lang='grc' dir='ltr'><strong>ιίιυιηε</strong></span> <span class='ocrx_word' id='word_1_713' title='bbox 2695 4680 2900 4736; x_wconf 68' lang='lat' dir='ltr'><strong>&quot;omini</strong></span> <span class='ocrx_word' id='word_1_714' title='bbox 2934 4684 3156 4752; x_wconf 65' lang='lat' dir='ltr'><strong>proprio</strong></span> <span class='ocrx_word' id='word_1_715' title='bbox 3179 4684 3398 4742; x_wconf 65' lang='lat' dir='ltr'><strong>addnus</strong></span> <span class='ocrx_word' id='word_1_716' title='bbox 3422 4731 3439 4756; x_wconf 41' lang='grc' dir='ltr'><strong><em>ν</em></strong></span> <span class='ocrx_word' id='word_1_717' title='bbox 3474 4687 3641 4743; x_wconf 54' lang='lat' dir='ltr'><strong>uirum</strong></span> <span class='ocrx_word' id='word_1_718' title='bbox 3666 4699 3779 4740; x_wconf 72' lang='grc' dir='ltr'><strong>ροη.</strong></span> 
     </span>
    </p>
   </div>
   <div class='ocr_carea' id='block_1_91' title="bbox 483 4759 2088 4834">
    <p class='ocr_par' dir='ltr' id='par_1_91' title="bbox 483 4759 2088 4834">
     <span class='ocr_line' id='line_1_91' title="bbox 483 4759 2088 4834; baseline -0.003 -15"><span class='ocrx_word' id='word_1_719' title='bbox 483 4763 654 4834; x_wconf 89' lang='lat' dir='ltr'><strong>libet,</strong></span> <span class='ocrx_word' id='word_1_720' title='bbox 681 4763 999 4821; x_wconf 83' lang='lat' dir='ltr'><strong>Vaticanum</strong></span> <span class='ocrx_word' id='word_1_721' title='bbox 1031 4761 1210 4828; x_wconf 76' lang='lat'><strong>5806,</strong></span> <span class='ocrx_word' id='word_1_722' title='bbox 1251 4761 1520 4832; x_wconf 86' lang='lat' dir='ltr'><strong>superiori</strong></span> <span class='ocrx_word' id='word_1_723' title='bbox 1568 4761 1912 4832; x_wconf 78' lang='lat' dir='ltr'><strong>paragrapho</strong></span> <span class='ocrx_word' id='word_1_724' title='bbox 1954 4759 2088 4814; x_wconf 82' lang='lat' dir='ltr'><strong>alle-</strong></span> 
     </span>
    </p>
   </div>
   <div class='ocr_carea' id='block_1_92' title="bbox 482 4852 2087 4932">
    <p class='ocr_par' dir='ltr' id='par_1_92' title="bbox 482 4852 2087 4932">
     <span class='ocr_line' id='line_1_92' title="bbox 482 4852 2087 4932; baseline -0.006 -17"><span class='ocrx_word' id='word_1_725' title='bbox 482 4871 663 4932; x_wconf 85' lang='lat' dir='ltr'><strong>gatum</strong></span> <span class='ocrx_word' id='word_1_726' title='bbox 684 4902 698 4926; x_wconf 91' lang='lat'><strong>,</strong></span> <span class='ocrx_word' id='word_1_727' title='bbox 729 4869 783 4914; x_wconf 87' lang='lat' dir='ltr'><strong>et</strong></span> <span class='ocrx_word' id='word_1_728' title='bbox 813 4859 978 4914; x_wconf 89' lang='lat' dir='ltr'><strong>alium</strong></span> <span class='ocrx_word' id='word_1_729' title='bbox 1006 4855 1376 4910; x_wconf 81' lang='lat' dir='ltr'><strong>Veronensem</strong></span> <span class='ocrx_word' id='word_1_730' title='bbox 1404 4855 1718 4909; x_wconf 86' lang='lat' dir='ltr'><strong>monasterii</strong></span> <span class='ocrx_word' id='word_1_731' title='bbox 1749 4855 1808 4910; x_wconf 85' lang='grc'><strong>8.</strong></span> <span class='ocrx_word' id='word_1_732' title='bbox 1835 4852 2087 4923; x_wconf 89' lang='lat' dir='ltr'><strong>Spiritus.</strong></span> 
     </span>
    </p>
   </div>
   <div class='ocr_carea' id='block_1_93' title="bbox 487 4945 2086 5022">
    <p class='ocr_par' dir='ltr' id='par_1_93' title="bbox 487 4945 2086 5022">
     <span class='ocr_line' id='line_1_93' title="bbox 487 4945 2086 5022; baseline -0.004 -14"><span class='ocrx_word' id='word_1_733' title='bbox 487 4954 774 5009; x_wconf 85' lang='lat' dir='ltr'><strong>Vaticanus</strong></span> <span class='ocrx_word' id='word_1_734' title='bbox 799 4993 813 5019; x_wconf 90' lang='lat'><strong>,</strong></span> <span class='ocrx_word' id='word_1_735' title='bbox 845 4951 937 5022; x_wconf 87' lang='lat' dir='ltr'><strong>qui</strong></span> <span class='ocrx_word' id='word_1_736' title='bbox 970 4949 1141 5020; x_wconf 82' lang='lat' dir='ltr'><strong>Aprili</strong></span> <span class='ocrx_word' id='word_1_737' title='bbox 1173 4963 1361 5003; x_wconf 90' lang='lat' dir='ltr'><strong>mense</strong></span> <span class='ocrx_word' id='word_1_738' title='bbox 1393 4946 1454 5002; x_wconf 83' lang='lat' dir='ltr'><strong>S.</strong></span> <span class='ocrx_word' id='word_1_739' title='bbox 1490 4945 1710 5001; x_wconf 84' lang='lat' dir='ltr'><strong>Zenonis</strong></span> <span class='ocrx_word' id='word_1_740' title='bbox 1739 4947 1986 5018; x_wconf 76' lang='lat' dir='ltr'><strong>martyris</strong></span> <span class='ocrx_word' id='word_1_741' title='bbox 2033 4947 2086 5002; x_wconf 92' lang='lat' dir='ltr'><strong>in</strong></span> 
     </span>
    </p>
   </div>
   <div class='ocr_carea' id='block_1_94' title="bbox 480 5041 2086 5112">
    <p class='ocr_par' dir='ltr' id='par_1_94' title="bbox 480 5041 2086 5112">
     <span class='ocr_line' id='line_1_94' title="bbox 480 5041 2086 5112; baseline -0.005 -8"><span class='ocrx_word' id='word_1_742' title='bbox 480 5047 800 5104; x_wconf 85' lang='lat' dir='ltr'><strong>Calendario</strong></span> <span class='ocrx_word' id='word_1_743' title='bbox 826 5046 1098 5112; x_wconf 90' lang='lat' dir='ltr'><strong>meminit,</strong></span> <span class='ocrx_word' id='word_1_744' title='bbox 1125 5042 1318 5100; x_wconf 90' lang='lat' dir='ltr'><strong>eodem</strong></span> <span class='ocrx_word' id='word_1_745' title='bbox 1350 5055 1540 5097; x_wconf 91' lang='lat' dir='ltr'><strong>mense</strong></span> <span class='ocrx_word' id='word_1_746' title='bbox 1573 5043 1624 5095; x_wconf 93' lang='lat' dir='ltr'><strong>in</strong></span> <span class='ocrx_word' id='word_1_747' title='bbox 1651 5041 2086 5098; x_wconf 83' lang='lat' dir='ltr'><strong>Sacramentario</strong></span> 
     </span>
    </p>
   </div>
   <div class='ocr_carea' id='block_1_95' title="bbox 482 5134 2086 5212">
    <p class='ocr_par' dir='ltr' id='par_1_95' title="bbox 482 5134 2086 5212">
     <span class='ocr_line' id='line_1_95' title="bbox 482 5134 2086 5212; baseline -0.006 -14"><span class='ocrx_word' id='word_1_748' title='bbox 482 5141 619 5198; x_wconf 88' lang='lat' dir='ltr'><strong>nihil</strong></span> <span class='ocrx_word' id='word_1_749' title='bbox 661 5141 844 5212; x_wconf 90' lang='lat' dir='ltr'><strong>ponit,</strong></span> <span class='ocrx_word' id='word_1_750' title='bbox 877 5149 932 5196; x_wconf 88' lang='lat' dir='ltr'><strong>et</strong></span> <span class='ocrx_word' id='word_1_751' title='bbox 959 5139 1134 5195; x_wconf 88' lang='lat' dir='ltr'><strong>solum</strong></span> <span class='ocrx_word' id='word_1_752' title='bbox 1178 5150 1368 5192; x_wconf 87' lang='lat' dir='ltr'><strong>mense</strong></span> <span class='ocrx_word' id='word_1_753' title='bbox 1399 5134 1682 5190; x_wconf 90' lang='lat' dir='ltr'><strong>Decembri</strong></span> <span class='ocrx_word' id='word_1_754' title='bbox 1706 5172 1722 5201; x_wconf 94' lang='lat'><strong>,</strong></span> <span class='ocrx_word' id='word_1_755' title='bbox 1757 5134 1809 5188; x_wconf 90' lang='lat' dir='ltr'><strong>in</strong></span> <span class='ocrx_word' id='word_1_756' title='bbox 1847 5150 1955 5204; x_wconf 91' lang='lat' dir='ltr'><strong>quo</strong></span> <span class='ocrx_word' id='word_1_757' title='bbox 1984 5134 2086 5188; x_wconf 80' lang='lat' dir='ltr'><strong>Ca-</strong></span> 
     </span>
    </p>
   </div>
   <div class='ocr_carea' id='block_1_96' title="bbox 485 5228 2087 5299">
    <p class='ocr_par' dir='ltr' id='par_1_96' title="bbox 485 5228 2087 5299">
     <span class='ocr_line' id='line_1_96' title="bbox 485 5228 2087 5299; baseline -0.006 -5"><span class='ocrx_word' id='word_1_758' title='bbox 485 5238 788 5295; x_wconf 79' lang='lat' dir='ltr'><strong>lentlarium</strong></span> <span class='ocrx_word' id='word_1_759' title='bbox 817 5235 887 5292; x_wconf 91' lang='lat' dir='ltr'><strong>de</strong></span> <span class='ocrx_word' id='word_1_760' title='bbox 916 5234 1109 5290; x_wconf 87' lang='lat' dir='ltr'><strong>eodem</strong></span> <span class='ocrx_word' id='word_1_761' title='bbox 1141 5233 1346 5290; x_wconf 80' lang='lat' dir='ltr'><strong>Sancto</strong></span> <span class='ocrx_word' id='word_1_762' title='bbox 1372 5229 1507 5286; x_wconf 89' lang='lat' dir='ltr'><strong>nihil</strong></span> <span class='ocrx_word' id='word_1_763' title='bbox 1538 5240 1680 5286; x_wconf 89' lang='lat' dir='ltr'><strong>notat</strong></span> <span class='ocrx_word' id='word_1_764' title='bbox 1707 5271 1722 5294; x_wconf 90' lang='lat'><strong>,</strong></span> <span class='ocrx_word' id='word_1_765' title='bbox 1752 5229 1922 5299; x_wconf 84' lang='lat' dir='ltr'><strong>ipsius</strong></span> <span class='ocrx_word' id='word_1_766' title='bbox 1955 5228 2087 5284; x_wconf 75' lang='lat' dir='ltr'><strong>Mis-</strong></span> 
     </span>
    </p>
   </div>
   <div class='ocr_carea' id='block_1_97' title="bbox 477 5323 2084 5396">
    <p class='ocr_par' dir='ltr' id='par_1_97' title="bbox 477 5323 2084 5396">
     <span class='ocr_line' id='line_1_97' title="bbox 477 5323 2084 5396; baseline -0.006 -8"><span class='ocrx_word' id='word_1_767' title='bbox 477 5348 595 5388; x_wconf 83' lang='lat' dir='ltr'><strong>sam</strong></span> <span class='ocrx_word' id='word_1_768' title='bbox 626 5330 849 5388; x_wconf 80' lang='lat' dir='ltr'><strong>exhibet</strong></span> <span class='ocrx_word' id='word_1_769' title='bbox 873 5370 888 5395; x_wconf 92' lang='lat'><strong>,</strong></span> <span class='ocrx_word' id='word_1_770' title='bbox 916 5327 1162 5384; x_wconf 85' lang='lat' dir='ltr'><strong>eamdem</strong></span> <span class='ocrx_word' id='word_1_771' title='bbox 1191 5341 1314 5396; x_wconf 70' lang='lat' dir='ltr'><strong>qua:</strong></span> <span class='ocrx_word' id='word_1_772' title='bbox 1344 5325 1399 5380; x_wconf 81' lang='lat' dir='ltr'><strong>in</strong></span> <span class='ocrx_word' id='word_1_773' title='bbox 1425 5329 1643 5380; x_wconf 79' lang='lat' dir='ltr'><strong>uestris</strong></span> <span class='ocrx_word' id='word_1_774' title='bbox 1681 5323 1960 5378; x_wconf 83' lang='lat' dir='ltr'><strong>codicibus</strong></span> <span class='ocrx_word' id='word_1_775' title='bbox 2004 5323 2084 5378; x_wconf 72' lang='lat' dir='ltr'><strong>Ie-</strong></span> 
     </span>
    </p>
   </div>
   <div class='ocr_carea' id='block_1_98' title="bbox 475 5417 2078 5500">
    <p class='ocr_par' dir='ltr' id='par_1_98' title="bbox 475 5417 2078 5500">
     <span class='ocr_line' id='line_1_98' title="bbox 475 5417 2078 5500; baseline -0.006 -19"><span class='ocrx_word' id='word_1_776' title='bbox 475 5429 620 5500; x_wconf 88' lang='lat' dir='ltr'><strong>gitur</strong></span> <span class='ocrx_word' id='word_1_777' title='bbox 640 5469 655 5493; x_wconf 92' lang='lat'><strong>,</strong></span> <span class='ocrx_word' id='word_1_778' title='bbox 683 5433 739 5481; x_wconf 88' lang='lat' dir='ltr'><strong>et</strong></span> <span class='ocrx_word' id='word_1_779' title='bbox 771 5425 822 5480; x_wconf 94' lang='lat' dir='ltr'><strong>in</strong></span> <span class='ocrx_word' id='word_1_780' title='bbox 854 5439 916 5480; x_wconf 87' lang='lat' dir='ltr'><strong>ea</strong></span> <span class='ocrx_word' id='word_1_781' title='bbox 949 5423 1042 5478; x_wconf 89' lang='lat' dir='ltr'><strong>ille</strong></span> <span class='ocrx_word' id='word_1_782' title='bbox 1083 5420 1351 5492; x_wconf 78' lang='lat' dir='ltr'><strong>confessor</strong></span> <span class='ocrx_word' id='word_1_783' title='bbox 1379 5421 1612 5492; x_wconf 59' lang='lat' dir='ltr'><strong>pontifex</strong></span> <span class='ocrx_word' id='word_1_784' title='bbox 1643 5419 1802 5474; x_wconf 81' lang='lat' dir='ltr'><strong>unice</strong></span> <span class='ocrx_word' id='word_1_785' title='bbox 1847 5417 2078 5487; x_wconf 75' lang='lat' dir='ltr'><strong>dicitur,</strong></span> 
     </span>
    </p>
   </div>
   <div class='ocr_carea' id='block_1_99' title="bbox 475 5511 2082 5584">
    <p class='ocr_par' dir='ltr' id='par_1_99' title="bbox 475 5511 2082 5584">
     <span class='ocr_line' id='line_1_99' title="bbox 475 5511 2082 5584; baseline -0.006 -7"><span class='ocrx_word' id='word_1_786' title='bbox 475 5529 536 5577; x_wconf 88' lang='lat' dir='ltr'><strong>ut</strong></span> <span class='ocrx_word' id='word_1_787' title='bbox 586 5537 653 5577; x_wconf 77' lang='lat' dir='ltr'><strong>ex</strong></span> <span class='ocrx_word' id='word_1_788' title='bbox 688 5521 842 5576; x_wconf 86' lang='lat' dir='ltr'><strong>tertia</strong></span> <span class='ocrx_word' id='word_1_789' title='bbox 875 5517 1038 5574; x_wconf 85' lang='lat' dir='ltr'><strong>missa</strong></span> <span class='ocrx_word' id='word_1_790' title='bbox 1069 5514 1253 5570; x_wconf 77' lang='lat' dir='ltr'><strong>videre</strong></span> <span class='ocrx_word' id='word_1_791' title='bbox 1293 5513 1518 5584; x_wconf 86' lang='lat' dir='ltr'><strong>poteris.</strong></span> <span class='ocrx_word' id='word_1_792' title='bbox 1552 5512 1678 5569; x_wconf 84' lang='lat' dir='ltr'><strong>Haec</strong></span> <span class='ocrx_word' id='word_1_793' title='bbox 1710 5527 1818 5568; x_wconf 87' lang='lat' dir='ltr'><strong>non</strong></span> <span class='ocrx_word' id='word_1_794' title='bbox 1865 5511 2082 5568; x_wconf 85' lang='lat' dir='ltr'><strong>aliunde</strong></span> 
     </span>
    </p>
   </div>
   <div class='ocr_carea' id='block_1_100' title="bbox 484 5607 2081 5682">
    <p class='ocr_par' dir='ltr' id='par_1_100' title="bbox 484 5607 2081 5682">
     <span class='ocr_line' id='line_1_100' title="bbox 484 5607 2081 5682; baseline -0.007 -13"><span class='ocrx_word' id='word_1_795' title='bbox 484 5615 735 5670; x_wconf 69' lang='lat' dir='ltr'><strong>videntur</strong></span> <span class='ocrx_word' id='word_1_796' title='bbox 766 5610 1004 5682; x_wconf 84' lang='lat' dir='ltr'><strong>profecta</strong></span> <span class='ocrx_word' id='word_1_797' title='bbox 1025 5652 1039 5673; x_wconf 92' lang='lat'><strong>,</strong></span> <span class='ocrx_word' id='word_1_798' title='bbox 1064 5623 1223 5679; x_wconf 84' lang='lat' dir='ltr'><strong>quam</strong></span> <span class='ocrx_word' id='word_1_799' title='bbox 1244 5607 1390 5677; x_wconf 90' lang='lat' dir='ltr'><strong>quod</strong></span> <span class='ocrx_word' id='word_1_800' title='bbox 1419 5607 1670 5678; x_wconf 82' lang='lat' dir='ltr'><strong>martyris</strong></span> <span class='ocrx_word' id='word_1_801' title='bbox 1697 5619 1897 5660; x_wconf 86' lang='lat' dir='ltr'><strong>nomen</strong></span> <span class='ocrx_word' id='word_1_802' title='bbox 1920 5619 2081 5659; x_wconf 55' lang='lat' dir='ltr'><strong>metu.</strong></span> 
     </span>
    </p>
   </div>
   <div class='ocr_carea' id='block_1_101' title="bbox 479 5697 2077 5778">
    <p class='ocr_par' dir='ltr' id='par_1_101' title="bbox 479 5697 2077 5778">
     <span class='ocr_line' id='line_1_101' title="bbox 479 5697 2077 5778; baseline -0.006 -15"><span class='ocrx_word' id='word_1_803' title='bbox 479 5725 538 5765; x_wconf 85' lang='lat' dir='ltr'><strong>se</strong></span> <span class='ocrx_word' id='word_1_804' title='bbox 567 5709 735 5778; x_wconf 81' lang='lat' dir='ltr'><strong>Aprili</strong></span> <span class='ocrx_word' id='word_1_805' title='bbox 773 5707 828 5762; x_wconf 86' lang='lat' dir='ltr'><strong>in</strong></span> <span class='ocrx_word' id='word_1_806' title='bbox 860 5702 1187 5761; x_wconf 81' lang='lat' dir='ltr'><strong>Galendario</strong></span> <span class='ocrx_word' id='word_1_807' title='bbox 1228 5702 1486 5757; x_wconf 86' lang='lat' dir='ltr'><strong>insertum</strong></span> <span class='ocrx_word' id='word_1_808' title='bbox 1509 5741 1525 5766; x_wconf 93' lang='lat'><strong>,</strong></span> <span class='ocrx_word' id='word_1_809' title='bbox 1557 5715 1589 5756; x_wconf 91' lang='lat' dir='ltr'><strong>e</strong></span> <span class='ocrx_word' id='word_1_810' title='bbox 1616 5697 1674 5755; x_wconf 92' lang='lat' dir='ltr'><strong>S.</strong></span> <span class='ocrx_word' id='word_1_811' title='bbox 1705 5697 1967 5769; x_wconf 74' lang='lat' dir='ltr'><strong>Gregorio</strong></span> <span class='ocrx_word' id='word_1_812' title='bbox 1994 5698 2077 5754; x_wconf 87' lang='lat' dir='ltr'><strong>vel</strong></span> 
     </span>
    </p>
   </div>
   <div class='ocr_carea' id='block_1_102' title="bbox 475 5793 2078 5872">
    <p class='ocr_par' dir='ltr' id='par_1_102' title="bbox 475 5793 2078 5872">
     <span class='ocr_line' id='line_1_102' title="bbox 475 5793 2078 5872; baseline -0.006 -14"><span class='ocrx_word' id='word_1_813' title='bbox 475 5819 540 5859; x_wconf 78' lang='lat' dir='ltr'><strong>ex</strong></span> <span class='ocrx_word' id='word_1_814' title='bbox 573 5803 681 5858; x_wconf 89' lang='lat' dir='ltr'><strong>alio</strong></span> <span class='ocrx_word' id='word_1_815' title='bbox 706 5804 826 5872; x_wconf 81' lang='lat' dir='ltr'><strong>ejus</strong></span> <span class='ocrx_word' id='word_1_816' title='bbox 852 5800 1184 5871; x_wconf 80' lang='lat' dir='ltr'><strong>esscriptore</strong></span> <span class='ocrx_word' id='word_1_817' title='bbox 1223 5793 1496 5866; x_wconf 59' lang='lat' dir='ltr'><strong>sumpturi</strong></span> <span class='ocrx_word' id='word_1_818' title='bbox 1526 5793 1659 5861; x_wconf 87' lang='lat' dir='ltr'><strong>fuit;</strong></span> <span class='ocrx_word' id='word_1_819' title='bbox 1688 5794 1852 5848; x_wconf 79' lang='lat' dir='ltr'><strong>missa</strong></span> <span class='ocrx_word' id='word_1_820' title='bbox 1895 5803 2078 5848; x_wconf 79' lang='lat' dir='ltr'><strong>autem</strong></span> 
     </span>
    </p>
   </div>
   <div class='ocr_carea' id='block_1_103' title="bbox 478 5890 2076 5962">
    <p class='ocr_par' dir='ltr' id='par_1_103' title="bbox 478 5890 2076 5962">
     <span class='ocr_line' id='line_1_103' title="bbox 478 5890 2076 5962; baseline -0.006 -8"><span class='ocrx_word' id='word_1_821' title='bbox 478 5897 743 5954; x_wconf 86' lang='lat' dir='ltr'><strong>derivavit</strong></span> <span class='ocrx_word' id='word_1_822' title='bbox 766 5912 798 5952; x_wconf 93' lang='lat' dir='ltr'><strong>e</strong></span> <span class='ocrx_word' id='word_1_823' title='bbox 819 5895 1116 5952; x_wconf 88' lang='lat' dir='ltr'><strong>Veronensi</strong></span> <span class='ocrx_word' id='word_1_824' title='bbox 1147 5895 1293 5951; x_wconf 86' lang='lat' dir='ltr'><strong>fonte</strong></span> <span class='ocrx_word' id='word_1_825' title='bbox 1312 5933 1325 5960; x_wconf 93' lang='lat'><strong>,</strong></span> <span class='ocrx_word' id='word_1_826' title='bbox 1353 5891 1440 5948; x_wconf 89' lang='lat' dir='ltr'><strong>cui</strong></span> <span class='ocrx_word' id='word_1_827' title='bbox 1467 5890 1518 5948; x_wconf 90' lang='lat' dir='ltr'><strong>id</strong></span> <span class='ocrx_word' id='word_1_828' title='bbox 1545 5906 1746 5947; x_wconf 90' lang='lat' dir='ltr'><strong>nomen</strong></span> <span class='ocrx_word' id='word_1_829' title='bbox 1777 5891 2076 5962; x_wconf 84' lang='lat' dir='ltr'><strong>ignoratum</strong></span> 
     </span>
    </p>
   </div>
   <div class='ocr_carea' id='block_1_104' title="bbox 2202 4769 3779 4844">
    <p class='ocr_par' dir='ltr' id='par_1_104' title="bbox 2202 4769 3779 4844">
     <span class='ocr_line' id='line_1_104' title="bbox 2202 4769 3779 4844; baseline 0.005 -20"><span class='ocrx_word' id='word_1_830' title='bbox 2202 4769 2378 4826; x_wconf 87' lang='lat' dir='ltr'><strong>fessor</strong></span> <span class='ocrx_word' id='word_1_831' title='bbox 2405 4787 2470 4826; x_wconf 88' lang='lat' dir='ltr'><strong>an</strong></span> <span class='ocrx_word' id='word_1_832' title='bbox 2503 4787 2709 4844; x_wconf 82' lang='lat' dir='ltr'><strong>martyr</strong></span> <span class='ocrx_word' id='word_1_833' title='bbox 2757 4776 2970 4830; x_wconf 90' lang='lat' dir='ltr'><strong>habitus</strong></span> <span class='ocrx_word' id='word_1_834' title='bbox 2999 4777 3184 4844; x_wconf 84' lang='lat' dir='ltr'><strong>fuerit,</strong></span> <span class='ocrx_word' id='word_1_835' title='bbox 3229 4788 3344 4837; x_wconf 89' lang='lat' dir='ltr'><strong>tute</strong></span> <span class='ocrx_word' id='word_1_836' title='bbox 3374 4781 3640 4838; x_wconf 85' lang='lat' dir='ltr'><strong>indicabit.</strong></span> <span class='ocrx_word' id='word_1_837' title='bbox 3671 4779 3779 4835; x_wconf 88' lang='lat' dir='ltr'><strong>0m-</strong></span> 
     </span>
    </p>
   </div>
   <div class='ocr_carea' id='block_1_105' title="bbox 2202 4867 3777 4939">
    <p class='ocr_par' dir='ltr' id='par_1_105' title="bbox 2202 4867 3777 4939">
     <span class='ocr_line' id='line_1_105' title="bbox 2202 4867 3777 4939; baseline 0.005 -23"><span class='ocrx_word' id='word_1_838' title='bbox 2202 4879 2300 4919; x_wconf 90' lang='lat' dir='ltr'><strong>nes</strong></span> <span class='ocrx_word' id='word_1_839' title='bbox 2327 4879 2459 4920; x_wconf 87' lang='lat' dir='ltr'><strong>vero</strong></span> <span class='ocrx_word' id='word_1_840' title='bbox 2509 4867 2824 4933; x_wconf 90' lang='lat' dir='ltr'><strong>orationes,</strong></span> <span class='ocrx_word' id='word_1_841' title='bbox 2867 4883 3001 4939; x_wconf 88' lang='lat' dir='ltr'><strong>quas</strong></span> <span class='ocrx_word' id='word_1_842' title='bbox 3057 4869 3109 4925; x_wconf 91' lang='lat' dir='ltr'><strong>in</strong></span> <span class='ocrx_word' id='word_1_843' title='bbox 3160 4887 3257 4928; x_wconf 81' lang='lat' dir='ltr'><strong>sex</strong></span> <span class='ocrx_word' id='word_1_844' title='bbox 3290 4889 3424 4930; x_wconf 92' lang='lat' dir='ltr'><strong>mss.</strong></span> <span class='ocrx_word' id='word_1_845' title='bbox 3477 4871 3777 4932; x_wconf 87' lang='lat' dir='ltr'><strong>Veronensis</strong></span> 
     </span>
    </p>
   </div>
   <div class='ocr_carea' id='block_1_106' title="bbox 2201 4946 3777 5035">
    <p class='ocr_par' dir='ltr' id='par_1_106' title="bbox 2201 4946 3777 5035">
     <span class='ocr_line' id='line_1_106' title="bbox 2201 4946 3777 5035; baseline 0.006 -26"><span class='ocrx_word' id='word_1_846' title='bbox 2201 4955 2460 5012; x_wconf 62' lang='lat' dir='ltr'><strong>Ecclesia}</strong></span> <span class='ocrx_word' id='word_1_847' title='bbox 2509 4957 2697 5025; x_wconf 91' lang='lat' dir='ltr'><strong>libris,</strong></span> <span class='ocrx_word' id='word_1_848' title='bbox 2748 4970 2802 5015; x_wconf 91' lang='lat' dir='ltr'><strong>et</strong></span> <span class='ocrx_word' id='word_1_849' title='bbox 2835 4962 2886 5015; x_wconf 91' lang='lat' dir='ltr'><strong>in</strong></span> <span class='ocrx_word' id='word_1_850' title='bbox 2933 4962 3186 5020; x_wconf 90' lang='lat' dir='ltr'><strong>omnibus</strong></span> <span class='ocrx_word' id='word_1_851' title='bbox 3215 4965 3434 5035; x_wconf 88' lang='lat' dir='ltr'><strong>quidem</strong></span> <span class='ocrx_word' id='word_1_852' title='bbox 3467 4968 3521 5023; x_wconf 92' lang='lat' dir='ltr'><strong>S.</strong></span> <span class='ocrx_word' id='word_1_853' title='bbox 3570 4946 3777 5022; x_wconf 73' lang='lat' dir='ltr'><strong>Zenonis</strong></span> 
     </span>
    </p>
   </div>
   <div class='ocr_carea' id='block_1_107' title="bbox 2200 5050 3776 5129">
    <p class='ocr_par' dir='ltr' id='par_1_107' title="bbox 2200 5050 3776 5129">
     <span class='ocr_line' id='line_1_107' title="bbox 2200 5050 3776 5129; baseline 0.01 -27"><span class='ocrx_word' id='word_1_854' title='bbox 2200 5050 2381 5104; x_wconf 90' lang='lat' dir='ltr'><strong>missis</strong></span> <span class='ocrx_word' id='word_1_855' title='bbox 2409 5050 2633 5106; x_wconf 89' lang='lat' dir='ltr'><strong>inferius</strong></span> <span class='ocrx_word' id='word_1_856' title='bbox 2663 5052 3040 5113; x_wconf 88' lang='lat' dir='ltr'><strong>describendis</strong></span> <span class='ocrx_word' id='word_1_857' title='bbox 3081 5055 3263 5129; x_wconf 86' lang='lat' dir='ltr'><strong>legere</strong></span> <span class='ocrx_word' id='word_1_858' title='bbox 3294 5060 3444 5129; x_wconf 90' lang='lat' dir='ltr'><strong>licet,</strong></span> <span class='ocrx_word' id='word_1_859' title='bbox 3475 5067 3632 5118; x_wconf 83' lang='lat' dir='ltr'><strong>tinum</strong></span> <span class='ocrx_word' id='word_1_860' title='bbox 3661 5075 3776 5116; x_wconf 88' lang='lat' dir='ltr'><strong>con-</strong></span> 
     </span>
    </p>
   </div>
   <div class='ocr_carea' id='block_1_108' title="bbox 2199 5143 3778 5227">
    <p class='ocr_par' dir='ltr' id='par_1_108' title="bbox 2199 5143 3778 5227">
     <span class='ocr_line' id='line_1_108' title="bbox 2199 5143 3778 5227; baseline 0.007 -32"><span class='ocrx_word' id='word_1_861' title='bbox 2199 5143 2424 5198; x_wconf 77' lang='lat' dir='ltr'><strong>fessoris</strong></span> <span class='ocrx_word' id='word_1_862' title='bbox 2454 5143 2751 5215; x_wconf 90' lang='lat' dir='ltr'><strong>pontiﬁcis,</strong></span> <span class='ocrx_word' id='word_1_863' title='bbox 2781 5163 2887 5202; x_wconf 91' lang='lat' dir='ltr'><strong>non</strong></span> <span class='ocrx_word' id='word_1_864' title='bbox 2921 5161 3104 5205; x_wconf 90' lang='lat' dir='ltr'><strong>autem</strong></span> <span class='ocrx_word' id='word_1_865' title='bbox 3144 5156 3401 5227; x_wconf 86' lang='lat' dir='ltr'><strong>martyris</strong></span> <span class='ocrx_word' id='word_1_866' title='bbox 3435 5155 3639 5212; x_wconf 86' lang='lat' dir='ltr'><strong>titulum</strong></span> <span class='ocrx_word' id='word_1_867' title='bbox 3667 5168 3778 5208; x_wconf 88' lang='lat' dir='ltr'><strong>con-</strong></span> 
     </span>
    </p>
   </div>
   <div class='ocr_carea' id='block_1_109' title="bbox 2193 5233 3773 5320">
    <p class='ocr_par' dir='ltr' id='par_1_109' title="bbox 2193 5233 3773 5320">
     <span class='ocr_line' id='line_1_109' title="bbox 2193 5233 3773 5320; baseline 0.005 -28"><span class='ocrx_word' id='word_1_868' title='bbox 2193 5246 2406 5294; x_wconf 89' lang='lat' dir='ltr'><strong>stanter</strong></span> <span class='ocrx_word' id='word_1_869' title='bbox 2432 5237 2712 5310; x_wconf 86' lang='lat' dir='ltr'><strong>ingerunt;</strong></span> <span class='ocrx_word' id='word_1_870' title='bbox 2739 5251 2792 5297; x_wconf 91' lang='lat' dir='ltr'><strong>et</strong></span> <span class='ocrx_word' id='word_1_871' title='bbox 2814 5247 3223 5315; x_wconf 90' lang='lat' dir='ltr'><strong>responsorium</strong></span> <span class='ocrx_word' id='word_1_872' title='bbox 3249 5233 3472 5319; x_wconf 88' lang='lat' dir='ltr'><strong>gradale</strong></span> <span class='ocrx_word' id='word_1_873' title='bbox 3501 5249 3773 5320; x_wconf 87' lang='lat' dir='ltr'><strong>subjectum</strong></span> 
     </span>
    </p>
   </div>
   <div class='ocr_carea' id='block_1_110' title="bbox 2197 5333 3774 5413">
    <p class='ocr_par' dir='ltr' id='par_1_110' title="bbox 2197 5333 3774 5413">
     <span class='ocr_line' id='line_1_110' title="bbox 2197 5333 3774 5413; baseline 0.006 -27"><span class='ocrx_word' id='word_1_874' title='bbox 2197 5333 2445 5403; x_wconf 68' lang='lat' dir='ltr'><strong>epistolae</strong></span> <span class='ocrx_word' id='word_1_875' title='bbox 2470 5334 2590 5405; x_wconf 89' lang='lat' dir='ltr'><strong>ipso</strong></span> <span class='ocrx_word' id='word_1_876' title='bbox 2630 5336 2682 5391; x_wconf 93' lang='lat' dir='ltr'><strong>in</strong></span> <span class='ocrx_word' id='word_1_877' title='bbox 2715 5335 2924 5409; x_wconf 90' lang='lat' dir='ltr'><strong>Carpso</strong></span> <span class='ocrx_word' id='word_1_878' title='bbox 2964 5341 3304 5413; x_wconf 89' lang='lat' dir='ltr'><strong>designatum</strong></span> <span class='ocrx_word' id='word_1_879' title='bbox 3329 5387 3344 5412; x_wconf 94' lang='lat'><strong>,</strong></span> <span class='ocrx_word' id='word_1_880' title='bbox 3375 5364 3482 5402; x_wconf 91' lang='lat' dir='ltr'><strong>non</strong></span> <span class='ocrx_word' id='word_1_881' title='bbox 3511 5346 3614 5403; x_wconf 91' lang='lat' dir='ltr'><strong>alio</strong></span> <span class='ocrx_word' id='word_1_882' title='bbox 3641 5341 3774 5400; x_wconf 85' lang='lat' dir='ltr'><strong>titulo</strong></span> 
     </span>
    </p>
   </div>
   <div class='ocr_carea' id='block_1_111' title="bbox 2193 5425 3770 5513">
    <p class='ocr_par' dir='ltr' id='par_1_111' title="bbox 2193 5425 3770 5513">
     <span class='ocr_line' id='line_1_111' title="bbox 2193 5425 3770 5513; baseline 0.008 -36"><span class='ocrx_word' id='word_1_883' title='bbox 2193 5425 2445 5482; x_wconf 89' lang='lat' dir='ltr'><strong>eumdem</strong></span> <span class='ocrx_word' id='word_1_884' title='bbox 2464 5438 2709 5484; x_wconf 90' lang='lat' dir='ltr'><strong>sanctum</strong></span> <span class='ocrx_word' id='word_1_885' title='bbox 2733 5432 2972 5502; x_wconf 88' lang='lat' dir='ltr'><strong>appellat</strong></span> <span class='ocrx_word' id='word_1_886' title='bbox 2993 5453 3004 5488; x_wconf 88' lang='lat'>:</span> <span class='ocrx_word' id='word_1_887' title='bbox 3023 5433 3217 5493; x_wconf 82' lang='lat' dir='ltr'><strong>Sancte</strong></span> <span class='ocrx_word' id='word_1_888' title='bbox 3236 5439 3664 5513; x_wconf 75' lang='lat' dir='ltr'><strong>confessorléno,</strong></span> <span class='ocrx_word' id='word_1_889' title='bbox 3679 5445 3770 5492; x_wconf 88' lang='lat' dir='ltr'><strong>etc.</strong></span> 
     </span>
    </p>
   </div>
   <div class='ocr_carea' id='block_1_112' title="bbox 2193 5519 3875 5605">
    <p class='ocr_par' dir='ltr' id='par_1_112' title="bbox 2193 5519 3875 5605">
     <span class='ocr_line' id='line_1_112' title="bbox 2193 5519 3875 5605; baseline 0.005 -32"><span class='ocrx_word' id='word_1_890' title='bbox 2193 5519 2326 5587; x_wconf 88' lang='lat' dir='ltr'><strong>Quis</strong></span> <span class='ocrx_word' id='word_1_891' title='bbox 2357 5535 2488 5592; x_wconf 83' lang='lat' dir='ltr'><strong>ergo</strong></span> <span class='ocrx_word' id='word_1_892' title='bbox 2505 5535 2576 5577; x_wconf 79' lang='lat' dir='ltr'><strong>ex</strong></span> <span class='ocrx_word' id='word_1_893' title='bbox 2611 5525 2925 5595; x_wconf 83' lang='lat' dir='ltr'><strong>antiphonis</strong></span> <span class='ocrx_word' id='word_1_894' title='bbox 2951 5537 3007 5583; x_wconf 86' lang='lat' dir='ltr'><strong>et</strong></span> <span class='ocrx_word' id='word_1_895' title='bbox 3044 5530 3358 5604; x_wconf 78' lang='lat' dir='ltr'><strong>Evangelia,</strong></span> <span class='ocrx_word' id='word_1_896' title='bbox 3386 5542 3509 5605; x_wconf 73' lang='lat' dir='ltr'><strong>quae</strong></span> <span class='ocrx_word' id='word_1_897' title='bbox 3539 5545 3630 5604; x_wconf 87' lang='lat' dir='ltr'><strong>pro</strong></span> <span class='ocrx_word' id='word_1_898' title='bbox 3650 5545 3773 5587; x_wconf 85' lang='lat' dir='ltr'><strong>mar-</strong></span> <span class='ocrx_word' id='word_1_899' title='bbox 3873 5543 3875 5551; x_wconf 64' lang='grc' dir='ltr'>ί</span> 
     </span>
    </p>
   </div>
   <div class='ocr_carea' id='block_1_113' title="bbox 2187 5612 3773 5698">
    <p class='ocr_par' dir='ltr' id='par_1_113' title="bbox 2187 5612 3773 5698">
     <span class='ocr_line' id='line_1_113' title="bbox 2187 5612 3773 5698; baseline 0.009 -34"><span class='ocrx_word' id='word_1_900' title='bbox 2187 5619 2313 5682; x_wconf 82' lang='lat' dir='ltr'><strong>tyre</strong></span> <span class='ocrx_word' id='word_1_901' title='bbox 2343 5612 2426 5668; x_wconf 86' lang='lat' dir='ltr'><strong>vel</strong></span> <span class='ocrx_word' id='word_1_902' title='bbox 2451 5615 2769 5674; x_wconf 82' lang='lat' dir='ltr'><strong>confessore</strong></span> <span class='ocrx_word' id='word_1_903' title='bbox 2793 5620 2922 5675; x_wconf 92' lang='lat' dir='ltr'><strong>olim</strong></span> <span class='ocrx_word' id='word_1_904' title='bbox 2954 5627 3263 5680; x_wconf 79' lang='lat' dir='ltr'><strong>communia</strong></span> <span class='ocrx_word' id='word_1_905' title='bbox 3300 5625 3471 5683; x_wconf 76' lang='lat' dir='ltr'><strong>fuisse</strong></span> <span class='ocrx_word' id='word_1_906' title='bbox 3495 5621 3773 5698; x_wconf 72' lang='lat' dir='ltr'><strong>deprehen-</strong></span> 
     </span>
    </p>
   </div>
   <div class='ocr_carea' id='block_1_114' title="bbox 2191 5699 3871 5785">
    <p class='ocr_par' dir='ltr' id='par_1_114' title="bbox 2191 5699 3871 5785">
     <span class='ocr_line' id='line_1_114' title="bbox 2191 5699 3871 5785; baseline 0.011 -27"><span class='ocrx_word' id='word_1_907' title='bbox 2191 5705 2431 5776; x_wconf 82' lang='lat' dir='ltr'><strong>duntur,</strong></span> <span class='ocrx_word' id='word_1_908' title='bbox 2477 5720 2667 5765; x_wconf 83' lang='lat' dir='ltr'><strong>contra</strong></span> <span class='ocrx_word' id='word_1_909' title='bbox 2714 5720 3031 5785; x_wconf 81' lang='lat' dir='ltr'><strong>expressum</strong></span> <span class='ocrx_word' id='word_1_910' title='bbox 3075 5714 3384 5777; x_wconf 81' lang='lat' dir='ltr'><strong>orationum</strong></span> <span class='ocrx_word' id='word_1_911' title='bbox 3429 5719 3768 5780; x_wconf 78' lang='lat' dir='ltr'><strong>testimonium</strong></span> <span class='ocrx_word' id='word_1_912' title='bbox 3867 5699 3871 5785; x_wconf 58' lang='grc'><strong>,¹</strong></span> 
     </span>
    </p>
   </div>
   <div class='ocr_carea' id='block_1_115' title="bbox 2193 5803 3867 5893">
    <p class='ocr_par' dir='ltr' id='par_1_115' title="bbox 2193 5803 3867 5893">
     <span class='ocr_line' id='line_1_115' title="bbox 2193 5803 3867 5893; baseline 0.008 -42"><span class='ocrx_word' id='word_1_913' title='bbox 2193 5813 2293 5866; x_wconf 88' lang='lat' dir='ltr'><strong>pro</strong></span> <span class='ocrx_word' id='word_1_914' title='bbox 2344 5803 2607 5874; x_wconf 84' lang='lat' dir='ltr'><strong>martyrio</strong></span> <span class='ocrx_word' id='word_1_915' title='bbox 2651 5808 2938 5864; x_wconf 77' lang='lat' dir='ltr'><strong>statuendo</strong></span> <span class='ocrx_word' id='word_1_916' title='bbox 2985 5819 3215 5884; x_wconf 78' lang='lat' dir='ltr'><strong>arguere</strong></span> <span class='ocrx_word' id='word_1_917' title='bbox 3283 5813 3450 5870; x_wconf 84' lang='lat' dir='ltr'><strong>velit?</strong></span> <span class='ocrx_word' id='word_1_918' title='bbox 3492 5817 3612 5872; x_wconf 56' lang='lat' dir='ltr'><strong>&#39;ltt‘ro</strong></span> <span class='ocrx_word' id='word_1_919' title='bbox 3661 5813 3770 5866; x_wconf 80' lang='lat' dir='ltr'><strong>hinc</strong></span> <span class='ocrx_word' id='word_1_920' title='bbox 3866 5861 3867 5893; x_wconf 26' lang='grc' dir='ltr'><strong>ἦ</strong></span> 
     </span>
    </p>
   </div>
   <div class='ocr_carea' id='block_1_116' title="bbox 2191 5893 3865 5980">
    <p class='ocr_par' dir='ltr' id='par_1_116' title="bbox 2191 5893 3865 5980">
     <span class='ocr_line' id='line_1_116' title="bbox 2191 5893 3865 5980; baseline 0.014 -37"><span class='ocrx_word' id='word_1_921' title='bbox 2191 5893 2374 5962; x_wconf 89' lang='lat' dir='ltr'><strong>potius</strong></span> <span class='ocrx_word' id='word_1_922' title='bbox 2403 5896 2729 5958; x_wconf 88' lang='lat' dir='ltr'><strong>conﬁrmare</strong></span> <span class='ocrx_word' id='word_1_923' title='bbox 2760 5901 2922 5970; x_wconf 88' lang='lat' dir='ltr'><strong>licet,</strong></span> <span class='ocrx_word' id='word_1_924' title='bbox 2967 5920 3061 5962; x_wconf 81' lang='lat' dir='ltr'><strong>eas</strong></span> <span class='ocrx_word' id='word_1_925' title='bbox 3108 5907 3434 5980; x_wconf 87' lang='lat' dir='ltr'><strong>antiphonas</strong></span> <span class='ocrx_word' id='word_1_926' title='bbox 3465 5920 3517 5968; x_wconf 86' lang='lat' dir='ltr'><strong>et</strong></span> <span class='ocrx_word' id='word_1_927' title='bbox 3545 5910 3770 5979; x_wconf 41' lang='lat' dir='ltr'><strong>Evauge.</strong></span> <span class='ocrx_word' id='word_1_928' title='bbox 3855 5945 3865 5950; x_wconf 76' lang='grc'>-·</span> 
     </span>
    </p>
   </div>
  </div>
