3952 6320
198 343 303 398 163
973 358 1423 423 DISSERTATIO
1461 368 1552 436 ΙΙΙ,
1596 369 1814 445 [θΕξδηΔ

193 458 328 516 lium
369 464 638 532 paschalis
690 470 866 527 missae
914 474 971 530 S.
1023 477 1291 547 Zenonis,
1325 498 1446 553 quae
1494 494 1790 558 martyrum

187 565 428 633 propria
460 581 598 623 nunc
641 569 908 630 habentur
933 618 948 645 ,
1003 580 1406 640 confessoribus
1435 588 1598 642 etiam
1638 604 1788 645 com-

185 664 368 719 tnunia
400 669 528 724 olim
557 671 745 742 fuisse,
779 689 901 733 cum
927 684 1226 750 praesertim
1255 685 1396 743 idem
1427 687 1698 761 Carpsum
1730 701 1785 748 et

184 767 271 822 alii
304 768 528 829 rituales
572 776 693 833 libri
721 780 956 838 ofﬁcium
987 788 1146 843 etiam
1176 791 1424 860 paschale
1465 795 1521 852 S.
1544 793 1781 856 Zenonis

182 876 353 926 totum
383 875 452 929 de
482 877 793 939 confessore
814 888 1067 956 pontifice
1092 893 1424 952 recitandum
1447 897 1734 956 exhibeant
1762 945 1776 969 ,

181 974 456 1040 quodnon
480 975 737 1040 iecissent
769 987 1027 1062 profecto,
1055 995 1099 1050 si
1141 998 1408 1068 paschalis
1438 1004 1620 1072 missa,
1655 1019 1777 1074 quae

177 1086 295 1129 cum
342 1077 528 1135 ofﬁcio
580 1089 917 1148 concordare
947 1094 1216 1166 debebat,
1249 1107 1503 1176 martyris
1553 1109 1771 1180 propria

168 1173 405 1240 judicata
451 1180 666 1240 fuisset.
711 1187 848 1248 Hinc
884 1209 1046 1264 porro
1087 1202 1228 1271 quod
1260 1173 1569 1274 appositum
1614 1173 1774 1281 supe-

174 1274 298 1330 riori
325 1286 668 1355 paragrapho
709 1290 808 1346 fuit
837 1309 903 1349 ex
949 1297 1242 1372 Micrologo
1272 1307 1547 1364 scribente
1590 1274 1771 1368 officia

172 1373 541 1438 Romanorum
575 1391 887 1456 pontificum
915 1403 1246 1472 caiteroquin
1278 1417 1576 1480 martyrum
1609 1428 1767 1485 prop-

172 1475 247 1523 ter
272 1476 632 1534 excellentiam
678 1484 944 1556 dignitatis
988 1495 1295 1563 Apostolicte
1343 1475 1556 1570 peracut
1601 1475 1766 1564 iuisse

168 1562 230 1616 de
254 1569 656 1640 confessoribus,
687 1578 846 1636 inane
873 1600 1094 1651 prorsus
1118 1595 1462 1661 cognoscitur
1481 1614 1494 1648 :
1513 1597 1587 1652 illi
1617 1602 1761 1655 enim

168 1669 427 1730 martyres
475 1667 758 1736 explorate
805 1673 1124 1735 dicebantur
1171 1683 1223 1738 in
1275 1688 1648 1758 orationibus,
1698 1708 1762 1749 ac

164 1762 414 1819 prmterea
444 1757 515 1813 de
544 1761 736 1819 iisdem
758 1805 774 1828 .
815 1771 888 1824 uti
920 1771 1035 1841 ipse
1063 1774 1389 1850 Micrologus
1415 1783 1608 1839 eodem
1634 1757 1758 1842 loco

165 1848 396 1910 notat,in
422 1850 607 1908 officio
639 1857 883 1929 hymnus,
902 1865 1270 1937 invitatoriam,
1298 1848 1473 1930 uersus
1503 1877 1682 1933 Gloria
1707 1891 1753 1935 et

160 1933 364 2004 honore,
397 1941 633 2002 Posuisti
670 1965 808 2019 curn,
843 1954 1083 2025 Domine,
1112 1979 1300 2036 magna
1325 1979 1396 2021 est
1427 1971 1592 2038 gloria
1635 1977 1748 2045 ejus

160 2041 424 2089 cantantur
450 2049 508 2092 ut
542 2045 607 2095 de
634 2049 980 2119 martyribus;
1007 2070 1128 2110 cum
1156 2074 1185 2111 e
1207 2071 1394 2116 etmlra
1442 2062 1496 2116 in
1542 2065 1599 2120 S.
1646 2065 1746 2122 Ze-

159 2127 308 2183 nonis
347 2130 534 2189 ofticio
565 2136 706 2195 inter
747 2159 1092 2203 monumenta
1146 2153 1466 2223 referendo,
1512 2159 1747 2232 hymnus

157 2214 284 2285 ipse,
313 2221 685 2286 invitatorium
711 2273 728 2300 ,
767 2251 956 2293 versus
978 2281 991 2304 ,
1031 2245 1208 2297 omnia
1241 2247 1474 2319 denique
1513 2250 1580 2307 de
1611 2267 1743 2309 con-

159 2309 351 2370 fessore
375 2316 712 2380 dicerentur.
757 2329 1016 2400 Equidem
1046 2335 1124 2390 illi
1151 2341 1463 2408 pontiﬁces,
1487 2347 1575 2414 qui
1608 2349 1744 2404 certi

157 2415 268 2460 sunt
303 2421 614 2485 martyres,
647 2419 700 2474 in
746 2424 1084 2484 orationibus
1109 2447 1322 2503 quoque
1362 2436 1742 2494 Sacramenta-

158 2495 341 2556 riorum
365 2517 570 2563 nostrae
597 2511 930 2574 Veronensis
971 2521 1226 2578 Ecclesiae
1264 2540 1531 2600 martyres
1562 2535 1738 2588 nomi-

159 2604 355 2663 uantur,
379 2608 433 2654 et
454 2612 689 2676 martyr,
714 2623 821 2665 non
845 2624 1021 2670 autem
1045 2620 1324 2676 confessnr
1349 2623 1490 2680 inter
1509 2640 1738 2685 caeteros

160 2697 361 2744 vocatur
390 2693 446 2748 S.
481 2693 671 2754 Sixtus
696 2701 748 2756 in
777 2705 1113 2765 orationibus
1134 2753 1149 2776 ,
1180 2730 1300 2784 qua:
1329 2716 1580 2788 leguntur
1606 2736 1738 2778 sane

155 2776 400 2838 distincta:
429 2788 504 2842 ab
550 2790 658 2847 illis
703 2794 798 2850 ss.
831 2797 1147 2858 Felicissimi
1191 2776 1245 2860 ἐι
1282 2776 1488 2880 Αεεῆιίιί
1532 2776 1734 2886 ωυιγξ

158 2885 292 2942 rum,
322 2879 549 2946 perinde
590 2899 654 2940 ac
681 2887 944 2960 Carpsum
975 2894 1262 2955 distinctas
1309 2902 1545 2971 ipsorum
1588 2909 1733 2960 auti-

159 2967 344 3034 plronas
371 2977 575 3044 posuit.
610 2981 874 3040 Similiter
902 2989 1064 3045 etiam
1099 2993 1156 3048 S.
1195 2967 1403 3052 Blasius
1432 3041 1446 3064 ,
1476 3001 1565 3070 qui
1595 3017 1730 3058 con-

157 3061 309 3121 lesser
335 3070 534 3129 dicitur
578 3093 688 3134 non
737 3090 842 3137 tam
873 3085 926 3139 in
956 3083 1278 3148 Calendario
1308 3093 1494 3166 Carpsi
1517 3139 1531 3162 ,
1566 3115 1724 3168 quam

159 3156 205 3210 in
261 3163 360 3219 alio
405 3168 630 3228 alterius
695 3175 814 3231 libri
877 3178 1349 3241 Sacramentorum
1389 3194 1569 3246 saeculi
1628 3211 1720 3262 xu,

160 3262 334 3315 pra-ter
357 3273 514 3327 quam
549 3267 693 3334 quod
739 3267 793 3323 in
823 3271 941 3326 aliis
981 3273 1319 3334 Calendariis
1351 3297 1482 3336 mss.
1524 3295 1728 3357 martyr
1755 3293 1799 3357 (ζ

158 3343 468 3419 inscribitur,
527 3359 581 3412 in
609 3363 943 3421 orationibus
993 3373 1140 3426 certe
1181 3374 1418 3430 omnium
1465 3377 1721 3434 librorum

157 3447 381 3515 martyris
409 3453 778 3521 appellatione
808 3470 1123 3519 constanter
1163 3465 1412 3524 donatur.
1445 3471 1521 3526 De
1558 3481 1720 3529 αριθ-

156 3536 217 3588 ris
256 3549 422 3598 autem
453 3547 628 3602 tribus
671 3555 999 3624 martyribus
1038 3547 1364 3625 Adalberto,
1411 3563 1715 3635 Bonifacio,

157 3625 360 3701 Vigilio,
405 3654 544 3709 quos
591 3644 998 3705 confessoribns
1043 3657 1296 3708 a‘ccenset
1342 3654 1717 3716 Calendarium

153 3722 314 3794 Carpsi
334 3767 348 3796 ,
381 3731 631 3804 Vigilium
661 3751 843 3796 autem
874 3743 1151 3815 inscriptio
1183 3748 1236 3802 in
1268 3749 1326 3804 S.
1355 3750 1604 3819 Helenus,
1635 3772 1720 3810 ra-

155 3818 326 3876 tionem
350 3826 562 3885 adferre
604 3833 807 3888 nullam
841 3850 1128 3906 possumus
1153 3882 1166 3906 ,
1219 3853 1396 3898 utrum
1431 3845 1481 3898 in
1513 3851 1717 3902 oratio-

154 3909 288 3966 nibus
307 3927 563 3990 martyres
591 3922 902 3983 dicerentur
928 3945 1099 3986 necne
1117 3973 1131 3999 ,
1162 3947 1281 3988 cum
1308 3935 1362 3990 in
1397 3938 1570 3993 tribus
1603 3957 1715 3996 me-

154 4009 344 4064 moratis
385 4012 860 4076 Sacramentorum
899 4023 1050 4080 libris
1088 4027 1272 4084 nullibi
1321 4046 1710 4090 memorentur.

152 4093 448 4166 Nequeillud
475 4112 1018 4182 printermittendum,
1055 4119 1195 4188 quod
1229 4122 1280 4175 iu
1311 4123 1540 4194 Carpso,
1571 4126 1712 4183 unde

153 4196 294 4247 totum
337 4212 706 4270 argumentum
759 4208 991 4277 pendet,
1027 4212 1229 4282 aliquot
1268 4231 1483 4274 errores
1523 4234 1713 4276 occur-

152 4292 277 4351 rant,
305 4293 388 4359 qui
418 4295 577 4351 ﬁdem
602 4299 722 4368 ejus
766 4316 872 4356 non
902 4303 1034 4358 nihil
1063 4315 1377 4364 extenuant.
1427 4310 1601 4367 Unum
1652 4314 1707 4370 in

153 4389 246 4432 rem
287 4395 597 4450 praesentem
644 4391 987 4451 commodum
1019 4401 1252 4469 exempli
1302 4406 1475 4473 gratia
1509 4421 1710 4478 propo-

151 4482 328 4529 namus.
359 4477 412 4533 ln
455 4483 738 4552 praemisso
763 4485 1090 4547 Calendario
1121 4508 1133 4545 :
1166 4492 1214 4547 X
1234 4493 1272 4546 V
1323 4496 1436 4552 Cal.
1487 4500 1708 4573 Augusti

155 4559 258 4621 Nat.
288 4567 342 4625 S.
375 4572 561 4633 Mamre
588 4579 869 4650 etglt‘ilastri
901 4601 997 4652 m.;
1020 4597 1073 4642 et
1119 4588 1185 4642 in-
1214 4589 1330 4658 ipso
1359 4559 1608 4664 Carpsov:
1639 4595 1706 4652 In

153 4653 258 4713 Nat.
288 4661 587 4726 Sanctorum
631 4673 821 4731 Mamre
850 4687 897 4730 et
929 4677 1144 4734 Filastri
1175 4697 1225 4736 α.
1259 4695 1306 4737 et
1349 4703 1427 4756 ps.
1474 4699 1520 4742 et
1564 4688 1632 4745 R.
1663 4702 1708 4746 et
1734 4703 1790 4764 Β

151 4757 284 4807 totum
312 4759 529 4829 ofﬁcium
557 4769 621 4821 de
649 4769 879 4837 pluribus
907 4776 1235 4845 martyribus.
1291 4779 1345 4833 in
1390 4781 1472 4836 his
1505 4785 1699 4841 mirum

150 4851 356 4912 profecto
391 4863 636 4920 accidere
662 4865 853 4934 debet,
886 4868 944 4924 S.
977 4869 1346 4941 Pliilastrium,
1381 4878 1468 4947 qui
1498 4889 1551 4932 et
1577 4880 1697 4934 Bri-

153 4941 234 4994 xire
269 4957 315 5002 et
357 4953 546 5027 ubique
576 4971 794 5030 semper
823 4963 1152 5020 confessoris
1184 4969 1331 5023 cultu
1383 4983 1698 5038 prosecutus

150 5035 253 5101 fuit,
284 5051 331 5095 et
355 5052 606 5118 confessor
654 5052 784 5107 item
836 5057 1141 5126 appellatur
1179 5074 1210 5114 a
1248 5060 1306 5115 S.
1355 5061 1694 5131 Gaudentio,

150 5128 221 5192 qui
253 5132 411 5192 eidem
438 5144 734 5209 successit,
766 5155 820 5201 et
849 5163 877 5201 a
915 5149 1204 5220 liamperto
1247 5153 1408 5208 etiam
1442 5155 1695 5213 Brixiano

151 5214 388 5293 Autistitc,
419 5239 517 5288 nec
559 5250 666 5290 non
698 5237 749 5292 in
779 5214 1128 5311 inscriptione
1175 5259 1348 5315 nuper
1394 5258 1692 5306 memorata

155 5304 444 5377 Veronensis
461 5324 722 5385 Ecclesia:
749 5329 803 5384 in
850 5331 907 5387 S.
962 5333 1212 5403 llelenaz,
1267 5340 1356 5393 ubi
1406 5340 1602 5409 legitur
1625 5344 1689 5399 S.

154 5399 381 5468 Pliitastrit
421 5424 662 5493 ronfcss.,
692 5424 836 5482 hunc
867 5430 1114 5484 eumdem
1140 5473 1154 5498 ,
1189 5399 1404 5504 inquam
1567 5437 1694 5494 Phi—
1774 5452 1788 5467 °

153 5492 352 5560 Iastrium
401 5512 530 5570 inter
577 5527 830 5591 martyres
895 5521 1245 5582 nihilominus
1297 5531 1571 5586 recenseri
1634 5533 1688 5589 in

151 5581 333 5693 (52mm
361 5609 409 5655 εί
435 5605 483 5660 δί’
513 5618 578 5664 θο
605 5581 826 5682 (initiem
845 5613 1074 5684 Carpso,
1099 5617 1188 5688 qui
1217 5581 1524 5678 nonnullos
1555 5639 1688 5693 pun-

154 5675 295 5788 :iﬁces
317 5675 735 5777 certornartyrcs
760 5707 1142 5766 confessorem
1168 5714 1388 5770 nomine
1414 5715 1682 5788 designat.

1090 5765 1095 5766 ,
1418 5765 1682 5788 ---ν-π

156 5765 198 5821 ¹⁴¹
216 5777 270 5828 ²¹¹¹
293 5799 458 5846 more
485 5765 694 5869 ιηιτιξῖιτὶ
727 5806 886 5871 {rem
909 5801 1170 5877 [cxxxv‘u]
1200 5819 1359 5864 nemo
1381 5809 1598 5865 dixerit.
1628 5811 1688 5870 In

156 5870 233 5930 hac
267 5895 422 5947 illle
453 5909 593 5965 parte
618 5903 662 5958 si
688 5904 876 5976 Carpsi
899 5870 1322 5978 auctorerravit,
1342 5913 1461 5982 quis
1487 5912 1539 5969 in
1563 5913 1684 5973 aliis

1826 371 1980 431 ΖΕΝ.
2025 375 2224 438 ACTIS
2270 381 2644 458 argcuuu.
3399 411 3495 467 itii]

1820 497 1868 557 Α
1898 503 2086 547 errare
2111 495 2360 555 similiter
2377 504 2613 571 potuisse
2670 522 2778 566 non
2829 513 3013 571 statim
3058 515 3358 594 intelligat?
3388 530 3493 585 Sed

1891 591 2230 645 transeamus
2261 593 2327 646 ad
2359 595 2486 651 alia.

1960 680 2078 739 Duo
2107 685 2426 746 documenta
2457 693 2780 756 Veronensis
2807 701 3066 764 Ecclesia:
3091 714 3353 781 superiori
3394 733 3492 788 pa-

1885 780 2156 848 ragrapho
2183 782 2410 854 allegsta
2453 802 2552 857 pro
2577 795 2818 863 martyrii
2869 799 3022 855 titulo
3065 780 3187 873 quis
3211 823 3332 864 cum
3372 780 3494 869 aliis

1883 882 2043 938 quam
2069 871 2306 942 pluribus
2339 882 2626 939 contrariis
2653 893 2965 958 comparet?
2993 871 3095 952 His
3116 899 3336 967 iisdem,
3368 922 3490 976 qua:

1881 968 2205 1022 contrariam
2233 973 2475 1041 ejusdem
2516 978 2771 1036 Ecclesia:
2805 987 3144 1047 traditionem
3173 995 3490 1058 luculentis-

1875 1056 2014 1114 sime
2045 1060 2293 1119 videntur
2323 1075 2590 1140 statuere,
2626 1075 2884 1136 inﬁrmari
2923 1100 3135 1155 quoque
3164 1106 3260 1146 seu
3309 1097 3486 1164 potius

1875 1148 2005 1203 elidi
2029 1152 2239 1211 videtur
2263 1161 2532 1234 Anonymi
2565 1163 2828 1237 Pipiniani
2859 1187 2907 1228 et
2937 1148 3206 1238 Guillelmi
3233 1148 3488 1253 I’astrert-

1874 1242 1927 1310 gi
1954 1248 2277 1318 scriptorum
2309 1255 2435 1312 licet
2477 1258 2865 1322 Veronensium
2892 1277 3185 1332 auctoritas
3211 1319 3225 1343 ,
3255 1297 3390 1348 quos
3431 1285 3482 1338 in

1872 1343 2234 1409 appellatione
2257 1355 2503 1424 man-tyris
2522 1372 2684 1412 unum
2708 1360 2767 1416 S.
2785 1361 3103 1434 Gregorium
3127 1382 3341 1430 secutos
3365 1393 3484 1433 cre-

1871 1430 2034 1489 dibile
2063 1446 2165 1492 est.
2199 1441 2340 1508 Quin
2372 1446 2690 1520 Anonymus
2721 1430 3035 1524 Pipinianus
3072 1478 3193 1518 cum
3223 1468 3279 1521 ὃ.
3309 1430 3484 1526 Zeno-

1869 1538 1994 1580 nem
2019 1544 2295 1602 martyrem
2319 1552 2424 1592 una
2451 1549 2503 1594 et
2531 1548 2874 1614 confessorem
2901 1556 3153 1622 appellor,
3176 1560 3256 1614 vel
3279 1575 3346 1615 ex
3379 1563 3482 1620 hoc

1863 1816 2100 1874 erraret,
2131 1812 2366 1871 voluisse
2407 1819 2743 1891 satisfacere,
2768 1838 2823 1882 et
2852 1829 3053 1887 idcirco
3083 1841 3328 1908 martyris
3347 1841 3477 1897 titu-

1786 1901 1830 1962 Β
1861 1892 1968 1948 lum
1997 1913 2025 1948 a
2056 1897 2112 1955 S.
2144 1901 2405 1975 Gregorio
2435 1910 2505 1966 ita
2535 1917 2850 1988 sumpsisse,
2881 1930 2940 1976 ut
2963 1892 3271 1998 confessoris
3293 1941 3471 1992 tamen

1851 2005 2052 2048 nomen
2080 2010 2144 2051 ex
2173 2003 2388 2072 antiqua
2423 2015 2605 2077 totque
2637 2015 2960 2072 testimoniis
2985 2021 3190 2078 firmata
3219 2040 3332 2081 sua:
3359 2028 3468 2086 Ec-

1849 2084 2030 2142 clesiae
2056 2091 2346 2152 traditione
2387 2107 2910 2170 printer-mittendum
2941 2129 3281 2188 nequaquam
3315 2134 3471 2193 puta-

1849 2186 1964 2244 ret;
1997 2198 2096 2250 qna
2130 2187 2320 2244 eadem
2353 2192 2421 2247 de
2475 2210 2636 2252 causa
2673 2203 2935 2261 accidisse
2971 2210 3236 2280 quispiam
3275 2219 3467 2274 existi—

1847 2279 1998 2338 met,
2070 2286 2126 2330 ut
2183 2289 2292 2335 tum
2351 2285 2402 2338 in
2457 2303 2561 2344 ms.
2616 2291 2968 2354 Medoetiensi
3039 2303 3187 2359 Pauli
3242 2307 3467 2368 Diaconi

1849 2372 1979 2418 tom.
2022 2383 2038 2422 ι
2095 2369 2292 2428 lterum
2323 2376 2496 2435 ltalie.
2545 2400 2664 2456 pag.
2691 2389 2818 2457 M7,
2850 2395 3033 2450 tumin
3061 2413 3166 2455 uno
3196 2416 3226 2457 e
3251 2403 3464 2463 duobus

1844 2454 2068 2525 objectis
2095 2461 2438 2526 documentis
2468 2454 2756 2549 utrumque
2795 2501 2992 2543 nomen
3041 2493 3241 2560 pariter
3265 2497 3460 2570 junga-

1845 2556 1948 2603 tur.
1979 2551 2322 2615 Monumeuta
2345 2568 2860 2631 autemVeronensis
2883 2578 3161 2651 Ecclesia,
3186 2603 3306 2658 qua:
3331 2607 3454 2647 cum

1842 2657 2006 2698 unum
2036 2656 2345 2721 confessoris
2377 2659 2588 2717 titulum
2635 2671 2942 2740 pral'eraut,
2997 2656 3300 2739 traditionis
3349 2685 3452 2743 Ec-

1840 2734 2018 2790 clesia:
2043 2742 2286 2808 ejusdem
2311 2758 2474 2806 testes
2497 2734 2788 2829 exsistunt,
2822 2765 2973 2834 plora
2996 2781 3287 2841 suppetunt
3307 2780 3450 2848 apud

1840 2828 2140 2900 Ugbellium
2160 2849 2292 2895 tom.
2327 2857 2361 2896 ν
2388 2845 2553 2904 italia:
2583 2866 2750 2910 sacrae
2781 2828 2954 2930 s—pag.
2974 2863 3098 2931 705,
3131 2876 3187 2923 et
3214 2869 3315 2927 alia
3340 2828 3447 2929 non

1837 2937 2026 2992 pauca,
2054 2941 2175 2998 Quae
2209 2949 2276 2989 ex
2318 2939 2574 2997 archiviis
2600 2945 2725 3001 addi
2759 2963 2980 3018 possent
3015 2959 3249 3028 :quibus
3275 2967 3451 3022 omni-

1835 3015 1934 3072 bus
1951 3022 2272 3093 antiquitate
2293 3043 2511 3098 priestat
2531 3036 2717 3095 charta
2741 3015 2884 3100 anno
2907 3047 3031 3112 769,
3060 3015 3112 3106 in
3137 3015 3255 3111 vico
3279 3015 3444 3115 Gam-

1836 3111 2052 3179 pelioue
2097 3118 2513 3181 Mediolanensis
2556 3131 2806 3192 dimcesis
2854 3140 3080 3212 scripta,
3125 3156 3180 3202 et
3222 3149 3365 3208 edita
3411 3169 3441 3210 a

1835 3207 2150 3264 marchione
2178 3213 2386 3271 Maﬁeio
2418 3220 2558 3276 inter
2583 3239 2949 3298 monumenta,
2981 3251 3101 3306 qua:
3121 3239 3224 3309 ipsi
3253 3245 3305 3298 in
3335 3245 3440 3303 Ve-

1834 3301 2053 3353 roneusi
2108 3302 2330 3363 historia
2381 3310 2697 3373 illustrauda
2758 3327 2874 3378 usui
2945 3327 3160 3386 fuerunt
3213 3347 3435 3408 part.t,

1832 3403 1953 3457 pag.
1980 3390 2108 3459 575;
2144 3396 2195 3451 in
2221 3398 2321 3455 hac
2348 3413 2526 3459 autem
2555 3423 2887 3469 memoratur
2913 3417 3137 3477 Basilica
3163 3427 3438 3487 beatissimi

1829 3491 1876 3536 et
1907 3489 2222 3557 confessoris
2259 3492 2449 3551 Christi
2474 3498 2713 3558 Zenonis.
2749 3506 2843 3563 liis
2869 3511 3008 3570 adde
3036 3515 3437 3592 inscriptiones.

1828 3575 2032 3633 Praeter
2074 3582 2218 3638 illam
2254 3587 2304 3641 in
2335 3589 2390 3644 S.
2428 3591 2644 3650 Helena:
2679 3604 2929 3670 superius
2958 3609 3244 3681 allegatum
3291 3618 3432 3676 idem

1824 3668 2006 3741 Scipio
2039 3675 2282 3734 Mnifeius
2302 3682 2459 3739 aliam
2496 3691 2692 3756 publici
2715 3668 2854 3764 juris
2889 3702 3013 3757 fecit
3039 3668 3169 3762 tom.
3204 3668 3242 3765 ti

1825 3780 1908 3819 nte
1938 3767 2135 3822 lllustr.
2171 3785 2292 3843 pag.
2325 3776 2452 3843 515,
2487 3795 2608 3850 qum
2633 3797 2778 3843 anno
2807 3792 2964 3862 “23,
3012 3800 3063 3854 in
3098 3801 3214 3871 ipso
3243 3806 3300 3863 S.

1957 4923 2064 4979 l~.T.
2111 4927 2446 4989 VICTORIS.
2496 4933 2603 4992 ET.
2645 4927 2865 5015 sco-ii
2909 4933 3004 5004 CF"

1953 5017 2258 5078 MARTINI.
2303 5023 2596 5088 ZENONIS

1951 5123 2055 5181 ET.
2100 5129 2374 5190 ItEMlGII.
2419 5135 2486 5193 Α.
2529 5123 2591 5196 'r.
2638 5127 2700 5196 v.
2745 5127 2890 5216 εῖδδ

1797 5259 1849 5316 id
1870 5271 1992 5318 est:
2026 5266 2176 5323 Anno
2222 5269 2435 5328 Domini
2469 5274 2626 5342 1060,
2659 5281 2939 5342 indictione
2985 5289 3074 5360 15,
3103 5309 3402 5357 consecrata

1796 5365 1868 5409 est
1923 5359 2030 5413 licet:
2077 5363 2318 5432 ecclesia,
2363 5367 2430 5423 16
2477 5370 2588 5424 (iul.
2642 5373 2989 5452 Septembris,
3043 5388 3112 5440 ad
3158 5389 3406 5449 honorem

1797 5447 2006 5506 Sanch
2029 5455 2206 5511 Crncis
2248 5469 2294 5513 et
2320 5460 2384 5517 S.
2432 5461 2738 5536 Michaelis,
2767 5474 2816 5528 e't
2862 5473 3171 5534 Sanctorum
3211 5495 3404 5556 marty-

1795 5555 1909 5597 rum
1947 5545 2168 5602 Caston‘i
2209 5560 2256 5605 et
2305 5550 2552 5624 Victoris,
2594 5571 2642 5613 et
2686 5560 2996 5622 Sanctorum
3037 5571 3401 5642 Confessorum

1796 5633 2047 5708 Martini,
2080 5639 2338 5714 Zenonis,
2381 5655 2428 5701 et
2471 5649 2698 5722 Remigii
2737 5671 2768 5708 a
2813 5655 3068 5728 Teoyaldo
3124 5633 3402 5724 Veronensi

1794 5731 2052 5802 episcopo.
2087 5736 2352 5795 Praeterea
2383 5740 2438 5798 in
2485 5743 2828 5816 lectionibus,
2879 5766 3003 5822 qua:
3043 5765 3169 5814 ante
3196 5759 3399 5832 Lippo-

1794 5833 2009 5882 natium
2036 5829 2088 5884 in
2119 5832 2178 5887 S.
2210 5832 2444 5892 Zenonis
2471 5838 2606 5894 festo
2643 5841 2794 5897 lectae
2821 5840 3055 5918 fuerunt,
3086 5852 3228 5910 nulla
3257 5829 3402 5913 inar-

1791 5917 1916 5990 tyrii
1955 5922 2190 5980 occurrit
2232 5927 2466 5995 mentio;
2511 5940 2565 5986 et
2593 5931 2768 5991 solum
2794 5934 2991 5996 ibidem
3017 5943 3214 6016 legitur
3245 5963 3260 6002 :
3291 5945 3397 6006 Re-
