3952 6320
519 209 623 267 167
1913 208 2452 270 PROLEGOMENA.
3696 225 3774 283 {63

515 333 728 405 quievit,
771 340 859 387 aut
883 337 1108 404 receptus
1136 333 1211 385 est
1235 329 1287 383 in
1316 345 1458 402 pare.
1490 329 1545 386 In
1571 329 1902 387 Veronensis
1924 331 2076 386 civita

2216 331 2656 399 nec‘Ratherius,
2704 332 2793 404 qui
2825 331 2882 389 8.
2916 332 3193 392 Zenonem
3241 335 3354 395 suis
3385 336 3440 394 in
3481 340 3713 409 operibus
3735 354 3774 399 tt

514 426 583 480 tis
613 427 853 490 Statutis,
884 434 935 479 et
967 425 1016 478 in
1046 423 1128 491 iis,
1159 438 1278 494 qua!
1307 425 1482 480 adhuc
1512 426 1712 496 vigent,
1745 442 1866 480 cum
1907 426 1962 480 S.
1999 425 2098 480 Ze-
2206 421 2521 479 honorificis
2566 425 2781 495 quidem
2824 427 2992 481 titulis
3040 428 3258 500 allegat,
3315 447 3415 487 nec
3466 437 3774 504 manuscripti

509 533 581 572 no
605 534 826 588 magnus
866 519 1009 573 urbis
1039 518 1300 574 Patronus
1324 524 1651 588 nominatur,
1684 520 1957 592 Confessor
1985 529 2101 575 tan—
2206 525 2465 571 tractatus
2491 517 2609 588 ejus
2635 519 2997 588 continentes,
3029 521 3173 577 inter
3199 539 3336 593 quos
3366 527 3642 582 Remensis
3664 531 3774 582 auti-

505 618 614 664 tum
644 609 855 672 dicitur,
874 610 1426 681 idipsumqueaccidit
1445 615 1725 669 iuczeteris
1753 614 1986 668 civitatis
2001 614 2099 669 de-
2203 611 2494 681 quissimus
2523 611 2648 668 huic
2678 613 2777 682 ipsi
2802 614 3061 670 Ecclesia:
3082 616 3224 674 inter
3247 633 3403 673 sacra
3430 619 3604 676 officis
3633 621 3774 676 inser-

498 702 801 772 cretis,qu:e
817 717 911 772 pro
929 704 1206 773 ejuscultu
1236 705 1341 758 lata
1365 706 1599 761 fuerunt.
1621 705 1674 760 ln
1700 706 1953 761 omnibus
1979 706 2100 760 lita-
2203 707 2352 772 vivit,
2387 722 2485 762 nec
2503 705 2817 763 Calendaria
2847 710 2962 766 sive
2978 721 3182 777 nostra,
3216 713 3332 769 sive
3352 715 3547 781 aliena,
3575 731 3772 786 quorum

496 795 600 849 niis
619 804 728 848 tum
753 805 950 852 nostra:
973 808 1084 851 tum
1106 797 1335 852 aliarmn
1361 799 1892 871 Ecclesiarum,quas
1915 814 2036 871 cap.
2064 801 2100 856 4
2201 799 2356 869 plura
2379 800 2834 872 viditindicatque
2862 802 2924 860 P.
2952 803 3325 861 Heuschenius
3346 822 3467 878 cap.
3501 810 3551 872 Ι,
3571 825 3705 864 num.
3730 811 3772 870 3.

498 893 1178 970 [cxxxvm]indicabimus,
1198 897 1444 954 illeinter
1466 896 1806 952 confessores
1837 907 2094 951 cmtstan-
2201 907 2322 963 pag.
2359 895 2448 960 70,
2481 906 2759 966 martyrem
2789 896 2941 951 illum
2970 909 3182 967 vocant,
3223 901 3319 956 sed
3353 901 3472 957 solo
3499 907 3774 974 confessoris

493 998 575 1045 ter
590 996 983 1052 recensetur,et
999 990 1050 1044 in
1071 989 1176 1044 illis
1193 1003 1408 1059 quoque
1429 988 1629 1042 litauiis
1649 987 1825 1042 adhuc
1844 997 1960 1057 post
1975 987 2098 1058 Lip-
2202 983 2363 1038 titulo
2407 986 2725 1057 iusiguiunt.

490 1095 787 1152 pomanum
818 1083 873 1136 in
901 1081 1376 1138 commendatione
1403 1079 1599 1135 animae
1620 1082 1836 1135 recitari
1851 1081 2096 1135 solitisin
2271 1075 2496 1133 Videtur
2522 1080 2684 1134 etiam
2712 1079 2956 1149 difﬁcile,
2985 1080 3044 1138 S.
3077 1083 3371 1151 Zenonem,
3405 1085 3492 1156 qui
3518 1086 3772 1154 Gratiano,

491 1176 735 1232 Ecclesia
788 1175 1112 1243 Ver-(mensi,
1151 1191 1272 1245 qua:
1303 1191 1330 1229 ει
1356 1175 1565 1230 Joanne
1591 1173 1847 1228 Matthaao
1870 1172 2097 1230 Giberto
2200 1165 2583 1226 Valentiniano
2626 1170 2873 1240 Juniore,
2921 1185 2975 1228 et
3019 1173 3330 1231 Theodosio
3363 1179 3728 1248 imperantibus
3751 1201 3775 1234 ε

489 1271 732 1328 an.1556
761 1273 988 1341 primum
1018 1271 1293 1341 impressa:
1309 1271 1359 1323 in
1379 1269 1508 1323 libro
1525 1267 2006 1322 catechumenorum
2028 1268 2097 1322 ad
2198 1259 2335 1314 vivis
2363 1263 2620 1331 excessit,
2657 1269 3125 1334 persecutionibus
3170 1270 3282 1340 jam
3326 1275 3632 1344 consopitis,
3677 1291 3777 1346 pas-

489 1380 640 1418 nsum
661 1363 906 1419 Ecclesiae
927 1362 1235 1419 cathedralis
1257 1361 1494 1428 Veronae,
1513 1377 1658 1416 anno
1679 1361 1906 1416 subinde
1931 1360 2089 1426 1575,
2197 1368 2315 1408 sum
2343 1353 2507 1411 fuisse
2534 1360 2850 1430 martyrium
2877 1362 3055 1433 :quod
3078 1363 3122 1417 si
3152 1379 3180 1418 a
3213 1364 3440 1435 Paganis
3469 1368 3777 1423 ιιιιιιιιιιιιειι.

486 1456 788 1526 Augustino
808 1454 1025 1512 Valerio
1054 1456 1310 1525 episeopo
1337 1455 1560 1508 nihilum
1593 1456 1908 1508 immutante
1939 1467 2096 1507 recu-
2197 1448 2338 1502 tibus
2368 1449 2442 1504 illi
2475 1451 2804 1519 obvenisset,
2836 1464 2894 1508 ut
2925 1460 3339 1513 Anaunensibus
3371 1462 3684 1526 martyribus
3725 1477 3778 1517 ac

483 1563 560 1604 sa:
588 1548 803 1605 fuerunt
833 1567 846 1604 :
878 1555 1037 1618 quam
1079 1549 1293 1618 quidem
1345 1546 1698 1602 mutationem
1739 1546 1912 1600 solum
1950 1559 2094 1600 anno
2197 1540 2253 1596 8.
2289 1541 2483 1610 Vigilio
2510 1542 2826 1600 Tridentino
2853 1547 3108 1620 episcopo
3138 1550 3358 1614 accidit.
3389 1553 3438 1607 id
3474 1553 3660 1609 factum
3685 1570 3777 1609 non

483 1642 659 1712 1609,
717 1642 817 1698 sub
874 1642 1098 1698 Alberto
1156 1641 1368 1695 Valerio
1394 1639 1588 1694 factam
1635 1638 1866 1709 legimus
1911 1639 1964 1692 in
1997 1637 2092 1692 lti-
2195 1633 2374 1688 minus
2404 1635 2596 1691 fuisset
2625 1639 2860 1705 celebre,
2889 1657 3048 1711 quam
3075 1641 3128 1696 iu
3155 1642 3485 1700 Tridentinis
3513 1646 3616 1701 illis
3645 1663 3776 1700 mar-

481 1735 611 1790 tuali
658 1733 987 1790 Veronensis
1023 1734 1302 1800 ecclesiae,
1347 1731 1405 1788 8.
1471 1731 1692 1786 Zenone
1760 1745 1789 1784 a
1865 1729 2086 1785 confes.
2118 1719 2167 1780 B
2196 1730 2402 1799 tyribus
2454 1733 2694 1799 exstitit,
2745 1735 2971 1806 ejusque
3020 1739 3222 1792 mentio
3272 1738 3469 1810 aliqua,
3514 1740 3580 1794 ad
3622 1755 3779 1812 genus

472 1827 688 1883 soribus
735 1828 800 1883 ad
855 1839 1122 1897 martyres
1183 1829 1234 1881 in
1294 1825 1483 1881 iisdem
1553 1824 1754 1879 litauiis
1840 1824 2090 1879 traducto
2196 1825 2386 1877 mortis
2415 1826 2554 1893 quod
2589 1825 2840 1894 pertinet,
2888 1831 3186 1898 posteritati
3226 1833 3537 1888 transmissa
3585 1833 3776 1890 fuisset.

472 1935 594 1992 pag.
625 1921 716 1985 86,
749 1931 805 1976 et
834 1920 1029 1976 iterum
1059 1921 1112 1974 iu
1141 1919 1262 1974 aliis
1295 1929 1413 1988 post
1451 1919 1697 1974 Psalmos
1741 1919 2088 1986 pmnitentia-
2193 1913 2481 1971 Probabile
2513 1918 2727 1987 quidem
2774 1929 2858 1974 est
2889 1921 3062 1986 illum,
3111 1932 3166 1976 ut
3196 1921 3465 1978 Veronam
3514 1925 3581 1979 ad
3630 1924 3777 1982 ﬁdem

471 2015 575 2081 les,
598 2031 720 2088 pag.
749 2016 878 2072 209.
905 2017 1149 2084 Quatuor
1171 2025 1432 2084 praeterea
1453 2015 1926 2070 Sacrameutorum
1961 2013 2081 2069 libri
2187 2007 2530 2077 perduceret,
2557 2010 2683 2065 dum
2711 2026 2835 2068 sese
2865 2012 3197 2085 Pagauorum
3225 2015 3593 2086 superstitioni
3629 2017 3778 2074 forti-

470 2109 801 2165 Veroneusis
831 2109 1110 2171 Ecclesiae,
1160 2109 1413 2162 nimirum
1446 2119 1558 2161 tres
1595 2105 1934 2175 Capitulares
1963 2149 1978 2171 ,
2027 2113 2083 2161 et
2188 2112 2272 2159 ter
2309 2119 2611 2175 opponens,
2646 2106 2786 2162 idola
2819 2109 3148 2165 destruenda
3178 2111 3408 2183 fanaque
3435 2113 3776 2170 subvertenda

471 2218 613 2258 unus
635 2202 885 2259 Sodalitii
925 2201 983 2257 S.
1015 2201 1196 2256 Maria:
1235 2200 1303 2254 de
1333 2199 1524 2262 Domo,
1570 2199 1621 2251 in
1645 2196 1868 2254 Canone
1900 2198 2078 2253 missae
2183 2198 2411 2265 curavit,
2451 2200 2520 2254 ab
2549 2198 2780 2255 ethnicis
2827 2205 3125 2272 praesertim
3170 2205 3388 2259 rusticis
3418 2206 3578 2259 multa
3620 2205 3780 2264 fuisse

466 2298 526 2355 S.
559 2297 832 2354 Zenonem
881 2297 1022 2352 inter
1051 2294 1390 2352 confessores
1440 2292 1704 2358 referunt,
1759 2301 1813 2348 et
1862 2303 1971 2347 tres
2010 2306 2027 2347 ε

2217 2305 2523 2359 erpessum,
2557 2293 2638 2347 vel
2679 2293 2841 2349 etiam
2873 2294 2942 2348 ab
2971 2295 3208 2362 Arianis,
3239 2297 3368 2351 dum
3419 2313 3598 2352 eorum
3640 2309 3778 2355 artes

465 2393 572 2460 his,
605 2393 854 2448 nimirum
881 2391 1238 2463 Capitulares,
1271 2388 1345 2442 ita
1381 2387 1440 2444 8.
1473 2385 1746 2442 Zenonem
1793 2384 2071 2440 confesso—
2179 2383 2463 2456 detegere,
2510 2387 2849 2460 impetusque
2897 2393 3224 2458 reprimere,
3257 2408 3552 2465 eorumque
3578 2405 3775 2464 pestem

463 2488 615 2544 ribus
663 2487 885 2552 addunt,
938 2495 996 2540 ut
1041 2483 1138 2540 SS.
1191 2482 1433 2538 Firmum
1490 2491 1546 2537 et
1597 2480 1878 2544 Rusticum
1932 2480 2074 2534 inter
2177 2490 2208 2529 a
2235 2492 2329 2531 sua
2361 2477 2582 2535 dioecesi
2613 2495 2798 2537 arcere
2826 2482 3034 2538 naviter
3073 2484 3376 2545 laboravit.
3409 2494 3464 2540 ut
3491 2486 3546 2542 8.
3579 2485 3780 2541 Philas-

457 2591 724 2652 martyres
754 2581 981 2636 recitent
1009 2579 1088 2634 sic
1118 2595 1130 2630 :
1184 2575 1726 2631 Communicantes....
1761 2571 2026 2626 Laurentii
2050 2613 2066 2638 ,
2178 2567 2282 2626 trio
2309 2569 2566 2642 episcopo
2588 2571 2848 2628 Brisiano
2893 2576 3142 2631 evenisse
3170 2577 3228 2633 8.
3275 2576 3604 2634 Gaudentius
3633 2595 3780 2634 com-

455 2673 630 2730 Firmi
656 2683 705 2728 et
732 2672 963 2737 Rustici,
993 2669 1310 2741 Crgsogoni,
1333 2667 1555 2721 Joannis
1581 2675 1627 2719 et
1658 2663 1838 2730 Pauli,
1869 2662 2068 2718 Cosmw
2173 2670 2464 2715 memorat.
2517 2665 2588 2717 Al
2617 2664 2757 2718 sicut.
2792 2666 2850 2720 S.
2888 2665 3206 2723 Philastrius
3246 2685 3534 2742 numquam
3582 2671 3784 2728 idcirco

452 2767 776 2832 etDamiani,
799 2762 1260 2827 Hilarii,Martini,
1286 2757 1842 2830 Augustini,Gregorii,
1869 2757 2062 2810 Hiero-
2172 2761 2376 2824 martyr
2401 2765 2483 2808 est
2525 2755 2738 2812 habitus
2765 2799 2780 2824 ,
2814 2759 2884 2813 ita
2918 2775 3017 2815 nec
3067 2761 3125 2818 8.
3159 2761 3337 2830 Zeno;
3375 2763 3514 2819 unde
3543 2765 3610 2818 ab
3651 2766 3782 2820 Am-

450 2860 612 2930 nymi,
633 2870 780 2929 atque
807 2855 1088 2916 Benedicti,
1110 2851 1322 2906 Proculi
1345 2860 1388 2904 et
1411 2850 1656 2916 Zenonis,
1683 2859 1792 2905 etc.
1821 2850 2059 2916 Nullum,
2168 2842 2351 2899 brosio
2383 2857 2592 2918 martyr
2617 2849 2796 2905 dictus
2822 2866 2927 2905 non
2953 2853 3070 2907 fuit.
3103 2852 3290 2924 Neque
3323 2856 3503 2926 Carpsi
3537 2871 3782 2926 opperiri-

450 2964 510 3008 ut
529 2951 823 3017 credimus,
847 2949 1155 3018 exemplum
1179 2945 1394 3000 adferre
1415 2947 1679 3014 quispiam
1709 2943 1924 3014 poterit,
1953 2959 2060 3014 quo
2168 2945 2256 2990 tur
2295 2943 2591 2995 auctoritas
2618 2983 2632 3009 ,
2662 2944 2751 3012 qui
2793 2945 3041 3000 eumdem
3097 2945 3440 3002 Philastrium
3483 2959 3778 3021 martyrem

448 3044 642 3115 aliquis
657 3043 1051 3114 martyrsivein
1073 3039 1271 3094 litauiis
1297 3038 1411 3092 sive
1441 3038 1493 3089 in
1517 3035 1738 3092 Canone
1763 3036 1944 3090 missae
1975 3037 2056 3090 iu-
2094 3099 2132 3115 Α
2165 3030 2373 3100 prodit;
2403 3033 2471 3087 .is
2510 3035 2679 3099 enim,
2709 3045 2766 3090 ut
2809 3036 3040 3093 vidimus
3069 3039 3232 3109 paulo
3261 3049 3408 3108 ante,
3460 3043 3780 3098 manifestus

449 3099 894 3192 terlconl'essores
919 3134 1125 3203 positus
1143 3129 1458 3185 ostendatur
1483 3145 1496 3182 :
1522 3135 1578 3183 et
1601 3128 1644 3182 si
1673 3127 1731 3184 S.
1757 3127 1904 3183 Zeno
1931 3144 2060 3183 nos-
2088 3099 2133 3164 (ἶ
2165 3134 2249 3178 est
2277 3141 2452 3190 error,
2488 3142 2648 3196 quem
2675 3128 2742 3182 ad
2774 3128 3047 3186 Philastrii
3085 3133 3401 3205 martyrium
3433 3136 3776 3191 statuendum

449 3239 530 3284 ter
554 3244 681 3286 vere
731 3227 920 3283 fuisset
974 3233 1200 3297 martyr,
1256 3224 1394 3278 sicut
1441 3222 1670 3278 Sanctos
1712 3220 1952 3276 Firmum
2002 3230 2058 3277 et
2164 3218 2464 3274 transferre
2494 3235 2603 3274 non
2652 3222 2798 3288 licet,
2853 3231 2909 3276 et
2953 3224 3122 3279 multo
3153 3226 3330 3281 minus
3359 3227 3424 3281 ad
3457 3232 3774 3298 martyrium

444 3322 722 3378 Rusticum
753 3321 892 3376 inter
915 3330 1185 3390 martyres
1213 3317 1458 3371 inserere
1480 3331 1586 3370 non
1616 3314 1951 3380 dubitarunt,
1981 3314 2054 3368 ita
2161 3308 2220 3366 8.
2263 3310 2518 3379 Zenonis,
2550 3311 2791 3387 [cxxxtx]
2837 3316 2926 3384 qui
2956 3316 3146 3372 eodem
3175 3319 3224 3372 in
3250 3318 3455 3390 Carpso
3491 3321 3778 3377 confessor

443 3418 502 3474 S.
535 3416 807 3472 Zenonem
850 3429 1102 3486 magnum
1139 3412 1432 3466 Patronum
1472 3411 1612 3466 inter
1640 3408 1859 3465 eosdem
1884 3409 2054 3464 multo
2157 3404 2498 3460 solummodo
2525 3406 2771 3461 traditur.
2807 3408 2911 3463 Sed
2943 3418 3000 3464 ut
3021 3409 3145 3465 lituis
3166 3411 3360 3482 aliquis
3391 3413 3777 3482 huicdisputa-

444 3512 614 3581 magis
646 3485 1036 3565 recensendum
1074 3504 1426 3576 judicassent.
1479 3503 1652 3559 Simili
1692 3503 1909 3574 quidem
1959 3517 2050 3557 ra-
2159 3496 2287 3552 tioni
2319 3485 2770 3566 imponatur,h:ec
2792 3509 3264 3573 suntargumenta,
3286 3522 3408 3577 qua:
3424 3509 3677 3577 utrinque
3701 3509 3774 3563 ad

441 3603 589 3659 tione
615 3605 668 3658 in
696 3601 986 3670 suffragiis,
1015 3615 1134 3669 quae
1163 3599 1243 3653 vel
1268 3598 1396 3652 olim
1430 3595 1530 3651 hac
1556 3601 1609 3650 in
1639 3596 1880 3652 Ecclesia
1910 3596 2050 3650 inter
2156 3589 2283 3646 ferri
2313 3602 2538 3663 queunt,
2565 3593 2706 3649 inter
2719 3608 2838 3665 quae
2863 3597 3376 3667 nostrumjudicimn
3406 3617 3470 3656 ne
3485 3602 3764 3672 exquiras,

439 3695 614 3752 officia
644 3693 1031 3757 recitabantur,
1075 3691 1178 3746 etsi
1205 3690 1476 3745 Tebaldus
1516 3705 1605 3744 an.
1638 3691 1814 3756 i305,
1850 3690 1901 3743 iu
1930 3690 2000 3759 ips

2205 3693 2354 3751 ctor;
2394 3686 2551 3741 nobis
2581 3688 2726 3741 enim
2767 3687 2869 3742 hac
2902 3688 2953 3742 in
3003 3691 3375 3746 controversia
3413 3693 3539 3747 illud
3587 3709 3766 3748 unum

437 3788 822 3844 constitutione
843 3786 911 3841 ab
937 3785 1194 3854 episcopo
1227 3783 1386 3837 Petro
1419 3782 1692 3851 Scaligero
1721 3781 1912 3837 eodem
1945 3798 1998 3836 sa

2209 3790 2258 3828 m
2285 3775 2353 3830 ab
2381 3776 2531 3831 initio
2559 3780 2961 3847 proposuimus,
2988 3780 3169 3836 omnia
3202 3823 3216 3846 ,
3242 3798 3367 3854 quae
3396 3785 3449 3840 in
3476 3793 3770 3855 utramque

436 3883 558 3940 culo
593 3881 931 3944 confirmata,
965 3891 1068 3949 qua
1112 3875 1302 3931 eadem
1349 3873 1600 3944 suffragia
1643 3875 1857 3942 indixit,
1889 3874 1959 3930 de
1983 3874 2040 3931 S.
2125 3870 2357 3937 'Pnrlem
2387 3881 2704 3940 suppetunt,
2733 3873 2989 3944 colligere
3016 3886 3069 3929 et
3100 3877 3396 3945 explicare,
3445 3894 3546 3934 non
3571 3890 3766 3934 autem

435 3977 655 4034 Zenone
681 3977 840 4031 Patre
879 3981 934 4028 et
955 3971 1189 4026 Patrono
1217 3968 1378 4037 hujus
1401 3967 1649 4022 Civitatis
1678 3967 1907 4036 primum
1941 3967 2041 4021 ho-
2149 3963 2482 4018 sententiam
2527 3965 2757 4021 dicere:
2810 3981 2874 4022 ac
2929 3969 3155 4037 proinde
3203 3971 3382 4028 Patris
3433 3951 3767 4030 lleuschenii

431 4067 958 4124 norilicentissimam
1015 4061 1343 4117 mentionem
1400 4058 1579 4123 faciat,
1629 4067 1742 4113 tum
1772 4075 1902 4115 vero
1937 4059 2033 4116 SS.
2148 4055 2386 4123 prudens
2414 4056 2703 4112 cousilium
2735 4060 2928 4124 secuti.
2981 4061 3065 4116 his
3093 4061 3212 4133 ejus
3251 4065 3433 4122 verbis
3475 4067 3761 4123 concludi-

431 4173 728 4233 martyrum
755 4157 971 4227 Georgii
993 4167 1048 4212 et
1069 4154 1234 4210 Firmi
1263 4169 1326 4208 ac
1351 4152 1592 4207 Rustici:
1625 4161 1808 4207 tamen
1836 4150 2036 4206 suffra-
2143 4165 2284 4214 mus,
2315 4167 2435 4222 qua:
2462 4151 2555 4208 ille
2581 4155 2874 4223 pr0positis
2900 4156 3103 4226 aliquot
3137 4159 3394 4229 utrinque
3422 4163 3764 4231 argumentis

429 4257 640 4330 giorum
691 4254 936 4309 ordinem
989 4249 1298 4320 adsignans,
1356 4244 1457 4302 SS.
1510 4253 1807 4316 martyrum
1863 4245 2035 4314 primo
2137 4243 2334 4312 scripta
2360 4245 2572 4313 reliquit
2596 4247 2700 4302 sub
2730 4247 2891 4303 linem
2925 4265 3045 4320 cap.
3069 4251 3125 4318 2,
3154 4267 3273 4322 pag.
3306 4254 3412 4310 73:
3441 4253 3550 4309 Nos
3571 4258 3762 4310 omnia

429 4351 572 4414 loco,
603 4348 727 4404 dein
773 4346 833 4403 S.
879 4343 1110 4400 Zenonis
1157 4341 1731 4396 commemorationem
1772 4337 2030 4407 agendam
2129 4336 2330 4404 judicio
2361 4339 2934 4409 prudentiumvirorum
2969 4345 3332 4413 permittimus.
3365 4347 3544 4404 Solum
3571 4349 3755 4404 histo-

430 4446 690 4506 insinuat,
716 4441 858 4514 quod
874 4454 1005 4496 sane
1036 4438 1233 4492 factum
1259 4451 1366 4490 non
1395 4431 1606 4498 luisset,
1632 4431 1734 4487 nisi
1763 4431 1904 4502 quod
1932 4431 2031 4486 hac
2057 4500 2105 4514 ﬁ
2136 4431 2263 4486 rica:
2301 4433 2505 4488 notitia:
2554 4449 2714 4489 causa
2741 4435 3003 4493 addemus
3032 4438 3383 4498 Franciscum
3425 4442 3643 4498 Mariam
3675 4446 3753 4500 de

425 4542 480 4598 in
511 4538 744 4596 Ecclesia
772 4537 1051 4594 confessor
1095 4535 1384 4588 haberetur
1426 4531 1486 4587 S.
1539 4529 1706 4595 Zeno,
1750 4543 1856 4583 non
1881 4543 2028 4583 mar-
2054 4500 2111 4562 D
2136 4523 2284 4587 Aste,
2333 4525 2802 4597 archiepiscopum
2834 4528 3256 4601 Hydruntinum,
3290 4537 3383 4607 qui
3423 4536 3748 4592 luculentis-

425 4645 511 4708 tyr
540 4652 554 4689 :
583 4629 1128 4687 commemorationcs
1172 4634 1352 4680 autem
1401 4634 1720 4696 martyrum,
1751 4620 2030 4677 confesso-
2131 4617 2297 4673 simas
2345 4619 2768 4690 disceptationes
2834 4624 2885 4677 in
2944 4624 3387 4699 Martyrologium
3436 4631 3746 4687 Romanum

421 4741 543 4783 rum
588 4719 1193 4781 commemorationibus
1237 4731 1454 4785 semper
1495 4723 1758 4784 praeeunt.
1794 4712 1929 4768 Hinc
1972 4713 2026 4767 in
2130 4708 2424 4766 Beneventi
2449 4713 2619 4767 edidit
2663 4729 2752 4768 an.
2799 4714 2971 4782 l7l6,
3005 4719 3106 4772 sub
3150 4722 3408 4790 auspiciis
3436 4721 3746 4780 Cardinalis

419 4821 701 4881 vetustiori
729 4831 942 4891 quoque
990 4813 1179 4871 codice
1226 4809 1524 4878 Capitulari
1569 4808 1751 4862 saeculi
1804 4807 2025 4862 circiter
2132 4802 2333 4867 Ursini,
2361 4805 2449 4874 qui
2477 4815 2659 4872 postea
2695 4806 2790 4861 fuit
2824 4807 3150 4866 Benedictus
3179 4811 3315 4881 Xlll,
3361 4813 3461 4870 hoc
3491 4815 3543 4869 in
3562 4829 3746 4884 opere

419 4931 547 4982 χιιι,
573 4915 627 4969 in
654 4928 762 4984 quo
787 4911 1092 4972 orationes,
1143 4904 1436 4966 lectiones,
1489 4910 1542 4954 et
1586 4899 1902 4969 antiphonae
1926 4914 2024 4969 per
2131 4893 2350 4950 laudato
2377 4895 2596 4953 disertis
2634 4899 2832 4956 litteris
2862 4897 3163 4959 Clementis
3193 4904 3263 4961 XI
3297 4917 3408 4962 tum
3434 4910 3740 4979 regnantis.

417 5020 616 5063 annum
641 5013 694 5061 et
718 5003 946 5073 propriae
973 5009 1027 5056 et
1050 5010 1363 5055 communes
1393 4995 1710 5050 Sanctorum
1733 4993 2022 5048 continen-
2129 4987 2454 5046 l-leuscbenii
2485 4995 2815 5064 argumentis
2857 5005 3060 5052 motmn
3089 5040 3104 5065 ,
3149 4999 3390 5057 noluisse
3418 5010 3745 5058 controver-

414 5075 527 5166 iur,
557 5099 671 5153 haec
691 5094 943 5165 suffragia
965 5092 1155 5149 eodem
1187 5089 1377 5145 ordine
1399 5087 1708 5157 praescripta
1737 5086 2018 5156 reperiun-
2127 5081 2262 5136 siam
2293 5082 2566 5147 decidere,
2595 5094 2650 5140 et
2680 5087 2781 5142 hoc
2808 5087 3024 5143 interim
3058 5091 3223 5146 tutius
3248 5096 3570 5165 suggessisse
3585 5109 3741 5148 con—

415 5203 506 5250 tur
531 5193 582 5247 in
605 5189 880 5246 matutinis
921 5197 976 5242 et
995 5184 1240 5255 vesperis
1271 5201 1284 5237 :
1329 5191 1386 5236 ut
1431 5183 1662 5251 primum
1702 5179 1771 5236 de
1797 5177 1971 5234 Cruce
1998 5220 2012 5244 ,
2125 5173 2330 5241 silium,
2361 5185 2418 5229 ut
2459 5179 2511 5230 in
2537 5176 2728 5232 eodem
2760 5179 3140 5251 Martyrologio
3181 5184 3251 5237 ad
3284 5185 3448 5240 instar
3486 5184 3691 5239 Halani
3718 5230 3739 5251 ,

414 5293 528 5343 tum
560 5285 626 5342 de
657 5297 807 5354 pace,
835 5280 958 5336 dein
989 5279 1056 5335 de
1078 5279 1137 5335 S.
1166 5276 1330 5332 Maria
1354 5273 1531 5346 (cujus
1573 5272 1812 5342 quotidie
1844 5283 2022 5326 muta-
2125 5268 2317 5339 inquit,
2346 5271 2635 5325 enuntietur
2666 5287 2686 5326 :
2720 5270 2931 5328 Verona:
2961 5272 3023 5329 S.
3069 5273 3290 5332 Zenonis
3334 5281 3571 5352 episcopi,
3619 5283 3740 5349 qui

412 5380 570 5438 batur
607 5375 937 5446 Antiphona)
971 5383 1158 5444 postea
1179 5371 1248 5426 de
1275 5370 1335 5426 S.
1367 5367 1620 5440 Georgio,
1647 5366 1716 5422 de
1751 5365 1847 5422 SS.
1879 5365 2015 5420 Her.
2117 5359 2251 5414 inter
2287 5361 2543 5432 procellas
2572 5365 2938 5433 persecutionis
2979 5381 3090 5420 eam
3136 5367 3424 5425 Ecclesium
3458 5371 3604 5432 rexit,
3669 5383 3739 5425 et

411 5489 631 5546 magora
661 5481 714 5526 et
739 5469 1058 5531 Fortunato,
1086 5465 1270 5520 Firmo
1298 5472 1353 5518 et
1397 5462 1640 5526 Rustico,
1688 5460 1921 5515 subinde
1947 5459 2017 5516 de
2117 5454 2284 5508 multa
2327 5451 2507 5526 ραὲδηε
2551 5457 2707 5510 vitam
2748 5457 2953 5526 ﬁnivit;
2997 5461 3190 5530 quibus
3237 5463 3417 5521 verbis
3446 5475 3496 5519 et
3523 5475 3736 5519 vocem

412 5565 470 5622 S.
499 5567 736 5634 Zenone,
771 5571 826 5620 et
855 5560 1072 5618 tandem
1096 5559 1162 5613 de
1189 5556 1440 5612 omnibus
1472 5555 1723 5620 Sanctis;
1752 5562 1807 5608 et
1849 5554 1901 5606 in
1935 5552 2016 5623 ip-
2119 5549 2289 5618 passio
2308 5590 2324 5616 ,
2368 5559 2424 5605 et
2447 5553 2542 5605 has
2571 5549 2793 5605 Gallieni
2813 5560 3041 5622 tempore
3065 5557 3315 5626 martyrio
3344 5565 3598 5611 coronatus
3631 5568 3737 5611 εει

413 5663 488 5717 sis
507 5661 720 5734 quidem
745 5657 1035 5730 suﬂ’ragiis,
1067 5670 1187 5727 quat
1211 5667 1277 5708 ex
1301 5650 1492 5706 eodem
1519 5647 1709 5704 codice
1735 5645 2007 5713 dabimus,
2116 5641 2187 5696 ita
2209 5640 2586 5698 subducendas
2611 5644 2838 5713 putavit,
2869 5655 2927 5700 ut
2947 5647 3110 5702 multa
3137 5657 3312 5705 tamen
3337 5649 3552 5706 Sanctus
3573 5663 3733 5701 uns—

414 5753 473 5813 S.
495 5754 640 5812 Zeno
685 5755 802 5812 solo
838 5750 1155 5826 Confessoris
1185 5745 1402 5804 nomine
1439 5741 1655 5818 gaudet.
1688 5739 1838 5798 Adde
1866 5737 2010 5811 quod
2119 5743 2200 5791 ter
2225 5752 2404 5806 passus
2432 5750 2537 5791 non
2564 5746 2805 5812 negetur.
2839 5736 2946 5795 Sed
2976 5737 3094 5797 haec
3112 5755 3324 5815 quoque
3362 5757 3476 5799 cum
3509 5739 3730 5799 eodem
