3952 6320
145 313 260 372 169

143 429 572 501 archiepiscopo
612 426 868 482 saniorum
907 425 1093 495 placito
1133 423 1464 495 subjicimus.

769 562 998 620 CAPUT
1044 561 1128 617 ΙΙΙ.

218 698 294 738 DE
348 696 445 752 IIS,
476 696 596 747 ρυε
639 694 766 736 [νοετ
791 694 840 736 8.
882 694 1102 735 ηκοδιε
1125 741 1127 744 ⁴
1151 693 1342 733 οιιιτωι
1385 689 1680 731 ιδειωιιοιιλ

804 787 1108 829 ιἐιιυιιτυιι.

215 891 359 946 Cum
390 905 623 962 ea,qu:e
652 887 718 944 ad
747 899 978 944 mortem
1022 901 1194 958 usque
1236 887 1293 941 8.
1341 883 1579 940 Zenonis
1622 897 1748 938 con-

145 983 417 1056 tigerunt,
469 984 731 1038 hactenus
785 981 1054 1051 prosecuti
1121 979 1333 1041 simus,
1412 975 1751 1046 subjicienda

142 1092 290 1132 nunc
321 1084 474 1142 sunt,
502 1091 623 1147 qua:
654 1073 823 1145 ipsius
855 1083 1085 1128 mortem
1110 1084 1395 1142 excepere.
1429 1071 1627 1124 Sancto
1656 1068 1754 1121 ita-

140 1189 249 1243 que
283 1172 397 1225 vita
433 1169 638 1234 functo,
671 1184 792 1223 cum
830 1183 936 1222 non
961 1179 1068 1220 tam
1091 1175 1354 1220 anteacta:
1385 1163 1505 1217 vita:
1534 1163 1748 1224 merita,

141 1281 304 1336 quam
341 1263 583 1334 prodigia
616 1275 678 1316 ac
706 1263 856 1332 signa
892 1261 1010 1330 ipso
1032 1275 1154 1314 cum
1188 1259 1422 1316 vivente.
1451 1265 1560 1310 tum
1605 1270 1751 1309 mor-

142 1365 234 1410 tuo
262 1362 484 1426 peracta
528 1355 816 1409 maximam
861 1353 1038 1408 eidem
1081 1348 1452 1406 celebritatem
1512 1349 1752 1418 peperis-

142 1459 300 1513 sent,
352 1448 534 1503 statim
581 1463 613 1503 a
667 1458 843 1503 morte
898 1444 1127 1502 ecclesia
1165 1486 1181 1510 ,
1236 1443 1323 1498 ubi
1377 1458 1576 1512 corpus
1633 1442 1751 1510 ejus

143 1545 476 1613 quiesceret,
530 1551 802 1598 exstructa
837 1542 937 1596 fuit
964 1559 995 1595 a
1021 1541 1282 1606 quodam,
1345 1548 1401 1593 ut
1449 1537 1751 1593 Corouatus

143 1639 412 1710 appellat,
445 1654 593 1694 num.
621 1639 672 1697 8.
699 1654 762 1693 ex
789 1653 972 1709 genere
1015 1634 1263 1699 Gallieni,
1317 1635 1434 1704 ejus
1497 1633 1750 1688 nimirum

146 1733 406 1795 Gallieni.
436 1731 592 1802 cujus
634 1730 798 1787 ﬁliam
829 1731 886 1786 8.
929 1730 1077 1786 Zeno
1127 1745 1157 1785 a
1208 1728 1455 1784 daimone
1502 1737 1748 1782 vexatam

984 308 1432 369 DISSERTATIU
1459 304 1546 370 Ill,
1580 303 1668 362 ΠΕ
1699 305 1757 361 S.
1801 303 1956 360 ΖΕΝ.
2003 305 2199 363 ACTIS
2237 306 2324 363 ET
2348 307 2602 367 CULTU.

3354 317 3459 371 170

1777 421 1827 480 Α
1855 418 2332 489 qm‘nquenniuiii,id
2348 432 2431 478 est
2445 423 2871 495 quinquennium
2891 427 3297 501 inceptum,non
3311 445 3462 487 coni—

1860 513 2084 582 plvtum,
2107 514 2368 570 excurrit.
2399 516 2548 571 llunc
2575 528 2752 574 autem
2773 537 2973 577 annum
2996 524 3097 577 alia
3113 523 3461 594 Gregoriaiia:

1855 603 2238 675 descriptionis
2266 616 2390 662 nota
2423 611 2730 667 certissime
2759 613 2870 683 ﬁgit
2904 630 2917 667 :
2955 615 3117 670 tradit
3147 615 3292 671 enim
3334 632 3457 671 eam

1857 699 2276 756 exundationem
2292 700 2513 758 Athesis
2534 705 2798 768 evenisse,
2816 709 3025 775 quando
3043 713 3183 780 apud
3202 710 3335 765 hanc
3351 710 3456 765 lio-

1856 811 2059 849 manant
2075 797 2250 850 urbem
2271 796 2471 852 alveum
2492 817 2642 854 suum
2670 799 2864 856 Tiberis
2885 820 3116 875 egressus
3137 815 3232 865 est.
3258 814 3458 860 tantum

1854 903 2104 955 crescens,
2129 901 2183 943 ut
2206 893 2318 963 ejus
2341 891 2481 945 unda
2503 909 2657 961 super
2675 910 2845 949 muros
2868 898 3005 950 urbis
3025 897 3282 967 inﬂueret,
3309 909 3462 969 atque

1851 980 1974 1034 inde
1993 983 2108 1051 jam
2141 1000 2353 1055 magnas
2389 986 2624 1057 regiones
2653 1000 2944 1058 occuparet.
2972 991 3145 1046 Porro
3183 992 3340 1063 hujus
3363 992 3459 1048 Ti-

1855 1072 2057 1128 berinae
2105 1078 2488 1132 exundationis
2533 1095 2734 1135 annum
2787 1092 2975 1153 aperte
3028 1085 3336 1154 colligimus
3388 1102 3455 1142 ex

1854 1183 2039 1224 coaevo
2069 1180 2292 1225 auctore
2323 1171 2587 1242 Gregorio
2616 1173 2941 1240 'l‘uronensi,
2971 1178 3060 1244 qui
3094 1177 3186 1230 lib.
3240 1194 3274 1233 ιι
3320 1179 3456 1233 llist.

1855 1261 2078 1330 Franc.,
2103 1281 2224 1334 cap.
2254 1266 2305 1332 l,
2329 1280 2447 1321 eam
2473 1269 2633 1321 mensi
2663 1285 2798 1323 nono
2831 1311 2843 1330 ,
2879 1286 2973 1326 seu
2998 1270 3318 1327 Novembris
3369 1289 3460 1328 an.

1855 1356 1961 1412 389
1986 1357 2258 1413 distinctis
2287 1360 2699 1416 cliaracterihiis
2723 1363 2928 1417 tribuit.
2957 1363 3138 1434 Itaque
3159 1366 3206 1419 si
3233 1366 3284 1420 in
3317 1366 3459 1422 idem

1858 1460 2070 1522 tempus
2091 1455 2310 1510 Athesis
2329 1454 2622 1510 exundatio
2644 1471 2709 1512 ex
2733 1455 2995 1527 Gregorio
3024 1474 3218 1530 magno
3247 1460 3458 1526 incidit,

1857 1543 2104 1614 proleCIo
2121 1561 2213 1600 xvi
2232 1546 2348 1600 Cal.
2373 1546 2694 1603 Novembris
2710 1565 2800 1603 an.
2833 1550 2940 1607 589
2964 1550 3321 1619 adjudicanda
3349 1563 3458 1607 est.

1931 1637 2043 1692 lloc
2102 1637 2324 1694 Athesis
2369 1639 2718 1697 miraculum.
2767 1643 3041 1714 multaque
3088 1645 3190 1699 alia
3243 1651 3296 1700 in
3342 1646 3462 1702 dies

1855 1741 2163 1802 perpetrata
2191 1748 2313 1788 cum
2342 1748 2588 1788 saucium
2618 1735 2944 1807 Episcopum
2995 1739 3234 1809 quotidie
3288 1740 3463 1811 magis

144 1837 438 1882 sanaverat
469 1845 482 1881 :
514 1825 564 1881 id
593 1825 735 1898 quod
770 1823 1064 1880 verisimile
1094 1823 1226 1878 satis
1255 1831 1358 1888 est,
1396 1821 1442 1875 si
1485 1819 1748 1890 intelliga-
1779 1824 1826 1884 Β
1853 1825 2124 1883 celebrem
2158 1827 2530 1893 reddiderunt,
2565 1837 2676 1885 tum
2723 1830 2970 1901 Pipinum
3029 1833 3197 1888 Italia:
3253 1850 3464 1906 regem,

151 1931 236 1975 tur
259 1919 702 1990 consanguineus
737 1918 857 1986 ejus
900 1915 1135 1973 Gallieni
1175 1923 1368 1987 quarto
1418 1914 1619 1969 saeculo
1671 1913 1750 1967 vi-

149 2017 352 2083 ventis,
379 2015 449 2072 de
476 2031 584 2087 quo
602 2012 938 2084 conjecimns
962 2010 1167 2082 aliquid
1192 2009 1328 2065 diss.
1361 2026 1396 2074 i,
1431 2025 1482 2064 c.
1516 2009 1568 2064 3.
1601 2006 1653 2080 §.
1685 2010 1750 2072 ις

149 2112 191 2166 si
225 2126 362 2168 vero
392 2108 776 2181 intelligendus
802 2108 872 2162 sit
893 2105 1329 2176 consanguineus
1371 2103 1600 2159 Gallieni
1656 2101 1754 2154 iiii-

150 2205 446 2274 peratoris,
469 2218 629 2274 quem
653 2181 962 2256 Coronatus
986 2214 1266 2270 perperam
1287 2196 1544 2266 appellat,
1579 2195 1756 2249 incre-

152 2297 320 2353 dibile
347 2295 570 2351 omnino
596 2293 754 2349 fuerit
781 2293 869 2359 iis,
908 2293 997 2363 qni
1023 2300 1188 2346 totam
1240 2289 1359 2360 ejus
1414 2288 1757 2357 imperatoris

153 2388 472 2460 progeniem
504 2402 607 2442 una
643 2401 767 2441 cuin
823 2386 939 2454 ipso
991 2383 1360 2438 internecione
1408 2380 1642 2436 deletam
1691 2395 1756 2436 ex

155 2481 381 2537 Aurelio
414 2479 632 2536 Victore
664 2487 882 2534 norunt.
917 2477 1042 2532 llaec
1091 2475 1319 2532 ecclesia
1365 2472 1624 2528 Coronati
1682 2475 1760 2543 ip-

157 2576 269 2631 sius
300 2585 485 2639 atate,
509 2573 740 2643 septimo
767 2573 975 2628 scilicet
1011 2571 1092 2627 vel
1121 2580 1315 2625 octavo
1342 2569 1562 2632 saeculo,
1617 2569 1760 2622 haud

160 2670 339 2740 procul
365 2687 398 2723 ιι
427 2669 586 2739 ﬂuvio
615 2669 817 2723 Athesis
847 2667 949 2722 sita
980 2675 1118 2733 erat,
1172 2676 1226 2720 et
1275 2673 1421 2720 extra
1460 2663 1761 2720 Veronensis

161 2762 299 2815 urbis
326 2778 522 2826 muros,
555 2769 669 2816 uta
702 2759 869 2815 Paulo
900 2760 1135 2814 Diacoiio
1185 2758 1413 2813 traditur
1448 2757 1543 2812 lib.
1598 2773 1654 2813 nt
1695 2759 1763 2812 de

163 2853 340 2910 Gestis
365 2853 872 2922 Longobardorum,
897 2867 1015 2923 cap.
1043 2851 1135 2915 25,
1159 2867 1319 2922 quam
1354 2865 1476 2906 cum
1519 2850 1762 2905 nonnulli

164 2965 282 3004 eam
313 2949 477 3005 fuisse
503 2956 749 3011 censent,
782 2963 901 3017 quze
921 2961 1062 3002 nunc
1091 2945 1153 3002 S.
1189 2943 1412 2999 Zenoius
1436 2944 1490 2998 in
1523 2943 1765 2998 Oratoria

169 3055 408 3105 vocatur,
440 3057 722 3112 perperam
749 3041 1060 3113 opinantur,
1095 3048 1155 3095 iit
1176 3039 1401 3094 inferius
1432 3037 1762 3106 videbimus,

171 3152 291 3192 cum
319 3136 390 3193 de
421 3135 800 3193 Traiislaiione
827 3140 931 3192 erit
956 3150 1156 3192 scrino.

243 3231 320 3285 Ad
345 3230 488 3284 illam
507 3239 686 3288 autem
716 3230 1023 3293 ecclesiam,
1064 3245 1222 3298 quam
1255 3226 1441 3284 Athesi
1465 3227 1766 3299 proximam

173 3309 495 3382 eCoronato
527 3325 836 3388 didicimus,
883 3324 1097 3380 duobus
1136 3324 1353 3379 circiter
1390 3323 1604 3379 szeculis
1652 3333 1773 3394 post

174 3417 231 3474 S.
263 3417 513 3489 EpiscOpi
535 3418 741 3474 obitum
770 3418 998 3489 contigit
1047 3416 1361 3486 percelebre
1388 3415 1518 3472 illud
1549 3417 1774 3472 miracu-

177 3512 302 3578 lum,
335 3516 478 3586 quod
507 3516 567 3572 8.
595 3515 890 3585 Gregorius
920 3513 1138 3584 Magnus
1163 3527 1238 3568 ex
1266 3512 1487 3568 Joannis
1522 3511 1767 3577 Tribuni,

174 3605 263 3676 qui
305 3622 432 3662 cum
459 3623 584 3678 rege
612 3607 840 3662 Autliari
872 3615 926 3661 et
952 3603 1268 3672 Proiiulplio
1292 3605 1492 3660 comite
1524 3617 1770 3671 pl’ﬂBSBIIS

179 3698 381 3765 aderat,
411 3699 718 3754 testimonio
741 3698 982 3752 auditum
1033 3697 1374 3766 Dialogorum
1409 3696 1500 3752 lili.
1531 3712 1610 3762 ut,
1651 3711 1769 3766 cap.

182 3791 270 3853 l9,
299 3791 544 3847 inseruit.
574 3791 708 3846 Cum
736 3790 945 3846 scilicet
973 3790 1204 3860 quoilam
1236 3789 1325 3844 die
1348 3805 1468 3844 eam
1517 3790 1568 3843 in
1600 3787 1775 3843 eccle-

180 3885 315 3937 siam
345 3882 597 3956 frequens
628 3883 858 3954 populus
879 3884 1248 3945 convenisset,
1281 3881 1502 3938 Athesis
1548 3888 1775 3950 repente

181 3994 348 4051 supra
386 3994 607 4051 aggeres
651 3994 975 4035 escrescens
1003 3987 1059 4034 et
1087 3991 1399 4048 erumpens,
1429 3976 1496 4032 ad
1526 3974 1772 4031 eamdem

185 4072 464 4128 ecclesiam
511 4088 708 4145 magno
757 4072 961 4143 impetu
1016 4071 1295 4142 pervenit,
1340 4085 1436 4125 nec
1489 4082 1665 4124 tamen
1723 4070 1774 4122 in

184 4178 399 4239 apertas
419 4167 559 4225 fores
582 4169 858 4240 ingressus
873 4178 975 4224 est:
993 4168 1122 4238 quin
1141 4167 1207 4221 ad
1229 4164 1678 4231 fenestrasusquc
1690 4178 1778 4218 ec-

187 4260 364 4316 clesia:
380 4261 575 4316 sensim
607 4261 930 4322 ascendens,
953 4259 1172 4329 januam
1208 4257 1426 4328 quidem
1447 4266 1613 4312 totam
1637 4270 1776 4325 aqua

190 4353 484 4422 occupavit,
515 4366 675 4424 atque
705 4352 1029 4420 interclusit,
1057 4350 1172 4418 sed,
1222 4366 1286 4406 ac
1316 4351 1360 4405 si
1407 4350 1575 4404 solida
1607 4359 1773 4415 esset,

194 4461 518 4517 nequaquam
548 4445 746 4502 diﬁuit.
771 4446 1039 4516 lntegram
1071 4445 1228 4513 hujus
1257 4443 1500 4499 miraculi
1529 4442 1776 4512 descrip-

197 4537 390 4593 tionem
411 4540 539 4610 ipsis
561 4539 616 4595 S.
645 4539 921 4594 Pontiﬁcis
951 4538 1132 4594 verbis
1149 4537 1290 4593 inter
1314 4537 1511 4592 selecta
1538 4536 1779 4592 testimo-

1855 1920 2038 1976 Caroli
2068 1920 2241 1992 Magni
2275 1921 2464 1984 ﬁlium.
2523 1930 2580 1979 et
2636 1923 2924 1980 Rotaldtim
2964 1935 3210 1980 nostrum
3254 1928 3464 1997 episco-

1858 2030 1983 2084 pum
2009 2025 2316 2079 moverunt,
2353 2026 2410 2071 ut
2443 2016 2513 2072 de
2557 2017 2678 2088 ejus
2732 2033 2966 2086 corpore
2999 2021 3050 2074 in
3092 2019 3465 2078 decentiorem

1859 2107 2033 2163 locum
2060 2109 2435 2169 transferendo
2463 2113 2786 2184 cogitarent,
2841 2114 2983 2182 quod
3038 2132 3102 2170 ex
3153 2115 3470 2173 Zeiioniauo

1859 2205 2126 2256 monacho
2171 2214 2394 2259 auctore
2420 2206 2662 2274 opusculi
2685 2205 2750 2260 de
2779 2205 3141 2261 Translatione
3178 2207 3241 2262 S.
3297 2206 3470 2265 Zeno-

1860 2294 1940 2348 nis
1969 2295 2337 2367 iiitelligimus.
2371 2297 2598 2368 Utrique
2629 2300 2771 2354 enim
2813 2299 2939 2354 dum
2969 2300 3191 2368 quadam
3246 2303 3330 2355 die
3377 2321 3473 2372 pa-

1860 2388 1986 2442 riter
2014 2388 2074 2444 S.
2109 2388 2335 2446 Zenonis
2355 2391 2516 2446 (edem
2545 2392 2955 2462 ingrederentur,
2976 2403 3023 2446 et
3049 2404 3152 2448 tam
3179 2393 3243 2448 de
3257 2396 3472 2461 auditis,

1861 2483 2101 2546 quamde
2130 2485 2249 2537 visis
2280 2483 2601 2539 mirabilibus
2649 2487 2804 2558 hujus
2851 2487 3200 2556 loquerentur,
3235 2491 3471 2543 rationa-

1864 2574 2033 2628 biliter
2059 2585 2104 2629 et
2128 2576 2282 2646 digne
2305 2589 2713 2647 proposuerunt,
2776 2589 2829 2631 ut
2877 2596 3117 2651 magnum
3171 2582 3474 2636 thesaurum

1865 2667 2110 2722 humilius
2161 2685 2314 2736 quam
2358 2679 2612 2739 oporteret
2645 2673 2889 2738 positum,
2945 2672 3206 2727 decentius
3234 2684 3278 2727 et
3305 2673 3470 2728 subli-

1865 2762 2000 2815 mius
2029 2761 2279 2826 locarent,
2310 2771 2357 2814 et
2379 2762 2609 2816 ecclesia
2635 2766 2929 2833 angustiam
2959 2764 3259 2820 dilatarent.
3286 2766 3473 2836 Itaque

1866 2855 2099 2924 amplam
2136 2869 2199 2908 ac
2226 2853 2744 2925 magniﬁcentiorem
2789 2856 3114 2912 inchoiirunt
3159 2857 3472 2923 ecclesiam,

1866 2963 1930 3003 ac
1979 2949 2031 3002 in
2081 2962 2144 3004 ea
2195 2957 2403 3002 antrum
2451 2965 2668 3016 apricum
2697 2950 2716 3020 (
2733 2960 2787 3004 ut
2827 2951 2970 3006 idem
3027 2964 3215 3008 auctor
3243 2953 3482 3022 appellat

1869 3040 2277 3112 Confessionem,
2303 3057 2398 3095 seu
2421 3042 2840 3099 subterraneum
2875 3043 3026 3110 illud,
3071 3044 3122 3098 in
3164 3061 3271 3114 quo
3332 3061 3478 3101 nunc

1868 3150 2080 3206 quoque
2101 3143 2347 3190 sanctum
2375 3151 2574 3207 corpus
2598 3135 2768 3208 jacet)
2793 3139 3048 3193 columnis
3077 3140 3377 3206 subnixum,
3433 3150 3484 3195 et

1799 3231 1844 3294 C
1876 3228 2134 3298 lapidibus
2161 3230 2567 3299 pavimentatum
2594 3241 3020 3294 construxerunt,
3054 3231 3139 3286 ubi
3173 3234 3481 3287 eminentem

1871 3340 2106 3394 aggerem
2134 3325 2236 3395 (sic
2263 3334 2418 3379 vocat
2451 3326 2624 3394 ipsum
2659 3326 2948 3396 tumulum)
2979 3327 3222 3398 expolitis
3248 3344 3481 3381 marino-

1873 3418 2015 3472 ribus
2043 3418 2337 3483 ediderunt,
2380 3435 2530 3487 quim
2574 3419 2894 3473 sacrosancti
2945 3419 3199 3474 tumulum
3251 3422 3485 3491 corporis

1873 3514 2200 3566 devoverant.
2235 3513 2345 3567 Hac
2372 3522 2549 3569 autem
2575 3511 2929 3567 subterranea
2957 3512 3317 3569 mdilicatione
3352 3531 3483 3585 per-

1875 3607 2036 3670 fecta,
2061 3615 2349 3676 antequam
2381 3606 2494 3671 ipsa
2527 3604 2881 3673 perficeretur
2924 3605 3154 3660 ecclesia
3193 3609 3340 3675 (nam
3373 3609 3476 3661 ali-

1875 3697 2001 3768 quid
2037 3697 2280 3765 pecunim
2324 3696 2426 3752 sibi
2458 3697 2526 3751 ab
2558 3695 2891 3766 lmperatore
2947 3697 3227 3764 traditum,
3284 3715 3345 3754 ex
3385 3717 3484 3768 quo

1879 3793 2122 3862 perficere
2175 3792 2436 3847 deberent
2468 3791 2749 3846 Basilicam
2795 3791 2858 3847 S.
2900 3791 3144 3858 Zenonis,
3195 3791 3490 3851 Ratherius

1877 3883 2089 3940 duobus
2121 3885 2291 3940 ferme
2317 3884 2536 3940 sineulis
2565 3895 2688 3955 post
2718 3883 2771 3937 iii
2805 3885 3183 3955 Apologetico,
3211 3901 3330 3957 pag.
3359 3887 3489 3954 566,

1879 3990 2010 4034 tom.
2036 3994 2051 4032 ι
2075 3978 2330 4048 Spicileg.
2364 3977 2650 4032 Achcriani
2685 3977 2962 4049 testatur),
2993 3979 3104 4049 ipsa
3131 3981 3270 4035 sacri
3295 3997 3491 4052 corpo-

1881 4071 1955 4125 ris
1981 4071 2264 4127 translatio
2281 4078 2498 4139 peracta
2521 4079 2622 4125 est.
2653 4069 2768 4125 Etsi
2789 4086 2919 4126 vero
2944 4071 3100 4142 hujus
3117 4073 3492 4131 translationis

1879 4163 2113 4233 scriptor
2137 4162 2407 4234 posterior
2427 4163 2499 4218 sit
2525 4162 2820 4234 aliquanto,
2855 4166 3054 4234 quippe
3085 4165 3176 4236 qui
3202 4167 3402 4222 saeculo
3435 4185 3489 4223 si

1881 4267 2135 4320 exeunte,
2166 4256 2248 4311 vel
2284 4255 2506 4312 ineunte
2534 4272 2607 4310 sti
2633 4256 2786 4318 vixit,
2834 4265 2890 4310 iit
2916 4259 2966 4309 iii
3012 4255 3398 4315 Admonitione
3420 4261 3492 4317 ad

1883 4359 2226 4405 monumenta
2257 4359 2582 4415 statuemus,
2616 4350 2667 4404 in
2691 4349 2880 4406 eadem
2909 4361 3086 4407 autem
3133 4352 3495 4412 describenda

1884 4459 1988 4499 non
2005 4444 2135 4499 nihil
2152 4443 2266 4498 l'alsi
2289 4443 2800 4514 putueritiuserere,
2835 4453 2894 4499 ut
2921 4445 2973 4499 in
2997 4445 3501 4518 ejusmodiscriptis

1885 4534 2140 4606 perfacile
2171 4537 2370 4591 accidit
2390 4552 2484 4593 :ex
2501 4537 2724 4606 antiquo
2749 4545 2928 4592 tamen
2951 4537 3281 4596 decuinento
3312 4543 3388 4598 rei
3418 4542 3499 4613 ip-

199 4633 280 4686 nia
306 4633 560 4691 dabimus.
587 4635 756 4690 Porro
786 4632 936 4707 [est]
976 4633 1134 4703 hujus
1179 4631 1420 4687 miraculi
1449 4630 1591 4686 diem
1616 4629 1780 4685 fuisse
1809 4635 1860 4696 l)
1885 4629 1996 4683 sius
2009 4629 2306 4684 substantia
2328 4627 2688 4698 proﬁciscitur
2705 4629 2950 4683 eamdem
2968 4631 3123 4699 plane
3137 4631 3189 4686 in
3204 4634 3496 4700 rationein,

201 4741 286 4781 xvi
313 4728 422 4782 Cal.
441 4729 780 4796 Novembris,
799 4744 908 4800 quo
935 4727 1152 4797 quidem
1187 4737 1429 4797 tempore
1463 4725 1784 4780 exundatio-

203 4839 297 4877 nes
325 4825 591 4879 ﬁiiininum
638 4825 812 4881 solent
840 4824 1179 4894 contingere,
1223 4837 1288 4877 ex
1335 4821 1504 4876 Paulo
1549 4820 1786 4874 Diaciino

206 4926 449 4974 statutum
483 4919 638 4975 nobis
665 4928 749 4974 est
772 4919 871 4973 hac
910 4919 1022 4989 ipsa
1056 4919 1106 4970 in
1139 4915 1521 4972 dissertatione
1561 4929 1678 4982 cap.
1727 4913 1784 4980 ¹1,

207 5007 254 5080 §.
283 5009 334 5064 4.
362 5013 544 5068 Aunus
566 5029 697 5068 vero
719 5023 776 5067 ut
803 5021 1092 5076 statuatur,
1116 5025 1237 5066 eum
1273 5008 1330 5064 S.
1392 5006 1688 5076 Gregorius
1736 5005 1786 5058 in

209 5117 272 5156 eo
290 5104 537 5160 miraculo
567 5105 926 5162 desci-ibendo
949 5103 1182 5159 al'llrmet
1205 5100 1255 5156 id
1277 5100 1531 5157 evenisse
1555 5111 1673 5178 ante
1694 5101 1789 5151 hoc

213 5195 362 5262 ferme
381 5198 796 5268 quinquennium,
828 5197 1065 5268 quinque
1106 5195 1276 5252 ferme
1297 5193 1452 5248 anuis
1501 5200 1788 5260 antequam

213 5287 528 5360 dialogorum
561 5293 726 5348 libros
741 5291 961 5358 etleret,
987 5289 1302 5346 miraculum
1324 5288 1570 5344 evenisse
1600 5283 1802 5354 exple:

212 5389 381 5436 ratiim
415 5393 514 5450 est,
555 5401 727 5456 eaque
762 5384 829 5440 de
864 5401 1026 5440 causa
1080 5387 1202 5439 cuni
1240 5383 1580 5448 DiaIOgorum
1625 5380 1791 5434 libros

215 5475 380 5531 editos
403 5477 458 5532 P.
476 5478 842 5536 lleiisclienius
863 5477 1135 5534 existimet
1155 5493 1244 5533 au.
1260 5473 1612 5539 595,Athi-.sis
1634 5472 1798 5527 mira-

218 5568 387 5624 culum
411 5572 574 5645 aliigit
603 5590 749 5629 anno
775 5572 900 5630 588.
926 5572 1124 5628 Verum
1146 5571 1247 5626 etsi
1268 5570 1425 5626 detur
1455 5567 1793 5637 dialoiiorum

220 5660 376 5717 libros
426 5682 566 5721 anno
607 5665 718 5723 597i
774 5667 937 5720 fuisse
973 5663 1242 5736 perfeCIos
1273 5672 1328 5717 et
1356 5662 1568 5725 editos;
1615 5671 1797 5712 tamen

222 5755 424 5815 Athesis
437 5763 750 5817 miraculum
769 5778 853 5816 xvi
867 5761 986 5816 Cal.
1005 5759 1345 5816 Nov.an.589
1358 5757 1650 5826 contigisse
1667 5751 1798 5806 nihil

224 5849 595 5924 dubitamus,a
625 5872 732 5928 quo
754 5855 974 5928 quidem
1019 5867 1267 5928 tempore
1289 5852 1356 5910 ad
1386 5867 1479 5910 an.
1508 5847 1615 5906 593
1635 5848 1796 5919 ferme

491 5951 769 6015 PATROL.
843 5950 958 6014 XI.

1887 4739 1991 4793 qua
2029 4721 2131 4776 vita
2164 4722 2223 4776 S.
2253 4721 2492 4778 Zenonis
2515 4722 2583 4776 ab
2613 4721 2807 4778 eodem
2847 4723 3193 4790 concinnata,
3247 4741 3275 4780 a
3330 4726 3500 4783 Coro-

1890 4827 2018 4872 nato
2044 4814 2266 4871 Notario
2289 4818 2338 4869 in
2375 4827 2580 4885 partem
2615 4817 2905 4871 maximam
2931 4831 3147 4887 sumpta
3177 4832 3256 4873 est
3279 4861 3292 4883 ,
3330 4831 3387 4875 ut
3430 4838 3501 4880 ne

1893 4920 2071 4966 tamen
2102 4910 2221 4980 ejus
2253 4913 2586 4966 mentionem
2612 4913 2820 4981 uspiam
2849 4910 3058 4966 fecerit.
3089 4913 3354 4983 Equidem
3402 4932 3502 4973 an-

1895 5005 2044 5075 tiquo
2091 5015 2334 5074 tempore
2384 5005 2632 5060 eamdem
2697 5005 3109 5062 translationem
3189 5009 3257 5064 ab
3321 5011 3507 5083 aliquo

1896 5098 2176 5168 scriptam.
2207 5098 2510 5154 siibindicat
2556 5100 2956 5166 maimseriptus
3003 5101 3138 5156 liber
3191 5101 3504 5173 Remensis,

1897 5193 1986 5262 qui
2011 5204 2130 5262 post
2157 5193 2392 5248 medium
2427 5208 2478 5246 ix
2529 5193 2810 5259 sa‘CIilttm,
2854 5193 2905 5248 id
2938 5203 3022 5250 est
3054 5212 3085 5250 ι.
3139 5198 3355 5255 circiter
3386 5211 3511 5271 post

1899 5287 2305 5342 translationem
2334 5299 2528 5349 anuos,
2563 5285 2614 5339 in
2656 5284 2890 5341 Galliam
2946 5289 3159 5344 transiit
3196 5307 3209 5342 :
3246 5292 3316 5345 ibi
3359 5297 3504 5349 cnim

1903 5394 2020 5453 post
2045 5381 2370 5452 descriptam
2404 5379 2462 5436 S.
2497 5378 2732 5434 Zenonis
2775 5379 2981 5447 Vitam,
3015 5398 3174 5450 quam
3204 5383 3511 5444 Coronatus

1904 5475 2252 5539 liicubravit,
2307 5473 2424 5528 haec
2474 5472 2645 5527 altera
2713 5489 2872 5528 manu
2944 5474 3152 5545 adjecta
3210 5475 3506 5546 leguntur:

1908 5567 2198 5623 Translatio
2225 5570 2335 5640 ejus
2360 5576 2538 5632 restat,
2567 5582 2686 5636 qua:
2720 5566 2879 5620 verba
2906 5566 2964 5622 S.
2991 5567 3226 5622 Zenoiiis
3279 5572 3512 5626 transla-

1905 5663 2106 5716 tionem
2132 5661 2180 5714 iil
2215 5661 2474 5729 temporis
2498 5661 2779 5726 scriptam,
2813 5673 3042 5728 eamque
3071 5660 3122 5712 in
3147 5658 3265 5712 Vita
3291 5679 3316 5711 :i
3341 5659 3513 5720 Coro-

1907 5765 2032 5810 nato
2068 5753 2367 5818 lueuhrata,
2401 5767 2465 5807 ac
2517 5751 2718 5807 ibidem
2751 5752 3025 5820 descripta
3073 5750 3395 5819 desiderari,
3449 5773 3516 5816 ac

1907 5844 2299 5918 subjiciendum
2323 5858 2612 5916 superesse
2637 5841 2770 5898 satis
2798 5842 3096 5898 insinuant.
3129 5840 3313 5916 Itaque
3340 5853 3520 5912 trans.

2907 5939 2947 5999 6
