  <div class='ocr_page' id='page_1' title='image "/cluster/home/n/w/nwhite01/storage/ocr_20150623/11/hvd.32044015471287/091.png"; bbox 0 0 3960 6330; ppageno 0'>
   <div class='ocr_carea' id='block_1_1' title="bbox 487 281 582 338">
    <p class='ocr_par' dir='ltr' id='par_1_1' title="bbox 487 281 582 338">
     <span class='ocr_line' id='line_1_1' title="bbox 487 281 582 338; baseline 0 -1"><span class='ocrx_word' id='word_1_1' title='bbox 487 281 582 338; x_wconf 75' lang='grc' dir='ltr'><strong>ΓΗ</strong></span> 
     </span>
    </p>
   </div>
   <div class='ocr_carea' id='block_1_2' title="bbox 1859 261 2394 322">
    <p class='ocr_par' dir='ltr' id='par_1_2' title="bbox 1859 261 2394 322">
     <span class='ocr_line' id='line_1_2' title="bbox 1859 261 2394 322; baseline -0.006 0"><span class='ocrx_word' id='word_1_2' title='bbox 1859 261 2394 322; x_wconf 75' lang='lat' dir='ltr'><strong>PBOLEGOMENA.</strong></span> 
     </span>
    </p>
   </div>
   <div class='ocr_carea' id='block_1_3' title="bbox 3660 277 3751 336">
    <p class='ocr_par' dir='ltr' id='par_1_3' title="bbox 3660 277 3751 336">
     <span class='ocr_line' id='line_1_3' title="bbox 3660 277 3751 336; baseline 0.055 -6"><span class='ocrx_word' id='word_1_3' title='bbox 3660 277 3751 336; x_wconf 57' lang='lat' dir='ltr'><strong>i7“!</strong></span> 
     </span>
    </p>
   </div>
   <div class='ocr_carea' id='block_1_4' title="bbox 482 375 3751 464">
    <p class='ocr_par' dir='ltr' id='par_1_4' title="bbox 482 375 3751 464">
     <span class='ocr_line' id='line_1_4' title="bbox 482 375 3751 464; baseline -0.002 -12"><span class='ocrx_word' id='word_1_4' title='bbox 482 393 698 453; x_wconf 86' lang='lat' dir='ltr'><strong>lationis</strong></span> <span class='ocrx_word' id='word_1_5' title='bbox 747 401 982 464; x_wconf 87' lang='lat' dir='ltr'><strong>tempus,</strong></span> <span class='ocrx_word' id='word_1_6' title='bbox 1007 386 1151 460; x_wconf 88' lang='lat' dir='ltr'><strong>quod</strong></span> <span class='ocrx_word' id='word_1_7' title='bbox 1174 385 1242 441; x_wconf 86' lang='lat' dir='ltr'><strong>ab</strong></span> <span class='ocrx_word' id='word_1_8' title='bbox 1270 397 1338 442; x_wconf 91' lang='lat' dir='ltr'><strong>eo</strong></span> <span class='ocrx_word' id='word_1_9' title='bbox 1364 389 1586 440; x_wconf 86' lang='lat' dir='ltr'><strong>auctore</strong></span> <span class='ocrx_word' id='word_1_10' title='bbox 1607 381 1883 450; x_wconf 88' lang='lat' dir='ltr'><strong>delinitur,</strong></span> <span class='ocrx_word' id='word_1_11' title='bbox 1925 380 2071 449; x_wconf 86' lang='lat' dir='ltr'><strong>Pipl-</strong></span> <span class='ocrx_word' id='word_1_12' title='bbox 2101 380 2154 442; x_wconf 79' lang='grc' dir='ltr'><strong>Α</strong></span> <span class='ocrx_word' id='word_1_13' title='bbox 2182 378 2234 432; x_wconf 92' lang='lat' dir='ltr'><strong>in</strong></span> <span class='ocrx_word' id='word_1_14' title='bbox 2266 391 2424 431; x_wconf 91' lang='lat' dir='ltr'><strong>unam</strong></span> <span class='ocrx_word' id='word_1_15' title='bbox 2459 382 2665 447; x_wconf 87' lang='lat' dir='ltr'><strong>partem</strong></span> <span class='ocrx_word' id='word_1_16' title='bbox 2693 375 2921 433; x_wconf 78' lang='lat' dir='ltr'><strong>inclinat</strong></span> <span class='ocrx_word' id='word_1_17' title='bbox 2957 376 3347 457; x_wconf 82' lang='lat' dir='ltr'><strong>aliquantulum</strong></span> <span class='ocrx_word' id='word_1_18' title='bbox 3379 423 3393 449; x_wconf 89' lang='lat'><strong>,</strong></span> <span class='ocrx_word' id='word_1_19' title='bbox 3447 382 3666 442; x_wconf 75' lang='lat' dir='ltr'><strong>declinat</strong></span> <span class='ocrx_word' id='word_1_20' title='bbox 3692 393 3751 445; x_wconf 80' lang='lat' dir='ltr'><strong>alt</strong></span> 
     </span>
    </p>
   </div>
   <div class='ocr_carea' id='block_1_5' title="bbox 485 473 2080 554">
    <p class='ocr_par' dir='ltr' id='par_1_5' title="bbox 485 473 2080 554">
     <span class='ocr_line' id='line_1_5' title="bbox 485 473 2080 554; baseline -0.012 -9"><span class='ocrx_word' id='word_1_21' title='bbox 485 504 556 544; x_wconf 91' lang='lat' dir='ltr'><strong>no</strong></span> <span class='ocrx_word' id='word_1_22' title='bbox 575 487 782 544; x_wconf 90' lang='lat' dir='ltr'><strong>scilicet</strong></span> <span class='ocrx_word' id='word_1_23' title='bbox 835 490 1118 554; x_wconf 76' lang='lat' dir='ltr'><strong>regnante,</strong></span> <span class='ocrx_word' id='word_1_24' title='bbox 1146 493 1212 535; x_wconf 92' lang='lat' dir='ltr'><strong>ac</strong></span> <span class='ocrx_word' id='word_1_25' title='bbox 1241 477 1493 543; x_wconf 80' lang='lat' dir='ltr'><strong>Rotaltlo,</strong></span> <span class='ocrx_word' id='word_1_26' title='bbox 1547 476 1866 530; x_wconf 90' lang='lat' dir='ltr'><strong>conftrmant</strong></span> <span class='ocrx_word' id='word_1_27' title='bbox 1903 473 2080 544; x_wconf 90' lang='lat' dir='ltr'><strong>aliqua</strong></span> 
     </span>
    </p>
   </div>
   <div class='ocr_carea' id='block_1_6' title="bbox 486 567 2075 649">
    <p class='ocr_par' dir='ltr' id='par_1_6' title="bbox 486 567 2075 649">
     <span class='ocr_line' id='line_1_6' title="bbox 486 567 2075 649; baseline -0.013 -7"><span class='ocrx_word' id='word_1_28' title='bbox 486 586 811 642; x_wconf 87' lang='lat' dir='ltr'><strong>documenta</strong></span> <span class='ocrx_word' id='word_1_29' title='bbox 839 577 978 649; x_wconf 88' lang='lat' dir='ltr'><strong>apud</strong></span> <span class='ocrx_word' id='word_1_30' title='bbox 1004 574 1331 647; x_wconf 87' lang='lat' dir='ltr'><strong>Ugltelliutn,</strong></span> <span class='ocrx_word' id='word_1_31' title='bbox 1361 572 1414 627; x_wconf 89' lang='lat' dir='ltr'><strong>in</strong></span> <span class='ocrx_word' id='word_1_32' title='bbox 1441 570 1634 644; x_wconf 85' lang='lat' dir='ltr'><strong>quibus</strong></span> <span class='ocrx_word' id='word_1_33' title='bbox 1653 584 1819 625; x_wconf 91' lang='lat' dir='ltr'><strong>unum</strong></span> <span class='ocrx_word' id='word_1_34' title='bbox 1841 584 1930 624; x_wconf 91' lang='lat' dir='ltr'><strong>an.</strong></span> <span class='ocrx_word' id='word_1_35' title='bbox 1951 567 2075 635; x_wconf 80' lang='lat'><strong>865,</strong></span> 
     </span>
    </p>
   </div>
   <div class='ocr_carea' id='block_1_7' title="bbox 486 664 2083 751">
    <p class='ocr_par' dir='ltr' id='par_1_7' title="bbox 486 664 2083 751">
     <span class='ocr_line' id='line_1_7' title="bbox 486 664 2083 751; baseline -0.01 -18"><span class='ocrx_word' id='word_1_36' title='bbox 486 695 604 751; x_wconf 85' lang='lat' dir='ltr'><strong>pag.</strong></span> <span class='ocrx_word' id='word_1_37' title='bbox 637 677 764 740; x_wconf 72' lang='lat'><strong>721,</strong></span> <span class='ocrx_word' id='word_1_38' title='bbox 795 673 910 729; x_wconf 84' lang='lat' dir='ltr'><strong>fuse</strong></span> <span class='ocrx_word' id='word_1_39' title='bbox 947 671 1229 728; x_wconf 83' lang='lat' dir='ltr'><strong>recitatum</strong></span> <span class='ocrx_word' id='word_1_40' title='bbox 1255 668 1600 725; x_wconf 80' lang='lat' dir='ltr'><strong>festivitatem</strong></span> <span class='ocrx_word' id='word_1_41' title='bbox 1621 667 1673 720; x_wconf 86' lang='lat' dir='ltr'><strong>S.</strong></span> <span class='ocrx_word' id='word_1_42' title='bbox 1707 664 1938 719; x_wconf 83' lang='lat' dir='ltr'><strong>Zenonis</strong></span> <span class='ocrx_word' id='word_1_43' title='bbox 1969 677 2083 718; x_wconf 90' lang='lat' dir='ltr'><strong>me-</strong></span> 
     </span>
    </p>
   </div>
   <div class='ocr_carea' id='block_1_8' title="bbox 486 757 2082 833">
    <p class='ocr_par' dir='ltr' id='par_1_8' title="bbox 486 757 2082 833">
     <span class='ocr_line' id='line_1_8' title="bbox 486 757 2082 833; baseline -0.011 -4"><span class='ocrx_word' id='word_1_44' title='bbox 486 787 704 829; x_wconf 89' lang='lat' dir='ltr'><strong>morans</strong></span> <span class='ocrx_word' id='word_1_45' title='bbox 723 770 787 824; x_wconf 87' lang='lat' dir='ltr'><strong>de</strong></span> <span class='ocrx_word' id='word_1_46' title='bbox 812 783 986 824; x_wconf 80' lang='lat' dir='ltr'><strong>mense</strong></span> <span class='ocrx_word' id='word_1_47' title='bbox 1011 765 1212 833; x_wconf 78' lang='lat' dir='ltr'><strong>Mattio,</strong></span> <span class='ocrx_word' id='word_1_48' title='bbox 1242 763 1650 818; x_wconf 82' lang='lat' dir='ltr'><strong>translationem</strong></span> <span class='ocrx_word' id='word_1_49' title='bbox 1693 759 1881 831; x_wconf 83' lang='lat' dir='ltr'><strong>procul</strong></span> <span class='ocrx_word' id='word_1_50' title='bbox 1918 757 2082 813; x_wconf 90' lang='lat' dir='ltr'><strong>dubio</strong></span> 
     </span>
    </p>
   </div>
   <div class='ocr_carea' id='block_1_9' title="bbox 486 853 2082 940">
    <p class='ocr_par' dir='ltr' id='par_1_9' title="bbox 486 853 2082 940">
     <span class='ocr_line' id='line_1_9' title="bbox 486 853 2082 940; baseline -0.012 -14"><span class='ocrx_word' id='word_1_51' title='bbox 486 867 705 940; x_wconf 77' lang='lat' dir='ltr'><strong>respicit</strong></span> <span class='ocrx_word' id='word_1_52' title='bbox 737 909 752 933; x_wconf 93' lang='lat'><strong>,</strong></span> <span class='ocrx_word' id='word_1_53' title='bbox 779 879 901 938; x_wconf 69' lang='lat' dir='ltr'><strong>qua</strong></span> <span class='ocrx_word' id='word_1_54' title='bbox 930 879 996 920; x_wconf 79' lang='lat' dir='ltr'><strong>ex</strong></span> <span class='ocrx_word' id='word_1_55' title='bbox 1029 862 1278 918; x_wconf 87' lang='lat' dir='ltr'><strong>omnibus</strong></span> <span class='ocrx_word' id='word_1_56' title='bbox 1308 869 1508 922; x_wconf 84' lang='lat' dir='ltr'><strong>nostrae</strong></span> <span class='ocrx_word' id='word_1_57' title='bbox 1539 856 1792 913; x_wconf 55' lang='lat' dir='ltr'><strong>Ecclesia</strong></span> <span class='ocrx_word' id='word_1_58' title='bbox 1817 853 2082 910; x_wconf 87' lang='lat' dir='ltr'><strong>Calenda-</strong></span> 
     </span>
    </p>
   </div>
   <div class='ocr_carea' id='block_1_10' title="bbox 486 946 2083 1020">
    <p class='ocr_par' dir='ltr' id='par_1_10' title="bbox 486 946 2083 1020">
     <span class='ocr_line' id='line_1_10' title="bbox 486 946 2083 1020; baseline -0.011 -2"><span class='ocrx_word' id='word_1_59' title='bbox 486 963 580 1018; x_wconf 90' lang='lat' dir='ltr'><strong>riis</strong></span> <span class='ocrx_word' id='word_1_60' title='bbox 603 976 667 1018; x_wconf 91' lang='lat' dir='ltr'><strong>ac</strong></span> <span class='ocrx_word' id='word_1_61' title='bbox 692 957 978 1015; x_wconf 88' lang='lat' dir='ltr'><strong>ritualibus</strong></span> <span class='ocrx_word' id='word_1_62' title='bbox 1006 954 1158 1011; x_wconf 86' lang='lat' dir='ltr'><strong>libris</strong></span> <span class='ocrx_word' id='word_1_63' title='bbox 1177 953 1283 1010; x_wconf 89' lang='lat' dir='ltr'><strong>diei</strong></span> <span class='ocrx_word' id='word_1_64' title='bbox 1310 953 1376 1008; x_wconf 71' lang='grc'><strong>21</strong></span> <span class='ocrx_word' id='word_1_65' title='bbox 1414 951 1534 1006; x_wconf 78' lang='lat' dir='ltr'><strong>Maii</strong></span> <span class='ocrx_word' id='word_1_66' title='bbox 1565 950 1818 1020; x_wconf 80' lang='lat' dir='ltr'><strong>afﬁgitur,</strong></span> <span class='ocrx_word' id='word_1_67' title='bbox 1861 946 2083 1004; x_wconf 82' lang='lat' dir='ltr'><strong>eodem-</strong></span> 
     </span>
    </p>
   </div>
   <div class='ocr_carea' id='block_1_11' title="bbox 396 1043 2078 1136">
    <p class='ocr_par' dir='ltr' id='par_1_11' title="bbox 396 1043 2078 1136">
     <span class='ocr_line' id='line_1_11' title="bbox 396 1043 2078 1136; baseline -0.013 -18"><span class='ocrx_word' id='word_1_68' title='bbox 396 1131 401 1136; x_wconf 28' lang='grc' dir='ltr'><em>ι</em></span> <span class='ocrx_word' id='word_1_69' title='bbox 479 1062 608 1133; x_wconf 62' lang='lat' dir='ltr'><strong>que}</strong></span> <span class='ocrx_word' id='word_1_70' title='bbox 637 1058 725 1115; x_wconf 91' lang='lat' dir='ltr'><strong>die</strong></span> <span class='ocrx_word' id='word_1_71' title='bbox 776 1072 806 1111; x_wconf 91' lang='lat' dir='ltr'><strong>a</strong></span> <span class='ocrx_word' id='word_1_72' title='bbox 837 1054 1061 1112; x_wconf 80' lang='lat' dir='ltr'><strong>Rabano</strong></span> <span class='ocrx_word' id='word_1_73' title='bbox 1108 1061 1162 1108; x_wconf 92' lang='lat' dir='ltr'><strong>et</strong></span> <span class='ocrx_word' id='word_1_74' title='bbox 1202 1049 1463 1112; x_wconf 81' lang='lat' dir='ltr'><strong>Notkerio</strong></span> <span class='ocrx_word' id='word_1_75' title='bbox 1513 1045 1756 1117; x_wconf 83' lang='lat' dir='ltr'><strong>ejusdem</strong></span> <span class='ocrx_word' id='word_1_76' title='bbox 1794 1043 1976 1100; x_wconf 72' lang='lat' dir='ltr'><strong>saeculi</strong></span> <span class='ocrx_word' id='word_1_77' title='bbox 2027 1057 2078 1097; x_wconf 80' lang='lat' dir='ltr'><strong>Ix</strong></span> 
     </span>
    </p>
   </div>
   <div class='ocr_carea' id='block_1_12' title="bbox 481 1135 2080 1220">
    <p class='ocr_par' dir='ltr' id='par_1_12' title="bbox 481 1135 2080 1220">
     <span class='ocr_line' id='line_1_12' title="bbox 481 1135 2080 1220; baseline -0.014 -9"><span class='ocrx_word' id='word_1_78' title='bbox 481 1151 797 1210; x_wconf 80' lang='lat' dir='ltr'><strong>auctoribus</strong></span> <span class='ocrx_word' id='word_1_79' title='bbox 825 1145 1280 1220; x_wconf 83' lang='lat' dir='ltr'><strong>inmatyrologiis</strong></span> <span class='ocrx_word' id='word_1_80' title='bbox 1308 1142 1569 1213; x_wconf 75' lang='lat' dir='ltr'><strong>signatur.</strong></span> <span class='ocrx_word' id='word_1_81' title='bbox 1601 1138 1740 1195; x_wconf 85' lang='lat' dir='ltr'><strong>Hinc</strong></span> <span class='ocrx_word' id='word_1_82' title='bbox 1785 1135 2080 1208; x_wconf 89' lang='lat' dir='ltr'><strong>probabilia</strong></span> 
     </span>
    </p>
   </div>
   <div class='ocr_carea' id='block_1_13' title="bbox 484 1227 2080 1311">
    <p class='ocr_par' dir='ltr' id='par_1_13' title="bbox 484 1227 2080 1311">
     <span class='ocr_line' id='line_1_13' title="bbox 484 1227 2080 1311; baseline -0.013 -10"><span class='ocrx_word' id='word_1_83' title='bbox 484 1245 649 1302; x_wconf 87' lang='lat' dir='ltr'><strong>etiam</strong></span> <span class='ocrx_word' id='word_1_84' title='bbox 691 1250 959 1311; x_wconf 83' lang='lat' dir='ltr'><strong>suntquae</strong></span> <span class='ocrx_word' id='word_1_85' title='bbox 994 1238 1061 1294; x_wconf 90' lang='lat' dir='ltr'><strong>de</strong></span> <span class='ocrx_word' id='word_1_86' title='bbox 1089 1237 1278 1307; x_wconf 87' lang='lat' dir='ltr'><strong>Pipino</strong></span> <span class='ocrx_word' id='word_1_87' title='bbox 1335 1248 1399 1289; x_wconf 88' lang='lat' dir='ltr'><strong>ac</strong></span> <span class='ocrx_word' id='word_1_88' title='bbox 1451 1231 1680 1287; x_wconf 82' lang='lat' dir='ltr'><strong>Rotaldo</strong></span> <span class='ocrx_word' id='word_1_89' title='bbox 1736 1230 1788 1284; x_wconf 90' lang='lat' dir='ltr'><strong>in</strong></span> <span class='ocrx_word' id='word_1_90' title='bbox 1838 1227 1890 1283; x_wconf 89' lang='lat' dir='ltr'><strong>id</strong></span> <span class='ocrx_word' id='word_1_91' title='bbox 1944 1241 2080 1296; x_wconf 80' lang='lat' dir='ltr'><strong>Opus</strong></span> 
     </span>
    </p>
   </div>
   <div class='ocr_carea' id='block_1_14' title="bbox 481 1325 2083 1396">
    <p class='ocr_par' dir='ltr' id='par_1_14' title="bbox 481 1325 2083 1396">
     <span class='ocr_line' id='line_1_14' title="bbox 481 1325 2083 1396; baseline -0.014 -1"><span class='ocrx_word' id='word_1_92' title='bbox 481 1335 949 1394; x_wconf 85' lang='lat' dir='ltr'><strong>consentientibus</strong></span> <span class='ocrx_word' id='word_1_93' title='bbox 981 1332 1284 1388; x_wconf 90' lang='lat' dir='ltr'><strong>traduntur.</strong></span> <span class='ocrx_word' id='word_1_94' title='bbox 1319 1325 1474 1396; x_wconf 87' lang='lat' dir='ltr'><strong>Quod</strong></span> <span class='ocrx_word' id='word_1_95' title='bbox 1507 1339 1669 1396; x_wconf 90' lang='lat' dir='ltr'><strong>porro</strong></span> <span class='ocrx_word' id='word_1_96' title='bbox 1689 1329 1879 1378; x_wconf 89' lang='lat' dir='ltr'><strong>auctor</strong></span> <span class='ocrx_word' id='word_1_97' title='bbox 1898 1327 2083 1375; x_wconf 87' lang='lat' dir='ltr'><strong>narrat</strong></span> 
     </span>
    </p>
   </div>
   <div class='ocr_carea' id='block_1_15' title="bbox 484 1414 2078 1504">
    <p class='ocr_par' dir='ltr' id='par_1_15' title="bbox 484 1414 2078 1504">
     <span class='ocr_line' id='line_1_15' title="bbox 484 1414 2078 1504; baseline -0.014 -14"><span class='ocrx_word' id='word_1_98' title='bbox 484 1433 783 1504; x_wconf 86' lang='lat' dir='ltr'><strong>Benignum</strong></span> <span class='ocrx_word' id='word_1_99' title='bbox 803 1438 858 1486; x_wconf 90' lang='lat' dir='ltr'><strong>et</strong></span> <span class='ocrx_word' id='word_1_100' title='bbox 877 1429 1076 1485; x_wconf 87' lang='lat' dir='ltr'><strong>Carum</strong></span> <span class='ocrx_word' id='word_1_101' title='bbox 1109 1426 1228 1496; x_wconf 90' lang='lat' dir='ltr'><strong>pios</strong></span> <span class='ocrx_word' id='word_1_102' title='bbox 1253 1438 1317 1478; x_wconf 89' lang='lat' dir='ltr'><strong>ac</strong></span> <span class='ocrx_word' id='word_1_103' title='bbox 1344 1429 1563 1478; x_wconf 89' lang='lat' dir='ltr'><strong>sanctos</strong></span> <span class='ocrx_word' id='word_1_104' title='bbox 1590 1419 1737 1473; x_wconf 88' lang='lat' dir='ltr'><strong>viros</strong></span> <span class='ocrx_word' id='word_1_105' title='bbox 1761 1431 1931 1488; x_wconf 89' lang='lat' dir='ltr'><strong>prope</strong></span> <span class='ocrx_word' id='word_1_106' title='bbox 1973 1414 2078 1469; x_wconf 81' lang='lat' dir='ltr'><strong>Be-</strong></span> 
     </span>
    </p>
   </div>
   <div class='ocr_carea' id='block_1_16' title="bbox 486 1509 2104 1596">
    <p class='ocr_par' dir='ltr' id='par_1_16' title="bbox 486 1509 2104 1596">
     <span class='ocr_line' id='line_1_16' title="bbox 486 1509 2104 1596; baseline -0.011 -11"><span class='ocrx_word' id='word_1_107' title='bbox 486 1543 681 1584; x_wconf 86' lang='lat' dir='ltr'><strong>nacum</strong></span> <span class='ocrx_word' id='word_1_108' title='bbox 708 1527 762 1582; x_wconf 90' lang='lat' dir='ltr'><strong>in</strong></span> <span class='ocrx_word' id='word_1_109' title='bbox 791 1532 1019 1596; x_wconf 84' lang='lat' dir='ltr'><strong>augusto</strong></span> <span class='ocrx_word' id='word_1_110' title='bbox 1041 1529 1096 1577; x_wconf 86' lang='lat' dir='ltr'><strong>et</strong></span> <span class='ocrx_word' id='word_1_111' title='bbox 1123 1521 1348 1591; x_wconf 88' lang='lat' dir='ltr'><strong>abrupto</strong></span> <span class='ocrx_word' id='word_1_112' title='bbox 1372 1519 1493 1572; x_wconf 93' lang='lat' dir='ltr'><strong>loco</strong></span> <span class='ocrx_word' id='word_1_113' title='bbox 1523 1517 1686 1570; x_wconf 90' lang='lat' dir='ltr'><strong>vitam</strong></span> <span class='ocrx_word' id='word_1_114' title='bbox 1710 1514 1989 1584; x_wconf 90' lang='lat' dir='ltr'><strong>degentes,</strong></span> <span class='ocrx_word' id='word_1_115' title='bbox 2011 1509 2079 1566; x_wconf 90' lang='lat' dir='ltr'><strong>ad</strong></span> <span class='ocrx_word' id='word_1_116' title='bbox 2100 1564 2104 1568; x_wconf 91' lang='lat'><strong>.</strong></span> 
     </span>
    </p>
   </div>
   <div class='ocr_carea' id='block_1_17' title="bbox 486 1604 2078 1689">
    <p class='ocr_par' dir='ltr' id='par_1_17' title="bbox 486 1604 2078 1689">
     <span class='ocr_line' id='line_1_17' title="bbox 486 1604 2078 1689; baseline -0.013 -12"><span class='ocrx_word' id='word_1_117' title='bbox 486 1618 1150 1689; x_wconf 35' lang='lat' dir='ltr'><strong>transferendumjsacrum</strong></span> <span class='ocrx_word' id='word_1_118' title='bbox 1165 1628 1361 1684; x_wconf 87' lang='lat' dir='ltr'><strong>corpus</strong></span> <span class='ocrx_word' id='word_1_119' title='bbox 1386 1607 1552 1684; x_wconf 76' lang='lat' dir='ltr'><strong>[cm]</strong></span> <span class='ocrx_word' id='word_1_120' title='bbox 1574 1607 1739 1663; x_wconf 89' lang='lat' dir='ltr'><strong>fuisse</strong></span> <span class='ocrx_word' id='word_1_121' title='bbox 1761 1605 1984 1670; x_wconf 88' lang='lat' dir='ltr'><strong>accitos,</strong></span> <span class='ocrx_word' id='word_1_122' title='bbox 2009 1604 2078 1656; x_wconf 91' lang='lat' dir='ltr'><strong>ab</strong></span> 
     </span>
    </p>
   </div>
   <div class='ocr_carea' id='block_1_18' title="bbox 483 1701 2074 1787">
    <p class='ocr_par' dir='ltr' id='par_1_18' title="bbox 483 1701 2074 1787">
     <span class='ocr_line' id='line_1_18' title="bbox 483 1701 2074 1787; baseline -0.013 -15"><span class='ocrx_word' id='word_1_123' title='bbox 483 1717 706 1787; x_wconf 82' lang='lat' dir='ltr'><strong>antiquo</strong></span> <span class='ocrx_word' id='word_1_124' title='bbox 758 1718 1111 1768; x_wconf 87' lang='lat' dir='ltr'><strong>monumento</strong></span> <span class='ocrx_word' id='word_1_125' title='bbox 1160 1722 1380 1766; x_wconf 84' lang='lat' dir='ltr'><strong>manare</strong></span> <span class='ocrx_word' id='word_1_126' title='bbox 1406 1704 1655 1768; x_wconf 86' lang='lat' dir='ltr'><strong>videtur;</strong></span> <span class='ocrx_word' id='word_1_127' title='bbox 1699 1701 1904 1770; x_wconf 88' lang='lat' dir='ltr'><strong>reliqua</strong></span> <span class='ocrx_word' id='word_1_128' title='bbox 1925 1711 2074 1762; x_wconf 84' lang='lat' dir='ltr'><strong>vero,</strong></span> 
     </span>
    </p>
   </div>
   <div class='ocr_carea' id='block_1_19' title="bbox 2183 469 3748 548">
    <p class='ocr_par' dir='ltr' id='par_1_19' title="bbox 2183 469 3748 548">
     <span class='ocr_line' id='line_1_19' title="bbox 2183 469 3748 548; baseline 0.008 -24"><span class='ocrx_word' id='word_1_129' title='bbox 2183 470 2374 535; x_wconf 88' lang='lat' dir='ltr'><strong>altera,</strong></span> <span class='ocrx_word' id='word_1_130' title='bbox 2407 479 2533 524; x_wconf 88' lang='lat' dir='ltr'><strong>ante</strong></span> <span class='ocrx_word' id='word_1_131' title='bbox 2560 469 2748 524; x_wconf 89' lang='lat' dir='ltr'><strong>decem</strong></span> <span class='ocrx_word' id='word_1_132' title='bbox 2775 469 2859 525; x_wconf 93' lang='lat' dir='ltr'><strong>vel</strong></span> <span class='ocrx_word' id='word_1_133' title='bbox 2887 469 3134 527; x_wconf 88' lang='lat' dir='ltr'><strong>undecim</strong></span> <span class='ocrx_word' id='word_1_134' title='bbox 3175 475 3369 530; x_wconf 61' lang='lat' dir='ltr'><strong>saecula</strong></span> <span class='ocrx_word' id='word_1_135' title='bbox 3412 491 3574 548; x_wconf 80' lang='lat' dir='ltr'><strong>prope</strong></span> <span class='ocrx_word' id='word_1_136' title='bbox 3615 492 3748 536; x_wconf 85' lang='lat' dir='ltr'><strong>vetc-</strong></span> 
     </span>
    </p>
   </div>
   <div class='ocr_carea' id='block_1_20' title="bbox 2182 563 3756 630">
    <p class='ocr_par' dir='ltr' id='par_1_20' title="bbox 2182 563 3756 630">
     <span class='ocr_line' id='line_1_20' title="bbox 2182 563 3756 630; baseline 0.008 -12"><span class='ocrx_word' id='word_1_137' title='bbox 2182 578 2296 618; x_wconf 89' lang='lat' dir='ltr'><strong>rem</strong></span> <span class='ocrx_word' id='word_1_138' title='bbox 2325 563 2382 619; x_wconf 92' lang='lat' dir='ltr'><strong>S.</strong></span> <span class='ocrx_word' id='word_1_139' title='bbox 2415 563 2651 619; x_wconf 86' lang='lat' dir='ltr'><strong>Zenonis</strong></span> <span class='ocrx_word' id='word_1_140' title='bbox 2681 563 2988 630; x_wconf 85' lang='lat' dir='ltr'><strong>ecclesiam,</strong></span> <span class='ocrx_word' id='word_1_141' title='bbox 3029 580 3152 620; x_wconf 90' lang='lat' dir='ltr'><strong>cum</strong></span> <span class='ocrx_word' id='word_1_142' title='bbox 3199 582 3262 624; x_wconf 92' lang='lat' dir='ltr'><strong>eo</strong></span> <span class='ocrx_word' id='word_1_143' title='bbox 3309 571 3543 626; x_wconf 89' lang='lat' dir='ltr'><strong>nondum</strong></span> <span class='ocrx_word' id='word_1_144' title='bbox 3589 587 3756 630; x_wconf 88' lang='lat' dir='ltr'><strong>essent</strong></span> 
     </span>
    </p>
   </div>
   <div class='ocr_carea' id='block_1_21' title="bbox 2184 654 3751 735">
    <p class='ocr_par' dir='ltr' id='par_1_21' title="bbox 2184 654 3751 735">
     <span class='ocr_line' id='line_1_21' title="bbox 2184 654 3751 735; baseline 0.008 -25"><span class='ocrx_word' id='word_1_145' title='bbox 2184 654 2443 724; x_wconf 86' lang='lat' dir='ltr'><strong>producta</strong></span> <span class='ocrx_word' id='word_1_146' title='bbox 2473 656 2622 710; x_wconf 92' lang='lat' dir='ltr'><strong>urbis</strong></span> <span class='ocrx_word' id='word_1_147' title='bbox 2648 655 2866 722; x_wconf 69' lang='lat' dir='ltr'><strong>muenia,</strong></span> <span class='ocrx_word' id='word_1_148' title='bbox 2909 655 3134 714; x_wconf 82' lang='lat' dir='ltr'><strong>affluere</strong></span> <span class='ocrx_word' id='word_1_149' title='bbox 3157 675 3259 714; x_wconf 89' lang='lat' dir='ltr'><strong>non</strong></span> <span class='ocrx_word' id='word_1_150' title='bbox 3283 660 3504 720; x_wconf 89' lang='lat' dir='ltr'><strong>diflicile</strong></span> <span class='ocrx_word' id='word_1_151' title='bbox 3526 675 3751 735; x_wconf 78' lang='lat' dir='ltr'><strong>poterat;</strong></span> 
     </span>
    </p>
   </div>
   <div class='ocr_carea' id='block_1_22' title="bbox 2185 753 3755 828">
    <p class='ocr_par' dir='ltr' id='par_1_22' title="bbox 2185 753 3755 828">
     <span class='ocr_line' id='line_1_22' title="bbox 2185 753 3755 828; baseline 0.006 -22"><span class='ocrx_word' id='word_1_152' title='bbox 2185 753 2406 825; x_wconf 86' lang='lat' dir='ltr'><strong>ipsaque</strong></span> <span class='ocrx_word' id='word_1_153' title='bbox 2437 764 2700 826; x_wconf 58' lang='lat' dir='ltr'><strong>prasterea</strong></span> <span class='ocrx_word' id='word_1_154' title='bbox 2731 767 2886 813; x_wconf 89' lang='lat' dir='ltr'><strong>vetus</strong></span> <span class='ocrx_word' id='word_1_155' title='bbox 2916 757 3170 822; x_wconf 74' lang='lat' dir='ltr'><strong>ecclesia,</strong></span> <span class='ocrx_word' id='word_1_156' title='bbox 3194 757 3245 812; x_wconf 91' lang='lat' dir='ltr'><strong>in</strong></span> <span class='ocrx_word' id='word_1_157' title='bbox 3273 773 3377 828; x_wconf 92' lang='lat' dir='ltr'><strong>qua</strong></span> <span class='ocrx_word' id='word_1_158' title='bbox 3431 757 3486 814; x_wconf 99' lang='grc'><strong>8.</strong></span> <span class='ocrx_word' id='word_1_159' title='bbox 3541 759 3755 818; x_wconf 86' lang='lat' dir='ltr'><strong>Zenonis</strong></span> 
     </span>
    </p>
   </div>
   <div class='ocr_carea' id='block_1_23' title="bbox 2182 847 3754 922">
    <p class='ocr_par' dir='ltr' id='par_1_23' title="bbox 2182 847 3754 922">
     <span class='ocr_line' id='line_1_23' title="bbox 2182 847 3754 922; baseline 0.005 -22"><span class='ocrx_word' id='word_1_160' title='bbox 2182 859 2383 915; x_wconf 89' lang='lat' dir='ltr'><strong>corpus</strong></span> <span class='ocrx_word' id='word_1_161' title='bbox 2410 848 2642 916; x_wconf 89' lang='lat' dir='ltr'><strong>primum</strong></span> <span class='ocrx_word' id='word_1_162' title='bbox 2665 847 2902 918; x_wconf 70' lang='lat' dir='ltr'><strong>iacebat,</strong></span> <span class='ocrx_word' id='word_1_163' title='bbox 2937 849 3207 906; x_wconf 89' lang='lat' dir='ltr'><strong>humiliori</strong></span> <span class='ocrx_word' id='word_1_164' title='bbox 3234 865 3297 920; x_wconf 87' lang='lat' dir='ltr'><strong>ac</strong></span> <span class='ocrx_word' id='word_1_165' title='bbox 3327 851 3497 922; x_wconf 87' lang='lat' dir='ltr'><strong>magis</strong></span> <span class='ocrx_word' id='word_1_166' title='bbox 3520 851 3754 917; x_wconf 85' lang='lat' dir='ltr'><strong>demisso.</strong></span> 
     </span>
    </p>
   </div>
   <div class='ocr_carea' id='block_1_24' title="bbox 2182 942 3758 1017">
    <p class='ocr_par' dir='ltr' id='par_1_24' title="bbox 2182 942 3758 1017">
     <span class='ocr_line' id='line_1_24' title="bbox 2182 942 3758 1017; baseline 0.006 -23"><span class='ocrx_word' id='word_1_167' title='bbox 2182 954 2347 1009; x_wconf 86' lang='lat' dir='ltr'><strong>quam</strong></span> <span class='ocrx_word' id='word_1_168' title='bbox 2378 955 2521 996; x_wconf 90' lang='lat' dir='ltr'><strong>nunc</strong></span> <span class='ocrx_word' id='word_1_169' title='bbox 2545 955 2688 997; x_wconf 84' lang='lat' dir='ltr'><strong>nova</strong></span> <span class='ocrx_word' id='word_1_170' title='bbox 2734 942 2952 998; x_wconf 88' lang='lat' dir='ltr'><strong>basilica</strong></span> <span class='ocrx_word' id='word_1_171' title='bbox 2979 950 3082 1009; x_wconf 89' lang='lat' dir='ltr'><strong>est,</strong></span> <span class='ocrx_word' id='word_1_172' title='bbox 3109 945 3160 1000; x_wconf 93' lang='lat' dir='ltr'><strong>in</strong></span> <span class='ocrx_word' id='word_1_173' title='bbox 3191 944 3310 1000; x_wconf 87' lang='lat' dir='ltr'><strong>solo</strong></span> <span class='ocrx_word' id='word_1_174' title='bbox 3334 945 3630 1002; x_wconf 88' lang='lat' dir='ltr'><strong>consistere</strong></span> <span class='ocrx_word' id='word_1_175' title='bbox 3676 963 3758 1017; x_wconf 66' lang='lat' dir='ltr'><strong>po~</strong></span> 
     </span>
    </p>
   </div>
   <div class='ocr_carea' id='block_1_25' title="bbox 2186 1034 3757 1112">
    <p class='ocr_par' dir='ltr' id='par_1_25' title="bbox 2186 1034 3757 1112">
     <span class='ocr_line' id='line_1_25' title="bbox 2186 1034 3757 1112; baseline 0.006 -23"><span class='ocrx_word' id='word_1_176' title='bbox 2186 1037 2306 1100; x_wconf 91' lang='lat' dir='ltr'><strong>tuit,</strong></span> <span class='ocrx_word' id='word_1_177' title='bbox 2341 1045 2398 1090; x_wconf 89' lang='lat' dir='ltr'><strong>ut</strong></span> <span class='ocrx_word' id='word_1_178' title='bbox 2418 1034 2634 1092; x_wconf 78' lang='lat' dir='ltr'><strong>Athesis</strong></span> <span class='ocrx_word' id='word_1_179' title='bbox 2661 1037 2820 1094; x_wconf 65' lang='lat' dir='ltr'><strong>undat</strong></span> <span class='ocrx_word' id='word_1_180' title='bbox 2849 1038 2902 1094; x_wconf 93' lang='lat' dir='ltr'><strong>in</strong></span> <span class='ocrx_word' id='word_1_181' title='bbox 2932 1054 3124 1110; x_wconf 86' lang='lat' dir='ltr'><strong>magna</strong></span> <span class='ocrx_word' id='word_1_182' title='bbox 3154 1039 3390 1111; x_wconf 79' lang='lat' dir='ltr'><strong>ingluvie</strong></span> <span class='ocrx_word' id='word_1_183' title='bbox 3417 1040 3485 1097; x_wconf 90' lang='lat' dir='ltr'><strong>ad</strong></span> <span class='ocrx_word' id='word_1_184' title='bbox 3523 1041 3636 1112; x_wconf 84' lang='lat' dir='ltr'><strong>ejus</strong></span> <span class='ocrx_word' id='word_1_185' title='bbox 3676 1058 3757 1098; x_wconf 89' lang='lat' dir='ltr'><strong>ec-</strong></span> 
     </span>
    </p>
   </div>
   <div class='ocr_carea' id='block_1_26' title="bbox 2183 1129 3756 1204">
    <p class='ocr_par' dir='ltr' id='par_1_26' title="bbox 2183 1129 3756 1204">
     <span class='ocr_line' id='line_1_26' title="bbox 2183 1129 3756 1204; baseline 0.006 -21"><span class='ocrx_word' id='word_1_186' title='bbox 2183 1129 2362 1184; x_wconf 75' lang='lat' dir='ltr'><strong>clesia:</strong></span> <span class='ocrx_word' id='word_1_187' title='bbox 2410 1129 2672 1187; x_wconf 86' lang='lat' dir='ltr'><strong>fenestras</strong></span> <span class='ocrx_word' id='word_1_188' title='bbox 2728 1132 3015 1189; x_wconf 86' lang='lat' dir='ltr'><strong>commode</strong></span> <span class='ocrx_word' id='word_1_189' title='bbox 3086 1135 3456 1204; x_wconf 85' lang='lat' dir='ltr'><strong>pervenerint.</strong></span> <span class='ocrx_word' id='word_1_190' title='bbox 3508 1135 3756 1192; x_wconf 65' lang='lat' dir='ltr'><strong>Caeterum</strong></span> 
     </span>
    </p>
   </div>
   <div class='ocr_carea' id='block_1_27' title="bbox 2184 1222 3759 1286">
    <p class='ocr_par' dir='ltr' id='par_1_27' title="bbox 2184 1222 3759 1286">
     <span class='ocr_line' id='line_1_27' title="bbox 2184 1222 3759 1286; baseline 0.004 -7"><span class='ocrx_word' id='word_1_191' title='bbox 2184 1222 2443 1279; x_wconf 89' lang='lat' dir='ltr'><strong>credibile</strong></span> <span class='ocrx_word' id='word_1_192' title='bbox 2470 1233 2555 1278; x_wconf 90' lang='lat' dir='ltr'><strong>est</strong></span> <span class='ocrx_word' id='word_1_193' title='bbox 2579 1225 2865 1281; x_wconf 88' lang='lat' dir='ltr'><strong>ecclesiam</strong></span> <span class='ocrx_word' id='word_1_194' title='bbox 2902 1226 2957 1282; x_wconf 87' lang='lat' dir='ltr'><strong>S.</strong></span> <span class='ocrx_word' id='word_1_195' title='bbox 2991 1226 3229 1283; x_wconf 89' lang='lat' dir='ltr'><strong>Zenonis</strong></span> <span class='ocrx_word' id='word_1_196' title='bbox 3253 1227 3307 1282; x_wconf 88' lang='lat' dir='ltr'><strong>in</strong></span> <span class='ocrx_word' id='word_1_197' title='bbox 3338 1227 3581 1284; x_wconf 88' lang='lat' dir='ltr'><strong>Oratorio</strong></span> <span class='ocrx_word' id='word_1_198' title='bbox 3630 1230 3759 1286; x_wconf 87' lang='lat' dir='ltr'><strong>illam</strong></span> 
     </span>
    </p>
   </div>
   <div class='ocr_carea' id='block_1_28' title="bbox 2185 1306 3762 1389">
    <p class='ocr_par' dir='ltr' id='par_1_28' title="bbox 2185 1306 3762 1389">
     <span class='ocr_line' id='line_1_28' title="bbox 2185 1306 3762 1389; baseline 0.005 -18"><span class='ocrx_word' id='word_1_199' title='bbox 2185 1331 2325 1378; x_wconf 88' lang='lat' dir='ltr'><strong>esse.</strong></span> <span class='ocrx_word' id='word_1_200' title='bbox 2353 1331 2476 1388; x_wconf 86' lang='lat' dir='ltr'><strong>quae</strong></span> <span class='ocrx_word' id='word_1_201' title='bbox 2505 1317 2555 1371; x_wconf 90' lang='lat' dir='ltr'><strong>itt</strong></span> <span class='ocrx_word' id='word_1_202' title='bbox 2583 1306 2934 1389; x_wconf 79' lang='lat' dir='ltr'><strong>inscriptione</strong></span> <span class='ocrx_word' id='word_1_203' title='bbox 2975 1319 3195 1376; x_wconf 89' lang='lat' dir='ltr'><strong>Paciftci</strong></span> <span class='ocrx_word' id='word_1_204' title='bbox 3229 1321 3374 1378; x_wconf 90' lang='lat' dir='ltr'><strong>inter</strong></span> <span class='ocrx_word' id='word_1_205' title='bbox 3411 1323 3662 1389; x_wconf 78' lang='lat' dir='ltr'><strong>ecclesias</strong></span> <span class='ocrx_word' id='word_1_206' title='bbox 3704 1324 3762 1379; x_wconf 88' lang='lat' dir='ltr'><strong>ab</strong></span> 
     </span>
    </p>
   </div>
   <div class='ocr_carea' id='block_1_29' title="bbox 2182 1384 3583 1473">
    <p class='ocr_par' dir='ltr' id='par_1_29' title="bbox 2182 1384 3583 1473">
     <span class='ocr_line' id='line_1_29' title="bbox 2182 1384 3583 1473; baseline 0.006 -7"><span class='ocrx_word' id='word_1_207' title='bbox 2182 1411 2374 1467; x_wconf 88' lang='lat' dir='ltr'><strong>eodem</strong></span> <span class='ocrx_word' id='word_1_208' title='bbox 2403 1411 2652 1467; x_wconf 86' lang='lat' dir='ltr'><strong>conditas</strong></span> <span class='ocrx_word' id='word_1_209' title='bbox 2681 1414 2766 1469; x_wconf 86' lang='lat' dir='ltr'><strong>vel</strong></span> <span class='ocrx_word' id='word_1_210' title='bbox 2798 1425 3088 1470; x_wconf 86' lang='lat' dir='ltr'><strong>renovatas</strong></span> <span class='ocrx_word' id='word_1_211' title='bbox 3117 1426 3433 1473; x_wconf 84' lang='lat' dir='ltr'><strong>recensetur</strong></span> <span class='ocrx_word' id='word_1_212' title='bbox 3463 1435 3478 1473; x_wconf 88' lang='lat'><strong>:</strong></span> <span class='ocrx_word' id='word_1_213' title='bbox 3576 1384 3583 1392; x_wconf 37' lang='lat'>.</span> 
     </span>
    </p>
   </div>
   <div class='ocr_carea' id='block_1_30' title="bbox 2276 1525 3490 1604">
    <p class='ocr_par' dir='ltr' id='par_1_30' title="bbox 2276 1525 3490 1604">
     <span class='ocr_line' id='line_1_30' title="bbox 2276 1525 3490 1604; baseline 0.007 -29"><span class='ocrx_word' id='word_1_214' title='bbox 2276 1525 2607 1604; x_wconf 52' lang='lat' dir='ltr'><strong>gcclesiart‘tm</strong></span> <span class='ocrx_word' id='word_1_215' title='bbox 2629 1526 2874 1604; x_wconf 63' lang='lat' dir='ltr'><strong>fundator,</strong></span> <span class='ocrx_word' id='word_1_216' title='bbox 2904 1534 3404 1604; x_wconf 60' lang='lat' dir='ltr'><strong>renovatorpptimns</strong></span> <span class='ocrx_word' id='word_1_217' title='bbox 3487 1531 3490 1534; x_wconf 77' lang='grc'><strong>’</strong></span> 
     </span>
    </p>
   </div>
   <div class='ocr_carea' id='block_1_31' title="bbox 2277 1588 3559 1659">
    <p class='ocr_par' dir='ltr' id='par_1_31' title="bbox 2277 1588 3559 1659">
     <span class='ocr_line' id='line_1_31' title="bbox 2277 1588 3559 1659; baseline 0.005 -21"><span class='ocrx_word' id='word_1_218' title='bbox 2277 1588 2508 1651; x_wconf 84' lang='lat' dir='ltr'><strong>Zenonis,</strong></span> <span class='ocrx_word' id='word_1_219' title='bbox 2535 1591 2748 1652; x_wconf 85' lang='lat' dir='ltr'><strong>Proculi,</strong></span> <span class='ocrx_word' id='word_1_220' title='bbox 2773 1588 2894 1657; x_wconf 81' lang='lat' dir='ltr'><strong>Viti,</strong></span> <span class='ocrx_word' id='word_1_221' title='bbox 2918 1594 3056 1644; x_wconf 88' lang='lat' dir='ltr'><strong>Petri</strong></span> <span class='ocrx_word' id='word_1_222' title='bbox 3081 1604 3134 1646; x_wconf 89' lang='lat' dir='ltr'><strong>et</strong></span> <span class='ocrx_word' id='word_1_223' title='bbox 3162 1588 3436 1659; x_wconf 74' lang='lat' dir='ltr'><strong>Laurentii,</strong></span> <span class='ocrx_word' id='word_1_224' title='bbox 3465 1602 3559 1646; x_wconf 86' lang='lat' dir='ltr'><strong>etc.</strong></span> 
     </span>
    </p>
   </div>
   <div class='ocr_carea' id='block_1_32' title="bbox 2185 1691 3766 1758">
    <p class='ocr_par' dir='ltr' id='par_1_32' title="bbox 2185 1691 3766 1758">
     <span class='ocr_line' id='line_1_32' title="bbox 2185 1691 3766 1758; baseline 0.004 -10"><span class='ocrx_word' id='word_1_225' title='bbox 2185 1691 2445 1749; x_wconf 81' lang='lat' dir='ltr'><strong>Pacificas</strong></span> <span class='ocrx_word' id='word_1_226' title='bbox 2465 1706 2644 1751; x_wconf 88' lang='lat' dir='ltr'><strong>autem</strong></span> <span class='ocrx_word' id='word_1_227' title='bbox 2678 1697 3006 1754; x_wconf 88' lang='lat' dir='ltr'><strong>cathedralis</strong></span> <span class='ocrx_word' id='word_1_228' title='bbox 3030 1709 3226 1755; x_wconf 68' lang='lat' dir='ltr'><strong>nostrm</strong></span> <span class='ocrx_word' id='word_1_229' title='bbox 3254 1700 3500 1758; x_wconf 67' lang='lat' dir='ltr'><strong>ecclesiae</strong></span> <span class='ocrx_word' id='word_1_230' title='bbox 3525 1701 3766 1758; x_wconf 86' lang='lat' dir='ltr'><strong>archidia-</strong></span> 
     </span>
    </p>
   </div>
   <div class='ocr_carea' id='block_1_33' title="bbox 479 1783 3763 1883">
    <p class='ocr_par' dir='ltr' id='par_1_33' title="bbox 479 1783 3763 1883">
     <span class='ocr_line' id='line_1_33' title="bbox 479 1783 3763 1883; baseline -0.005 -18"><span class='ocrx_word' id='word_1_231' title='bbox 479 1783 908 1883; x_wconf 81' lang='lat' dir='ltr'><strong>quibushistoria</strong></span> <span class='ocrx_word' id='word_1_232' title='bbox 931 1803 1196 1876; x_wconf 88' lang='lat' dir='ltr'><strong>ejusmodi</strong></span> <span class='ocrx_word' id='word_1_233' title='bbox 1210 1798 1663 1863; x_wconf 81' lang='lat' dir='ltr'><strong>circumvestitur,</strong></span> <span class='ocrx_word' id='word_1_234' title='bbox 1689 1809 1812 1850; x_wconf 91' lang='lat' dir='ltr'><strong>cum</strong></span> <span class='ocrx_word' id='word_1_235' title='bbox 1826 1789 2074 1863; x_wconf 74' lang='lat' dir='ltr'><strong>quaedam</strong></span> <span class='ocrx_word' id='word_1_236' title='bbox 2106 1783 2152 1844; x_wconf 86' lang='grc' dir='ltr'>Β</span> <span class='ocrx_word' id='word_1_237' title='bbox 2180 1801 2350 1842; x_wconf 89' lang='lat' dir='ltr'><strong>conus</strong></span> <span class='ocrx_word' id='word_1_238' title='bbox 2377 1788 2762 1846; x_wconf 87' lang='lat' dir='ltr'><strong>celeberrimus</strong></span> <span class='ocrx_word' id='word_1_239' title='bbox 2791 1791 2931 1847; x_wconf 92' lang='lat' dir='ltr'><strong>diem</strong></span> <span class='ocrx_word' id='word_1_240' title='bbox 2959 1793 3095 1848; x_wconf 88' lang='lat' dir='ltr'><strong>obiit</strong></span> <span class='ocrx_word' id='word_1_241' title='bbox 3125 1809 3268 1848; x_wconf 88' lang='lat' dir='ltr'><strong>anno</strong></span> <span class='ocrx_word' id='word_1_242' title='bbox 3296 1794 3424 1860; x_wconf 72' lang='grc'>846,</span> <span class='ocrx_word' id='word_1_243' title='bbox 3449 1809 3568 1849; x_wconf 90' lang='lat' dir='ltr'><strong>cum</strong></span> <span class='ocrx_word' id='word_1_244' title='bbox 3593 1799 3763 1850; x_wconf 86' lang='lat' dir='ltr'><strong>eodem</strong></span> 
     </span>
    </p>
   </div>
   <div class='ocr_carea' id='block_1_34' title="bbox 477 1888 2081 1973">
    <p class='ocr_par' dir='ltr' id='par_1_34' title="bbox 477 1888 2081 1973">
     <span class='ocr_line' id='line_1_34' title="bbox 477 1888 2081 1973; baseline -0.014 -12"><span class='ocrx_word' id='word_1_245' title='bbox 477 1904 722 1961; x_wconf 80' lang='lat' dir='ltr'><strong>fabulosa</strong></span> <span class='ocrx_word' id='word_1_246' title='bbox 754 1889 1060 1973; x_wconf 85' lang='lat' dir='ltr'><strong>perperam</strong></span> <span class='ocrx_word' id='word_1_247' title='bbox 1103 1897 1300 1953; x_wconf 89' lang='lat' dir='ltr'><strong>inserta</strong></span> <span class='ocrx_word' id='word_1_248' title='bbox 1352 1893 1675 1966; x_wconf 68' lang='lat' dir='ltr'><strong>praeferant,</strong></span> <span class='ocrx_word' id='word_1_249' title='bbox 1726 1888 1810 1944; x_wconf 86' lang='lat' dir='ltr'><strong>ltic</strong></span> <span class='ocrx_word' id='word_1_250' title='bbox 1854 1895 2081 1958; x_wconf 62' lang='lat' dir='ltr'><strong>praeter-</strong></span> 
     </span>
    </p>
   </div>
   <div class='ocr_carea' id='block_1_35' title="bbox 482 1985 2081 2062">
    <p class='ocr_par' dir='ltr' id='par_1_35' title="bbox 482 1985 2081 2062">
     <span class='ocr_line' id='line_1_35' title="bbox 482 1985 2081 2062; baseline -0.013 -7"><span class='ocrx_word' id='word_1_251' title='bbox 482 1996 746 2055; x_wconf 87' lang='lat' dir='ltr'><strong>mittenda</strong></span> <span class='ocrx_word' id='word_1_252' title='bbox 773 1994 1050 2057; x_wconf 85' lang='lat' dir='ltr'><strong>duximus.</strong></span> <span class='ocrx_word' id='word_1_253' title='bbox 1083 2006 1202 2062; x_wconf 74' lang='lat' dir='ltr'><strong>qute</strong></span> <span class='ocrx_word' id='word_1_254' title='bbox 1234 2000 1412 2044; x_wconf 88' lang='lat' dir='ltr'><strong>tamen</strong></span> <span class='ocrx_word' id='word_1_255' title='bbox 1461 1986 1513 2040; x_wconf 91' lang='lat' dir='ltr'><strong>in</strong></span> <span class='ocrx_word' id='word_1_256' title='bbox 1561 1985 1677 2055; x_wconf 87' lang='lat' dir='ltr'><strong>ipso</strong></span> <span class='ocrx_word' id='word_1_257' title='bbox 1731 1988 2081 2037; x_wconf 89' lang='lat' dir='ltr'><strong>monumento</strong></span> 
     </span>
    </p>
   </div>
   <div class='ocr_carea' id='block_1_36' title="bbox 481 2073 2078 2160">
    <p class='ocr_par' dir='ltr' id='par_1_36' title="bbox 481 2073 2078 2160">
     <span class='ocr_line' id='line_1_36' title="bbox 481 2073 2078 2160; baseline -0.015 -12"><span class='ocrx_word' id='word_1_258' title='bbox 481 2091 742 2160; x_wconf 79' lang='lat' dir='ltr'><strong>deinceps</strong></span> <span class='ocrx_word' id='word_1_259' title='bbox 767 2085 1017 2159; x_wconf 87' lang='lat' dir='ltr'><strong>ponendo</strong></span> <span class='ocrx_word' id='word_1_260' title='bbox 1044 2085 1222 2155; x_wconf 88' lang='lat' dir='ltr'><strong>legere</strong></span> <span class='ocrx_word' id='word_1_261' title='bbox 1252 2081 1478 2152; x_wconf 88' lang='lat' dir='ltr'><strong>quisque</strong></span> <span class='ocrx_word' id='word_1_262' title='bbox 1503 2077 1717 2148; x_wconf 90' lang='lat' dir='ltr'><strong>poterit.</strong></span> <span class='ocrx_word' id='word_1_263' title='bbox 1757 2075 1850 2130; x_wconf 91' lang='lat' dir='ltr'><strong>llla</strong></span> <span class='ocrx_word' id='word_1_264' title='bbox 1901 2073 2078 2128; x_wconf 87' lang='lat' dir='ltr'><strong>Zeno-</strong></span> 
     </span>
    </p>
   </div>
   <div class='ocr_carea' id='block_1_37' title="bbox 481 2166 2078 2247">
    <p class='ocr_par' dir='ltr' id='par_1_37' title="bbox 481 2166 2078 2247">
     <span class='ocr_line' id='line_1_37' title="bbox 481 2166 2078 2247; baseline -0.013 -5"><span class='ocrx_word' id='word_1_265' title='bbox 481 2185 628 2242; x_wconf 86' lang='lat' dir='ltr'><strong>niatti</strong></span> <span class='ocrx_word' id='word_1_266' title='bbox 678 2180 930 2239; x_wconf 86' lang='lat' dir='ltr'><strong>monachi</strong></span> <span class='ocrx_word' id='word_1_267' title='bbox 980 2179 1047 2234; x_wconf 91' lang='lat' dir='ltr'><strong>de</strong></span> <span class='ocrx_word' id='word_1_268' title='bbox 1098 2179 1212 2247; x_wconf 91' lang='lat' dir='ltr'><strong>ipsa</strong></span> <span class='ocrx_word' id='word_1_269' title='bbox 1268 2174 1408 2230; x_wconf 89' lang='lat' dir='ltr'><strong>sacri</strong></span> <span class='ocrx_word' id='word_1_270' title='bbox 1461 2172 1706 2241; x_wconf 89' lang='lat' dir='ltr'><strong>corporis</strong></span> <span class='ocrx_word' id='word_1_271' title='bbox 1750 2166 2078 2232; x_wconf 83' lang='lat' dir='ltr'><strong>elevatione,</strong></span> 
     </span>
    </p>
   </div>
   <div class='ocr_carea' id='block_1_38' title="bbox 485 2259 2082 2342">
    <p class='ocr_par' dir='ltr' id='par_1_38' title="bbox 485 2259 2082 2342">
     <span class='ocr_line' id='line_1_38' title="bbox 485 2259 2082 2342; baseline -0.012 -9"><span class='ocrx_word' id='word_1_272' title='bbox 485 2277 628 2334; x_wconf 86' lang='lat' dir='ltr'><strong>Dum</strong></span> <span class='ocrx_word' id='word_1_273' title='bbox 655 2277 794 2332; x_wconf 84' lang='lat' dir='ltr'><strong>circa</strong></span> <span class='ocrx_word' id='word_1_274' title='bbox 813 2274 1082 2330; x_wconf 76' lang='lat' dir='ltr'><strong>ecclesiam</strong></span> <span class='ocrx_word' id='word_1_275' title='bbox 1109 2277 1416 2342; x_wconf 82' lang='lat' dir='ltr'><strong>gestaretur,</strong></span> <span class='ocrx_word' id='word_1_276' title='bbox 1449 2265 1590 2320; x_wconf 82' lang='lat' dir='ltr'><strong>idem</strong></span> <span class='ocrx_word' id='word_1_277' title='bbox 1621 2277 1820 2334; x_wconf 89' lang='lat' dir='ltr'><strong>corpus</strong></span> <span class='ocrx_word' id='word_1_278' title='bbox 1873 2261 1942 2315; x_wconf 89' lang='lat' dir='ltr'><strong>ab</strong></span> <span class='ocrx_word' id='word_1_279' title='bbox 1981 2259 2082 2314; x_wconf 86' lang='lat' dir='ltr'><strong>ali-</strong></span> 
     </span>
    </p>
   </div>
   <div class='ocr_carea' id='block_1_39' title="bbox 477 2359 2078 2449">
    <p class='ocr_par' dir='ltr' id='par_1_39' title="bbox 477 2359 2078 2449">
     <span class='ocr_line' id='line_1_39' title="bbox 477 2359 2078 2449; baseline -0.015 -17"><span class='ocrx_word' id='word_1_280' title='bbox 477 2392 586 2449; x_wconf 91' lang='lat' dir='ltr'><strong>quo</strong></span> <span class='ocrx_word' id='word_1_281' title='bbox 625 2374 802 2430; x_wconf 89' lang='lat' dir='ltr'><strong>vicino</strong></span> <span class='ocrx_word' id='word_1_282' title='bbox 830 2372 950 2427; x_wconf 91' lang='lat' dir='ltr'><strong>loco</strong></span> <span class='ocrx_word' id='word_1_283' title='bbox 980 2369 1032 2424; x_wconf 88' lang='lat' dir='ltr'><strong>itt</strong></span> <span class='ocrx_word' id='word_1_284' title='bbox 1065 2380 1258 2422; x_wconf 89' lang='lat' dir='ltr'><strong>novam</strong></span> <span class='ocrx_word' id='word_1_285' title='bbox 1284 2362 1573 2420; x_wconf 86' lang='lat' dir='ltr'><strong>ecclesiam</strong></span> <span class='ocrx_word' id='word_1_286' title='bbox 1603 2359 1905 2415; x_wconf 91' lang='lat' dir='ltr'><strong>traductum</strong></span> <span class='ocrx_word' id='word_1_287' title='bbox 1951 2369 2078 2410; x_wconf 88' lang='lat' dir='ltr'><strong>sua-</strong></span> 
     </span>
    </p>
   </div>
   <div class='ocr_carea' id='block_1_40' title="bbox 477 2447 2074 2538">
    <p class='ocr_par' dir='ltr' id='par_1_40' title="bbox 477 2447 2074 2538">
     <span class='ocr_line' id='line_1_40' title="bbox 477 2447 2074 2538; baseline -0.017 -10"><span class='ocrx_word' id='word_1_288' title='bbox 477 2447 610 2528; x_wconf 79' lang='lat' dir='ltr'><strong>dent</strong></span> <span class='ocrx_word' id='word_1_289' title='bbox 637 2487 652 2535; x_wconf 88' lang='lat'><strong>;</strong></span> <span class='ocrx_word' id='word_1_290' title='bbox 681 2468 866 2538; x_wconf 89' lang='lat' dir='ltr'><strong>sicque</strong></span> <span class='ocrx_word' id='word_1_291' title='bbox 893 2463 1162 2534; x_wconf 82' lang='lat' dir='ltr'><strong>vulgatam</strong></span> <span class='ocrx_word' id='word_1_292' title='bbox 1190 2457 1490 2528; x_wconf 76' lang='lat' dir='ltr'><strong>explodunt</strong></span> <span class='ocrx_word' id='word_1_293' title='bbox 1515 2452 1847 2524; x_wconf 88' lang='lat' dir='ltr'><strong>opinionem,</strong></span> <span class='ocrx_word' id='word_1_294' title='bbox 1873 2463 1978 2520; x_wconf 88' lang='lat' dir='ltr'><strong>qua</strong></span> <span class='ocrx_word' id='word_1_295' title='bbox 2011 2447 2074 2502; x_wconf 85' lang='lat' dir='ltr'><strong>il-</strong></span> 
     </span>
    </p>
   </div>
   <div class='ocr_carea' id='block_1_41' title="bbox 475 2543 2077 2620">
    <p class='ocr_par' dir='ltr' id='par_1_41' title="bbox 475 2543 2077 2620">
     <span class='ocr_line' id='line_1_41' title="bbox 475 2543 2077 2620; baseline -0.015 0"><span class='ocrx_word' id='word_1_296' title='bbox 475 2563 568 2620; x_wconf 89' lang='lat' dir='ltr'><strong>lttd</strong></span> <span class='ocrx_word' id='word_1_297' title='bbox 615 2561 684 2616; x_wconf 86' lang='lat' dir='ltr'><strong>ab</strong></span> <span class='ocrx_word' id='word_1_298' title='bbox 734 2559 968 2617; x_wconf 84' lang='lat' dir='ltr'><strong>ecclesia</strong></span> <span class='ocrx_word' id='word_1_299' title='bbox 1021 2555 1080 2610; x_wconf 90' lang='grc'><strong>8.</strong></span> <span class='ocrx_word' id='word_1_300' title='bbox 1128 2551 1366 2609; x_wconf 80' lang='lat' dir='ltr'><strong>Zenonis</strong></span> <span class='ocrx_word' id='word_1_301' title='bbox 1411 2550 1466 2604; x_wconf 90' lang='lat' dir='ltr'><strong>in</strong></span> <span class='ocrx_word' id='word_1_302' title='bbox 1527 2547 1764 2602; x_wconf 84' lang='lat' dir='ltr'><strong>Oratorio</strong></span> <span class='ocrx_word' id='word_1_303' title='bbox 1812 2543 2077 2615; x_wconf 82' lang='lat' dir='ltr'><strong>appellata</strong></span> 
     </span>
    </p>
   </div>
   <div class='ocr_carea' id='block_1_42' title="bbox 477 2638 2081 2716">
    <p class='ocr_par' dir='ltr' id='par_1_42' title="bbox 477 2638 2081 2716">
     <span class='ocr_line' id='line_1_42' title="bbox 477 2638 2081 2716; baseline -0.014 -4"><span class='ocrx_word' id='word_1_304' title='bbox 477 2655 800 2712; x_wconf 86' lang='lat' dir='ltr'><strong>translatum</strong></span> <span class='ocrx_word' id='word_1_305' title='bbox 828 2651 1086 2707; x_wconf 90' lang='lat' dir='ltr'><strong>creditur.</strong></span> <span class='ocrx_word' id='word_1_306' title='bbox 1125 2648 1250 2703; x_wconf 63' lang='lat' dir='ltr'><strong>Haec</strong></span> <span class='ocrx_word' id='word_1_307' title='bbox 1271 2644 1474 2716; x_wconf 89' lang='lat' dir='ltr'><strong>opinio,</strong></span> <span class='ocrx_word' id='word_1_308' title='bbox 1497 2657 1592 2696; x_wconf 83' lang='lat' dir='ltr'><strong>seu</strong></span> <span class='ocrx_word' id='word_1_309' title='bbox 1615 2640 1790 2711; x_wconf 85' lang='lat' dir='ltr'><strong>potius</strong></span> <span class='ocrx_word' id='word_1_310' title='bbox 1813 2638 1901 2694; x_wconf 88' lang='lat' dir='ltr'><strong>hic</strong></span> <span class='ocrx_word' id='word_1_311' title='bbox 1923 2650 2081 2692; x_wconf 88' lang='lat' dir='ltr'><strong>error</strong></span> 
     </span>
    </p>
   </div>
   <div class='ocr_carea' id='block_1_43' title="bbox 473 2730 2079 2808">
    <p class='ocr_par' dir='ltr' id='par_1_43' title="bbox 473 2730 2079 2808">
     <span class='ocr_line' id='line_1_43' title="bbox 473 2730 2079 2808; baseline -0.015 -1"><span class='ocrx_word' id='word_1_312' title='bbox 473 2754 695 2808; x_wconf 86' lang='lat' dir='ltr'><strong>ineunte</strong></span> <span class='ocrx_word' id='word_1_313' title='bbox 725 2761 822 2802; x_wconf 70' lang='grc' dir='ltr'><strong>ιιν</strong></span> <span class='ocrx_word' id='word_1_314' title='bbox 847 2744 1050 2801; x_wconf 64' lang='lat' dir='ltr'><strong>saeculo</strong></span> <span class='ocrx_word' id='word_1_315' title='bbox 1071 2741 1372 2797; x_wconf 89' lang='lat' dir='ltr'><strong>obtinuisse</strong></span> <span class='ocrx_word' id='word_1_316' title='bbox 1401 2737 1637 2800; x_wconf 90' lang='lat' dir='ltr'><strong>videtur,</strong></span> <span class='ocrx_word' id='word_1_317' title='bbox 1686 2747 1808 2788; x_wconf 90' lang='lat' dir='ltr'><strong>cum</strong></span> <span class='ocrx_word' id='word_1_318' title='bbox 1839 2730 2079 2787; x_wconf 83' lang='lat' dir='ltr'><strong>Joannes</strong></span> 
     </span>
    </p>
   </div>
   <div class='ocr_carea' id='block_1_44' title="bbox 476 2823 2078 2905">
    <p class='ocr_par' dir='ltr' id='par_1_44' title="bbox 476 2823 2078 2905">
     <span class='ocr_line' id='line_1_44' title="bbox 476 2823 2078 2905; baseline -0.016 -5"><span class='ocrx_word' id='word_1_319' title='bbox 476 2835 1150 2905; x_wconf 79' lang='lat' dir='ltr'><strong>Veronensisinlmperiali</strong></span> <span class='ocrx_word' id='word_1_320' title='bbox 1182 2831 1404 2888; x_wconf 85' lang='lat' dir='ltr'><strong>historia</strong></span> <span class='ocrx_word' id='word_1_321' title='bbox 1433 2844 1534 2884; x_wconf 93' lang='lat' dir='ltr'><strong>ms.</strong></span> <span class='ocrx_word' id='word_1_322' title='bbox 1553 2828 1648 2882; x_wconf 90' lang='lat' dir='ltr'><strong>lib.</strong></span> <span class='ocrx_word' id='word_1_323' title='bbox 1670 2841 1688 2880; x_wconf 85' lang='grc' dir='ltr'>ι</span> <span class='ocrx_word' id='word_1_324' title='bbox 1711 2826 1826 2880; x_wconf 74' lang='lat' dir='ltr'><strong>inec</strong></span> <span class='ocrx_word' id='word_1_325' title='bbox 1841 2823 2078 2878; x_wconf 84' lang='lat' dir='ltr'><strong>scribat:</strong></span> 
     </span>
    </p>
   </div>
   <div class='ocr_carea' id='block_1_45' title="bbox 479 2915 2080 3010">
    <p class='ocr_par' dir='ltr' id='par_1_45' title="bbox 479 2915 2080 3010">
     <span class='ocr_line' id='line_1_45' title="bbox 479 2915 2080 3010; baseline -0.015 -17"><span class='ocrx_word' id='word_1_326' title='bbox 479 2937 645 3010; x_wconf 80' lang='lat' dir='ltr'><strong>Cujus</strong></span> <span class='ocrx_word' id='word_1_327' title='bbox 663 2950 847 3006; x_wconf 81' lang='lat' dir='ltr'><strong>corpus</strong></span> <span class='ocrx_word' id='word_1_328' title='bbox 862 2932 1027 3000; x_wconf 85' lang='lat' dir='ltr'><strong>primo</strong></span> <span class='ocrx_word' id='word_1_329' title='bbox 1055 2929 1109 2983; x_wconf 90' lang='lat' dir='ltr'><strong>in</strong></span> <span class='ocrx_word' id='word_1_330' title='bbox 1130 2925 1440 2981; x_wconf 86' lang='lat' dir='ltr'><strong>monasterio</strong></span> <span class='ocrx_word' id='word_1_331' title='bbox 1466 2922 1606 2992; x_wconf 86' lang='lat' dir='ltr'><strong>apud</strong></span> <span class='ocrx_word' id='word_1_332' title='bbox 1629 2919 1884 2973; x_wconf 76' lang='lat' dir='ltr'><strong>civitatem</strong></span> <span class='ocrx_word' id='word_1_333' title='bbox 1922 2915 2080 2970; x_wconf 88' lang='lat' dir='ltr'><strong>Vero-</strong></span> 
     </span>
    </p>
   </div>
   <div class='ocr_carea' id='block_1_46' title="bbox 473 3008 2080 3098">
    <p class='ocr_par' dir='ltr' id='par_1_46' title="bbox 473 3008 2080 3098">
     <span class='ocr_line' id='line_1_46' title="bbox 473 3008 2080 3098; baseline -0.015 -13"><span class='ocrx_word' id='word_1_334' title='bbox 473 3008 596 3085; x_wconf 82' lang='lat' dir='ltr'><strong>nam</strong></span> <span class='ocrx_word' id='word_1_335' title='bbox 619 3026 880 3098; x_wconf 84' lang='lat' dir='ltr'><strong>sepultum</strong></span> <span class='ocrx_word' id='word_1_336' title='bbox 911 3025 1028 3095; x_wconf 83' lang='lat' dir='ltr'><strong>fuit,</strong></span> <span class='ocrx_word' id='word_1_337' title='bbox 1056 3020 1238 3075; x_wconf 87' lang='lat' dir='ltr'><strong>deinde</strong></span> <span class='ocrx_word' id='word_1_338' title='bbox 1264 3028 1490 3084; x_wconf 81' lang='lat' dir='ltr'><strong>tempore</strong></span> <span class='ocrx_word' id='word_1_339' title='bbox 1522 3013 1698 3083; x_wconf 83' lang='lat' dir='ltr'><strong>Pipini</strong></span> <span class='ocrx_word' id='word_1_340' title='bbox 1733 3010 1885 3080; x_wconf 81' lang='lat' dir='ltr'><strong>Regis</strong></span> <span class='ocrx_word' id='word_1_341' title='bbox 1909 3008 1933 3062; x_wconf 88' lang='grc' dir='ltr'><strong><em>Ι</em></strong></span> <span class='ocrx_word' id='word_1_342' title='bbox 1943 3008 2080 3062; x_wconf 79' lang='lat' dir='ltr'><strong>talia:</strong></span> 
     </span>
    </p>
   </div>
   <div class='ocr_carea' id='block_1_47' title="bbox 475 3101 2080 3193">
    <p class='ocr_par' dir='ltr' id='par_1_47' title="bbox 475 3101 2080 3193">
     <span class='ocr_line' id='line_1_47' title="bbox 475 3101 2080 3193; baseline -0.016 -15"><span class='ocrx_word' id='word_1_343' title='bbox 475 3123 575 3193; x_wconf 77' lang='lat' dir='ltr'><strong>ﬁlii</strong></span> <span class='ocrx_word' id='word_1_344' title='bbox 601 3119 777 3176; x_wconf 78' lang='lat' dir='ltr'><strong>Caroli</strong></span> <span class='ocrx_word' id='word_1_345' title='bbox 811 3116 990 3188; x_wconf 76' lang='lat' dir='ltr'><strong>Magni</strong></span> <span class='ocrx_word' id='word_1_346' title='bbox 1031 3110 1369 3184; x_wconf 79' lang='lat' dir='ltr'><strong>Imperatoris</strong></span> <span class='ocrx_word' id='word_1_347' title='bbox 1392 3107 1459 3162; x_wconf 88' lang='lat' dir='ltr'><strong>ad</strong></span> <span class='ocrx_word' id='word_1_348' title='bbox 1475 3106 1741 3161; x_wconf 83' lang='lat' dir='ltr'><strong>ecclesiam</strong></span> <span class='ocrx_word' id='word_1_349' title='bbox 1767 3103 1829 3158; x_wconf 91' lang='lat' dir='ltr'><strong>S.</strong></span> <span class='ocrx_word' id='word_1_350' title='bbox 1857 3101 2080 3156; x_wconf 80' lang='lat' dir='ltr'><strong>Zenonis</strong></span> 
     </span>
    </p>
   </div>
   <div class='ocr_carea' id='block_1_48' title="bbox 2182 1881 3763 1961">
    <p class='ocr_par' dir='ltr' id='par_1_48' title="bbox 2182 1881 3763 1961">
     <span class='ocr_line' id='line_1_48' title="bbox 2182 1881 3763 1961; baseline 0.007 -27"><span class='ocrx_word' id='word_1_351' title='bbox 2182 1885 2294 1951; x_wconf 88' lang='lat' dir='ltr'><strong>jam</strong></span> <span class='ocrx_word' id='word_1_352' title='bbox 2319 1881 2537 1938; x_wconf 87' lang='lat' dir='ltr'><strong>ineunte</strong></span> <span class='ocrx_word' id='word_1_353' title='bbox 2568 1885 2766 1939; x_wconf 73' lang='lat' dir='ltr'><strong>saeculo</strong></span> <span class='ocrx_word' id='word_1_354' title='bbox 2794 1885 2851 1942; x_wconf 91' lang='lat' dir='ltr'><strong>S.</strong></span> <span class='ocrx_word' id='word_1_355' title='bbox 2884 1886 3116 1943; x_wconf 87' lang='lat' dir='ltr'><strong>Zenonis</strong></span> <span class='ocrx_word' id='word_1_356' title='bbox 3147 1890 3428 1944; x_wconf 87' lang='lat' dir='ltr'><strong>translatio</strong></span> <span class='ocrx_word' id='word_1_357' title='bbox 3453 1890 3763 1961; x_wconf 80' lang='lat' dir='ltr'><strong>contigisset.</strong></span> 
     </span>
    </p>
   </div>
   <div class='ocr_carea' id='block_1_49' title="bbox 2186 1973 3766 2056">
    <p class='ocr_par' dir='ltr' id='par_1_49' title="bbox 2186 1973 3766 2056">
     <span class='ocr_line' id='line_1_49' title="bbox 2186 1973 3766 2056; baseline 0.006 -25"><span class='ocrx_word' id='word_1_358' title='bbox 2186 1973 2358 2031; x_wconf 89' lang='lat' dir='ltr'><strong>Porro</strong></span> <span class='ocrx_word' id='word_1_359' title='bbox 2387 1976 2740 2034; x_wconf 89' lang='lat' dir='ltr'><strong>omittendum</strong></span> <span class='ocrx_word' id='word_1_360' title='bbox 2767 1991 2979 2036; x_wconf 84' lang='lat' dir='ltr'><strong>nonest</strong></span> <span class='ocrx_word' id='word_1_361' title='bbox 3013 1985 3150 2038; x_wconf 87' lang='lat' dir='ltr'><strong>hanc</strong></span> <span class='ocrx_word' id='word_1_362' title='bbox 3174 1985 3316 2039; x_wconf 88' lang='lat' dir='ltr'><strong>sacri</strong></span> <span class='ocrx_word' id='word_1_363' title='bbox 3346 1985 3586 2056; x_wconf 89' lang='lat' dir='ltr'><strong>corporis</strong></span> <span class='ocrx_word' id='word_1_364' title='bbox 3611 1993 3766 2040; x_wconf 71' lang='lat' dir='ltr'><strong>trans-</strong></span> 
     </span>
    </p>
   </div>
   <div class='ocr_carea' id='block_1_50' title="bbox 2187 2068 3767 2144">
    <p class='ocr_par' dir='ltr' id='par_1_50' title="bbox 2187 2068 3767 2144">
     <span class='ocr_line' id='line_1_50' title="bbox 2187 2068 3767 2144; baseline 0.006 -21"><span class='ocrx_word' id='word_1_365' title='bbox 2187 2068 2464 2135; x_wconf 86' lang='lat' dir='ltr'><strong>lationem,</strong></span> <span class='ocrx_word' id='word_1_366' title='bbox 2483 2087 2604 2128; x_wconf 90' lang='lat' dir='ltr'><strong>cum</strong></span> <span class='ocrx_word' id='word_1_367' title='bbox 2631 2087 2698 2128; x_wconf 81' lang='lat' dir='ltr'><strong>ex</strong></span> <span class='ocrx_word' id='word_1_368' title='bbox 2719 2074 2930 2137; x_wconf 90' lang='lat' dir='ltr'><strong>eodem,</strong></span> <span class='ocrx_word' id='word_1_369' title='bbox 2948 2075 3041 2130; x_wconf 91' lang='lat' dir='ltr'><strong>sed</strong></span> <span class='ocrx_word' id='word_1_370' title='bbox 3072 2076 3352 2134; x_wconf 88' lang='lat' dir='ltr'><strong>humiliori</strong></span> <span class='ocrx_word' id='word_1_371' title='bbox 3385 2077 3522 2144; x_wconf 90' lang='lat' dir='ltr'><strong>loco,</strong></span> <span class='ocrx_word' id='word_1_372' title='bbox 3537 2078 3598 2132; x_wconf 88' lang='lat' dir='ltr'><strong>ad</strong></span> <span class='ocrx_word' id='word_1_373' title='bbox 3625 2079 3767 2132; x_wconf 83' lang='lat' dir='ltr'><strong>altio-</strong></span> 
     </span>
    </p>
   </div>
   <div class='ocr_carea' id='block_1_51' title="bbox 2185 2167 3765 2238">
    <p class='ocr_par' dir='ltr' id='par_1_51' title="bbox 2185 2167 3765 2238">
     <span class='ocr_line' id='line_1_51' title="bbox 2185 2167 3765 2238; baseline 0.003 -20"><span class='ocrx_word' id='word_1_374' title='bbox 2185 2179 2298 2219; x_wconf 90' lang='lat' dir='ltr'><strong>rem</strong></span> <span class='ocrx_word' id='word_1_375' title='bbox 2347 2177 2401 2222; x_wconf 88' lang='lat' dir='ltr'><strong>et</strong></span> <span class='ocrx_word' id='word_1_376' title='bbox 2457 2168 2979 2238; x_wconf 82' lang='lat' dir='ltr'><strong>magnificentiorem</strong></span> <span class='ocrx_word' id='word_1_377' title='bbox 3003 2167 3141 2224; x_wconf 88' lang='lat' dir='ltr'><strong>facta</strong></span> <span class='ocrx_word' id='word_1_378' title='bbox 3198 2168 3410 2236; x_wconf 81' lang='lat' dir='ltr'><strong>fuerit,</strong></span> <span class='ocrx_word' id='word_1_379' title='bbox 3460 2171 3765 2225; x_wconf 77' lang='lat' dir='ltr'><strong>elevationem</strong></span> 
     </span>
    </p>
   </div>
   <div class='ocr_carea' id='block_1_52' title="bbox 2186 2258 3765 2331">
    <p class='ocr_par' dir='ltr' id='par_1_52' title="bbox 2186 2258 3765 2331">
     <span class='ocr_line' id='line_1_52' title="bbox 2186 2258 3765 2331; baseline 0.005 -21"><span class='ocrx_word' id='word_1_380' title='bbox 2186 2258 2392 2328; x_wconf 79' lang='lat' dir='ltr'><strong>aequius</strong></span> <span class='ocrx_word' id='word_1_381' title='bbox 2418 2260 2702 2331; x_wconf 87' lang='lat' dir='ltr'><strong>appellari,</strong></span> <span class='ocrx_word' id='word_1_382' title='bbox 2729 2261 2871 2316; x_wconf 88' lang='lat' dir='ltr'><strong>unde</strong></span> <span class='ocrx_word' id='word_1_383' title='bbox 2894 2275 2961 2317; x_wconf 86' lang='lat' dir='ltr'><strong>ex</strong></span> <span class='ocrx_word' id='word_1_384' title='bbox 2993 2261 3138 2317; x_wconf 88' lang='lat' dir='ltr'><strong>Petri</strong></span> <span class='ocrx_word' id='word_1_385' title='bbox 3168 2261 3284 2317; x_wconf 89' lang='lat' dir='ltr'><strong>Cali</strong></span> <span class='ocrx_word' id='word_1_386' title='bbox 3308 2262 3656 2318; x_wconf 87' lang='lat' dir='ltr'><strong>Miscellaneis</strong></span> <span class='ocrx_word' id='word_1_387' title='bbox 3697 2263 3765 2318; x_wconf 88' lang='lat' dir='ltr'><strong>sic</strong></span> 
     </span>
    </p>
   </div>
   <div class='ocr_carea' id='block_1_53' title="bbox 2187 2350 3764 2425">
    <p class='ocr_par' dir='ltr' id='par_1_53' title="bbox 2187 2350 3764 2425">
     <span class='ocr_line' id='line_1_53' title="bbox 2187 2350 3764 2425; baseline 0.003 -20"><span class='ocrx_word' id='word_1_388' title='bbox 2187 2350 2327 2406; x_wconf 87' lang='lat' dir='ltr'><strong>illaut</strong></span> <span class='ocrx_word' id='word_1_389' title='bbox 2355 2355 2626 2424; x_wconf 89' lang='lat' dir='ltr'><strong>inscripsit</strong></span> <span class='ocrx_word' id='word_1_390' title='bbox 2651 2354 2710 2408; x_wconf 91' lang='lat' dir='ltr'><strong>P.</strong></span> <span class='ocrx_word' id='word_1_391' title='bbox 2745 2353 3136 2422; x_wconf 84' lang='lat' dir='ltr'><strong>Henscltcnitts,</strong></span> <span class='ocrx_word' id='word_1_392' title='bbox 3161 2369 3281 2425; x_wconf 88' lang='lat' dir='ltr'><strong>pag.</strong></span> <span class='ocrx_word' id='word_1_393' title='bbox 3316 2356 3407 2420; x_wconf 80' lang='lat'><strong>75,</strong></span> <span class='ocrx_word' id='word_1_394' title='bbox 3431 2355 3656 2410; x_wconf 83' lang='lat' dir='ltr'><strong>Historia</strong></span> <span class='ocrx_word' id='word_1_395' title='bbox 3677 2355 3764 2411; x_wconf 78' lang='lat' dir='ltr'><strong>ele-</strong></span> 
     </span>
    </p>
   </div>
   <div class='ocr_carea' id='block_1_54' title="bbox 2183 2447 3761 2521">
    <p class='ocr_par' dir='ltr' id='par_1_54' title="bbox 2183 2447 3761 2521">
     <span class='ocr_line' id='line_1_54' title="bbox 2183 2447 3761 2521; baseline 0.004 -23"><span class='ocrx_word' id='word_1_396' title='bbox 2183 2447 2288 2498; x_wconf 79' lang='lat' dir='ltr'><strong>vati</strong></span> <span class='ocrx_word' id='word_1_397' title='bbox 2314 2447 2543 2519; x_wconf 85' lang='lat' dir='ltr'><strong>corporis</strong></span> <span class='ocrx_word' id='word_1_398' title='bbox 2587 2447 2648 2502; x_wconf 81' lang='lat' dir='ltr'><strong>S.</strong></span> <span class='ocrx_word' id='word_1_399' title='bbox 2696 2447 2964 2514; x_wconf 85' lang='lat' dir='ltr'><strong>Zenonis;</strong></span> <span class='ocrx_word' id='word_1_400' title='bbox 3018 2465 3346 2520; x_wconf 88' lang='lat' dir='ltr'><strong>quamquam</strong></span> <span class='ocrx_word' id='word_1_401' title='bbox 3383 2451 3620 2521; x_wconf 84' lang='lat' dir='ltr'><strong>exempla</strong></span> <span class='ocrx_word' id='word_1_402' title='bbox 3669 2467 3761 2505; x_wconf 88' lang='lat' dir='ltr'><strong>non</strong></span> 
     </span>
    </p>
   </div>
   <div class='ocr_carea' id='block_1_55' title="bbox 2185 2536 3761 2615">
    <p class='ocr_par' dir='ltr' id='par_1_55' title="bbox 2185 2536 3761 2615">
     <span class='ocr_line' id='line_1_55' title="bbox 2185 2536 3761 2615; baseline 0.003 -23"><span class='ocrx_word' id='word_1_403' title='bbox 2185 2537 2358 2593; x_wconf 89' lang='lat' dir='ltr'><strong>desint</strong></span> <span class='ocrx_word' id='word_1_404' title='bbox 2417 2541 2614 2611; x_wconf 88' lang='lat' dir='ltr'><strong>quibus</strong></span> <span class='ocrx_word' id='word_1_405' title='bbox 2649 2542 2928 2597; x_wconf 88' lang='lat' dir='ltr'><strong>translatio</strong></span> <span class='ocrx_word' id='word_1_406' title='bbox 2958 2536 3266 2612; x_wconf 86' lang='lat' dir='ltr'><strong>nuncupata</strong></span> <span class='ocrx_word' id='word_1_407' title='bbox 3315 2543 3432 2610; x_wconf 91' lang='lat' dir='ltr'><strong>fuit,</strong></span> <span class='ocrx_word' id='word_1_408' title='bbox 3477 2559 3592 2615; x_wconf 60' lang='lat' dir='ltr'><strong>quae</strong></span> <span class='ocrx_word' id='word_1_409' title='bbox 3635 2560 3761 2599; x_wconf 85' lang='lat' dir='ltr'><strong>mera</strong></span> 
     </span>
    </p>
   </div>
   <div class='ocr_carea' id='block_1_56' title="bbox 2184 2632 3764 2703">
    <p class='ocr_par' dir='ltr' id='par_1_56' title="bbox 2184 2632 3764 2703">
     <span class='ocr_line' id='line_1_56' title="bbox 2184 2632 3764 2703; baseline 0.003 -17"><span class='ocrx_word' id='word_1_410' title='bbox 2184 2632 2411 2702; x_wconf 86' lang='lat' dir='ltr'><strong>alicujus</strong></span> <span class='ocrx_word' id='word_1_411' title='bbox 2436 2635 2576 2688; x_wconf 89' lang='lat' dir='ltr'><strong>sacri</strong></span> <span class='ocrx_word' id='word_1_412' title='bbox 2607 2635 2858 2703; x_wconf 87' lang='lat' dir='ltr'><strong>corporis</strong></span> <span class='ocrx_word' id='word_1_413' title='bbox 2886 2632 2986 2688; x_wconf 86' lang='lat' dir='ltr'><strong>fuit</strong></span> <span class='ocrx_word' id='word_1_414' title='bbox 3010 2636 3264 2690; x_wconf 90' lang='lat' dir='ltr'><strong>elevatio.</strong></span> <span class='ocrx_word' id='word_1_415' title='bbox 3329 2635 3565 2693; x_wconf 87' lang='lat' dir='ltr'><strong>Tandem</strong></span> <span class='ocrx_word' id='word_1_416' title='bbox 3610 2637 3764 2692; x_wconf 85' lang='lat' dir='ltr'><strong>eccle-</strong></span> 
     </span>
    </p>
   </div>
   <div class='ocr_carea' id='block_1_57' title="bbox 2182 2725 3760 2800">
    <p class='ocr_par' dir='ltr' id='par_1_57' title="bbox 2182 2725 3760 2800">
     <span class='ocr_line' id='line_1_57' title="bbox 2182 2725 3760 2800; baseline 0.001 -18"><span class='ocrx_word' id='word_1_417' title='bbox 2182 2726 2341 2790; x_wconf 79' lang='lat' dir='ltr'><strong>siam,</strong></span> <span class='ocrx_word' id='word_1_418' title='bbox 2371 2725 2437 2782; x_wconf 85' lang='lat' dir='ltr'><strong>ad</strong></span> <span class='ocrx_word' id='word_1_419' title='bbox 2463 2743 2622 2798; x_wconf 86' lang='lat' dir='ltr'><strong>quant</strong></span> <span class='ocrx_word' id='word_1_420' title='bbox 2653 2727 2710 2782; x_wconf 92' lang='lat' dir='ltr'><strong>S.</strong></span> <span class='ocrx_word' id='word_1_421' title='bbox 2749 2727 2998 2798; x_wconf 82' lang='lat' dir='ltr'><strong>Episcopi</strong></span> <span class='ocrx_word' id='word_1_422' title='bbox 3053 2744 3250 2800; x_wconf 87' lang='lat' dir='ltr'><strong>corpus</strong></span> <span class='ocrx_word' id='word_1_423' title='bbox 3296 2731 3612 2785; x_wconf 81' lang='lat' dir='ltr'><strong>translatum</strong></span> <span class='ocrx_word' id='word_1_424' title='bbox 3658 2731 3760 2796; x_wconf 86' lang='lat' dir='ltr'><strong>fuit,</strong></span> 
     </span>
    </p>
   </div>
   <div class='ocr_carea' id='block_1_58' title="bbox 2183 2819 3761 2896">
    <p class='ocr_par' dir='ltr' id='par_1_58' title="bbox 2183 2819 3761 2896">
     <span class='ocr_line' id='line_1_58' title="bbox 2183 2819 3761 2896; baseline 0.003 -22"><span class='ocrx_word' id='word_1_425' title='bbox 2183 2819 2374 2875; x_wconf 90' lang='lat' dir='ltr'><strong>eodem</strong></span> <span class='ocrx_word' id='word_1_426' title='bbox 2402 2820 2774 2875; x_wconf 84' lang='lat' dir='ltr'><strong>translationis</strong></span> <span class='ocrx_word' id='word_1_427' title='bbox 2804 2821 3026 2890; x_wconf 68' lang='lat' dir='ltr'><strong>saeculo,</strong></span> <span class='ocrx_word' id='word_1_428' title='bbox 3052 2821 3138 2877; x_wconf 88' lang='lat' dir='ltr'><strong>vel</strong></span> <span class='ocrx_word' id='word_1_429' title='bbox 3193 2823 3366 2892; x_wconf 89' lang='lat' dir='ltr'><strong>paulo</strong></span> <span class='ocrx_word' id='word_1_430' title='bbox 3399 2833 3518 2896; x_wconf 89' lang='lat' dir='ltr'><strong>post</strong></span> <span class='ocrx_word' id='word_1_431' title='bbox 3564 2823 3761 2880; x_wconf 85' lang='lat' dir='ltr'><strong>dedica-</strong></span> 
     </span>
    </p>
   </div>
   <div class='ocr_carea' id='block_1_59' title="bbox 2185 2911 3760 2988">
    <p class='ocr_par' dir='ltr' id='par_1_59' title="bbox 2185 2911 3760 2988">
     <span class='ocr_line' id='line_1_59' title="bbox 2185 2911 3760 2988; baseline 0.003 -22"><span class='ocrx_word' id='word_1_432' title='bbox 2185 2922 2290 2966; x_wconf 90' lang='lat' dir='ltr'><strong>tam</strong></span> <span class='ocrx_word' id='word_1_433' title='bbox 2323 2911 2487 2968; x_wconf 89' lang='lat' dir='ltr'><strong>fuisse</strong></span> <span class='ocrx_word' id='word_1_434' title='bbox 2509 2928 2575 2968; x_wconf 88' lang='lat' dir='ltr'><strong>eo</strong></span> <span class='ocrx_word' id='word_1_435' title='bbox 2596 2914 2713 2983; x_wconf 88' lang='lat' dir='ltr'><strong>ipso</strong></span> <span class='ocrx_word' id='word_1_436' title='bbox 2736 2913 2824 2968; x_wconf 90' lang='lat' dir='ltr'><strong>die</strong></span> <span class='ocrx_word' id='word_1_437' title='bbox 2854 2929 2903 2969; x_wconf 82' lang='lat' dir='ltr'><strong>Vl</strong></span> <span class='ocrx_word' id='word_1_438' title='bbox 2929 2914 3006 2969; x_wconf 88' lang='lat' dir='ltr'><strong>Id.</strong></span> <span class='ocrx_word' id='word_1_439' title='bbox 3045 2915 3382 2983; x_wconf 89' lang='lat' dir='ltr'><strong>Decembris,</strong></span> <span class='ocrx_word' id='word_1_440' title='bbox 3414 2933 3522 2988; x_wconf 84' lang='lat' dir='ltr'><strong>quo</strong></span> <span class='ocrx_word' id='word_1_441' title='bbox 3545 2917 3760 2988; x_wconf 86' lang='lat' dir='ltr'><strong>ejusdem</strong></span> 
     </span>
    </p>
   </div>
   <div class='ocr_carea' id='block_1_60' title="bbox 2183 3005 3763 3080">
    <p class='ocr_par' dir='ltr' id='par_1_60' title="bbox 2183 3005 3763 3080">
     <span class='ocr_line' id='line_1_60' title="bbox 2183 3005 3763 3080; baseline 0.001 -20"><span class='ocrx_word' id='word_1_442' title='bbox 2183 3005 2366 3060; x_wconf 83' lang='lat' dir='ltr'><strong>Sam-ti</strong></span> <span class='ocrx_word' id='word_1_443' title='bbox 2397 3007 2672 3062; x_wconf 84' lang='lat' dir='ltr'><strong>ordinatio</strong></span> <span class='ocrx_word' id='word_1_444' title='bbox 2697 3009 3098 3074; x_wconf 87' lang='lat' dir='ltr'><strong>celebrabatur,</strong></span> <span class='ocrx_word' id='word_1_445' title='bbox 3155 3025 3224 3066; x_wconf 80' lang='lat' dir='ltr'><strong>ex</strong></span> <span class='ocrx_word' id='word_1_446' title='bbox 3281 3011 3531 3080; x_wconf 84' lang='lat' dir='ltr'><strong>pluribus</strong></span> <span class='ocrx_word' id='word_1_447' title='bbox 3554 3010 3763 3080; x_wconf 78' lang='lat' dir='ltr'><strong>antiquis</strong></span> 
     </span>
    </p>
   </div>
   <div class='ocr_carea' id='block_1_61' title="bbox 2183 3076 3758 3172">
    <p class='ocr_par' dir='ltr' id='par_1_61' title="bbox 2183 3076 3758 3172">
     <span class='ocr_line' id='line_1_61' title="bbox 2183 3076 3758 3172; baseline 0.003 -20"><span class='ocrx_word' id='word_1_448' title='bbox 2183 3096 2517 3153; x_wconf 86' lang='lat' dir='ltr'><strong>Calendariis</strong></span> <span class='ocrx_word' id='word_1_449' title='bbox 2544 3099 2733 3170; x_wconf 89' lang='lat' dir='ltr'><strong>liquet,</strong></span> <span class='ocrx_word' id='word_1_450' title='bbox 2759 3100 2826 3157; x_wconf 90' lang='lat' dir='ltr'><strong>de</strong></span> <span class='ocrx_word' id='word_1_451' title='bbox 2849 3102 3046 3172; x_wconf 89' lang='lat' dir='ltr'><strong>quibus</strong></span> <span class='ocrx_word' id='word_1_452' title='bbox 3065 3103 3199 3157; x_wconf 87' lang='lat' dir='ltr'><strong>satis</strong></span> <span class='ocrx_word' id='word_1_453' title='bbox 3222 3076 3433 3159; x_wconf 77' lang='lat' dir='ltr'><strong>dictum</strong></span> <span class='ocrx_word' id='word_1_454' title='bbox 3462 3115 3543 3161; x_wconf 87' lang='lat' dir='ltr'><strong>est</strong></span> <span class='ocrx_word' id='word_1_455' title='bbox 3563 3076 3758 3159; x_wconf 76' lang='lat' dir='ltr'><strong>dissert.</strong></span> 
     </span>
    </p>
   </div>
   <div class='ocr_carea' id='block_1_62' title="bbox 473 3190 3759 3288">
    <p class='ocr_par' dir='ltr' id='par_1_62' title="bbox 473 3190 3759 3288">
     <span class='ocr_line' id='line_1_62' title="bbox 473 3190 3759 3288; baseline -0.005 -21"><span class='ocrx_word' id='word_1_456' title='bbox 473 3190 695 3288; x_wconf 78' lang='lat' dir='ltr'><strong>majoris</strong></span> <span class='ocrx_word' id='word_1_457' title='bbox 725 3209 1027 3282; x_wconf 81' lang='lat' dir='ltr'><strong>cumgloria</strong></span> <span class='ocrx_word' id='word_1_458' title='bbox 1047 3215 1122 3262; x_wconf 87' lang='lat' dir='ltr'><strong>est</strong></span> <span class='ocrx_word' id='word_1_459' title='bbox 1141 3204 1482 3260; x_wconf 88' lang='lat' dir='ltr'><strong>reconditum.</strong></span> <span class='ocrx_word' id='word_1_460' title='bbox 1513 3199 1568 3255; x_wconf 88' lang='lat' dir='ltr'><strong>1d</strong></span> <span class='ocrx_word' id='word_1_461' title='bbox 1591 3213 1655 3253; x_wconf 83' lang='lat' dir='ltr'><strong>ex</strong></span> <span class='ocrx_word' id='word_1_462' title='bbox 1675 3200 1742 3251; x_wconf 80' lang='lat' dir='ltr'><strong>eo</strong></span> <span class='ocrx_word' id='word_1_463' title='bbox 1764 3193 2074 3288; x_wconf 80' lang='lat' dir='ltr'><strong>pra-judicio</strong></span> <span class='ocrx_word' id='word_1_464' title='bbox 2105 3190 2148 3255; x_wconf 90' lang='lat' dir='ltr'>C</span> <span class='ocrx_word' id='word_1_465' title='bbox 2182 3206 2368 3288; x_wconf 67' lang='lat' dir='ltr'><strong>t_,_cap.</strong></span> <span class='ocrx_word' id='word_1_466' title='bbox 2394 3193 2448 3256; x_wconf 79' lang='grc'><strong>5,</strong></span> <span class='ocrx_word' id='word_1_467' title='bbox 2485 3190 2591 3263; x_wconf 83' lang='lat'><strong>§5,</strong></span> <span class='ocrx_word' id='word_1_468' title='bbox 2620 3201 2676 3248; x_wconf 89' lang='lat' dir='ltr'><strong>et</strong></span> <span class='ocrx_word' id='word_1_469' title='bbox 2722 3193 2824 3250; x_wconf 88' lang='lat' dir='ltr'><strong>hac</strong></span> <span class='ocrx_word' id='word_1_470' title='bbox 2880 3196 2990 3264; x_wconf 87' lang='lat' dir='ltr'><strong>ipsa</strong></span> <span class='ocrx_word' id='word_1_471' title='bbox 3022 3195 3412 3254; x_wconf 83' lang='lat' dir='ltr'><strong>dissertatione</strong></span> <span class='ocrx_word' id='word_1_472' title='bbox 3443 3213 3559 3270; x_wconf 83' lang='lat' dir='ltr'><strong>cap.</strong></span> <span class='ocrx_word' id='word_1_473' title='bbox 3595 3201 3639 3262; x_wconf 87' lang='lat' dir='ltr'><strong>l,</strong></span> <span class='ocrx_word' id='word_1_474' title='bbox 3667 3198 3759 3271; x_wconf 63' lang='grc' dir='ltr'><strong>δε.</strong></span> 
     </span>
    </p>
   </div>
   <div class='ocr_carea' id='block_1_63' title="bbox 477 3285 2077 3375">
    <p class='ocr_par' dir='ltr' id='par_1_63' title="bbox 477 3285 2077 3375">
     <span class='ocr_line' id='line_1_63' title="bbox 477 3285 2077 3375; baseline -0.014 -14"><span class='ocrx_word' id='word_1_475' title='bbox 477 3285 668 3362; x_wconf 82' lang='lat' dir='ltr'><strong>habuit</strong></span> <span class='ocrx_word' id='word_1_476' title='bbox 691 3302 975 3375; x_wconf 86' lang='lat' dir='ltr'><strong>originem,</strong></span> <span class='ocrx_word' id='word_1_477' title='bbox 1001 3314 1108 3372; x_wconf 88' lang='lat' dir='ltr'><strong>quo</strong></span> <span class='ocrx_word' id='word_1_478' title='bbox 1133 3296 1355 3355; x_wconf 86' lang='lat' dir='ltr'><strong>basilica</strong></span> <span class='ocrx_word' id='word_1_479' title='bbox 1406 3293 1464 3350; x_wconf 91' lang='grc'><strong>8.</strong></span> <span class='ocrx_word' id='word_1_480' title='bbox 1523 3290 1754 3346; x_wconf 89' lang='lat' dir='ltr'><strong>Zenonis</strong></span> <span class='ocrx_word' id='word_1_481' title='bbox 1806 3303 1837 3343; x_wconf 90' lang='lat' dir='ltr'><strong>c</strong></span> <span class='ocrx_word' id='word_1_482' title='bbox 1887 3285 2077 3342; x_wconf 90' lang='lat' dir='ltr'><strong>funda-</strong></span> 
     </span>
    </p>
   </div>
   <div class='ocr_carea' id='block_1_64' title="bbox 474 3377 2074 3457">
    <p class='ocr_par' dir='ltr' id='par_1_64' title="bbox 474 3377 2074 3457">
     <span class='ocr_line' id='line_1_64' title="bbox 474 3377 2074 3457; baseline -0.017 0"><span class='ocrx_word' id='word_1_483' title='bbox 474 3399 674 3457; x_wconf 88' lang='lat' dir='ltr'><strong>mentis</strong></span> <span class='ocrx_word' id='word_1_484' title='bbox 703 3396 770 3452; x_wconf 85' lang='lat' dir='ltr'><strong>de</strong></span> <span class='ocrx_word' id='word_1_485' title='bbox 793 3409 932 3450; x_wconf 90' lang='lat' dir='ltr'><strong>novo</strong></span> <span class='ocrx_word' id='word_1_486' title='bbox 961 3402 1141 3447; x_wconf 86' lang='lat' dir='ltr'><strong>erecta</strong></span> <span class='ocrx_word' id='word_1_487' title='bbox 1165 3387 1424 3451; x_wconf 87' lang='lat' dir='ltr'><strong>creditur,</strong></span> <span class='ocrx_word' id='word_1_488' title='bbox 1454 3384 1542 3439; x_wconf 87' lang='lat' dir='ltr'><strong>ubi</strong></span> <span class='ocrx_word' id='word_1_489' title='bbox 1567 3391 1693 3438; x_wconf 86' lang='lat' dir='ltr'><strong>ante</strong></span> <span class='ocrx_word' id='word_1_490' title='bbox 1737 3379 1871 3435; x_wconf 87' lang='lat' dir='ltr'><strong>nihil</strong></span> <span class='ocrx_word' id='word_1_491' title='bbox 1894 3377 2074 3435; x_wconf 84' lang='lat' dir='ltr'><strong>eccle-</strong></span> 
     </span>
    </p>
   </div>
   <div class='ocr_carea' id='block_1_65' title="bbox 475 3471 2074 3556">
    <p class='ocr_par' dir='ltr' id='par_1_65' title="bbox 475 3471 2074 3556">
     <span class='ocr_line' id='line_1_65' title="bbox 475 3471 2074 3556; baseline -0.014 -8"><span class='ocrx_word' id='word_1_492' title='bbox 475 3492 573 3548; x_wconf 67' lang='lat' dir='ltr'><strong>siae</strong></span> <span class='ocrx_word' id='word_1_493' title='bbox 598 3490 781 3556; x_wconf 89' lang='lat' dir='ltr'><strong>fuerit,</strong></span> <span class='ocrx_word' id='word_1_494' title='bbox 826 3503 949 3544; x_wconf 89' lang='lat' dir='ltr'><strong>eum</strong></span> <span class='ocrx_word' id='word_1_495' title='bbox 981 3498 1162 3540; x_wconf 89' lang='lat' dir='ltr'><strong>tamen</strong></span> <span class='ocrx_word' id='word_1_496' title='bbox 1189 3491 1504 3542; x_wconf 87' lang='lat' dir='ltr'><strong>renovatam,</strong></span> <span class='ocrx_word' id='word_1_497' title='bbox 1532 3492 1636 3532; x_wconf 89' lang='lat' dir='ltr'><strong>non</strong></span> <span class='ocrx_word' id='word_1_498' title='bbox 1666 3476 1734 3530; x_wconf 89' lang='lat' dir='ltr'><strong>de</strong></span> <span class='ocrx_word' id='word_1_499' title='bbox 1759 3488 1900 3528; x_wconf 91' lang='lat' dir='ltr'><strong>novo</strong></span> <span class='ocrx_word' id='word_1_500' title='bbox 1944 3471 2074 3527; x_wconf 75' lang='lat' dir='ltr'><strong>sedi-</strong></span> 
     </span>
    </p>
   </div>
   <div class='ocr_carea' id='block_1_66' title="bbox 475 3563 2074 3640">
    <p class='ocr_par' dir='ltr' id='par_1_66' title="bbox 475 3563 2074 3640">
     <span class='ocr_line' id='line_1_66' title="bbox 475 3563 2074 3640; baseline -0.015 0"><span class='ocrx_word' id='word_1_501' title='bbox 475 3586 688 3640; x_wconf 83' lang='lat' dir='ltr'><strong>licatam</strong></span> <span class='ocrx_word' id='word_1_502' title='bbox 710 3589 922 3640; x_wconf 87' lang='lat' dir='ltr'><strong>constet</strong></span> <span class='ocrx_word' id='word_1_503' title='bbox 971 3594 1043 3633; x_wconf 81' lang='lat' dir='ltr'><strong>ex</strong></span> <span class='ocrx_word' id='word_1_504' title='bbox 1093 3574 1348 3632; x_wconf 82' lang='lat' dir='ltr'><strong>Ludovici</strong></span> <span class='ocrx_word' id='word_1_505' title='bbox 1395 3583 1450 3629; x_wconf 87' lang='lat' dir='ltr'><strong>et</strong></span> <span class='ocrx_word' id='word_1_506' title='bbox 1497 3568 1738 3626; x_wconf 88' lang='lat' dir='ltr'><strong>Lotharii</strong></span> <span class='ocrx_word' id='word_1_507' title='bbox 1791 3563 2074 3638; x_wconf 79' lang='lat' dir='ltr'><strong>privilegio</strong></span> 
     </span>
    </p>
   </div>
   <div class='ocr_carea' id='block_1_67' title="bbox 475 3658 2070 3745">
    <p class='ocr_par' dir='ltr' id='par_1_67' title="bbox 475 3658 2070 3745">
     <span class='ocr_line' id='line_1_67' title="bbox 475 3658 2070 3745; baseline -0.013 -12"><span class='ocrx_word' id='word_1_508' title='bbox 475 3677 603 3733; x_wconf 85' lang='lat' dir='ltr'><strong>anni</strong></span> <span class='ocrx_word' id='word_1_509' title='bbox 633 3675 759 3740; x_wconf 68' lang='grc'><strong>847,</strong></span> <span class='ocrx_word' id='word_1_510' title='bbox 789 3673 932 3745; x_wconf 89' lang='lat' dir='ltr'><strong>apud</strong></span> <span class='ocrx_word' id='word_1_511' title='bbox 962 3669 1292 3741; x_wconf 84' lang='lat' dir='ltr'><strong>Ughellium,</strong></span> <span class='ocrx_word' id='word_1_512' title='bbox 1318 3683 1436 3738; x_wconf 85' lang='lat' dir='ltr'><strong>pag.</strong></span> <span class='ocrx_word' id='word_1_513' title='bbox 1470 3664 1610 3720; x_wconf 73' lang='lat'><strong>718:</strong></span> <span class='ocrx_word' id='word_1_514' title='bbox 1653 3662 1886 3728; x_wconf 83' lang='lat' dir='ltr'><strong>Qualiter</strong></span> <span class='ocrx_word' id='word_1_515' title='bbox 1917 3658 2070 3730; x_wconf 80' lang='lat' dir='ltr'><strong>Pipi-</strong></span> 
     </span>
    </p>
   </div>
   <div class='ocr_carea' id='block_1_68' title="bbox 476 3755 2070 3841">
    <p class='ocr_par' dir='ltr' id='par_1_68' title="bbox 476 3755 2070 3841">
     <span class='ocr_line' id='line_1_68' title="bbox 476 3755 2070 3841; baseline -0.013 -17"><span class='ocrx_word' id='word_1_516' title='bbox 476 3787 572 3824; x_wconf 87' lang='lat' dir='ltr'><strong>nus</strong></span> <span class='ocrx_word' id='word_1_517' title='bbox 594 3768 848 3841; x_wconf 81' lang='lat' dir='ltr'><strong>gloriosus</strong></span> <span class='ocrx_word' id='word_1_518' title='bbox 876 3765 989 3819; x_wconf 75' lang='lat' dir='ltr'><strong>Rea:</strong></span> <span class='ocrx_word' id='word_1_519' title='bbox 1009 3780 1127 3818; x_wconf 82' lang='lat' dir='ltr'><strong>eum</strong></span> <span class='ocrx_word' id='word_1_520' title='bbox 1148 3761 1369 3816; x_wconf 85' lang='lat' dir='ltr'><strong>Rotaldo</strong></span> <span class='ocrx_word' id='word_1_521' title='bbox 1392 3759 1553 3830; x_wconf 86' lang='lat' dir='ltr'><strong>ipsius</strong></span> <span class='ocrx_word' id='word_1_522' title='bbox 1573 3756 1709 3811; x_wconf 80' lang='lat' dir='ltr'><strong>sedis</strong></span> <span class='ocrx_word' id='word_1_523' title='bbox 1731 3755 1968 3825; x_wconf 86' lang='lat' dir='ltr'><strong>episcopo</strong></span> <span class='ocrx_word' id='word_1_524' title='bbox 1984 3767 2070 3806; x_wconf 91' lang='lat' dir='ltr'><strong>ec-</strong></span> 
     </span>
    </p>
   </div>
   <div class='ocr_carea' id='block_1_69' title="bbox 473 3850 2070 3927">
    <p class='ocr_par' dir='ltr' id='par_1_69' title="bbox 473 3850 2070 3927">
     <span class='ocr_line' id='line_1_69' title="bbox 473 3850 2070 3927; baseline -0.015 -8"><span class='ocrx_word' id='word_1_525' title='bbox 473 3864 684 3919; x_wconf 84' lang='lat' dir='ltr'><strong>clesiam</strong></span> <span class='ocrx_word' id='word_1_526' title='bbox 703 3860 764 3917; x_wconf 91' lang='lat' dir='ltr'><strong>S.</strong></span> <span class='ocrx_word' id='word_1_527' title='bbox 797 3859 1022 3914; x_wconf 83' lang='lat' dir='ltr'><strong>Zenonis</strong></span> <span class='ocrx_word' id='word_1_528' title='bbox 1049 3855 1358 3927; x_wconf 77' lang='lat' dir='ltr'><strong>confessoris</strong></span> <span class='ocrx_word' id='word_1_529' title='bbox 1383 3850 1572 3906; x_wconf 83' lang='lat' dir='ltr'><strong>Christi</strong></span> <span class='ocrx_word' id='word_1_530' title='bbox 1601 3855 1885 3902; x_wconf 84' lang='lat' dir='ltr'><strong>renovasset</strong></span> <span class='ocrx_word' id='word_1_531' title='bbox 1910 3861 1927 3899; x_wconf 90' lang='lat'><strong><em>:</em></strong></span> <span class='ocrx_word' id='word_1_532' title='bbox 1950 3857 2070 3914; x_wconf 68' lang='lat' dir='ltr'><strong>quae</strong></span> 
     </span>
    </p>
   </div>
   <div class='ocr_carea' id='block_1_70' title="bbox 473 3941 2066 4015">
    <p class='ocr_par' dir='ltr' id='par_1_70' title="bbox 473 3941 2066 4015">
     <span class='ocr_line' id='line_1_70' title="bbox 473 3941 2066 4015; baseline -0.017 0"><span class='ocrx_word' id='word_1_533' title='bbox 473 3975 596 4015; x_wconf 87' lang='lat' dir='ltr'><strong>cum</strong></span> <span class='ocrx_word' id='word_1_534' title='bbox 622 3955 869 4012; x_wconf 91' lang='lat' dir='ltr'><strong>monachi</strong></span> <span class='ocrx_word' id='word_1_535' title='bbox 902 3951 1196 4009; x_wconf 84' lang='lat' dir='ltr'><strong>Zenoniani</strong></span> <span class='ocrx_word' id='word_1_536' title='bbox 1252 3947 1433 4003; x_wconf 89' lang='lat' dir='ltr'><strong>verbis</strong></span> <span class='ocrx_word' id='word_1_537' title='bbox 1477 3941 1704 3999; x_wconf 72' lang='lat' dir='ltr'><strong>mirifice</strong></span> <span class='ocrx_word' id='word_1_538' title='bbox 1744 3945 2066 4009; x_wconf 90' lang='lat' dir='ltr'><strong>congruunt,</strong></span> 
     </span>
    </p>
   </div>
   <div class='ocr_carea' id='block_1_71' title="bbox 471 4027 2068 4116">
    <p class='ocr_par' dir='ltr' id='par_1_71' title="bbox 471 4027 2068 4116">
     <span class='ocr_line' id='line_1_71' title="bbox 471 4027 2068 4116; baseline -0.016 -9"><span class='ocrx_word' id='word_1_539' title='bbox 471 4049 761 4107; x_wconf 83' lang='lat' dir='ltr'><strong>scribentis</strong></span> <span class='ocrx_word' id='word_1_540' title='bbox 811 4045 1056 4116; x_wconf 85' lang='lat' dir='ltr'><strong>Pipinnm</strong></span> <span class='ocrx_word' id='word_1_541' title='bbox 1109 4051 1167 4097; x_wconf 87' lang='lat' dir='ltr'><strong>et</strong></span> <span class='ocrx_word' id='word_1_542' title='bbox 1212 4039 1500 4095; x_wconf 84' lang='lat' dir='ltr'><strong>Rotaldum</strong></span> <span class='ocrx_word' id='word_1_543' title='bbox 1551 4035 1865 4106; x_wconf 86' lang='lat' dir='ltr'><strong>episcopum</strong></span> <span class='ocrx_word' id='word_1_544' title='bbox 1898 4027 2068 4086; x_wconf 68' lang='grc' dir='ltr'><strong>τι»ᾱίίί-</strong></span> 
     </span>
    </p>
   </div>
   <div class='ocr_carea' id='block_1_72' title="bbox 472 4122 2069 4200">
    <p class='ocr_par' dir='ltr' id='par_1_72' title="bbox 472 4122 2069 4200">
     <span class='ocr_line' id='line_1_72' title="bbox 472 4122 2069 4200; baseline -0.015 0"><span class='ocrx_word' id='word_1_545' title='bbox 472 4144 658 4200; x_wconf 72' lang='lat' dir='ltr'><strong>candte</strong></span> <span class='ocrx_word' id='word_1_546' title='bbox 683 4141 928 4199; x_wconf 77' lang='lat' dir='ltr'><strong>ecclesia:</strong></span> <span class='ocrx_word' id='word_1_547' title='bbox 957 4136 1245 4194; x_wconf 90' lang='lat' dir='ltr'><strong>consilium</strong></span> <span class='ocrx_word' id='word_1_548' title='bbox 1276 4133 1483 4198; x_wconf 87' lang='lat' dir='ltr'><strong>iniisse,</strong></span> <span class='ocrx_word' id='word_1_549' title='bbox 1513 4145 1618 4184; x_wconf 88' lang='lat' dir='ltr'><strong>non</strong></span> <span class='ocrx_word' id='word_1_550' title='bbox 1644 4137 1704 4182; x_wconf 91' lang='lat' dir='ltr'><strong>ut</strong></span> <span class='ocrx_word' id='word_1_551' title='bbox 1733 4140 1925 4181; x_wconf 91' lang='lat' dir='ltr'><strong>novam</strong></span> <span class='ocrx_word' id='word_1_552' title='bbox 1979 4122 2069 4177; x_wconf 90' lang='lat' dir='ltr'><strong>ali-</strong></span> 
     </span>
    </p>
   </div>
   <div class='ocr_carea' id='block_1_73' title="bbox 474 4217 2067 4296">
    <p class='ocr_par' dir='ltr' id='par_1_73' title="bbox 474 4217 2067 4296">
     <span class='ocr_line' id='line_1_73' title="bbox 474 4217 2067 4296; baseline -0.015 -2"><span class='ocrx_word' id='word_1_553' title='bbox 474 4237 602 4294; x_wconf 87' lang='lat' dir='ltr'><strong>cubi</strong></span> <span class='ocrx_word' id='word_1_554' title='bbox 629 4241 1031 4296; x_wconf 89' lang='lat' dir='ltr'><strong>construerent,</strong></span> <span class='ocrx_word' id='word_1_555' title='bbox 1090 4231 1185 4286; x_wconf 92' lang='lat' dir='ltr'><strong>sed</strong></span> <span class='ocrx_word' id='word_1_556' title='bbox 1235 4239 1294 4284; x_wconf 87' lang='lat' dir='ltr'><strong>ut</strong></span> <span class='ocrx_word' id='word_1_557' title='bbox 1329 4227 1571 4288; x_wconf 63' lang='lat' dir='ltr'><strong>ecclesiae,</strong></span> <span class='ocrx_word' id='word_1_558' title='bbox 1616 4223 1804 4291; x_wconf 83' lang='lat' dir='ltr'><strong>utique</strong></span> <span class='ocrx_word' id='word_1_559' title='bbox 1845 4217 2067 4282; x_wconf 81' lang='lat' dir='ltr'><strong>veteris,</strong></span> 
     </span>
    </p>
   </div>
   <div class='ocr_carea' id='block_1_74' title="bbox 472 4311 2071 4404">
    <p class='ocr_par' dir='ltr' id='par_1_74' title="bbox 472 4311 2071 4404">
     <span class='ocr_line' id='line_1_74' title="bbox 472 4311 2071 4404; baseline -0.016 -17"><span class='ocrx_word' id='word_1_560' title='bbox 472 4331 766 4404; x_wconf 83' lang='lat' dir='ltr'><strong>angustiam</strong></span> <span class='ocrx_word' id='word_1_561' title='bbox 785 4327 1080 4382; x_wconf 83' lang='lat' dir='ltr'><strong>dilatarent.</strong></span> <span class='ocrx_word' id='word_1_562' title='bbox 1097 4323 1233 4391; x_wconf 87' lang='lat' dir='ltr'><strong>Quin</strong></span> <span class='ocrx_word' id='word_1_563' title='bbox 1255 4337 1353 4377; x_wconf 90' lang='lat' dir='ltr'><strong>nec</strong></span> <span class='ocrx_word' id='word_1_564' title='bbox 1369 4319 1595 4376; x_wconf 86' lang='lat' dir='ltr'><strong>ecclesia</strong></span> <span class='ocrx_word' id='word_1_565' title='bbox 1619 4315 1815 4379; x_wconf 90' lang='lat' dir='ltr'><strong>solum,</strong></span> <span class='ocrx_word' id='word_1_566' title='bbox 1839 4311 1932 4366; x_wconf 87' lang='lat' dir='ltr'><strong>sed</strong></span> <span class='ocrx_word' id='word_1_567' title='bbox 1955 4325 2071 4364; x_wconf 62' lang='lat' dir='ltr'><strong>me»</strong></span> 
     </span>
    </p>
   </div>
   <div class='ocr_carea' id='block_1_75' title="bbox 473 4404 2071 4494">
    <p class='ocr_par' dir='ltr' id='par_1_75' title="bbox 473 4404 2071 4494">
     <span class='ocr_line' id='line_1_75' title="bbox 473 4404 2071 4494; baseline -0.019 -9"><span class='ocrx_word' id='word_1_568' title='bbox 473 4426 769 4485; x_wconf 78' lang='lat' dir='ltr'><strong>nosterium</strong></span> <span class='ocrx_word' id='word_1_569' title='bbox 796 4435 1010 4494; x_wconf 89' lang='lat' dir='ltr'><strong>quoque</strong></span> <span class='ocrx_word' id='word_1_570' title='bbox 1026 4404 1212 4474; x_wconf 82' lang='lat' dir='ltr'><strong>eidem</strong></span> <span class='ocrx_word' id='word_1_571' title='bbox 1242 4416 1496 4485; x_wconf 88' lang='lat' dir='ltr'><strong>adjacens</strong></span> <span class='ocrx_word' id='word_1_572' title='bbox 1521 4409 1889 4478; x_wconf 76' lang='lat' dir='ltr'><strong>retediﬁcatum</strong></span> <span class='ocrx_word' id='word_1_573' title='bbox 1912 4405 2071 4474; x_wconf 77' lang='lat' dir='ltr'><strong>fuisse</strong></span> 
     </span>
    </p>
   </div>
   <div class='ocr_carea' id='block_1_76' title="bbox 473 4497 2069 4584">
    <p class='ocr_par' dir='ltr' id='par_1_76' title="bbox 473 4497 2069 4584">
     <span class='ocr_line' id='line_1_76' title="bbox 473 4497 2069 4584; baseline -0.017 -8"><span class='ocrx_word' id='word_1_574' title='bbox 473 4538 534 4576; x_wconf 88' lang='lat' dir='ltr'><strong>ac</strong></span> <span class='ocrx_word' id='word_1_575' title='bbox 555 4529 853 4574; x_wconf 87' lang='lat' dir='ltr'><strong>renovatum</strong></span> <span class='ocrx_word' id='word_1_576' title='bbox 884 4515 1123 4584; x_wconf 87' lang='lat' dir='ltr'><strong>proditur</strong></span> <span class='ocrx_word' id='word_1_577' title='bbox 1143 4529 1208 4567; x_wconf 75' lang='lat' dir='ltr'><strong>ex</strong></span> <span class='ocrx_word' id='word_1_578' title='bbox 1241 4512 1347 4566; x_wconf 90' lang='lat' dir='ltr'><strong>alio</strong></span> <span class='ocrx_word' id='word_1_579' title='bbox 1375 4504 1635 4564; x_wconf 86' lang='lat' dir='ltr'><strong>Ludovici</strong></span> <span class='ocrx_word' id='word_1_580' title='bbox 1660 4503 1728 4572; x_wconf 91' lang='lat' dir='ltr'><strong>pii</strong></span> <span class='ocrx_word' id='word_1_581' title='bbox 1762 4499 1934 4570; x_wconf 68' lang='lat' dir='ltr'><strong>l’ipitti</strong></span> <span class='ocrx_word' id='word_1_582' title='bbox 1961 4497 2069 4551; x_wconf 85' lang='lat' dir='ltr'><strong>fra-</strong></span> 
     </span>
    </p>
   </div>
   <div class='ocr_carea' id='block_1_77' title="bbox 2179 3283 3761 3360">
    <p class='ocr_par' dir='ltr' id='par_1_77' title="bbox 2179 3283 3761 3360">
     <span class='ocr_line' id='line_1_77' title="bbox 2179 3283 3761 3360; baseline 0.004 -22"><span class='ocrx_word' id='word_1_583' title='bbox 2179 3283 2280 3339; x_wconf 83' lang='lat' dir='ltr'><strong>Hic</strong></span> <span class='ocrx_word' id='word_1_584' title='bbox 2331 3292 2511 3339; x_wconf 87' lang='lat' dir='ltr'><strong>autem</strong></span> <span class='ocrx_word' id='word_1_585' title='bbox 2556 3287 3019 3356; x_wconf 67' lang='lat' dir='ltr'><strong>prietermittimus</strong></span> <span class='ocrx_word' id='word_1_586' title='bbox 3064 3289 3269 3359; x_wconf 84' lang='lat' dir='ltr'><strong>aliquot</strong></span> <span class='ocrx_word' id='word_1_587' title='bbox 3329 3293 3617 3353; x_wconf 82' lang='lat' dir='ltr'><strong>miracula.</strong></span> <span class='ocrx_word' id='word_1_588' title='bbox 3659 3306 3761 3360; x_wconf 78' lang='lat' dir='ltr'><strong>qute</strong></span> 
     </span>
    </p>
   </div>
   <div class='ocr_carea' id='block_1_78' title="bbox 2179 3378 3763 3456">
    <p class='ocr_par' dir='ltr' id='par_1_78' title="bbox 2179 3378 3763 3456">
     <span class='ocr_line' id='line_1_78' title="bbox 2179 3378 3763 3456; baseline 0.004 -23"><span class='ocrx_word' id='word_1_589' title='bbox 2179 3378 2292 3433; x_wconf 89' lang='lat' dir='ltr'><strong>sive</strong></span> <span class='ocrx_word' id='word_1_590' title='bbox 2317 3379 2364 3432; x_wconf 93' lang='lat' dir='ltr'><strong>in</strong></span> <span class='ocrx_word' id='word_1_591' title='bbox 2397 3380 2508 3447; x_wconf 89' lang='lat' dir='ltr'><strong>ipsa</strong></span> <span class='ocrx_word' id='word_1_592' title='bbox 2537 3382 2910 3447; x_wconf 86' lang='lat' dir='ltr'><strong>translatione,</strong></span> <span class='ocrx_word' id='word_1_593' title='bbox 2940 3384 3057 3440; x_wconf 87' lang='lat' dir='ltr'><strong>sive</strong></span> <span class='ocrx_word' id='word_1_594' title='bbox 3108 3395 3230 3456; x_wconf 89' lang='lat' dir='ltr'><strong>post</strong></span> <span class='ocrx_word' id='word_1_595' title='bbox 3274 3389 3530 3444; x_wconf 82' lang='lat' dir='ltr'><strong>evenisse</strong></span> <span class='ocrx_word' id='word_1_596' title='bbox 3582 3401 3763 3442; x_wconf 87' lang='lat' dir='ltr'><strong>memo-</strong></span> 
     </span>
    </p>
   </div>
   <div class='ocr_carea' id='block_1_79' title="bbox 2177 3474 3762 3546">
    <p class='ocr_par' dir='ltr' id='par_1_79' title="bbox 2177 3474 3762 3546">
     <span class='ocr_line' id='line_1_79' title="bbox 2177 3474 3762 3546; baseline 0.004 -20"><span class='ocrx_word' id='word_1_597' title='bbox 2177 3481 2402 3533; x_wconf 81' lang='lat' dir='ltr'><strong>rantur;</strong></span> <span class='ocrx_word' id='word_1_598' title='bbox 2431 3483 2494 3526; x_wconf 90' lang='lat' dir='ltr'><strong>ea</strong></span> <span class='ocrx_word' id='word_1_599' title='bbox 2533 3474 2675 3527; x_wconf 91' lang='lat' dir='ltr'><strong>enim</strong></span> <span class='ocrx_word' id='word_1_600' title='bbox 2710 3474 2902 3543; x_wconf 87' lang='lat' dir='ltr'><strong>partim</strong></span> <span class='ocrx_word' id='word_1_601' title='bbox 2954 3476 3095 3546; x_wconf 90' lang='lat' dir='ltr'><strong>apud</strong></span> <span class='ocrx_word' id='word_1_602' title='bbox 3136 3479 3468 3534; x_wconf 89' lang='lat' dir='ltr'><strong>monachum</strong></span> <span class='ocrx_word' id='word_1_603' title='bbox 3522 3479 3762 3534; x_wconf 72' lang='lat' dir='ltr'><strong>Zenonis-</strong></span> 
     </span>
    </p>
   </div>
   <div class='ocr_carea' id='block_1_80' title="bbox 2178 3565 3765 3644">
    <p class='ocr_par' dir='ltr' id='par_1_80' title="bbox 2178 3565 3765 3644">
     <span class='ocr_line' id='line_1_80' title="bbox 2178 3565 3765 3644; baseline 0.005 -28"><span class='ocrx_word' id='word_1_604' title='bbox 2178 3565 2535 3632; x_wconf 89' lang='lat' dir='ltr'><strong>num,partim</strong></span> <span class='ocrx_word' id='word_1_605' title='bbox 2566 3565 2706 3636; x_wconf 86' lang='lat' dir='ltr'><strong>apud</strong></span> <span class='ocrx_word' id='word_1_606' title='bbox 2729 3565 2988 3623; x_wconf 82' lang='lat' dir='ltr'><strong>Jacobum</strong></span> <span class='ocrx_word' id='word_1_607' title='bbox 3018 3569 3200 3642; x_wconf 80' lang='lat' dir='ltr'><strong>[exul]</strong></span> <span class='ocrx_word' id='word_1_608' title='bbox 3216 3570 3618 3644; x_wconf 81' lang='lat' dir='ltr'><strong>Presbyterum,</strong></span> <span class='ocrx_word' id='word_1_609' title='bbox 3642 3572 3765 3628; x_wconf 87' lang='lat' dir='ltr'><strong>inter</strong></span> 
     </span>
    </p>
   </div>
   <div class='ocr_carea' id='block_1_81' title="bbox 2180 3661 3763 3764">
    <p class='ocr_par' dir='ltr' id='par_1_81' title="bbox 2180 3661 3763 3764">
     <span class='ocr_line' id='line_1_81' title="bbox 2180 3661 3763 3764; baseline 0.005 -53"><span class='ocrx_word' id='word_1_610' title='bbox 2180 3667 2524 3764; x_wconf 72' lang='lat' dir='ltr'><strong>monumenta</strong></span> <span class='ocrx_word' id='word_1_611' title='bbox 2549 3675 2668 3731; x_wconf 68' lang='lat' dir='ltr'><strong>qua:</strong></span> <span class='ocrx_word' id='word_1_612' title='bbox 2685 3661 2809 3716; x_wconf 90' lang='lat' dir='ltr'><strong>huic</strong></span> <span class='ocrx_word' id='word_1_613' title='bbox 2821 3661 3192 3719; x_wconf 86' lang='lat' dir='ltr'><strong>dissertationi</strong></span> <span class='ocrx_word' id='word_1_614' title='bbox 3207 3665 3584 3736; x_wconf 86' lang='lat' dir='ltr'><strong>subjicientur,</strong></span> <span class='ocrx_word' id='word_1_615' title='bbox 3604 3667 3763 3737; x_wconf 82' lang='lat' dir='ltr'><strong>legere</strong></span> 
     </span>
    </p>
   </div>
   <div class='ocr_carea' id='block_1_82' title="bbox 2175 3754 2650 3823">
    <p class='ocr_par' dir='ltr' id='par_1_82' title="bbox 2175 3754 2650 3823">
     <span class='ocr_line' id='line_1_82' title="bbox 2175 3754 2650 3823; baseline 0.004 -17"><span class='ocrx_word' id='word_1_616' title='bbox 2175 3754 2402 3823; x_wconf 89' lang='lat' dir='ltr'><strong>quisque</strong></span> <span class='ocrx_word' id='word_1_617' title='bbox 2433 3754 2650 3823; x_wconf 88' lang='lat' dir='ltr'><strong>poterit.</strong></span> 
     </span>
    </p>
   </div>
   <div class='ocr_carea' id='block_1_83' title="bbox 2247 3832 3761 3921">
    <p class='ocr_par' dir='ltr' id='par_1_83' title="bbox 2247 3832 3761 3921">
     <span class='ocr_line' id='line_1_83' title="bbox 2247 3832 3761 3921; baseline 0.005 -22"><span class='ocrx_word' id='word_1_618' title='bbox 2247 3845 2524 3906; x_wconf 86' lang='lat' dir='ltr'><strong>Addemus</strong></span> <span class='ocrx_word' id='word_1_619' title='bbox 2551 3847 2724 3902; x_wconf 91' lang='lat' dir='ltr'><strong>solum</strong></span> <span class='ocrx_word' id='word_1_620' title='bbox 2757 3832 3013 3904; x_wconf 91' lang='lat' dir='ltr'><strong>nonnulla</strong></span> <span class='ocrx_word' id='word_1_621' title='bbox 3061 3865 3182 3921; x_wconf 63' lang='lat' dir='ltr'><strong>qua;</strong></span> <span class='ocrx_word' id='word_1_622' title='bbox 3221 3851 3288 3907; x_wconf 79' lang='lat' dir='ltr'><strong>ad</strong></span> <span class='ocrx_word' id='word_1_623' title='bbox 3316 3852 3378 3910; x_wconf 89' lang='lat' dir='ltr'><strong>S.</strong></span> <span class='ocrx_word' id='word_1_624' title='bbox 3409 3854 3637 3909; x_wconf 84' lang='lat' dir='ltr'><strong>Zenonis</strong></span> <span class='ocrx_word' id='word_1_625' title='bbox 3654 3866 3761 3909; x_wconf 87' lang='lat' dir='ltr'><strong>cor-</strong></span> 
     </span>
    </p>
   </div>
   <div class='ocr_carea' id='block_1_84' title="bbox 2175 3941 3763 4017">
    <p class='ocr_par' dir='ltr' id='par_1_84' title="bbox 2175 3941 3763 4017">
     <span class='ocr_line' id='line_1_84' title="bbox 2175 3941 3763 4017; baseline 0.003 -23"><span class='ocrx_word' id='word_1_626' title='bbox 2175 3953 2275 4010; x_wconf 87' lang='lat' dir='ltr'><strong>pus</strong></span> <span class='ocrx_word' id='word_1_627' title='bbox 2305 3941 2598 4009; x_wconf 86' lang='lat' dir='ltr'><strong>pertinent.</strong></span> <span class='ocrx_word' id='word_1_628' title='bbox 2626 3942 2808 3997; x_wconf 89' lang='lat' dir='ltr'><strong>Primo</strong></span> <span class='ocrx_word' id='word_1_629' title='bbox 2839 3943 3155 4010; x_wconf 88' lang='lat' dir='ltr'><strong>Panvinius,</strong></span> <span class='ocrx_word' id='word_1_630' title='bbox 3180 3948 3270 4016; x_wconf 89' lang='lat' dir='ltr'><strong>qui</strong></span> <span class='ocrx_word' id='word_1_631' title='bbox 3298 3947 3530 4017; x_wconf 88' lang='lat' dir='ltr'><strong>plurima</strong></span> <span class='ocrx_word' id='word_1_632' title='bbox 3587 3961 3763 4002; x_wconf 87' lang='lat' dir='ltr'><strong>monu-</strong></span> 
     </span>
    </p>
   </div>
   <div class='ocr_carea' id='block_1_85' title="bbox 2175 4033 3761 4112">
    <p class='ocr_par' dir='ltr' id='par_1_85' title="bbox 2175 4033 3761 4112">
     <span class='ocr_line' id='line_1_85' title="bbox 2175 4033 3761 4112; baseline 0.004 -25"><span class='ocrx_word' id='word_1_633' title='bbox 2175 4037 2354 4087; x_wconf 85' lang='lat' dir='ltr'><strong>menta</strong></span> <span class='ocrx_word' id='word_1_634' title='bbox 2380 4033 2836 4090; x_wconf 80' lang='lat' dir='ltr'><strong>vicissitudinibus</strong></span> <span class='ocrx_word' id='word_1_635' title='bbox 2865 4044 3171 4107; x_wconf 86' lang='lat' dir='ltr'><strong>temporum</strong></span> <span class='ocrx_word' id='word_1_636' title='bbox 3198 4054 3341 4096; x_wconf 91' lang='lat' dir='ltr'><strong>nttnc</strong></span> <span class='ocrx_word' id='word_1_637' title='bbox 3365 4044 3478 4111; x_wconf 87' lang='lat' dir='ltr'><strong>jam</strong></span> <span class='ocrx_word' id='word_1_638' title='bbox 3501 4039 3761 4112; x_wconf 88' lang='lat' dir='ltr'><strong>deperdita</strong></span> 
     </span>
    </p>
   </div>
   <div class='ocr_carea' id='block_1_86' title="bbox 2173 4124 3759 4202">
    <p class='ocr_par' dir='ltr' id='par_1_86' title="bbox 2173 4124 3759 4202">
     <span class='ocr_line' id='line_1_86' title="bbox 2173 4124 3759 4202; baseline 0.006 -24"><span class='ocrx_word' id='word_1_639' title='bbox 2173 4124 2321 4194; x_wconf 86' lang='lat' dir='ltr'><strong>legit,</strong></span> <span class='ocrx_word' id='word_1_640' title='bbox 2350 4135 2404 4180; x_wconf 91' lang='lat' dir='ltr'><strong>ct</strong></span> <span class='ocrx_word' id='word_1_641' title='bbox 2429 4143 2531 4180; x_wconf 92' lang='lat' dir='ltr'><strong>non</strong></span> <span class='ocrx_word' id='word_1_642' title='bbox 2559 4143 2723 4197; x_wconf 86' lang='lat' dir='ltr'><strong>pauca</strong></span> <span class='ocrx_word' id='word_1_643' title='bbox 2743 4129 2973 4198; x_wconf 89' lang='lat' dir='ltr'><strong>sumpsit</strong></span> <span class='ocrx_word' id='word_1_644' title='bbox 2991 4145 3054 4184; x_wconf 82' lang='lat' dir='ltr'><strong>ex</strong></span> <span class='ocrx_word' id='word_1_645' title='bbox 3076 4127 3311 4187; x_wconf 84' lang='lat' dir='ltr'><strong>Historia</strong></span> <span class='ocrx_word' id='word_1_646' title='bbox 3329 4133 3759 4202; x_wconf 73' lang='lat' dir='ltr'><strong>lmperialiloatt-</strong></span> 
     </span>
    </p>
   </div>
   <div class='ocr_carea' id='block_1_87' title="bbox 2182 4218 3760 4297">
    <p class='ocr_par' dir='ltr' id='par_1_87' title="bbox 2182 4218 3760 4297">
     <span class='ocr_line' id='line_1_87' title="bbox 2182 4218 3760 4297; baseline 0.003 -24"><span class='ocrx_word' id='word_1_647' title='bbox 2182 4218 2267 4274; x_wconf 90' lang='lat' dir='ltr'><strong>nis</strong></span> <span class='ocrx_word' id='word_1_648' title='bbox 2290 4219 2644 4287; x_wconf 70' lang='lat' dir='ltr'><strong>Veronensis,</strong></span> <span class='ocrx_word' id='word_1_649' title='bbox 2676 4223 2770 4278; x_wconf 88' lang='lat' dir='ltr'><strong>lib.</strong></span> <span class='ocrx_word' id='word_1_650' title='bbox 2798 4240 2826 4275; x_wconf 84' lang='grc' dir='ltr'><strong>ν</strong></span> <span class='ocrx_word' id='word_1_651' title='bbox 2856 4223 3176 4295; x_wconf 81' lang='lat' dir='ltr'><strong>Antiquitat.</strong></span> <span class='ocrx_word' id='word_1_652' title='bbox 3208 4225 3627 4293; x_wconf 83' lang='lat' dir='ltr'><strong>Veronensium,</strong></span> <span class='ocrx_word' id='word_1_653' title='bbox 3652 4241 3760 4297; x_wconf 90' lang='lat' dir='ltr'><strong>cap.</strong></span> 
     </span>
    </p>
   </div>
   <div class='ocr_carea' id='block_1_88' title="bbox 2174 4309 3762 4390">
    <p class='ocr_par' dir='ltr' id='par_1_88' title="bbox 2174 4309 3762 4390">
     <span class='ocr_line' id='line_1_88' title="bbox 2174 4309 3762 4390; baseline 0.004 -27"><span class='ocrx_word' id='word_1_654' title='bbox 2174 4309 2244 4365; x_wconf 77' lang='grc'><strong>25</strong></span> <span class='ocrx_word' id='word_1_655' title='bbox 2270 4327 2283 4364; x_wconf 89' lang='lat'><strong>:</strong></span> <span class='ocrx_word' id='word_1_656' title='bbox 2310 4312 2418 4366; x_wconf 85' lang='lat' dir='ltr'><strong>Sub</strong></span> <span class='ocrx_word' id='word_1_657' title='bbox 2446 4314 2541 4366; x_wconf 87' lang='lat' dir='ltr'><strong>hoc</strong></span> <span class='ocrx_word' id='word_1_658' title='bbox 2562 4315 2820 4384; x_wconf 84' lang='lat' dir='ltr'><strong>episcopo,</strong></span> <span class='ocrx_word' id='word_1_659' title='bbox 2847 4317 2900 4368; x_wconf 89' lang='lat' dir='ltr'><strong>id</strong></span> <span class='ocrx_word' id='word_1_660' title='bbox 2921 4325 2995 4370; x_wconf 89' lang='lat' dir='ltr'><strong>est</strong></span> <span class='ocrx_word' id='word_1_661' title='bbox 3018 4316 3318 4384; x_wconf 78' lang='lat' dir='ltr'><strong>Adelberto,</strong></span> <span class='ocrx_word' id='word_1_662' title='bbox 3339 4320 3529 4390; x_wconf 87' lang='lat' dir='ltr'><strong>inquit,</strong></span> <span class='ocrx_word' id='word_1_663' title='bbox 3557 4319 3762 4390; x_wconf 71' lang='lat' dir='ltr'><strong>[iunga-</strong></span> 
     </span>
    </p>
   </div>
   <div class='ocr_carea' id='block_1_89' title="bbox 2172 4403 3763 4506">
    <p class='ocr_par' dir='ltr' id='par_1_89' title="bbox 2172 4403 3763 4506">
     <span class='ocr_line' id='line_1_89' title="bbox 2172 4403 3763 4506; baseline 0.001 -49"><span class='ocrx_word' id='word_1_664' title='bbox 2172 4418 2346 4506; x_wconf 71' lang='lat' dir='ltr'><strong>rorum</strong></span> <span class='ocrx_word' id='word_1_665' title='bbox 2373 4421 2496 4475; x_wconf 84' lang='lat' dir='ltr'><strong>gens</strong></span> <span class='ocrx_word' id='word_1_666' title='bbox 2523 4403 3357 4479; x_wconf 82' lang='lat' dir='ltr'><strong>Italiamconsumpsit,Veronam</strong></span> <span class='ocrx_word' id='word_1_667' title='bbox 3382 4427 3568 4482; x_wconf 78' lang='lat' dir='ltr'><strong>ntagno</strong></span> <span class='ocrx_word' id='word_1_668' title='bbox 3580 4411 3763 4477; x_wconf 78' lang='lat' dir='ltr'><strong>impetu</strong></span> 
     </span>
    </p>
   </div>
   <div class='ocr_carea' id='block_1_90' title="bbox 2173 4498 3757 4572">
    <p class='ocr_par' dir='ltr' id='par_1_90' title="bbox 2173 4498 3757 4572">
     <span class='ocr_line' id='line_1_90' title="bbox 2173 4498 3757 4572; baseline 0.002 -23"><span class='ocrx_word' id='word_1_669' title='bbox 2173 4498 2378 4562; x_wconf 80' lang='lat' dir='ltr'><strong>invasit,</strong></span> <span class='ocrx_word' id='word_1_670' title='bbox 2407 4501 2617 4570; x_wconf 80' lang='lat' dir='ltr'><strong>ejusque</strong></span> <span class='ocrx_word' id='word_1_671' title='bbox 2645 4498 2901 4552; x_wconf 78' lang='lat' dir='ltr'><strong>suburbiis</strong></span> <span class='ocrx_word' id='word_1_672' title='bbox 2935 4503 3070 4569; x_wconf 78' lang='lat' dir='ltr'><strong>[erro</strong></span> <span class='ocrx_word' id='word_1_673' title='bbox 3100 4501 3412 4572; x_wconf 78' lang='lat' dir='ltr'><strong>ﬂammaque</strong></span> <span class='ocrx_word' id='word_1_674' title='bbox 3436 4499 3757 4572; x_wconf 83' lang='lat' dir='ltr'><strong>consumptis,</strong></span> 
     </span>
    </p>
   </div>
   <div class='ocr_carea' id='block_1_91' title="bbox 472 4589 3760 4682">
    <p class='ocr_par' dir='ltr' id='par_1_91' title="bbox 472 4589 3760 4682">
     <span class='ocr_line' id='line_1_91' title="bbox 472 4589 3760 4682; baseline -0.007 -13"><span class='ocrx_word' id='word_1_675' title='bbox 472 4617 569 4668; x_wconf 90' lang='lat' dir='ltr'><strong>tris</strong></span> <span class='ocrx_word' id='word_1_676' title='bbox 592 4612 905 4682; x_wconf 88' lang='lat' dir='ltr'><strong>diplomate,</strong></span> <span class='ocrx_word' id='word_1_677' title='bbox 932 4621 1052 4676; x_wconf 89' lang='lat' dir='ltr'><strong>pag.</strong></span> <span class='ocrx_word' id='word_1_678' title='bbox 1078 4604 1202 4666; x_wconf 79' lang='lat'><strong>705,</strong></span> <span class='ocrx_word' id='word_1_679' title='bbox 1223 4601 1497 4671; x_wconf 79' lang='lat' dir='ltr'><strong>exquibus</strong></span> <span class='ocrx_word' id='word_1_680' title='bbox 1517 4596 1684 4653; x_wconf 87' lang='lat' dir='ltr'><strong>veteri</strong></span> <span class='ocrx_word' id='word_1_681' title='bbox 1704 4594 1777 4649; x_wconf 88' lang='lat' dir='ltr'><strong>illi</strong></span> <span class='ocrx_word' id='word_1_682' title='bbox 1797 4591 2059 4677; x_wconf 64' lang='lat' dir='ltr'><strong>ecclesiae,</strong></span> <span class='ocrx_word' id='word_1_683' title='bbox 2091 4593 2144 4654; x_wconf 88' lang='lat' dir='ltr'><strong>D</strong></span> <span class='ocrx_word' id='word_1_684' title='bbox 2168 4589 2227 4682; x_wconf 79' lang='lat' dir='ltr'><strong>in</strong></span> <span class='ocrx_word' id='word_1_685' title='bbox 2250 4590 2329 4645; x_wconf 89' lang='lat' dir='ltr'><strong>Itis</strong></span> <span class='ocrx_word' id='word_1_686' title='bbox 2358 4589 2609 4644; x_wconf 79' lang='lat' dir='ltr'><strong>Basilicas</strong></span> <span class='ocrx_word' id='word_1_687' title='bbox 2635 4591 2872 4645; x_wconf 84' lang='lat' dir='ltr'><strong>divorum</strong></span> <span class='ocrx_word' id='word_1_688' title='bbox 2906 4591 3154 4662; x_wconf 85' lang='lat' dir='ltr'><strong>Zenonis,</strong></span> <span class='ocrx_word' id='word_1_689' title='bbox 3185 4592 3406 4650; x_wconf 84' lang='lat' dir='ltr'><strong>Proculi</strong></span> <span class='ocrx_word' id='word_1_690' title='bbox 3429 4637 3446 4664; x_wconf 90' lang='lat'><strong>,</strong></span> <span class='ocrx_word' id='word_1_691' title='bbox 3479 4593 3720 4666; x_wconf 78' lang='lat' dir='ltr'><strong>Stephani</strong></span> <span class='ocrx_word' id='word_1_692' title='bbox 3745 4631 3760 4658; x_wconf 90' lang='lat'><strong>,</strong></span> 
     </span>
    </p>
   </div>
   <div class='ocr_carea' id='block_1_92' title="bbox 468 4675 2062 4776">
    <p class='ocr_par' dir='ltr' id='par_1_92' title="bbox 468 4675 2062 4776">
     <span class='ocr_line' id='line_1_92' title="bbox 468 4675 2062 4776; baseline -0.016 -15"><span class='ocrx_word' id='word_1_693' title='bbox 468 4708 523 4762; x_wconf 90' lang='lat' dir='ltr'><strong>itt</strong></span> <span class='ocrx_word' id='word_1_694' title='bbox 547 4691 658 4776; x_wconf 56' lang='lat' dir='ltr'><strong>qua‘</strong></span> <span class='ocrx_word' id='word_1_695' title='bbox 683 4701 916 4756; x_wconf 83' lang='lat' dir='ltr'><strong>Zenonis</strong></span> <span class='ocrx_word' id='word_1_696' title='bbox 937 4698 1178 4753; x_wconf 71' lang='lat' dir='ltr'><strong>exsuvia:</strong></span> <span class='ocrx_word' id='word_1_697' title='bbox 1209 4696 1438 4766; x_wconf 90' lang='lat' dir='ltr'><strong>primum</strong></span> <span class='ocrx_word' id='word_1_698' title='bbox 1485 4689 1860 4761; x_wconf 86' lang='lat' dir='ltr'><strong>quiescebant,</strong></span> <span class='ocrx_word' id='word_1_699' title='bbox 1913 4675 2062 4739; x_wconf 3' lang='lat' dir='ltr'><strong>lanti-</strong></span> 
     </span>
    </p>
   </div>
   <div class='ocr_carea' id='block_1_93' title="bbox 471 4779 2062 4872">
    <p class='ocr_par' dir='ltr' id='par_1_93' title="bbox 471 4779 2062 4872">
     <span class='ocr_line' id='line_1_93' title="bbox 471 4779 2062 4872; baseline -0.014 -18"><span class='ocrx_word' id='word_1_700' title='bbox 471 4802 592 4872; x_wconf 89' lang='lat' dir='ltr'><strong>quis</strong></span> <span class='ocrx_word' id='word_1_701' title='bbox 652 4810 868 4870; x_wconf 89' lang='lat' dir='ltr'><strong>quoque</strong></span> <span class='ocrx_word' id='word_1_702' title='bbox 929 4790 1264 4860; x_wconf 85' lang='lat' dir='ltr'><strong>temporibus</strong></span> <span class='ocrx_word' id='word_1_703' title='bbox 1339 4784 1722 4841; x_wconf 88' lang='lat' dir='ltr'><strong>monasterium</strong></span> <span class='ocrx_word' id='word_1_704' title='bbox 1793 4779 2062 4849; x_wconf 85' lang='lat' dir='ltr'><strong>adjectum</strong></span> 
     </span>
    </p>
   </div>
   <div class='ocr_carea' id='block_1_94' title="bbox 469 4879 2064 4965">
    <p class='ocr_par' dir='ltr' id='par_1_94' title="bbox 469 4879 2064 4965">
     <span class='ocr_line' id='line_1_94' title="bbox 469 4879 2064 4965; baseline -0.013 -13"><span class='ocrx_word' id='word_1_705' title='bbox 469 4898 637 4953; x_wconf 86' lang='lat' dir='ltr'><strong>fuisse</strong></span> <span class='ocrx_word' id='word_1_706' title='bbox 667 4892 1066 4965; x_wconf 86' lang='lat' dir='ltr'><strong>cognoscimus,</strong></span> <span class='ocrx_word' id='word_1_707' title='bbox 1110 4885 1254 4958; x_wconf 90' lang='lat' dir='ltr'><strong>quod</strong></span> <span class='ocrx_word' id='word_1_708' title='bbox 1286 4884 1352 4938; x_wconf 90' lang='lat' dir='ltr'><strong>de</strong></span> <span class='ocrx_word' id='word_1_709' title='bbox 1380 4882 1604 4939; x_wconf 87' lang='lat' dir='ltr'><strong>ecclesia</strong></span> <span class='ocrx_word' id='word_1_710' title='bbox 1635 4881 1693 4938; x_wconf 91' lang='lat' dir='ltr'><strong>S.</strong></span> <span class='ocrx_word' id='word_1_711' title='bbox 1726 4879 1960 4935; x_wconf 89' lang='lat' dir='ltr'><strong>Zenonis</strong></span> <span class='ocrx_word' id='word_1_712' title='bbox 2010 4880 2064 4932; x_wconf 89' lang='lat' dir='ltr'><strong>in</strong></span> 
     </span>
    </p>
   </div>
   <div class='ocr_carea' id='block_1_95' title="bbox 473 4971 2063 5056">
    <p class='ocr_par' dir='ltr' id='par_1_95' title="bbox 473 4971 2063 5056">
     <span class='ocr_line' id='line_1_95' title="bbox 473 4971 2063 5056; baseline -0.013 -12"><span class='ocrx_word' id='word_1_713' title='bbox 473 4990 714 5044; x_wconf 79' lang='lat' dir='ltr'><strong>Oratorio</strong></span> <span class='ocrx_word' id='word_1_714' title='bbox 741 4985 999 5056; x_wconf 78' lang='lat' dir='ltr'><strong>SttSpicat-i</strong></span> <span class='ocrx_word' id='word_1_715' title='bbox 1034 4996 1192 5036; x_wconf 85' lang='lat' dir='ltr'><strong>nemo</strong></span> <span class='ocrx_word' id='word_1_716' title='bbox 1221 4985 1419 5048; x_wconf 87' lang='lat' dir='ltr'><strong>potest.</strong></span> <span class='ocrx_word' id='word_1_717' title='bbox 1455 4974 1637 5043; x_wconf 84' lang='lat' dir='ltr'><strong>Neque</strong></span> <span class='ocrx_word' id='word_1_718' title='bbox 1692 4971 2063 5027; x_wconf 81' lang='lat' dir='ltr'><strong>difficultatem</strong></span> 
     </span>
    </p>
   </div>
   <div class='ocr_carea' id='block_1_96' title="bbox 468 5066 2064 5153">
    <p class='ocr_par' dir='ltr' id='par_1_96' title="bbox 468 5066 2064 5153">
     <span class='ocr_line' id='line_1_96' title="bbox 468 5066 2064 5153; baseline -0.013 -14"><span class='ocrx_word' id='word_1_719' title='bbox 468 5098 662 5153; x_wconf 84' lang='lat' dir='ltr'><strong>urgeas</strong></span> <span class='ocrx_word' id='word_1_720' title='bbox 687 5098 750 5137; x_wconf 83' lang='lat' dir='ltr'><strong>ex</strong></span> <span class='ocrx_word' id='word_1_721' title='bbox 777 5078 1038 5135; x_wconf 83' lang='lat' dir='ltr'><strong>miraculo</strong></span> <span class='ocrx_word' id='word_1_722' title='bbox 1068 5073 1305 5138; x_wconf 79' lang='lat' dir='ltr'><strong>Athesis,</strong></span> <span class='ocrx_word' id='word_1_723' title='bbox 1339 5085 1402 5125; x_wconf 92' lang='lat' dir='ltr'><strong>ac</strong></span> <span class='ocrx_word' id='word_1_724' title='bbox 1425 5070 1468 5123; x_wconf 88' lang='lat' dir='ltr'><strong>si</strong></span> <span class='ocrx_word' id='word_1_725' title='bbox 1499 5083 1604 5122; x_wconf 90' lang='lat' dir='ltr'><strong>non</strong></span> <span class='ocrx_word' id='word_1_726' title='bbox 1660 5067 1761 5122; x_wconf 88' lang='lat' dir='ltr'><strong>alia</strong></span> <span class='ocrx_word' id='word_1_727' title='bbox 1811 5066 2064 5129; x_wconf 90' lang='lat' dir='ltr'><strong>ecclesia,</strong></span> 
     </span>
    </p>
   </div>
   <div class='ocr_carea' id='block_1_97' title="bbox 469 5161 2066 5249">
    <p class='ocr_par' dir='ltr' id='par_1_97' title="bbox 469 5161 2066 5249">
     <span class='ocr_line' id='line_1_97' title="bbox 469 5161 2066 5249; baseline -0.011 -18"><span class='ocrx_word' id='word_1_728' title='bbox 469 5193 630 5249; x_wconf 85' lang='lat' dir='ltr'><strong>quam</strong></span> <span class='ocrx_word' id='word_1_729' title='bbox 659 5190 779 5246; x_wconf 70' lang='lat' dir='ltr'><strong>qua:</strong></span> <span class='ocrx_word' id='word_1_730' title='bbox 807 5172 867 5229; x_wconf 93' lang='grc'><strong>8.</strong></span> <span class='ocrx_word' id='word_1_731' title='bbox 898 5171 1137 5226; x_wconf 74' lang='lat' dir='ltr'><strong>Zenonis</strong></span> <span class='ocrx_word' id='word_1_732' title='bbox 1167 5169 1220 5221; x_wconf 90' lang='lat' dir='ltr'><strong>in</strong></span> <span class='ocrx_word' id='word_1_733' title='bbox 1247 5165 1486 5220; x_wconf 83' lang='lat' dir='ltr'><strong>Uratorio</strong></span> <span class='ocrx_word' id='word_1_734' title='bbox 1531 5161 1851 5232; x_wconf 88' lang='lat' dir='ltr'><strong>appellatur,</strong></span> <span class='ocrx_word' id='word_1_735' title='bbox 1899 5174 2066 5230; x_wconf 79' lang='lat' dir='ltr'><strong>prejte</strong></span> 
     </span>
    </p>
   </div>
   <div class='ocr_carea' id='block_1_98' title="bbox 466 5253 2061 5333">
    <p class='ocr_par' dir='ltr' id='par_1_98' title="bbox 466 5253 2061 5333">
     <span class='ocr_line' id='line_1_98' title="bbox 466 5253 2061 5333; baseline -0.013 -9"><span class='ocrx_word' id='word_1_736' title='bbox 466 5267 712 5326; x_wconf 82' lang='lat' dir='ltr'><strong>Athesim</strong></span> <span class='ocrx_word' id='word_1_737' title='bbox 744 5267 867 5330; x_wconf 88' lang='lat' dir='ltr'><strong>sita,</strong></span> <span class='ocrx_word' id='word_1_738' title='bbox 899 5263 1139 5333; x_wconf 82' lang='lat' dir='ltr'><strong>ejusdcttt</strong></span> <span class='ocrx_word' id='word_1_739' title='bbox 1171 5257 1496 5315; x_wconf 69' lang='lat' dir='ltr'><strong>exundantis</strong></span> <span class='ocrx_word' id='word_1_740' title='bbox 1538 5255 1788 5309; x_wconf 85' lang='lat' dir='ltr'><strong>ﬂuetibus</strong></span> <span class='ocrx_word' id='word_1_741' title='bbox 1829 5253 2061 5306; x_wconf 82' lang='lat' dir='ltr'><strong>obnoxia</strong></span> 
     </span>
    </p>
   </div>
   <div class='ocr_carea' id='block_1_99' title="bbox 467 5347 2062 5432">
    <p class='ocr_par' dir='ltr' id='par_1_99' title="bbox 467 5347 2062 5432">
     <span class='ocr_line' id='line_1_99' title="bbox 467 5347 2062 5432; baseline -0.012 -13"><span class='ocrx_word' id='word_1_742' title='bbox 467 5365 650 5420; x_wconf 86' lang='lat' dir='ltr'><strong>haberi</strong></span> <span class='ocrx_word' id='word_1_743' title='bbox 680 5371 862 5432; x_wconf 90' lang='lat' dir='ltr'><strong>queat.</strong></span> <span class='ocrx_word' id='word_1_744' title='bbox 887 5358 1020 5414; x_wconf 81' lang='lat' dir='ltr'><strong>Nam</strong></span> <span class='ocrx_word' id='word_1_745' title='bbox 1051 5365 1242 5425; x_wconf 65' lang='lat' dir='ltr'><strong>praeter</strong></span> <span class='ocrx_word' id='word_1_746' title='bbox 1269 5369 1428 5424; x_wconf 84' lang='lat' dir='ltr'><strong>quam</strong></span> <span class='ocrx_word' id='word_1_747' title='bbox 1474 5349 1617 5423; x_wconf 85' lang='lat' dir='ltr'><strong>quod</strong></span> <span class='ocrx_word' id='word_1_748' title='bbox 1653 5350 1704 5404; x_wconf 90' lang='lat' dir='ltr'><strong>in</strong></span> <span class='ocrx_word' id='word_1_749' title='bbox 1735 5347 2062 5403; x_wconf 86' lang='lat' dir='ltr'><strong>documento</strong></span> 
     </span>
    </p>
   </div>
   <div class='ocr_carea' id='block_1_100' title="bbox 465 5441 2063 5530">
    <p class='ocr_par' dir='ltr' id='par_1_100' title="bbox 465 5441 2063 5530">
     <span class='ocr_line' id='line_1_100' title="bbox 465 5441 2063 5530; baseline -0.014 -15"><span class='ocrx_word' id='word_1_750' title='bbox 465 5459 606 5530; x_wconf 83' lang='lat' dir='ltr'><strong>apud</strong></span> <span class='ocrx_word' id='word_1_751' title='bbox 642 5453 968 5527; x_wconf 86' lang='lat' dir='ltr'><strong>Ughellium,</strong></span> <span class='ocrx_word' id='word_1_752' title='bbox 1009 5465 1130 5520; x_wconf 84' lang='lat' dir='ltr'><strong>pag.</strong></span> <span class='ocrx_word' id='word_1_753' title='bbox 1173 5447 1324 5512; x_wconf 77' lang='lat'><strong>699.,</strong></span> <span class='ocrx_word' id='word_1_754' title='bbox 1361 5445 1667 5500; x_wconf 87' lang='lat' dir='ltr'><strong>nominatur</strong></span> <span class='ocrx_word' id='word_1_755' title='bbox 1695 5441 2063 5497; x_wconf 84' lang='lat' dir='ltr'><strong>monasterium</strong></span> 
     </span>
    </p>
   </div>
   <div class='ocr_carea' id='block_1_101' title="bbox 463 5535 2060 5620">
    <p class='ocr_par' dir='ltr' id='par_1_101' title="bbox 463 5535 2060 5620">
     <span class='ocr_line' id='line_1_101' title="bbox 463 5535 2060 5620; baseline -0.015 -10"><span class='ocrx_word' id='word_1_756' title='bbox 463 5554 526 5610; x_wconf 82' lang='lat' dir='ltr'><strong>S.</strong></span> <span class='ocrx_word' id='word_1_757' title='bbox 551 5551 771 5607; x_wconf 86' lang='lat' dir='ltr'><strong>Zenonis</strong></span> <span class='ocrx_word' id='word_1_758' title='bbox 785 5547 1004 5620; x_wconf 81' lang='lat' dir='ltr'><strong>positum</strong></span> <span class='ocrx_word' id='word_1_759' title='bbox 1037 5543 1164 5613; x_wconf 79' lang='lat' dir='ltr'><strong>foris</strong></span> <span class='ocrx_word' id='word_1_760' title='bbox 1193 5542 1445 5595; x_wconf 88' lang='lat' dir='ltr'><strong>civitatem</strong></span> <span class='ocrx_word' id='word_1_761' title='bbox 1466 5538 1701 5601; x_wconf 67' lang='lat' dir='ltr'><strong>Veronae,</strong></span> <span class='ocrx_word' id='word_1_762' title='bbox 1719 5540 1875 5609; x_wconf 73' lang='lat' dir='ltr'><strong>juxta</strong></span> <span class='ocrx_word' id='word_1_763' title='bbox 1894 5535 2060 5604; x_wconf 85' lang='lat' dir='ltr'><strong>ripam</strong></span> 
     </span>
    </p>
   </div>
   <div class='ocr_carea' id='block_1_102' title="bbox 468 5629 2060 5714">
    <p class='ocr_par' dir='ltr' id='par_1_102' title="bbox 468 5629 2060 5714">
     <span class='ocr_line' id='line_1_102' title="bbox 468 5629 2060 5714; baseline -0.012 -14"><span class='ocrx_word' id='word_1_764' title='bbox 468 5647 687 5712; x_wconf 78' lang='lat' dir='ltr'><strong>Athesis,</strong></span> <span class='ocrx_word' id='word_1_765' title='bbox 721 5641 864 5714; x_wconf 88' lang='lat' dir='ltr'><strong>quod</strong></span> <span class='ocrx_word' id='word_1_766' title='bbox 892 5639 1276 5696; x_wconf 87' lang='lat' dir='ltr'><strong>documentum</strong></span> <span class='ocrx_word' id='word_1_767' title='bbox 1303 5633 1401 5689; x_wconf 90' lang='lat' dir='ltr'><strong>etsi</strong></span> <span class='ocrx_word' id='word_1_768' title='bbox 1435 5632 1626 5687; x_wconf 84' lang='lat' dir='ltr'><strong>falsum</strong></span> <span class='ocrx_word' id='word_1_769' title='bbox 1655 5629 1938 5690; x_wconf 85' lang='lat' dir='ltr'><strong>habeatur,</strong></span> <span class='ocrx_word' id='word_1_770' title='bbox 1982 5636 2060 5682; x_wconf 86' lang='lat' dir='ltr'><strong>ta—</strong></span> 
     </span>
    </p>
   </div>
   <div class='ocr_carea' id='block_1_103' title="bbox 465 5725 2057 5797">
    <p class='ocr_par' dir='ltr' id='par_1_103' title="bbox 465 5725 2057 5797">
     <span class='ocr_line' id='line_1_103' title="bbox 465 5725 2057 5797; baseline -0.009 -4"><span class='ocrx_word' id='word_1_771' title='bbox 465 5756 588 5793; x_wconf 89' lang='lat' dir='ltr'><strong>men</strong></span> <span class='ocrx_word' id='word_1_772' title='bbox 617 5749 739 5794; x_wconf 85' lang='lat' dir='ltr'><strong>ante</strong></span> <span class='ocrx_word' id='word_1_773' title='bbox 757 5737 1015 5792; x_wconf 71' lang='lat' dir='ltr'><strong>sarculum</strong></span> <span class='ocrx_word' id='word_1_774' title='bbox 1044 5749 1100 5787; x_wconf 77' lang='lat' dir='ltr'><strong>XI</strong></span> <span class='ocrx_word' id='word_1_775' title='bbox 1130 5729 1420 5786; x_wconf 84' lang='lat' dir='ltr'><strong>confietum</strong></span> <span class='ocrx_word' id='word_1_776' title='bbox 1462 5735 1622 5797; x_wconf 90' lang='lat' dir='ltr'><strong>atque</strong></span> <span class='ocrx_word' id='word_1_777' title='bbox 1650 5725 1910 5794; x_wconf 81' lang='lat' dir='ltr'><strong>scriptum</strong></span> <span class='ocrx_word' id='word_1_778' title='bbox 1939 5738 2057 5779; x_wconf 89' lang='lat' dir='ltr'><strong>cre-</strong></span> 
     </span>
    </p>
   </div>
   <div class='ocr_carea' id='block_1_104' title="bbox 461 5816 2054 5896">
    <p class='ocr_par' dir='ltr' id='par_1_104' title="bbox 461 5816 2054 5896">
     <span class='ocr_line' id='line_1_104' title="bbox 461 5816 2054 5896; baseline -0.011 -9"><span class='ocrx_word' id='word_1_779' title='bbox 461 5829 606 5886; x_wconf 88' lang='lat' dir='ltr'><strong>dttur</strong></span> <span class='ocrx_word' id='word_1_780' title='bbox 633 5868 646 5883; x_wconf 89' lang='lat'><strong>.</strong></span> <span class='ocrx_word' id='word_1_781' title='bbox 680 5827 917 5890; x_wconf 84' lang='lat' dir='ltr'><strong>Athesis,</strong></span> <span class='ocrx_word' id='word_1_782' title='bbox 949 5839 1068 5896; x_wconf 67' lang='lat' dir='ltr'><strong>qtae</strong></span> <span class='ocrx_word' id='word_1_783' title='bbox 1091 5838 1252 5880; x_wconf 85' lang='lat' dir='ltr'><strong>cursu</strong></span> <span class='ocrx_word' id='word_1_784' title='bbox 1299 5819 1487 5892; x_wconf 86' lang='lat' dir='ltr'><strong>rapido</strong></span> <span class='ocrx_word' id='word_1_785' title='bbox 1542 5817 1708 5875; x_wconf 83' lang='lat' dir='ltr'><strong>multa</strong></span> <span class='ocrx_word' id='word_1_786' title='bbox 1737 5816 2054 5881; x_wconf 80' lang='lat' dir='ltr'><strong>corr-edens,</strong></span> 
     </span>
    </p>
   </div>
   <div class='ocr_carea' id='block_1_105' title="bbox 2175 4681 3762 4762">
    <p class='ocr_par' dir='ltr' id='par_1_105' title="bbox 2175 4681 3762 4762">
     <span class='ocr_line' id='line_1_105' title="bbox 2175 4681 3762 4762; baseline 0.001 -26"><span class='ocrx_word' id='word_1_787' title='bbox 2175 4681 2394 4744; x_wconf 74' lang='lat' dir='ltr'><strong>Nazarii</strong></span> <span class='ocrx_word' id='word_1_788' title='bbox 2419 4695 2465 4738; x_wconf 87' lang='lat' dir='ltr'><strong>et</strong></span> <span class='ocrx_word' id='word_1_789' title='bbox 2491 4683 2625 4739; x_wconf 85' lang='lat' dir='ltr'><strong>Celsi</strong></span> <span class='ocrx_word' id='word_1_790' title='bbox 2648 4688 2882 4741; x_wconf 89' lang='lat' dir='ltr'><strong>incendio</strong></span> <span class='ocrx_word' id='word_1_791' title='bbox 2907 4690 3243 4761; x_wconf 86' lang='lat' dir='ltr'><strong>consumpsit.</strong></span> <span class='ocrx_word' id='word_1_792' title='bbox 3277 4688 3347 4745; x_wconf 81' lang='lat' dir='ltr'><strong>In</strong></span> <span class='ocrx_word' id='word_1_793' title='bbox 3391 4707 3494 4762; x_wconf 85' lang='lat' dir='ltr'><strong>qua</strong></span> <span class='ocrx_word' id='word_1_794' title='bbox 3547 4688 3762 4761; x_wconf 82' lang='lat' dir='ltr'><strong>trepida-</strong></span> 
     </span>
    </p>
   </div>
   <div class='ocr_carea' id='block_1_106' title="bbox 2173 4777 3760 4852">
    <p class='ocr_par' dir='ltr' id='par_1_106' title="bbox 2173 4777 3760 4852">
     <span class='ocr_line' id='line_1_106' title="bbox 2173 4777 3760 4852; baseline 0.001 -22"><span class='ocrx_word' id='word_1_795' title='bbox 2173 4778 2333 4842; x_wconf 75' lang='lat' dir='ltr'><strong>tione,</strong></span> <span class='ocrx_word' id='word_1_796' title='bbox 2360 4777 2527 4832; x_wconf 82' lang='lat' dir='ltr'><strong>Abbas</strong></span> <span class='ocrx_word' id='word_1_797' title='bbox 2559 4779 2662 4832; x_wconf 87' lang='lat' dir='ltr'><strong>divi</strong></span> <span class='ocrx_word' id='word_1_798' title='bbox 2707 4778 2931 4851; x_wconf 80' lang='lat' dir='ltr'><strong>Zenonis</strong></span> <span class='ocrx_word' id='word_1_799' title='bbox 2953 4791 2999 4834; x_wconf 89' lang='lat' dir='ltr'><strong>et</strong></span> <span class='ocrx_word' id='word_1_800' title='bbox 3026 4782 3267 4836; x_wconf 81' lang='lat' dir='ltr'><strong>monachi</strong></span> <span class='ocrx_word' id='word_1_801' title='bbox 3322 4799 3441 4836; x_wconf 86' lang='lat' dir='ltr'><strong>cum</strong></span> <span class='ocrx_word' id='word_1_802' title='bbox 3483 4799 3544 4838; x_wconf 88' lang='lat' dir='ltr'><strong>eo</strong></span> <span class='ocrx_word' id='word_1_803' title='bbox 3589 4794 3760 4852; x_wconf 80' lang='lat' dir='ltr'><strong>corpus</strong></span> 
     </span>
    </p>
   </div>
   <div class='ocr_carea' id='block_1_107' title="bbox 2172 4870 3760 4948">
    <p class='ocr_par' dir='ltr' id='par_1_107' title="bbox 2172 4870 3760 4948">
     <span class='ocr_line' id='line_1_107' title="bbox 2172 4870 3760 4948; baseline -0.001 -24"><span class='ocrx_word' id='word_1_804' title='bbox 2172 4872 2400 4941; x_wconf 86' lang='lat' dir='ltr'><strong>ejusdem</strong></span> <span class='ocrx_word' id='word_1_805' title='bbox 2429 4872 2532 4927; x_wconf 87' lang='lat' dir='ltr'><strong>divi</strong></span> <span class='ocrx_word' id='word_1_806' title='bbox 2553 4890 2706 4942; x_wconf 87' lang='lat' dir='ltr'><strong>penes</strong></span> <span class='ocrx_word' id='word_1_807' title='bbox 2736 4889 2787 4929; x_wconf 89' lang='lat' dir='ltr'><strong>se</strong></span> <span class='ocrx_word' id='word_1_808' title='bbox 2815 4875 3083 4929; x_wconf 87' lang='lat' dir='ltr'><strong>conditum</strong></span> <span class='ocrx_word' id='word_1_809' title='bbox 3113 4877 3270 4947; x_wconf 86' lang='lat' dir='ltr'><strong>(quod</strong></span> <span class='ocrx_word' id='word_1_810' title='bbox 3310 4893 3373 4931; x_wconf 88' lang='lat' dir='ltr'><strong>ne</strong></span> <span class='ocrx_word' id='word_1_811' title='bbox 3429 4881 3567 4948; x_wconf 74' lang='lat' dir='ltr'><strong>furto</strong></span> <span class='ocrx_word' id='word_1_812' title='bbox 3605 4870 3760 4928; x_wconf 78' lang='lat' dir='ltr'><strong>subri-</strong></span> 
     </span>
    </p>
   </div>
   <div class='ocr_carea' id='block_1_108' title="bbox 2173 4972 3762 5055">
    <p class='ocr_par' dir='ltr' id='par_1_108' title="bbox 2173 4972 3762 5055">
     <span class='ocr_line' id='line_1_108' title="bbox 2173 4972 3762 5055; baseline 0.001 -32"><span class='ocrx_word' id='word_1_813' title='bbox 2173 4980 2376 5055; x_wconf 82' lang='lat' dir='ltr'><strong>peretttr</strong></span> <span class='ocrx_word' id='word_1_814' title='bbox 2397 4987 2710 5042; x_wconf 82' lang='lat' dir='ltr'><strong>magnopere</strong></span> <span class='ocrx_word' id='word_1_815' title='bbox 2736 4972 3046 5046; x_wconf 76' lang='lat' dir='ltr'><strong>metuerant)</strong></span> <span class='ocrx_word' id='word_1_816' title='bbox 3079 4990 3180 5026; x_wconf 88' lang='lat' dir='ltr'><strong>una</strong></span> <span class='ocrx_word' id='word_1_817' title='bbox 3207 4990 3324 5028; x_wconf 88' lang='lat' dir='ltr'><strong>cum</strong></span> <span class='ocrx_word' id='word_1_818' title='bbox 3349 4974 3510 5028; x_wconf 81' lang='lat' dir='ltr'><strong>calice</strong></span> <span class='ocrx_word' id='word_1_819' title='bbox 3533 4981 3762 5038; x_wconf 69' lang='lat' dir='ltr'><strong>auceun</strong></span> 
     </span>
    </p>
   </div>
   <div class='ocr_carea' id='block_1_109' title="bbox 2170 5064 3754 5133">
    <p class='ocr_par' dir='ltr' id='par_1_109' title="bbox 2170 5064 3754 5133">
     <span class='ocr_line' id='line_1_109' title="bbox 2170 5064 3754 5133; baseline 0.001 -18"><span class='ocrx_word' id='word_1_820' title='bbox 2170 5079 2326 5117; x_wconf 85' lang='lat' dir='ltr'><strong>aurea</strong></span> <span class='ocrx_word' id='word_1_821' title='bbox 2354 5065 2563 5118; x_wconf 76' lang='lat' dir='ltr'><strong>maximi</strong></span> <span class='ocrx_word' id='word_1_822' title='bbox 2595 5066 2770 5133; x_wconf 86' lang='lat' dir='ltr'><strong>pretii,</strong></span> <span class='ocrx_word' id='word_1_823' title='bbox 2802 5064 2985 5133; x_wconf 86' lang='lat' dir='ltr'><strong>Pipiui</strong></span> <span class='ocrx_word' id='word_1_824' title='bbox 3009 5067 3145 5121; x_wconf 86' lang='lat' dir='ltr'><strong>douo</strong></span> <span class='ocrx_word' id='word_1_825' title='bbox 3174 5069 3483 5124; x_wconf 83' lang='lat' dir='ltr'><strong>monasterio</strong></span> <span class='ocrx_word' id='word_1_826' title='bbox 3507 5077 3754 5124; x_wconf 81' lang='lat' dir='ltr'><strong>concessa,</strong></span> 
     </span>
    </p>
   </div>
   <div class='ocr_carea' id='block_1_110' title="bbox 2167 5157 3759 5234">
    <p class='ocr_par' dir='ltr' id='par_1_110' title="bbox 2167 5157 3759 5234">
     <span class='ocr_line' id='line_1_110' title="bbox 2167 5157 3759 5234; baseline -0.002 -23"><span class='ocrx_word' id='word_1_827' title='bbox 2167 5157 2222 5211; x_wconf 88' lang='lat' dir='ltr'><strong>in</strong></span> <span class='ocrx_word' id='word_1_828' title='bbox 2246 5157 2406 5212; x_wconf 70' lang='lat' dir='ltr'><strong>ardent</strong></span> <span class='ocrx_word' id='word_1_829' title='bbox 2429 5159 2559 5214; x_wconf 75' lang='lat' dir='ltr'><strong>divae</strong></span> <span class='ocrx_word' id='word_1_830' title='bbox 2582 5158 2767 5213; x_wconf 72' lang='lat' dir='ltr'><strong>Mariw</strong></span> <span class='ocrx_word' id='word_1_831' title='bbox 2787 5159 2840 5213; x_wconf 84' lang='grc' dir='ltr'><em>Μ</em></span> <span class='ocrx_word' id='word_1_832' title='bbox 2847 5162 3028 5234; x_wconf 87' lang='lat' dir='ltr'><strong>ajoris,</strong></span> <span class='ocrx_word' id='word_1_833' title='bbox 3048 5162 3102 5216; x_wconf 84' lang='lat' dir='ltr'><strong>in</strong></span> <span class='ocrx_word' id='word_1_834' title='bbox 3122 5162 3232 5232; x_wconf 79' lang='lat' dir='ltr'><strong>ejus</strong></span> <span class='ocrx_word' id='word_1_835' title='bbox 3254 5166 3484 5217; x_wconf 61' lang='grc' dir='ltr'><strong>πιερσοηό</strong></span> <span class='ocrx_word' id='word_1_836' title='bbox 3509 5173 3759 5216; x_wconf 73' lang='lat' dir='ltr'><strong>asservan-</strong></span> 
     </span>
    </p>
   </div>
   <div class='ocr_carea' id='block_1_111' title="bbox 2140 5248 3752 5325">
    <p class='ocr_par' dir='ltr' id='par_1_111' title="bbox 2140 5248 3752 5325">
     <span class='ocr_line' id='line_1_111' title="bbox 2140 5248 3752 5325; baseline -0.001 -23"><span class='ocrx_word' id='word_1_837' title='bbox 2140 5248 2236 5304; x_wconf 81' lang='lat' dir='ltr'><strong>°da</strong></span> <span class='ocrx_word' id='word_1_838' title='bbox 2261 5253 2616 5323; x_wconf 88' lang='lat' dir='ltr'><strong>deportarunt.</strong></span> <span class='ocrx_word' id='word_1_839' title='bbox 2661 5248 2847 5306; x_wconf 84' lang='lat' dir='ltr'><strong>Verum</strong></span> <span class='ocrx_word' id='word_1_840' title='bbox 2882 5251 3097 5309; x_wconf 62' lang='lat' dir='ltr'><strong>Veronae</strong></span> <span class='ocrx_word' id='word_1_841' title='bbox 3134 5254 3282 5310; x_wconf 85' lang='lat' dir='ltr'><strong>rebus</strong></span> <span class='ocrx_word' id='word_1_842' title='bbox 3309 5255 3506 5325; x_wconf 83' lang='lat' dir='ltr'><strong>aliquot</strong></span> <span class='ocrx_word' id='word_1_843' title='bbox 3529 5260 3637 5324; x_wconf 84' lang='lat' dir='ltr'><strong>post</strong></span> <span class='ocrx_word' id='word_1_844' title='bbox 3663 5265 3752 5303; x_wconf 86' lang='lat' dir='ltr'><strong>an-</strong></span> 
     </span>
    </p>
   </div>
   <div class='ocr_carea' id='block_1_112' title="bbox 2165 5344 3757 5416">
    <p class='ocr_par' dir='ltr' id='par_1_112' title="bbox 2165 5344 3757 5416">
     <span class='ocr_line' id='line_1_112' title="bbox 2165 5344 3757 5416; baseline -0.002 -18"><span class='ocrx_word' id='word_1_845' title='bbox 2165 5346 2247 5399; x_wconf 90' lang='lat' dir='ltr'><strong>nis</strong></span> <span class='ocrx_word' id='word_1_846' title='bbox 2269 5347 2325 5400; x_wconf 88' lang='lat' dir='ltr'><strong>in</strong></span> <span class='ocrx_word' id='word_1_847' title='bbox 2349 5347 2625 5416; x_wconf 84' lang='lat' dir='ltr'><strong>tranquillo</strong></span> <span class='ocrx_word' id='word_1_848' title='bbox 2657 5349 2961 5411; x_wconf 77' lang='lat' dir='ltr'><strong>constitutis,</strong></span> <span class='ocrx_word' id='word_1_849' title='bbox 2991 5359 3173 5403; x_wconf 77' lang='lat' dir='ltr'><strong>contra</strong></span> <span class='ocrx_word' id='word_1_850' title='bbox 3193 5348 3569 5404; x_wconf 84' lang='lat' dir='ltr'><strong>Canonicorstm</strong></span> <span class='ocrx_word' id='word_1_851' title='bbox 3586 5344 3757 5400; x_wconf 76' lang='lat' dir='ltr'><strong>uolut:-</strong></span> 
     </span>
    </p>
   </div>
   <div class='ocr_carea' id='block_1_113' title="bbox 2171 5440 3756 5513">
    <p class='ocr_par' dir='ltr' id='par_1_113' title="bbox 2171 5440 3756 5513">
     <span class='ocr_line' id='line_1_113' title="bbox 2171 5440 3756 5513; baseline -0.001 -19"><span class='ocrx_word' id='word_1_852' title='bbox 2171 5451 2345 5508; x_wconf 84' lang='lat' dir='ltr'><strong>tatem,</strong></span> <span class='ocrx_word' id='word_1_853' title='bbox 2374 5444 2425 5496; x_wconf 90' lang='lat' dir='ltr'><strong>in</strong></span> <span class='ocrx_word' id='word_1_854' title='bbox 2448 5443 2670 5511; x_wconf 82' lang='lat' dir='ltr'><strong>priorem</strong></span> <span class='ocrx_word' id='word_1_855' title='bbox 2701 5441 2966 5496; x_wconf 82' lang='lat' dir='ltr'><strong>basilicam</strong></span> <span class='ocrx_word' id='word_1_856' title='bbox 2997 5455 3116 5497; x_wconf 83' lang='lat' dir='ltr'><strong>sunt</strong></span> <span class='ocrx_word' id='word_1_857' title='bbox 3142 5453 3426 5513; x_wconf 85' lang='lat' dir='ltr'><strong>reportata,</strong></span> <span class='ocrx_word' id='word_1_858' title='bbox 3480 5440 3566 5494; x_wconf 86' lang='lat' dir='ltr'><strong>ubi</strong></span> <span class='ocrx_word' id='word_1_859' title='bbox 3604 5449 3756 5508; x_wconf 74' lang='lat' dir='ltr'><strong>usque</strong></span> 
     </span>
    </p>
   </div>
   <div class='ocr_carea' id='block_1_114' title="bbox 2167 5539 3749 5610">
    <p class='ocr_par' dir='ltr' id='par_1_114' title="bbox 2167 5539 3749 5610">
     <span class='ocr_line' id='line_1_114' title="bbox 2167 5539 3749 5610; baseline -0.003 -18"><span class='ocrx_word' id='word_1_860' title='bbox 2167 5539 2221 5592; x_wconf 90' lang='lat' dir='ltr'><strong>in</strong></span> <span class='ocrx_word' id='word_1_861' title='bbox 2254 5540 2551 5594; x_wconf 87' lang='lat' dir='ltr'><strong>hodiernam</strong></span> <span class='ocrx_word' id='word_1_862' title='bbox 2582 5540 2715 5592; x_wconf 79' lang='lat' dir='ltr'><strong>diem</strong></span> <span class='ocrx_word' id='word_1_863' title='bbox 2747 5540 2854 5592; x_wconf 85' lang='lat' dir='ltr'><strong>suis</strong></span> <span class='ocrx_word' id='word_1_864' title='bbox 2899 5539 2956 5592; x_wconf 87' lang='lat' dir='ltr'><strong>in</strong></span> <span class='ocrx_word' id='word_1_865' title='bbox 2998 5539 3124 5593; x_wconf 77' lang='lat' dir='ltr'><strong>locis</strong></span> <span class='ocrx_word' id='word_1_866' title='bbox 3181 5540 3378 5610; x_wconf 75' lang='lat' dir='ltr'><strong>integra</strong></span> <span class='ocrx_word' id='word_1_867' title='bbox 3417 5543 3749 5594; x_wconf 69' lang='lat' dir='ltr'><strong>(reserventur.</strong></span> 
     </span>
    </p>
   </div>
   <div class='ocr_carea' id='block_1_115' title="bbox 2168 5624 3755 5700">
    <p class='ocr_par' dir='ltr' id='par_1_115' title="bbox 2168 5624 3755 5700">
     <span class='ocr_line' id='line_1_115' title="bbox 2168 5624 3755 5700; baseline -0.007 -14"><span class='ocrx_word' id='word_1_868' title='bbox 2168 5631 2282 5686; x_wconf 83' lang='lat' dir='ltr'><strong>Hoc</strong></span> <span class='ocrx_word' id='word_1_869' title='bbox 2305 5631 2444 5685; x_wconf 79' lang='lat' dir='ltr'><strong>idem</strong></span> <span class='ocrx_word' id='word_1_870' title='bbox 2476 5630 2673 5686; x_wconf 88' lang='lat' dir='ltr'><strong>factum</strong></span> <span class='ocrx_word' id='word_1_871' title='bbox 2707 5639 2971 5688; x_wconf 68' lang='lat' dir='ltr'><strong>memorat</strong></span> <span class='ocrx_word' id='word_1_872' title='bbox 2992 5631 3154 5686; x_wconf 86' lang='lat' dir='ltr'><strong>etiam</strong></span> <span class='ocrx_word' id='word_1_873' title='bbox 3181 5624 3755 5700; x_wconf 65' lang='lat' dir='ltr'><strong>Hieronymum-Certe</strong></span> 
     </span>
    </p>
   </div>
   <div class='ocr_carea' id='block_1_116' title="bbox 2167 5718 3753 5795">
    <p class='ocr_par' dir='ltr' id='par_1_116' title="bbox 2167 5718 3753 5795">
     <span class='ocr_line' id='line_1_116' title="bbox 2167 5718 3753 5795; baseline -0.006 -16"><span class='ocrx_word' id='word_1_874' title='bbox 2167 5724 2262 5779; x_wconf 91' lang='lat' dir='ltr'><strong>lib.</strong></span> <span class='ocrx_word' id='word_1_875' title='bbox 2296 5741 2345 5779; x_wconf 90' lang='lat' dir='ltr'><strong>tv</strong></span> <span class='ocrx_word' id='word_1_876' title='bbox 2375 5726 2508 5780; x_wconf 86' lang='lat' dir='ltr'><strong>Hist.</strong></span> <span class='ocrx_word' id='word_1_877' title='bbox 2547 5725 2768 5790; x_wconf 81' lang='lat' dir='ltr'><strong>Veron.,</strong></span> <span class='ocrx_word' id='word_1_878' title='bbox 2809 5718 2930 5795; x_wconf 85' lang='lat' dir='ltr'><strong>pag.</strong></span> <span class='ocrx_word' id='word_1_879' title='bbox 2962 5723 3089 5781; x_wconf 71' lang='lat'><strong>209.</strong></span> <span class='ocrx_word' id='word_1_880' title='bbox 3122 5723 3296 5779; x_wconf 84' lang='lat' dir='ltr'><strong>Porro</strong></span> <span class='ocrx_word' id='word_1_881' title='bbox 3324 5721 3517 5792; x_wconf 82' lang='lat' dir='ltr'><strong>triplex</strong></span> <span class='ocrx_word' id='word_1_882' title='bbox 3555 5721 3753 5787; x_wconf 75' lang='lat' dir='ltr'><strong>Hutt&#39;ga-</strong></span> 
     </span>
    </p>
   </div>
   <div class='ocr_carea' id='block_1_117' title="bbox 2167 5816 3722 5890">
    <p class='ocr_par' dir='ltr' id='par_1_117' title="bbox 2167 5816 3722 5890">
     <span class='ocr_line' id='line_1_117' title="bbox 2167 5816 3722 5890; baseline -0.007 -15"><span class='ocrx_word' id='word_1_883' title='bbox 2167 5833 2352 5875; x_wconf 85' lang='lat' dir='ltr'><strong>roruttt</strong></span> <span class='ocrx_word' id='word_1_884' title='bbox 2388 5817 2614 5890; x_wconf 84' lang='lat' dir='ltr'><strong>irruptio</strong></span> <span class='ocrx_word' id='word_1_885' title='bbox 2637 5819 2690 5873; x_wconf 87' lang='lat' dir='ltr'><strong>itt</strong></span> <span class='ocrx_word' id='word_1_886' title='bbox 2720 5816 2923 5880; x_wconf 70' lang='lat' dir='ltr'><strong>Italiam</strong></span> <span class='ocrx_word' id='word_1_887' title='bbox 2959 5834 2988 5873; x_wconf 86' lang='lat' dir='ltr'><strong>a</strong></span> <span class='ocrx_word' id='word_1_888' title='bbox 3015 5816 3348 5890; x_wconf 85' lang='lat' dir='ltr'><strong>Luitprattdo</strong></span> <span class='ocrx_word' id='word_1_889' title='bbox 3421 5829 3608 5872; x_wconf 67' lang='lat' dir='ltr'><strong>como</strong></span> <span class='ocrx_word' id='word_1_890' title='bbox 3659 5820 3722 5864; x_wconf 84' lang='lat' dir='ltr'><strong>tttt</strong></span> 
     </span>
    </p>
   </div>
  </div>
