3960 6330
248 333 354 395 1τό

1113 325 1568 386 οιδεΕιιτΑτιο
1594 325 1681 394 Ill,
1712 324 1804 387 DE
1831 324 1891 386 8.
1925 323 2077 387 ΖΕΝ.
2116 325 2313 385 ACTIS
2346 325 2436 387 ΕΤ
2460 327 2710 390 CULTU.

3430 336 3559 415 ἰιι

245 457 368 503 tore
395 443 760 503 describitur:
794 443 967 516 prima
991 460 1111 517 quae
1144 445 1331 503 incidit
1360 445 1411 501 in
1445 461 1683 504 mensem
1714 445 1853 511 Mar-
1881 446 1928 509 Δ
1959 443 2134 500 villam
2168 443 2334 502 Ulmus
2355 447 2547 513 allatis,
2578 447 2813 518 plurimis
2840 464 2929 520 per
2949 448 3059 506 Ιιωο
3086 458 3319 524 tempora
3358 455 3563 513 clarue-

247 542 382 595 tium
411 555 502 596 an.
531 539 659 607 900,
693 555 759 594 ex
784 538 879 595 lib.
904 554 939 596 ιι
967 554 1089 611 cap.
1120 554 1196 606 Iv,
1227 538 1390 607 Hist.,
1437 548 1569 597 tom.
1611 555 1672 608 ιι,
1723 538 1854 595 Rer.

241 632 483 689 llalicar.
512 649 635 705 pag.
660 632 788 700 3L5;
820 649 940 689 eam
994 633 1140 690 enim
1196 632 1414 705 subjicit
1466 642 1588 705 post
1646 632 1871 690 Amulli

244 736 505 795 mortem,
541 742 661 798 qua:
681 728 997 798 contigerat
1028 725 1131 789 sub
1184 728 1345 783 linem
1394 726 1715 785 Novembris
1764 742 1854 781 an.

244 818 354 875 899
397 836 413 872 :
459 819 632 877 altera
662 859 678 887 ,
720 834 841 891 qua:
878 818 1077 875 accidit
1114 819 1332 876 biennio
1379 828 1501 891 post
1548 835 1615 876 ex
1665 818 1857 876 eodem

248 913 372 972 Luil
382 914 576 984 prandi
600 914 761 981 libro,
791 929 913 985 cap.
930 915 954 971 1
970 914 1020 981 1;
1047 914 1185 971 hanc
1210 914 1354 971 enim
1370 915 1713 971 subsecutam
1732 929 1859 987 pro-

244 1009 328 1065 dit
352 1009 544 1064 statim
569 1017 688 1080 post
716 1007 975 1069 Ludovici
1007 1007 1236 1064 Bosonis
1282 1007 1378 1064 lilii
1412 1007 1856 1081 obctecationem,

245 1119 374 1175 qua:
398 1102 637 1159 Veronae
662 1102 843 1173 evenit
872 1118 962 1158 an.
992 1101 1102 1159 902
1125 1104 1321 1159 :-tcrtia
1346 1111 1469 1176 post
1491 1112 1721 1160 mortem
1750 1102 1856 1161 Be-

247 1195 493 1267 rengarii
527 1194 571 1269 l,
595 1199 705 1259 vita
736 1194 1013 1253 lunctian.
1057 1195 1184 1265 924,
1214 1213 1322 1269 quo
1378 1212 1522 1253 anno
1576 1196 1858 1270 llungaros

243 1287 499 1343 Ticinum
530 1288 840 1357 incendisse
865 1288 1047 1362 prodit
1078 1289 1217 1353 libro
1243 1305 1324 1358 ιιι,
1343 1305 1465 1360 cap.
1489 1289 1542 1345 2.
1570 1290 1705 1346 Cum
1729 1302 1858 1345 vero

241 1384 441 1443 barum
468 1385 827 1457 irrupticnum
851 1384 1209 1443 celeberrima
1258 1386 1329 1442 sit
1380 1387 1573 1456 prima,
1632 1385 1703 1441 de
1753 1400 1857 1457 qua

243 1479 468 1551 quidem
499 1495 606 1543 una
633 1496 723 1551 an.
750 1479 857 1539 900
879 1480 1215 1543 mentionem
1249 1480 1709 1549 faciuntAnnales
1730 1480 1860 1537 Ber-

244 1573 441 1629 tiniani
465 1572 660 1630 eodem
692 1582 825 1631 tom.
857 1590 895 1630 ιι
922 1573 1053 1637 Ber.
1079 1574 1311 1635 ltalicar.
1342 1589 1465 1647 pag.
1495 1572 1636 1645 576,
1671 1584 1725 1630 et
1767 1574 1859 1629 alii

241 1666 549 1736 scriptores
576 1682 606 1733 ᾳ
639 1666 804 1735 Pagio
834 1668 1118 1725 memorati
1144 1666 1212 1723 ad
1238 1682 1330 1723 an.
1360 1666 1490 1732 900,
1518 1682 1668 1723 num.
1705 1667 1773 1722 17
1804 1672 1861 1722 et

1961 550 2078 595 runt
2109 541 2391 596 miraculis.
2443 542 2516 597 lta
2569 542 2657 599 ille
2686 556 2901 599 comvus
2931 552 2987 600 et
3015 543 3316 603 Germanus
3344 550 3564 629 [cxutt]

1962 632 2228 704 Scriptor,
2244 634 2333 705 qui
2355 633 2567 690 duobus
2591 635 2747 691 annis
2760 644 2902 706 post,
2917 636 2970 691 id
2986 648 3170 694 estan.
3188 638 3359 710 ⁷1051,
3376 659 3405 697 e
3423 643 3562 700 vivis

1962 727 2195 783 excessit
2223 744 2237 783 :
2294 727 2382 783 cui
2409 728 2530 785 testi
2563 728 2678 798 plus
2709 744 2839 785 sane
2869 729 2988 786 lidei
3018 729 3345 801 habendum,
3396 751 3559 808 quam

1963 818 2246 892 posteriori
2269 819 2540 889 cuiquam,
2573 822 2660 892 qui
2693 821 2811 894 ejus
2850 825 3215 883 narrationem
3257 828 3554 902 adaugens,

1964 926 2061 983 pro
2078 912 2318 985 reliquiis
2346 912 2520 985 ipsum
2551 929 2745 986 corpus
2770 914 2980 972 Ulmam
3012 919 3232 976 allatum
3252 925 3556 995 supposuit.

1962 1004 2019 1061 In
2052 1005 2280 1062 ecclesia
2309 1003 2363 1062 S.
2394 1006 2688 1064 Salvatoris
2715 1006 2783 1065 de
2808 1008 2989 1066 Monte
3011 1009 3227 1071 Amiato
3257 1014 3560 1075 ditecesens

1961 1098 2192 1183 Clusina:
2226 1100 2283 1155 S.
2311 1100 2549 1159 Zenonis
2598 1102 2840 1175 reliquiae
2894 1121 2994 1161 una
3042 1123 3165 1162 cum
3212 1110 3455 1183 reliquiis
3498 1112 3559 1169 S.

1962 1181 2176 1249 Proculi
2209 1193 2546 1267 aliorumque
2576 1196 2896 1255 Sanctorum
2952 1213 3042 1256 an.
3096 1201 3281 1271 1036,
3332 1181 3387 1259 in
3444 1206 3561 1275 ejus

1963 1285 2205 1342 basilica:
2233 1286 2572 1344 dedicatione
2597 1290 2830 1347 condita:
2851 1292 3133 1349 traduntur
3156 1293 3210 1350 in
3236 1295 3563 1355 documento

1961 1378 2101 1449 apud
2133 1378 2434 1450 Ugbellium
2462 1391 2592 1438 tom.
2626 1399 2705 1449 ιιι,
2736 1399 2856 1457 pag.
2890 1386 3566 1464 624.1‘arvisinainscrip-

1964 1470 2114 1529 tione
2144 1487 2234 1529 an.
2280 1474 2440 1541 1082,
2491 1476 2560 1531 ab
2587 1476 2779 1534 eodem
2835 1476 3086 1550 llghellio
3126 1481 3266 1538 edita
3307 1497 3427 1554 pag.
3457 1485 3565 1543 515

1966 1573 2097 1620 tom.
2131 1581 2187 1637 v,
2220 1566 2363 1622 inter
2388 1568 2625 1640 plurium
2648 1570 2971 1627 Sanctorum
3026 1574 3283 1647 reliquias
3306 1575 3357 1632 in
3384 1578 3564 1635 eccle-

1963 1657 2100 1715 siam
2127 1660 2183 1715 S.
2216 1659 2425 1717 Nicolai
2452 1662 2590 1733 apud
2614 1663 2915 1722 Tarvisium
2947 1667 3213 1737 conditas,
3275 1687 3567 1731 recensen-

240 1766 427 1833 βρεμι,
461 1775 697 1836 cumque
745 1761 799 1819 in
849 1776 912 1819 ea
964 1762 1242 1835 Housm-os
1276 1761 1533 1817 Veronam
1576 1761 1862 1832 peruenisse
1967 1762 2052 1809 llll‘
2073 1753 2235 1810 etiam
2262 1755 2505 1827 reliquis:
2542 1755 2855 1815 S.Zeuonis
2900 1764 3227 1833 confessoris.
3274 1764 3331 1820 Ill
3389 1764 3567 1831 diario

244 1852 620 1924 Luitprandus
641 1855 758 1925 ipse
789 1864 1015 1913 ιεδιειω
1038 1898 1053 1924 ,
1086 1856 1188 1915 hoc
1211 1869 1357 1912 anno
1378 1854 1484 1913 900
1519 1854 1578 1911 s,
1622 1854 1857 1913 Zenonis
1887 1852 1937 1919 Β
1964 1845 2333 1918 reliquiarum,
2369 1864 2486 1921 qua:
2518 1850 2571 1905 in
2594 1850 2849 1922 Pragensi
2872 1853 3281 1927 Metropolitana
3333 1858 3566 1916 ecclesia

239 1961 446 2019 corpus
470 1948 540 2004 ad
568 1948 857 2005 ecclesiam
909 1948 1274 2006 cathedralem
1322 1948 1623 2006 traductum
1669 1949 1860 2020 opina-

240 2058 368 2099 mur
393 2060 410 2098 :
444 2058 555 2114 quo
583 2059 725 2100 anno
747 2044 949 2101 rexerit
993 2059 1163 2101 necne
1188 2043 1327 2101 hanc
1348 2044 1649 2102 Ecclesiam
1689 2043 1863 2103 Adel-

240 2138 436 2194 bertus
463 2139 776 2212 episcopus,
810 2148 865 2193 ut
886 2154 917 2194 e
946 2138 1205 2199 Panvinio
1254 2138 1499 2211 proditur
1526 2180 1542 2207 ,
1584 2136 1860 2211 inquirere

242 2239 299 2286 et
327 2231 565 2286 delinire
607 2243 853 2288 nostrum
912 2247 1014 2289 non
1066 2242 1170 2290 est.
1221 2232 1338 2303 Quo
1390 2242 1572 2291 autem
1618 2242 1860 2304 tempore

243 2323 391 2380 idem
423 2338 641 2380 sacrum
665 2339 864 2395 corpus
885 2325 937 2381 in
963 2341 1119 2383 suum
1147 2325 1326 2383 locum
1349 2325 1651 2384 restitutum
1673 2324 1856 2395 fuerit,

241 2421 587 2477 constituere
616 2436 723 2477 non
750 2421 895 2478 licet.
923 2420 1110 2479 Solum
1159 2436 1359 2493 paucos
1389 2431 1510 2495 post
1536 2437 1710 2479 annos
1755 2421 1860 2479 ibi-

242 2512 372 2568 dem
404 2512 594 2573 fuisse,
627 2523 681 2568 et
704 2513 900 2569 exinde
930 2513 997 2568 ad
1029 2516 1145 2568 haec
1172 2528 1343 2585 usque
1372 2521 1613 2585 tempora
1663 2514 1857 2571 eodem

240 2606 299 2663 in
335 2606 459 2661 loco
489 2605 660 2662 fuisse
687 2606 940 2678 religiose
963 2614 1258 2671 servatum,
1279 2606 1483 2679 aliquot
1511 2615 1859 2663 monumenta

242 2699 389 2770 apud
420 2698 734 2772 Ugbellium
760 2700 999 2770 locuples
1021 2700 1388 2757 testimonium
1441 2700 1706 2771 prmbent,
1735 2716 1857 2769 qua:

244 2791 495 2847 indicare
524 2806 655 2847 ‘non
705 2792 900 2850 inutile
949 2791 1131 2849 fuerit.
1181 2792 1308 2863 Pag.
1353 2792 1481 2860 728,
1514 2793 1567 2848 in
1616 2791 1859 2849 Nntkerii

243 2884 492 2956 episcopi
521 2894 869 2951 testamento,
896 2899 988 2941 an.
1024 2884 1132 2941 922
1167 2895 1499 2942 memoratur
1549 2886 1855 2942 cmuobium

243 2978 307 3035 S.
338 2977 603 3047 Zenonis,
627 2979 716 3039 ubi
740 2980 852 3050 ejus
887 2996 1078 3051 corpus
1124 2982 1404 3037 humatum
1440 2979 1675 3049 quiescit.
1724 2979 1854 3051 Pag.

246 3070 380 3137 727,
412 3072 468 3126 in
490 3072 788 3145 diplomate
821 3071 1063 3144 ﬂugunis
1101 3073 1263 3145 Regis
1313 3072 1479 3129 Italia:
1515 3114 1529 3140 ,
1581 3088 1670 3127 an.
1727 3072 1855 3137 926,

241 3166 643 3221 conﬁrmantur
656 3165 777 3236 jura
810 3164 987 3225 eidem
1037 3166 1368 3222 monasterio
1414 3180 1714 3234 concessa,
1770 3164 1859 3220 ubi

1961 1940 2365 2010 custodiuntur,
2420 1952 2658 2011 notatur,
2717 1955 2950 2003 testante
2990 1947 3049 2002 Ρ.
3111 1948 3454 2007 Henschenio
3508 1952 3566 2008 in

1961 2032 2325 2089 additionibus
2357 2034 2581 2092 ad-tom.
2617 2054 2653 2097 ιι
2688 2040 2906 2109 Aprilis,
2941 2055 3062 2117 pag.
3094 2041 3221 2109 958,
3251 2042 3313 2101 8.
3339 2042 3565 2100 Zenonis

1961 2125 2188 2199 episcopi
2237 2131 2458 2198 frustum
2486 2130 2687 2205 insigne
2713 2132 2931 2189 allatum
2961 2151 3052 2205 per
3097 2133 3340 2193 Carolum
3392 2136 3569 2209 Impe-

1960 2225 2206 2288 ratorem,
2238 2237 2329 2276 an.
2360 2222 2519 2278 1570.
2546 2221 2719 2279 Ticini
2747 2224 2799 2279 in
2824 2227 2998 2282 sancti
3029 2226 3255 2285 Thomm
3309 2232 3568 2304 reliquias

1964 2311 2026 2369 8.
2051 2311 2276 2370 Zenonis
2298 2316 2550 2390 episcopi,
2594 2333 2752 2391 quem
2776 2318 2833 2375 S.
2860 2318 3134 2378 Zenonem
3193 2323 3564 2382 Veronensctn

1961 2421 2083 2464 esse
2114 2423 2182 2464 ex
2210 2408 2456 2466 dicendis
2486 2410 2662 2481 capite
2693 2414 2942 2484 sequenti
2972 2414 3103 2471 nihil
3128 2414 3278 2489 dubii
3304 2417 3429 2485 erit,
3482 2419 3563 2475 in-

1964 2508 2047 2556 ter
2072 2500 2207 2555 alias
2228 2501 2458 2557 aliorum
2486 2514 2797 2560 sanctorum
2836 2516 3081 2564 servatas
3127 2509 3290 2565 tradit
3343 2510 3403 2566 P.
3458 2510 3568 2569 Ro-

1962 2594 2217 2650 mualdus
2241 2610 2271 2651 a
2303 2595 2363 2653 8.
2392 2584 2558 2652 Maria
2585 2600 2637 2652 in
2658 2596 2844 2670 ‘Papia
2863 2600 3030 2665 Sacra
3049 2612 3189 2673 part.
3217 2618 3292 2667 ιιι,
3313 2618 3437 2676 pag.
3470 2604 3565 2662 85.

1961 2686 2202 2743 Caesena:
2234 2687 2512 2745 brachium
2539 2689 2597 2746 8.
2632 2688 2868 2747 Zenonis
2897 2692 2950 2747 in
2984 2694 3362 2766 antiquissima
3406 2712 3570 2769 paro-

1961 2780 2122 2837 chiali
2154 2780 2381 2838 ecclesia
2434 2782 2503 2839 de
2542 2783 2710 2855 ipsius
2768 2786 2987 2842 nomine
3033 2788 3302 2859 appellata
3359 2793 3566 2847 servari

1961 2875 2158 2951 dicitur
2185 2876 2238 2933 in
2261 2873 2621 2950 Chronologia
2645 2878 2885 2935 Caesenze
2913 2868 3231 2937 Bernardini
3271 2880 3561 2951 Manzonii,

1962 2984 2083 3042 pag.
2119 2968 2209 3025 62.
2237 2969 2355 3026 Alia
2389 2970 2441 3039 id
2468 2972 2687 3044 generis
2733 2982 2925 3030 notare
2951 2982 3007 3030 et
3032 2973 3308 3048 inquirere
3336 2993 3443 3034 non
3472 2993 3566 3033 va-

1962 3063 2124 3117 cavit.
2158 3061 2240 3119 Ad
2269 3062 2535 3136 insignem
2579 3075 2759 3123 autem
2804 3067 3130 3124 sanctissimi
3161 3071 3400 3145 episcopi
3450 3073 3566 3130 cul-

1964 3163 2077 3217 tum
2109 3156 2590 3213 demonstrandum
2622 3159 2763 3229 quod
2796 3162 3051 3233 pertinet,
3075 3162 3404 3235 diligentiori
3435 3182 3566 3223 cura

242 3273 440 3329 corpus
468 3261 582 3332 ejus
607 3268 843 3315 sanctum
884 3258 1098 3330 quiescit
1151 3259 1441 3314 humatum.
1494 3256 1698 3314 Similis
1745 3255 1856 3312 fur-
1887 3248 1933 3312 C
1964 3259 2019 3306 et
2039 3249 2393 3321 inquisitione
2418 3252 2498 3311 usi
2530 3267 2717 3309 sumus
2744 3272 2759 3323 ;
2789 3262 2843 3310 et
2863 3252 2911 3311 is
2939 3270 3062 3313 cum
3104 3268 3294 3315 nostro
3338 3258 3566 3317 Auctori

240 3351 393 3406 mula
449 3355 648 3421 pariter
697 3352 893 3425 legitur
940 3354 993 3409 in
1020 3353 1350 3408 documento
1388 3366 1477 3406 an.
1520 3348 1683 3417 1021,
1712 3340 1857 3422 apud

239 3444 630 3514 Muralorium,
666 3446 932 3517 Antiquit.
966 3446 1181 3504 Estens.
1215 3459 1335 3516 pag.
1384 3443 1509 3514 129,
1542 3457 1753 3502 necnon
1799 3443 1855 3499 in

237 3537 370 3593 aliis
398 3536 795 3609 compluribus,
824 3537 892 3597 de
922 3538 1115 3612 quibus
1160 3538 1490 3595 mentionem
1541 3535 1669 3592 facit
1713 3551 1856 3591 mar-

238 3631 371 3687 cltio
399 3630 671 3699 Maffeius,
701 3639 838 3690 tom.
888 3631 1164 3689 throna:
1209 3630 1515 3699 Illustratte,
1557 3644 1679 3702 pag.
1725 3627 1851 3697 670,

236 3726 384 3783 adeo
414 3728 550 3783 utin
582 3726 780 3785 Missali
812 3728 1125 3785 monasterii
1157 3727 1214 3785 8.
1243 3724 1499 3793 Zenonis,
1530 3724 1734 3795 scripto
1755 3738 1856 3781 sa:-

236 3819 369 3875 culo
414 3835 531 3889 xtv,
575 3820 644 3878 de
688 3820 881 3881 eodem
921 3820 1119 3881 Sancto
1179 3819 1542 3876 testimonium
1574 3816 1851 3888 prodatur,

233 3914 402 3987 quiin
430 3916 673 3987 prasenti
692 3916 962 3989 requiescit
991 3914 1243 3971 Ecclesia.
1276 3914 1431 3970 Initio
1457 3910 1579 3969 libri
1600 3908 1745 3967 luris
1769 3908 1856 3967 Ci-

237 4007 362 4062 vilis
399 4006 621 4065 Verani:
647 4009 831 4083 scripti
858 4026 949 4066 an.
982 4008 1145 4077 1228,
1174 4018 1225 4064 et
1250 4022 1352 4065 ms.
1374 4006 1651 4078 eCapituli
1684 4004 1853 4065 Vero-

234 4101 436 4159 nensis
460 4117 633 4175 nuper
674 4102 802 4160 editi
849 4118 880 4159 a
932 4101 1333 4159 Bartltolommo
1379 4099 1741 4173 Campagnola
1788 4097 1847 4157 S;

144 4232 155 4243 ν
231 4194 481 4249 Ctecilire
509 4194 993 4269 Archipresbytero
1023 4197 1137 4250 haec
1166 4205 1290 4250 sunt
1323 4212 1337 4247 :
1367 4194 1447 4247 Ad
1471 4192 1716 4247 honorent
1754 4190 1851 4246 Dei

230 4294 283 4339 et
311 4286 707 4357 gloriosissima!
726 4290 837 4363 ejus
871 4285 1169 4354 ~Genitricis,
1204 4297 1249 4341 et
1278 4286 1554 4341 beatissimi
1596 4283 1845 4351 Zenonis,

229 4381 391 4450 cujus
418 4379 756 4433 sacratissimi
781 4380 1013 4451 corporis
1041 4378 1387 4434 consolatione
1416 4378 1715 4449 gaudemus,
1746 4385 1843 4431 etc.

229 4471 370 4528 Hac
401 4470 594 4528 eadem
624 4473 889 4530 sententia
912 4475 1033 4532 aliis
1055 4474 1237 4536 verbis
1292 4474 1518 4545 repetita
1566 4472 1762 4543 legitur
1791 4473 1842 4527 in

224 4564 509 4635 prooemio
540 4565 866 4625 Statutorum
901 4565 1293 4639 Veronensium,
1332 4564 1476 4638 quod
1517 4581 1545 4621 a
1577 4565 1842 4625 Silvestro

1959 3343 2196 3401 maxime
2218 3343 2488 3417 gloriosus
2520 3343 2733 3404 futurus
2762 3348 2855 3418 sit,
2907 3360 3160 3421 separato
3184 3350 3361 3424 capite
3393 3352 3566 3411 fusilis

1958 3437 2273 3495 statuendus
2299 3438 2449 3495 visus
2474 3448 2578 3496 est.

2579 3556 2807 3615 CAPUT
2843 3558 2936 3615 IV.

2028 3684 2096 3726 DE
2126 3683 2506 3737 ANTIQUISSIIO
2540 3686 2607 3728 AC
2651 3687 2789 3729 ιΑτε
2819 3689 3141 3733 ιιειινΑοΛτο
3180 3692 3229 3734 8.
3265 3690 3489 3740 ΖΕΝΟΜΘ

2656 3784 2854 3826 CUL'I'U.

1958 3877 1986 3952 ς
2018 3877 2065 3935 ηΙ.
2095 3909 2167 3921 α-
2193 3881 2485 3952 Antiquitas
2513 3892 2560 3938 et
2588 3885 2891 3956 propagatio
2918 3887 3086 3943 cultus
3115 3890 3184 3943 ad
3209 3893 3397 3961 eximia
3431 3913 3556 3952 san-

2026 3981 2227 4027 ctorum
2254 3974 2435 4029 merita
2478 3974 2916 4046 celebritatemque
2954 3984 3362 4051 cognoscendam
3394 4004 3559 4058 quan-

2026 4074 2131 4120 tum
2158 4068 2444 4137 conferant.
2476 4067 2657 4125 Cultus
2699 4067 2760 4127 S.
2794 4066 3017 4129 Zenonis
3042 4076 3183 4147 apud
3220 4075 3557 4139 Veronensem

2024 4159 2309 4214 Ecclesium
2331 4161 2555 4231 primunt
2584 4163 2873 4234 exponitur.

2022 4274 2080 4332 Si
2106 4276 2226 4347 quis
2262 4276 2603 4346 antiquorum
2632 4287 2941 4336 sanctorum
2974 4282 3202 4340 virtutes
3241 4294 3297 4342 et
3322 4288 3549 4361 merita,

1950 4385 2068 4441 qua:
2099 4385 2162 4424 ex
2195 4370 2325 4441 ipsis
2354 4371 2511 4427 rebus
2539 4371 2706 4444 gestis
2750 4373 2821 4429 ob
2852 4374 3108 4432 Actorum
3140 4377 3414 4439 defectum
3459 4398 3553 4441 co-

1948 4472 2211 4536 gnoscere
2242 4464 2465 4522 minime
2490 4465 2667 4532 liceat,
2710 4467 2925 4525 aliunde
2956 4471 3083 4525 velit
3111 4472 3395 4546 colligere;
3431 4479 3553 4534 nul-

1947 4559 2056 4615 lum
2082 4558 2284 4615 certius
2308 4569 2361 4615 et
2383 4559 2647 4631 insignius
2670 4569 3079 4618 monumentum
3103 4567 3361 4636 suppetit,
3388 4583 3549 4641 quam

227 4657 455 4729 Laudo,
500 4658 823 4719 Veronensis
874 4662 1108 4721 civitatis
1152 4659 1502 4727 cancellario,
1560 4674 1649 4714 an.
1705 4649 1991 4716 H50Dsi
2022 4652 2299 4724 antiquum
2344 4652 2659 4724 longiusque
2701 4663 3045 4746 pervagatum
3096 4660 3408 4718 eorumdem
3438 4664 3551 4719 cul-

224 4764 522 4811 cxaratum
552 4753 688 4810 fuit:
729 4766 790 4813 ut
827 4755 1104 4813 mittamus
1155 4755 1255 4811 alia
1304 4754 1614 4811 testimonia
1654 4795 1668 4820 ,
1722 4768 1841 4824 qum

226 4852 579 4900 constantem
608 4838 851 4919 ejusdem
875 4847 1120 4920 corporis
1141 4846 1371 4904 Verona:
1424 4845 1477 4902 in
1527 4845 1753 4903 ecclesia
1778 4844 1836 4900 8.

227 4930 480 4991 Zenonis
507 4940 705 4997 servati
734 4939 1082 4997 traditionem
1108 4940 1175 4997 ad
1203 4950 1445 4998 nostram
1488 4954 1659 5012 usque
1704 4947 1837 4996 teta-

226 5035 346 5083 tem
373 5028 697 5097 perducunt.

301 5114 439 5175 Haec
468 5128 644 5177 tamen
673 5125 852 5181 omnia
874 5124 1006 5182 nihil
1037 5124 1349 5198 prohibent,
1400 5124 1690 5196 quominus
1737 5122 1839 5179 ali-

220 5222 355 5283 quae
377 5209 439 5267 S.
475 5210 708 5271 Zenonis
760 5216 1005 5288 reliquis:
1060 5218 1168 5275 alio
1206 5216 1491 5290 pervenire
1538 5215 1834 5289 potuerint.

222 5290 296 5361 Ut
345 5312 745 5374 praetereamus
773 5309 915 5381 illas,
943 5326 1077 5382 quas
1104 5311 1311 5384 aliquot
1354 5311 1407 5373 in
1443 5311 1687 5369 ecclesiis
1739 5308 1841 5366 Ve-

219 5395 559 5451 ronensibus
589 5398 787 5471 Bagata
812 5410 869 5458 et
891 5402 1138 5461 Percttus
1167 5412 1596 5463 commemorant
1623 5404 1678 5457 in
1700 5416 1834 5473 cpe-

219 5489 576 5575 reinscripto
610 5510 623 5548 :
654 5491 763 5549 SS.
796 5492 1176 5570 Episwporuin
1206 5494 1575 5553 Veronensium
1625 5497 1837 5566 antiqua

218 5594 608 5653 monstrante;
639 5585 940 5648 Hermaan
966 5588 1294 5649 Contractus
1345 5591 1401 5648 in
1456 5591 1727 5649 Chronico
1764 5589 1830 5646 ad

216 5692 317 5735 an.
352 5677 524 5749 1052,
554 5691 685 5761 tom“.
720 5698 802 5751 ιιι,
825 5691 965 5757 part.
1000 5701 1039 5753 ι,
1070 5700 1196 5763 pag.
1224 5685 1334 5743 272
1354 5684 1836 5757 CanisiiAntiqua-

216 5787 346 5827 rum
377 5774 696 5832 Lectionum
727 5778 804 5835 ait
832 5794 847 5831 :
879 5777 1130 5852 Reliquus
1159 5779 1290 5836 beati
1315 5778 1538 5847 Zenonis
1560 5778 1835 5851 Confessa-

216 5867 294 5918 τὲι
350 5884 416 5924 ea:
443 5867 704 5929 Waltario
732 5871 1013 5932 Veronensi
1040 5877 1280 5950 episcopo
1308 5876 1361 5932 in
1392 5874 1718 5947 Alamanitnn
1764 5874 1835 5930 ad

1950 4754 2060 4802 tum
2091 4746 2380 4803 ostendere
2409 4746 2673 4817 quispiam
2704 4749 2893 4819 possit.
2932 4748 3041 4806 Etsi
3072 4753 3218 4809 enim
3247 4757 3423 4813 sancti
3447 4758 3548 4814 viri

1946 4855 2162 4911 semper
2190 4840 2244 4896 in
2277 4848 2387 4897 tota
2432 4839 2670 4896 Ecclesia
2719 4842 3051 4901 venerationi
3101 4847 3332 4915 fuerint,
3368 4851 3548 4922 ibique

1946 4924 2269 5005 praesertim,
2306 4933 2392 4989 ubi
2416 4932 2690 5005 praeclaris
2716 4934 2990 4993 laboribus
3021 4953 3118 5010 pro
3140 4940 3251 4998 Deo
3281 4952 3333 4999 et
3353 4943 3545 5002 Eccle-

1945 5027 2023 5083 sia
2043 5026 2210 5083 functi
2241 5036 2388 5096 sunt,
2410 5026 2590 5084 obitus
2615 5027 2858 5100 ipsorum
2889 5031 3004 5088 dies
3032 5033 3258 5090 solemni
3276 5035 3384 5093 ritu
3405 5038 3550 5098 cele-

1943 5121 2096 5179 brata
2124 5122 2222 5189 sit;
2250 5122 2489 5194 antiquis
2534 5130 2711 5180 tamen
2745 5125 3081 5196 temporibus
3106 5143 3213 5185 non
3249 5130 3318 5186 ita
3348 5134 3545 5203 praeci-

1942 5230 2080 5290 puus
2106 5231 2292 5273 eorum
2322 5217 2529 5273 exstitit
2585 5216 2779 5282 cultus,
2834 5227 2889 5272 ut
2919 5220 3100 5275 statim
3151 5233 3272 5294 post
3311 5235 3544 5283 mortem

1944 5309 2248 5376 invaluerit,
2274 5318 2327 5366 et
2354 5320 2504 5365 extra
2535 5310 2710 5366 solum
2739 5311 3012 5382 proprium
3052 5314 3260 5387 longius
3282 5320 3545 5389 prodiret,

1945 5402 2049 5460 nisi
2081 5404 2347 5474 praecipua
2379 5402 2665 5459 admodum
2700 5403 2940 5473 ipsorum
2968 5409 3223 5466 sanctitas
3238 5419 3290 5465 et
3318 5412 3548 5468 celebri-

1945 5508 2027 5554 tas
2057 5497 2235 5565 fuerit,
2291 5513 2410 5568 qua:
2448 5512 2515 5554 eo
2558 5497 2729 5568 major
2757 5513 2879 5555 esse
2926 5500 3111 5559 debuit
3151 5519 3258 5574 quo
3286 5513 3340 5562 et
3382 5508 3543 5564 citius

1940 5608 1971 5649 a
1996 5602 2194 5663 morte,
2219 5600 2274 5650 et
2301 5592 2459 5664 latius
2479 5594 2670 5649 earum
2690 5592 2868 5650 cultus
2893 5606 3219 5667 propagatus
3241 5598 3537 5659 invenitur.

1943 5686 2079 5744 llinc
2106 5688 2339 5759 plurium
2372 5687 2776 5758 episcoporum,
2808 5704 2942 5758 quos
2966 5691 3171 5760 qumvis
3191 5693 3410 5764 antiqua
3452 5711 3545 5752 sc-

1941 5782 2037 5839 des
2063 5782 2203 5838 inter
2230 5791 2448 5839 sanctos
2473 5780 2622 5849 colit,
2657 5780 2915 5839 memoria
2946 5781 3085 5837 intra
3132 5782 3354 5857 exiguos
3402 5787 3539 5848 ﬁnes

1942 5874 2351 5947 circumscripta
2391 5874 2526 5943 olim
2562 5873 2683 5944 luit,
2729 5888 2830 5943 nec
2868 5873 2970 5939 nisi
3009 5873 3299 5937 admodum
3333 5885 3539 5955 paucis,
