3952 6320
503 346 609 402 175

1873 323 2243 384 I’ROLEGOM
2252 322 2406 378 ENA.

3679 327 3756 382 liti

503 464 598 533 qui
625 459 950 518 celebriores
978 455 1147 516 fuere,
1175 450 1419 522 contigit,
1452 458 1509 504 nt
1529 449 1651 504 aliis
1679 460 1890 517 quoque
1921 447 1973 499 in
2004 459 2095 498 ur-
2122 444 2172 504 Α
2199 450 2252 495 et
2297 435 2536 494 Lotharii
2589 437 2951 508 Augustorum
3003 445 3060 493 et
3103 436 3474 507 Ermingardis
3517 439 3757 508 Augusta,

502 557 661 612 hibus
705 562 864 622 atque
894 545 1182 619 provinciis
1221 543 1551 600 colerentur.
1591 540 1667 596 Ne
1711 538 1939 609 cuipiam
1972 552 2095 590 san-

498 657 713 703 ctorum
744 660 806 699 ex
835 638 1240 712 comparatione
1268 635 1460 706 injuria
1491 636 1600 700 liat,
1624 633 1896 689 neminem
1925 627 2097 684 nomi-

502 755 732 797 namus:
761 749 815 792 at
843 734 984 808 quod
1032 731 1455 796 afﬁrmavimus,
1500 725 1872 796 antiquitatum
1916 721 2096 778 eccle-

500 836 837 892 siasticarum
869 829 1059 902 peritis
1089 825 1591 898 exploratissimum
1625 830 1726 875 est.
1756 817 1891 875 illud
1934 830 2099 871 unum

498 930 554 983 in
585 941 698 982 rem
729 932 968 979 nostram
999 919 1201 974 nemini
1233 915 1553 987 iniuriosum
1583 911 1914 968 constituere
1940 908 2101 979 hujus

502 1031 588 1077 est
617 1018 837 1089 capitis,
863 1017 922 1073 S.
943 1015 1219 1071 Zenonem
1249 1015 1388 1067 inter
1406 1010 1526 1066 illos
1554 1008 1740 1071 fuisse,
1765 1019 1900 1076 quos
1926 1003 2103 1059 omni-

502 1116 605 1173 bus
635 1111 894 1188 praecipui
939 1111 1116 1167 cnltns
1161 1103 1483 1162 testimoniis
1514 1099 1804 1169 antiquitas
1837 1099 1993 1167 longe
2020 1095 2103 1150 la-

506 1221 668 1280 teque
701 1217 988 1282 prosecuta
1014 1201 1217 1280 [cxuv]
1230 1213 1346 1258 est:
1377 1198 1518 1270 quod
1537 1213 1601 1254 eo
1624 1195 1881 1266 majorem
1905 1191 2022 1262 ejus
2052 1190 2104 1244 in

508 1305 736 1377 gloriam
761 1300 926 1365 cedit,
969 1299 1013 1353 si
1041 1299 1571 1354 coniessortantum,
1621 1303 1725 1344 non
1753 1295 1957 1358 martyr
1985 1282 2104 1349 fuit,

507 1414 633 1456 cum
665 1398 748 1452 vix
774 1395 864 1451 ulli
896 1391 1213 1455 confesSori,
1246 1388 1342 1444 sed
1386 1387 1556 1441 solum
1587 1381 1862 1438 nonnullis
1906 1385 2109 1448 marty-

510 1493 663 1550 ribus
705 1489 821 1545 l'ere
843 1485 1151 1555 contigerit,
1183 1491 1240 1537 ut
1278 1479 1514 1550 antiquis
1558 1473 1892 1546 temporibus
1930 1467 2110 1524 cultus

511 1596 665 1643 extra
695 1581 972 1654 proprium
1021 1578 1194 1633 solum
1241 1575 1464 1631 latiores
1507 1570 1706 1625 limites
1759 1563 2105 1637 produceret.

515 1682 665 1738 Inter
713 1679 890 1735 cultus
922 1672 1226 1732 testimonia
1251 1684 1373 1742 quae
1404 1667 1554 1738 plura
1587 1659 1858 1719 recenseri
1883 1663 2109 1728 queunt,

507 1779 626 1834 hate
641 1775 906 1850 praecipua
923 1780 1067 1828 sunt:
1095 1767 1445 1825 ecclesiarum
1460 1763 1514 1817 in
1527 1759 1706 1817 Sancti
1729 1754 1948 1813 nomine
1965 1751 2114 1808 dedi-

2199 547 2359 603 qnem
2389 529 2558 586 edidit
2587 529 2907 586 Franciscus
2932 529 3284 586 Blanchinius
3313 529 3368 585 in
3398 530 3766 601 Prolegomenis

2201 627 2266 681 ad
2315 626 2681 691 Anastasinm,
2726 634 2859 680 tom.
2893 640 3000 692 lll,’
3032 641 3152 698 pag.
3190 626 3278 688 51,
3333 624 3448 680 haec
3499 625 3763 697 leguntur:

2203 719 2436 786 Exaudi,
2469 718 2736 774 Christe...
2769 729 2944 774 nostro
2995 719 3077 786 ill,
3123 737 3155 773 a
3202 717 3308 774 Deo
3349 722 3504 774 electo
3555 717 3768 790 Pontiﬁte

2213 815 2254 870 γ
2261 819 2350 871 ita.
2380 814 2494 870 Ill.
2537 815 2603 872 S.
2654 813 2847 870 Firme.
2884 813 3239 886 Respondetur
3263 829 3282 868 :
3311 811 3389 867 Tu
3415 813 3562 867 illum
3592 815 3769 884 adjuca.

2207 910 2267 967 S.
2307 909 2545 965 Procule.
2601 909 3006 979 Respondetur:
3055 906 3133 962 Tu
3176 906 3327 961 illum
3369 907 3581 978 adjuva.
3617 906 3773 963 Sancte

2206 1002 2366 1059 Zeno.
2403 1001 2479 1057 Tu
2511 1003 2661 1057 illum
2707 1002 2920 1074 adjuva.
2956 1001 3109 1057 Hunc
3155 999 3498 1056 Veronenses
3547 1001 3671 1055 olim
3708 1018 3776 1072 pa-

2209 1107 2425 1153 tronum
2476 1097 2581 1151 sibi
2612 1095 2904 1152 maximum
2949 1095 3252 1167 elegerunt,
3299 1095 3444 1151 unde
3486 1111 3514 1150 a
3555 1094 3781 1153 Ratlteria

2209 1192 2467 1263 episcopo
2514 1192 2566 1246 in
2601 1191 2952 1262 Apologetico
2986 1206 3106 1261 pag.
3160 1190 3287 1256 566,
3322 1199 3454 1244 tom.
3489 1206 3506 1245 ι
3539 1190 3780 1261 Spicilegii

2211 1285 2522 1352 Acheriani,
2552 1286 2828 1357 peculiaris
2871 1294 3043 1340 noster
3068 1294 3354 1356 patronus;
3396 1294 3450 1339 et
3477 1282 3530 1338 in
3560 1283 3783 1354 synodiCa

2211 1381 2278 1436 ad
2309 1381 2656 1453 presbyteros
2682 1395 2804 1451 pag.
2848 1379 2977 1444 577,
3010 1379 3249 1446 specialis
3273 1389 3443 1434 noster
3467 1379 3647 1434 doctor
3665 1388 3785 1448 atque

2213 1475 2448 1546 provisor
2475 1483 2716 1530 vocatur.
2747 1471 2977 1528 Civitatis
3019 1471 3233 1528 Veronw
3262 1485 3503 1544 patronus
3527 1483 3676 1543 atque
3709 1491 3782 1544 gs-

2215 1571 2450 1625 bernator
2481 1570 2731 1625 similiter
2760 1568 2959 1625 dicitur
2988 1569 3039 1624 in
3071 1568 3305 1626 Othonis
3338 1569 3682 1639 imperatoris
3704 1572 3786 1642 pri-

2213 1661 2429 1732 vilegio,
2463 1677 2553 1717 an.
2586 1660 2713 1719 988.
2743 1661 2883 1729 apnd
2914 1659 3220 1734 Ughellium
3266 1679 3385 1734 pag.
3413 1661 3542 1725 745,
3579 1662 3653 1718 uti
3679 1671 3725 1717 et
3747 1663 3786 1717 in

2216 1753 2324 1808 alio
2351 1768 2441 1806 an.
2475 1752 2600 1818 996,
2637 1768 2760 1824 pag.
2791 1752 2919 1821 749,
2952 1753 3005 1808 in
3038 1754 3233 1825 Quibus
3261 1756 3502 1826 utrisque
3537 1753 3792 1811 Veronen-

506 1873 671 1938 catio,
697 1869 871 1925 oflicia
914 1881 977 1922 ac
1004 1864 1184 1921 missa:
1213 1860 1470 1934 propriaz,
1504 1855 1623 1926 ejus
1668 1857 1879 1908 nomen
1917 1847 1970 1903 in
2013 1844 2113 1901 Ca-
2144 1847 2191 1906 B
2217 1847 2293 1902 sis
2346 1847 2634 1917 episcopus
2668 1846 2906 1902 Vicariu;
2937 1847 2996 1903 s,
3026 1847 3252 1903 Ζεηοηίε
3278 1850 3504 1906 honoris
3532 1865 3692 1906 causa
3718 1866 3792 1906 ηο,

505 1981 705 2022 nonem
733 1979 796 2018 ac
824 1960 1036 2016 litanias
1068 1957 1353 2015 insertum,
1383 1959 1439 2006 et
1474 1947 1526 2004 id
1553 1945 1767 2018 generis
1798 1942 1900 1997 alia
1941 1959 1952 1993 :
1996 1952 2117 2006 qua:

504 2059 645 2117 side
695 2057 913 2112 Zenone
964 2059 1152 2108 nostro
1202 2047 1382 2104 omnia
1426 2043 1537 2114 jam
1589 2039 1716 2095 inde
1760 2036 1828 2091 ab
1881 2033 2117 2103 antiquis

509 2152 845 2226 temporibus
874 2158 928 2204 et
953 2147 1188 2203 Verona:
1238 2150 1292 2196 et
1344 2137 1473 2194 alibi
1521 2133 1786 2189 latissime
1826 2136 2117 2200 propagata

509 2221 790 2303 nonnullis
844 2242 1076 2310 antiquis
1101 2246 1156 2293 et
1181 2235 1344 2290 certis
1368 2228 1708 2286 documentis
1735 2221 2116 2284 statuerimus;

513 2338 581 2394 ad
610 2336 811 2393 cultum
843 2342 900 2390 et
920 2331 1261 2387 sanctitatem
1287 2323 1404 2395 ejus
1438 2321 1702 2391 insignem
1731 2316 2113 2371 demonstran-

515 2435 640 2491 dam
670 2430 803 2488 nihil
829 2424 1244 2485 desiderabitur.
1267 2419 1340 2475 De
1370 2416 1488 2488 ejus
1516 2413 1660 2471 cultu
1685 2408 1826 2482 apud
1851 2405 2119 2464 Veronam

516 2530 751 2602 primum
782 2525 1042 2580 dicamus.

592 2621 770 2679 Multa:
826 2613 1072 2688 inprimis
1115 2601 1363 2666 ecclesia:
1411 2612 1524 2659 tum
1574 2600 1627 2655 in
1680 2596 1810 2654 urbe
1839 2637 1854 2662 ,
1905 2604 2017 2648 tum
2065 2591 2120 2645 in

515 2714 740 2772 dioecesi
784 2705 1086 2768 Veronensi
1135 2703 1194 2760 S.
1240 2697 1473 2756 Zenonis
1504 2693 1656 2749 titulo
1706 2696 2120 2758 nuncupantur,

517 2824 652 2881 quas
697 2816 986 2861 numerare
1028 2797 1188 2853 nimis
1221 2799 1367 2848 esset
1406 2789 1647 2858 longum.
1703 2783 1971 2838 Prmterea
2014 2786 2124 2831 tres

516 2873 642 2956 festi
673 2898 789 2952 dies
812 2896 865 2950 in
894 2888 1137 2964 ejusdem
1167 2885 1348 2940 Sancti
1394 2875 1712 2935 mctnoriattt
1745 2873 1988 2930 celebres
2029 2883 2127 2938 βυτ

522 2994 677 3066 plura
706 2989 900 3044 sazcula
931 2985 986 3040 in
1015 2978 1252 3050 antiquis
1274 2971 1642 3032 monumentis
1672 2977 1948 3025 notantur,
1990 2974 2128 3032 quos

523 3085 754 3144 stilemni
783 3085 887 3139 ritu
914 3075 1247 3137 Veronensis
1292 3071 1532 3127 Ecclesia
1561 3063 1849 3137 quotannis
1877 3056 2082 3131 peregit
2109 3072 2122 3109 :

521 3179 699 3252 pridie
721 3177 848 3232 Idus
874 3172 1074 3244 Aprilis
1096 3166 1348 3240 depositio
1373 3163 1435 3220 S.
1469 3159 1715 3224 Zenonis,
1742 3172 1818 3212 xu
1835 3153 1953 3211 Cal.
1978 3151 2125 3207 Junii

2219 1942 2474 1998 minatur.
2531 1941 2586 1997 ιη
2620 1943 2885 2013 procemio
2926 1954 3247 1998 Statutorum
3299 1943 3685 2000 Veronensium
3726 1961 3794 2012 pa-

2221 2034 2378 2099 troni,
2409 2033 2711 2106 protectoris
2742 2045 2795 2090 et
2824 2033 3110 2102 defensoris
3143 2034 3450 2090 nominibus
3481 2035 3792 2106 appellatur;

2221 2142 2554 2198 n‘tagousque
2581 2127 2756 2183 cidem
2785 2128 2964 2184 cultus
2987 2129 3193 2200 aliquot
3211 2129 3261 2184 in
3286 2129 3554 2202 capitibus
3581 2131 3793 2201 ejusdem

2221 2221 2419 2278 Statuti
2449 2221 2677 2294 aliisque
2711 2223 2763 2277 in
2788 2223 3042 2293 partibus,
3079 2224 3154 2278 uti
3189 2236 3404 2291 vocant,
3434 2241 3568 2297 quas
3597 2227 3649 2281 in
3678 2225 3795 2282 Civi-

2221 2318 2344 2372 tatis
2381 2316 2704 2372 cancellaria
2739 2317 2926 2374 videre
2959 2319 3105 2383 licet,
3157 2318 3412 2375 decretus
3462 2336 3678 2390 semper
3704 2321 3794 2375 fuit.

2223 2411 2461 2468 Tandem
2496 2413 2825 2483 praecipuum
2846 2411 3179 2468 Veronensis
3208 2413 3469 2469 Ecclesiae
3498 2415 3664 2470 ritum
3685 2430 3796 2469 nunc

2223 2519 2440 2574 quoque
2471 2505 2742 2575 vigentem
2775 2516 2967 2561 notare
3007 2505 3155 2567 libet,
3207 2505 3464 2561 nimirum
3506 2507 3567 2563 S.
3599 2506 3798 2563 Zenoais

2223 2599 2799 2654 commemorationem
2843 2599 2958 2654 lieri
3000 2614 3029 2654 a
3057 2597 3285 2656 Clericis
3315 2601 3688 2666 saecularibus,
3716 2612 3758 2657 et
3777 2615 3799 2655 ι

2228 2693 2588 2765 Bcgttlaribus
2616 2695 2898 2766 utriu~qne
2925 2711 3088 2751 sexus
3106 2696 3157 2751 in
3178 2696 3455 2753 Matutinis
3476 2705 3529 2752 et
3554 2697 3800 2768 Vesperis,

2227 2803 2348 2842 cum
2372 2787 2625 2858 sutiragia
2653 2788 2973 2852 recitantur,
3008 2803 3108 2844 nec
3137 2804 3241 2843 non
3272 2789 3324 2844 in
3356 2788 3597 2845 Collecta
3625 2790 3668 2844 Α
3705 2806 3804 2844 m-

2229 2879 2323 2933 ctis
2355 2889 2474 2949 post
2505 2880 2890 2948 Apostolorum
2921 2879 3068 2935 Petri
3099 2889 3154 2935 et
3186 2879 3333 2935 Pauli
3361 2883 3806 2937 commemoratio-

2232 2989 2400 3028 nem:
2432 2973 2521 3046 qui
2571 2972 2708 3028 ritus
2755 2983 3059 3044 praeceptus
3097 2989 3128 3029 a
3171 2973 3257 3030 .lo.
3309 2974 3563 3030 Matthaeo
3611 2973 3802 3031 Giberto

2230 3065 2490 3135 episcOpo
2540 3065 2593 3120 in
2621 3063 3131 3129 Constitutionibus,
3185 3068 3269 3121 tit.
3295 3066 3352 3130 2,
3393 3082 3510 3138 cap.
3544 3067 3603 3131 2,
3632 3065 3806 3122 duobus

2232 3161 2444 3216 smculis
2471 3169 2597 3216 ante
2615 3171 2668 3216 et
2697 3176 2764 3216 eo
2794 3161 3025 3232 amplius
3051 3161 3104 3216 in
3135 3161 3496 3236 Synodalibus
3527 3178 3662 3219 mss.
3689 3161 3806 3219 The-

525 3241 771 3344 ejusdem
805 3241 1098 3331 translatio,
1150 3270 1204 3317 et
1231 3276 1279 3314 vt
1311 3258 1388 3314 ld.
1427 3253 1738 3311 Decembris
1769 3251 1823 3305 in
1861 3245 2128 3344 aliquibus
2155 3241 2199 3305 C
2231 3252 2381 3344 btldi
2413 3254 2652 3324 episcopi
2695 3253 3174 3310 constitutionibus
3212 3271 3242 3310 a
3277 3255 3439 3312 Petro
3469 3255 3737 3327 Scaligero
3761 3254 3801 3307 in

524 3363 892 3422 monumentis
925 3359 987 3415 S.
1013 3355 1237 3413 Zenonis
1260 3349 1547 3414 dedicatio,
1575 3345 1659 3401 vel
1706 3341 2040 3406 consecratio,
2073 3338 2129 3394 in

521 3460 796 3532 plerisque
816 3463 994 3509 autem
1031 3449 1284 3505 dedicatio
1318 3442 1543 3499 basilicae
1573 3440 1633 3497 S.
1658 3436 1881 3494 Zenonis
1912 3434 2007 3499 ;in
2029 3431 2130 3486 hac

527 3525 727 3606 autem—
762 3546 984 3603 basilica
1032 3551 1280 3613 quartum
1325 3537 1523 3592 festum
1572 3529 1918 3588 ordinationis
1948 3525 2131 3595 adjec-

531 3654 669 3706 tum,
700 3638 844 3711 quod
883 3650 1027 3693 nunc
1054 3629 1412 3689 dedicationis
1450 3627 1587 3682 festo
1619 3625 1964 3693 subrogatum
1991 3618 2136 3675 cele-

530 3735 743 3800 bratur,
775 3746 878 3801 qna
910 3729 979 3784 de
1002 3743 1060 3783 re
1083 3725 1326 3796 pluribus
1352 3722 1485 3777 diss.
1516 3736 1553 3785 t,
1578 3733 1697 3789 cap.
1726 3717 1786 3782 5,
1819 3715 1848 3788 §
1878 3715 1932 3778 5,
1955 3723 2009 3770 et
2035 3713 2136 3768 hac

529 3829 664 3886 diss.
698 3841 817 3896 cap.
847 3841 885 3887 ι,
914 3821 1022 3896 δε,
1052 3821 1254 3885 missae,
1282 3815 1486 3889 hymni,
1517 3813 1850 3883 antiphonaz,
1882 3809 2133 3864 benedic-

533 3924 727 3989 tiones,
761 3918 1040 3988 suffragia,
1072 3912 1527 3986 responsoriaque
1555 3911 1807 3980 leguntur
1834 3904 2050 3976 pr0pria
2082 3903 2138 3958 in

536 4027 737 4072 nosme
767 4011 1027 4068 Ecclesia:
1057 4021 1188 4062 mss.
1234 4004 1408 4070 libris,
1444 4018 1564 4074 qua:
1605 4001 1746 4056 inter
1789 4007 2137 4053 monumenta

537 4106 769 4166 inferius
795 4101 1194 4161 describentur.
1231 4095 1288 4153 ln
1329 4091 1776 4152 Sact'amentariis
1821 4101 1999 4145 autem
2043 4088 2142 4144 tri-

539 4204 642 4260 bus
669 4218 699 4257 ι
726 4199 912 4256 ειεειιιί
946 4197 1112 4253 missa
1150 4193 1208 4249 S.
1245 4189 1485 4248 Zenonis
1523 4188 1734 4260 propria
1762 4201 1884 4241 cum
1925 4182 2144 4255 propria

539 4298 671 4354 item
719 4293 890 4365 ipsius
940 4287 1263 4362 praefatione
1314 4283 1645 4347 continetur,
1699 4295 1929 4350 quorum
1979 4293 2144 4334 unum

542 4389 691 4459 Rege
720 4385 934 4441 Othone
977 4391 1034 4438 et
1058 4377 1345 4450 Wolfango
1375 4376 1632 4447 episcopo
1679 4366 1978 4443 scriptum,
2012 4371 2146 4425 mis-

541 4496 659 4537 sam
689 4479 747 4533 S.
783 4475 1019 4533 Zenonis
1042 4473 1216 4543 primo
1243 4472 1360 4526 loco
1391 4470 1619 4540 positam
1648 4466 1828 4521 aureis
1869 4465 2149 4520 characte-

544 4574 694 4628 ribus
742 4568 1067 4638 descriptam
1119 4566 1353 4637 praal'ert.
1403 4558 1640 4617 Zenonis
1693 4573 1889 4614 nomen
1942 4555 2148 4612 Canoni

2233 3345 2336 3399 alia
2364 3343 2589 3416 Synodo
2631 3344 2967 3402 conﬁrmatis
3009 3348 3359 3418 praascriptns
3398 3349 3626 3421 legitur,
3669 3357 3720 3403 ut
3755 3363 3807 3402 ex

2233 3437 2601 3494 monumentis
2619 3438 2973 3509 subjiciendis
2995 3441 3221 3511 patebit.
3252 3441 3326 3496 Ex
3355 3441 3442 3497 his
3469 3443 3622 3510 satis,
3647 3452 3700 3498 ut
3717 3457 3810 3496 crc-

2234 3528 2434 3598 dimus,
2464 3529 2642 3602 colligi
2669 3539 2865 3600 potest,
2887 3543 3087 3602 quanto
3113 3533 3164 3588 itt
3199 3533 3409 3590 honore
3436 3535 3492 3591 S.
3527 3535 3670 3590 Zeno
3690 3533 3807 3605 apud

2235 3623 2578 3680 Veronenses
2620 3627 2748 3680 olim
2793 3626 2985 3693 fuerit;
3039 3627 3402 3701 cumdemque
3431 3613 3638 3686 cultum
3688 3643 3804 3686 nunc

2236 3732 2452 3788 quoque
2474 3717 2636 3773 iidem
2661 3718 3031 3785 confoventes,
3061 3723 3438 3792 processiones
3465 3739 3585 3779 cum
3613 3723 3815 3779 oblatio-

2241 3810 2402 3866 nibus
2445 3811 2512 3864 ad
2543 3809 2726 3884 [θην]
2757 3813 2876 3882 ejus
2928 3813 3231 3881 basilicam,
3284 3816 3374 3872 ubi
3397 3833 3610 3874 sacrum
3641 3831 3810 3888 corpus

2240 3902 2492 3974 quiescit,
2519 3907 2672 3959 statis
2697 3904 2890 3962 diebus
2933 3905 3158 3975 faciunt,
3201 3924 3265 3964 ac
3290 3909 3604 3968 idemtidem
3626 3928 3690 3968 eo
3720 3917 3814 3965 tota

2241 3995 2429 4052 civitas
2457 4013 2646 4070 magna
2691 4014 2814 4054 cum
2838 3998 3137 4072 frequentia
3166 4003 3414 4073 conﬂuit,
3451 4016 3508 4062 ut
3534 4007 3707 4080 magni
3744 3981 3818 4076 pti-

2245 4089 2387 4144 tr0ni
2413 4105 2568 4161 opem
2595 4091 2698 4148 sibi
2727 4093 2778 4148 itt
2800 4094 3130 4164 cgeSIatibus
3156 4097 3299 4168 apud
3320 4098 3490 4155 Deum
3516 4099 3816 4175 interponat.

2250 4227 2278 4300 §
2307 4226 2369 4283 Il.
2389 4227 2654 4285 -—Cttllus
2683 4229 2746 4286 S.
2771 4229 2995 4288 Zenonis
3021 4251 3178 4306 quam
3202 4236 3306 4292 late
3330 4239 3384 4294 in
3405 4237 3530 4294 aliis
3551 4235 3716 4296 Italia
3737 4237 3822 4293 Ec-

2739 4325 2910 4382 clesiis
2937 4341 3253 4401 propagatus
3273 4333 3360 4388 sit.

2323 4461 2393 4516 At
2415 4477 2520 4518 non
2541 4462 2768 4519 Veronae
2786 4463 2982 4532 solum,
3007 4465 3077 4523 de
3102 4482 3205 4538 qua
3225 4467 3386 4525 rebus
3404 4470 3659 4539 prreclare
3673 4468 3817 4543 gestis

2256 4553 2782 4614 bcnemeritissimns
2811 4556 2931 4625 fuit,
2951 4561 3223 4631 praecipuo
3243 4562 3387 4618 cultu
3405 4563 3464 4621 S.
3497 4563 3643 4622 Zeno
3668 4577 3826 4636 prose

546 4667 692 4722 inter
729 4663 1068 4719 confessores
1116 4658 1378 4714 insertum
1419 4662 1648 4726 quatuor
1676 4651 2151 4708 Sacramentorum
2180 4648 2234 4710 D
2259 4661 2416 4703 cutus
2443 4657 2547 4715 est,
2568 4651 2662 4706 sed
2691 4653 2832 4721 apud
2855 4654 2987 4709 alias
3017 4670 3121 4710 non
3148 4667 3255 4712 tam
3286 4658 3561 4730 ﬁnitimas,
3585 4676 3734 4733 quam
3755 4673 3824 4714 re-

547 4761 670 4818 libri
718 4757 996 4822 exhibent,
1036 4768 1263 4825 quorum
1297 4750 1623 4806 mentionem
1657 4747 1881 4804 fecimus
1923 4761 2042 4816 cap.
2091 4744 2149 4812 2,

550 4855 580 4928 ᾗ
607 4853 664 4918 2,
696 4861 751 4908 et
781 4862 889 4905 tres
915 4864 978 4904 ex
1013 4847 1097 4901 his
1126 4844 1469 4914 Capitulares
1492 4857 1597 4896 non
1630 4851 1736 4895 lant
1767 4840 1820 4894 in
1852 4838 2154 4894 Communi-

549 4959 743 5013 cantes,
771 4959 932 5018 quam
965 4953 1084 5010 post
1113 4940 1410 4994 orationem
1441 4936 1768 4991 Dotniuicam
1792 4935 2039 4991 eumdem
2074 4935 2155 4988 in-

552 5051 750 5103 vocant
777 5039 854 5096 sic
881 5057 892 5091 :
925 5037 1108 5092 Libera
1156 5050 1270 5099 nos,
1301 5047 1611 5104 qnwsumns,
1659 5028 1899 5095 Domine,
1930 5043 2034 5084 etc.
2060 5070 2075 5094 ,
2107 5037 2154 5083 et

556 5133 764 5191 Sanctis
791 5130 1039 5199 apostolis
1070 5128 1171 5182 tuis
1198 5125 1354 5180 Petro
1394 5135 1439 5179 et
1477 5121 1645 5176 Paulo
1672 5131 1821 5191 atque
1847 5121 2074 5184 Andrea,
2109 5128 2156 5175 et

553 5223 726 5278 Beatis
773 5219 1145 5291 confessorilms
1195 5218 1294 5271 tuis
1327 5214 1574 5279 Martino,
1626 5210 1852 5266 Proculo
1876 5256 1889 5277 ,
1921 5211 2153 5280 Zenone,

552 5327 703 5389 atque
733 5313 1005 5368 Benedicto
1035 5329 1150 5366 cum
1197 5307 1427 5365 omnibus
1475 5307 1685 5369 sanctis,
1729 5317 1834 5362 etc.
1861 5306 1917 5360 In
1954 5305 2154 5359 litaniis

552 5427 791 5484 quoque,
823 5422 955 5479 quas
985 5406 1192 5475 aliquot
1236 5404 1287 5458 in
1319 5417 1449 5457 mss.
1483 5417 1577 5457 χιιι
1613 5409 1669 5457 et
1697 5415 1787 5454 xw
1821 5399 2004 5455 saeculi
2043 5409 2154 5454 tum

553 5505 611 5560 in
655 5502 988 5560 Bibliotheca
1028 5496 1263 5569 Capituli
1302 5495 1647 5561 Veronensis,
1685 5504 1796 5548 tum
1850 5493 1978 5548 alibi
2029 5493 2158 5564 legi-

557 5612 700 5666 mus,
761 5610 972 5650 necnon
1023 5594 1075 5647 in
1105 5589 1424 5662 quibusdam
1455 5587 1790 5644 orationibus
1814 5600 1879 5643 ac
1905 5586 2159 5644 benedic-

553 5689 811 5753 tionibus,
845 5701 967 5758 quae
1008 5683 1201 5742 iisdem
1249 5685 1300 5738 in
1344 5696 1475 5737 mss.
1510 5681 1874 5738 continentur.
1911 5681 1968 5737 S.
2011 5681 2158 5737 Zeno

558 5781 698 5836 inter
724 5790 950 5837 caeteros
979 5789 1196 5836 sanctos
1223 5775 1567 5833 confessores
1597 5775 1897 5831 invocatur.
1943 5773 1998 5831 In
2045 5773 2155 5831 Ro-

558 5889 718 5931 mano
748 5873 949 5932 Ordine
976 5871 1270 5945 Capitulari
1300 5868 1501 5943 scripto
1534 5867 1866 5941 temporibus
1893 5867 2158 5928 Ludovici

2261 4747 2434 4796 motas
2460 4743 2623 4798 etiam
2652 4744 2898 4804 civnales
2923 4757 3085 4818 atque
3118 4754 3427 4821 provincias
3454 4795 3469 4818 ,
3496 4755 3608 4824 jam
3635 4754 3748 4810 inde
3772 4751 3824 4806 ab

2261 4839 2497 4910 antiquis
2549 4843 2883 4913 temporibus
2918 4845 3178 4916 insignem
3227 4849 3430 4904 cultum
3465 4860 3546 4906 est
3595 4860 3825 4906 consecu-

2262 4939 2369 4995 tus,
2392 4948 2496 5000 quo
2523 4934 2590 4990 ad
2618 4936 2919 4992 sanctitatis
2942 4939 3059 5009 ejus
3094 4941 3521 5011 magnitudinem
3567 4941 3824 4999 celebrita-

2263 5034 2480 5097 temque
2524 5030 2978 5097 comprobandam
3027 5031 3157 5087 nihil
3211 5036 3436 5105 reperiri
3486 5045 3657 5107 potest
3700 5033 3828 5089 illus-

2265 5119 2415 5175 trius.
2448 5120 2582 5176 Cum
2627 5121 2926 5178 Coronatns
2948 5124 3199 5182 Natarius
3225 5170 3241 5196 ,
3271 5127 3547 5200 descripto
3594 5125 3828 5184 miraculo

2263 5211 2697 5279 Athesis,cujus
2740 5215 2866 5269 alibi
2921 5217 3249 5273 mentionem
3303 5217 3532 5275 fecimus
3561 5262 3576 5288 ,
3619 5218 3825 5276 scribat:

2270 5303 2418 5358 Unde
2442 5307 2655 5360 accrevit
2685 5309 2940 5363 veneratio
2981 5320 3029 5364 et
3051 5311 3200 5364 timor
3222 5311 3360 5364 circa
3391 5311 3582 5367 Christi
3623 5308 3831 5366 sacerdo-

2266 5407 2397 5464 tem,-
2429 5408 2546 5466 post
2573 5397 2622 5454 id
2647 5401 2963 5458 miraculum
2992 5404 3134 5475 quod
3166 5422 3193 5457 a
3237 5402 3296 5460 S.
3320 5404 3582 5476 Gregorio
3607 5401 3830 5476 pontiﬁce

2267 5489 2318 5544 in
2351 5489 2577 5562 dialogis
2605 5494 2997 5567 promulgatum
3027 5497 3124 5552 luit
3147 5539 3163 5564 ,
3193 5498 3398 5553 cultum
3428 5498 3546 5569 ejus
3577 5507 3718 5555 extra
3744 5492 3831 5547 Ve-

2263 5598 2450 5639 ronam
2507 5590 2790 5658 propagari
2823 5601 3056 5662 emptum
3105 5590 3352 5646 nonnulli
3401 5591 3632 5648 fortasse
3674 5585 3830 5646 existi-

2266 5688 2433 5734 ment.
2466 5677 2684 5734 Pistorii
2738 5684 2788 5736 in
2838 5683 3083 5740 Hetruria
3132 5684 3347 5755 quidem
3392 5684 3712 5742 catltedralis
3751 5691 3828 5732 cc.

2263 5773 2425 5828 clesia
2455 5773 2516 5829 S.
2546 5773 2781 5833 Zenonis
2806 5780 3028 5836 nomine
3059 5778 3301 5836 dedicnta
3323 5779 3558 5836 traditur
3581 5780 3644 5836 ab
3662 5769 3830 5848 Ugltel-

2264 5867 2338 5926 lio
2368 5877 2488 5940 post
2529 5885 2616 5928 an.
2646 5871 2774 5942 595,
2803 5889 2924 5933 cum
2953 5874 3074 5946 ejus
3120 5875 3269 5932 urbis
3313 5875 3514 5934 ﬂumen
3557 5870 3827 5933 exundans.
