3952 6320
88 263 115 317 1
133 266 241 327 77-
948 266 1405 325 DISSERT.\TIO
1435 264 1526 331 III,
1555 261 1641 319 DE
1666 260 1724 317 S.

1860 263 1912 320 Ψ.
1948 268 2148 326 ACTIS
2178 272 2263 328 ET
2289 273 2543 335 CUI/PU.
3334 277 3436 334 178

89 383 352 445 Zenone
384 388 657 455 invocato,
677 385 941 443 coercitus
957 382 1184 437 miriﬁce
1208 380 1325 435 luit.
1345 377 1479 435 Vide
1515 387 1644 432 tom.
1673 390 1731 431 m
1761 388 1813 447 Α
1839 395 1981 436 nunc
2005 382 2171 453 (quod
2200 387 2457 463 sciamus)
2490 392 2619 447 nihil
2675 405 2925 466 superest
2975 396 3075 452 nisi
3106 394 3266 450 index
3298 436 3313 459 ,
3344 392 3435 463 qui

92 477 295 536 Italim
322 498 526 543 sacrm.
576 497 692 552 pag.
740 477 867 539 284,
893 478 980 533 ubi
1006 476 1366 531 Pistorienses
1386 472 1453 528 ad
1483 472 1743 527 invocan-
1844 473 1897 528 in
1930 474 2257 534 bibliotheca
2291 481 2543 541 Vaticana
2570 498 2817 545 servatur
2837 488 2958 545 cod.
2993 489 3156 554 5833,
3183 497 3239 544 et
3266 488 3320 542 in
3354 481 3439 540 in;

91 571 245 627 dum
279 590 354 629 eo
388 575 442 629 in
472 574 652 629 casuS
695 572 1051 627 Zenonemex
1078 567 1277 624 recenti
1297 565 1634 634 etdivulgato
1650 564 1737 617 vix
1842 564 1963 622 dice
1994 569 2218 626 Decadis
2261 576 2535 643 secundae,
2564 595 2685 650 pag.
2732 582 2860 648 28!,
2896 582 3151 637 habetur:
3205 578 3284 634 De
3312 588 3439 633 tein-

94 665 154 719 id
175 668 466 736 temporis
484 665 735 721 miraculo
750 660 1200 748 Athesisexcitati
1220 659 1487 714 videntur.
1509 656 1613 711 Sed
1630 656 1740 709 PiS‘
1842 660 1941 728 plis
1967 661 2031 715 D.
2066 662 2393 721 Mercurialis
2438 670 2665 739 episcopi
2713 670 2963 727 Liviensis
2989 682 3038 727 et
3075 670 3297 726 Zenonis
3336 669 3437 724 Ve-

97 761 389 816 toriensis
430 768 634 821 auctor,
662 776 727 813 ex
755 774 862 828 quo
885 756 1187 811 additiones
1212 754 1262 809 in
1299 751 1606 821 Ugbellium
1644 765 1737 805 cx-
1841 757 2073 812 ronensis
2102 768 2245 814 extra
2268 772 2469 829 portam
2497 762 2840 819 Hadrianum,
2862 764 2917 821 Si
2951 780 3079 821 vero
3098 779 3166 821 εχ
3199 763 3281 817 δίε
3309 778 3441 831 pro.

97 865 330 928 ccrptaa
346 865 620 918 sunt,cum
639 852 865 924 Ughellii
885 850 1203 906 sententiam
1220 848 1370 904 nullo
1389 846 1737 902 fundamento
1840 850 2016 906 habile
2048 853 2118 905 sit
2143 853 2406 909 εεειεεξαη,
2432 870 2648 927 quoque
2679 858 2740 913 ε,
2770 856 2992 914 Zenoni,
3033 860 3087 913 δη
3115 858 3353 913 Cmam,
3370 857 3439 913 de

102 955 420 1011 Subnixam
441 952 708 1009 afﬁrmare
727 967 834 1007 non
852 950 1113 1006 dubitavit
1136 966 1150 1013 ;
1171 958 1367 1002 etcum
1398 947 1451 1000 in
1468 945 1585 1014 ejus
1609 958 1735 999 nar-
1841 945 2032 1000 eodem
2066 945 2365 1002 Veronensi
2385 951 2640 1020 episcopo
2669 961 3029 1020 nuncupatam
3074 952 3273 1014 fuisse;
3314 966 3437 1005 cum

101 1047 338 1102 ratione.
372 1046 617 1118 quaedam
670 1043 1014 1118 reprehendit
1034 1086 1047 1105 ,
1073 1059 1192 1113 qua:
1224 1042 1326 1120 .hic
1368 1042 1574 1097 rel‘errc
1603 1038 1736 1093 nihil
1842 1038 1956 1094 lucc
1986 1041 2054 1093 ab
2080 1041 2308 1111 Agnello
2331 1042 2741 1115 archiepiscopo
2768 1046 3117 1101 reconciliata
3165 1047 3433 1112 tradatur,

104 1140 384 1200 interest.
413 1150 527 1195 tum
553 1155 682 1195 vero
703 1140 976 1210 antiquius
996 1138 1272 1207 aliquanto
1296 1152 1416 1191 eam
1450 1136 1733 1190 ecclesiam

102 1233 335 1288 ZenOni
372 1232 538 1287 fuisse
565 1246 775 1288 sacram
806 1229 1136 1297 pronuntiat,
1158 1244 1224 1284 ex
1248 1244 1356 1299 quo
1387 1226 1583 1283 factum
1608 1225 1735 1281 sub-

105 1328 246 1383 inde
305 1328 453 1391 fuit,
486 1338 542 1382 ut
575 1326 935 1381 Pistorienses
986 1324 1045 1380 8.
1095 1323 1367 1377 Zenonem
1402 1321 1501 1375 sibi
1555 1328 1737 1389 patro-

109 1437 252 1477 num
296 1420 648 1490 delegerint,
689 1422 915 1490 ejusque
961 1418 1275 1473 memoriam
1303 1414 1515 1471 duobus
1544 1414 1736 1470 diebus

110 1515 302 1570 adhuc
327 1529 549 1585 quoque
572 1513 773 1578 colant,
801 1511 946 1567 Prid.
978 1510 1058 1565 Id.
1084 1510 1315 1579 Aprilis,
1334 1518 1387 1563 et
1416 1507 1733 1562 solemniori

113 1608 265 1664 festo
300 1625 378 1663 vt.
412 1607 490 1663 Id.
528 1606 862 1669 Decembris.
887 1607 1030 1676 quod
1062 1620 1223 1676 quam
1276 1610 1465 1659 nostro
1490 1599 1731 1656 Antistiti

114 1702 597 1773 perhonoriﬁcum
636 1702 705 1756 sit
745 1714 905 1756 nemo
953 1714 1061 1754 non
1090 1698 1255 1753 videt.
1309 1696 1569 1766 Equidem
1624 1693 1727 1750 etsi

1840 1135 1936 1188 fuit
1967 1138 2151 1203 procul
2183 1135 2347 1191 dubio
2392 1137 2493 1191 sub
2522 1138 2821 1193 Gothorum
2854 1149 3120 1209 potestate
3141 1180 3157 1205 ,
3191 1154 3252 1195 ac
3299 1141 3441 1193 inter

1840 1245 1932 1285 cas
1998 1230 2215 1302 quidem
2252 1273 2265 1297 ,
2344 1247 2476 1302 quas
2550 1234 2736 1288 Ariani
2804 1233 3021 1297 Gothi,
3082 1248 3145 1288 ac
3205 1248 3439 1303 praescr-

1842 1326 1937 1380 tim
1971 1325 2343 1382 Theudoricus
2372 1326 2670 1382 Gothorum
2697 1328 2903 1397 primus
2933 1328 2984 1381 in
3016 1326 3168 1381 Italia
3195 1343 3289 1382 rex
3313 1325 3445 1381 acdi-

1840 1421 2031 1477 licasse
2060 1422 2306 1476 traditur.
2338 1421 2521 1487 Itaque
2553 1423 2693 1477 inter
2721 1438 2920 1477 annum
2968 1421 3075 1476 495
3098 1464 3112 1486 ,
3143 1437 3249 1489 quo
3278 1418 3442 1475 Gothi

1842 1515 2152 1571 Ravennam
2176 1516 2351 1587 primo
2379 1526 2745 1587 occuparunt,
2778 1526 2832 1572 et
2860 1532 3058 1570 annum
3082 1514 3209 1579 552,
3237 1528 3345 1584 quo
3375 1512 3444 1567 ab

1839 1624 1902 1664 ea
1925 1612 2059 1664 urbe
2086 1610 2299 1679 penitus
2322 1608 2539 1665 fuerunt
2563 1610 2792 1677 exclusi,
2823 1609 3094 1664 Ravenna:
3117 1608 3168 1661 iu
3196 1605 3443 1661 Czesarea

1840 1703 1895 1757 itt
1921 1702 1978 1757 8.
2004 1702 2237 1756 Zenonis
2271 1702 2602 1759 Veronensis
2634 1703 2893 1757 honorem
2935 1701 3165 1757 ecclesia
3215 1700 3324 1753 Deo
3363 1696 3446 1752 di-

115 1804 248 1864 post
270 1793 598 1849 miraculum
633 1794 884 1858 Athesis,
913 1790 1057 1863 quod
1087 1790 1275 1845 incidit
1303 1790 1354 1844 in
1394 1804 1482 1843 an.
1518 1788 1647 1852 589,
1672 1787 1732 1843 S.
1767 1795 1814 1856 Β
1842 1804 1960 1848 cata
1994 1796 2119 1857 fuit;
2146 1804 2201 1849 et
2229 1796 2367 1850 forte
2392 1794 2736 1851 'I‘heodorico
2768 1794 2868 1863 ipsi
2896 1837 2909 1859 ,
2955 1794 3042 1863 qui
3090 1791 3318 1847 Verona:
3344 1790 3446 1844 ali—

116 1888 370 1943 Zenonis
390 1888 594 1942 cultum
624 1887 792 1957 magis
826 1886 993 1939 multo
1042 1894 1347 1955 promotum
1396 1884 1560 1938 fuisse
1602 1881 1737 1937 nihil

118 1982 192 2035 sit
226 1980 659 2050 ambigendum:
694 1990 872 2033 tamen
903 1988 1027 2032 ante
1058 1978 1107 2032 id
1136 1992 1349 2049 quoque
1372 1985 1586 2047 tempus
1618 1990 1736 2029 me-

120 2076 367 2131 moriam
395 2074 516 2142 eius
536 2075 850 2145 cultumque
894 2082 1048 2129 extra
1075 2072 1342 2128 Veronam
1388 2071 1496 2126 late
1550 2084 1740 2140 perva-

122 2172 270 2224 sisse
304 2168 443 2223 illud
475 2167 811 2223 demonstrat
850 2166 994 2237 quod
1024 2165 1186 2221 tradit
1232 2164 1487 2236 Agnellus
1514 2164 1567 2218 in
1604 2162 1740 2218 Pon-

125 2261 324 2316 titicali
348 2260 664 2316 Ravennate
681 2259 829 2315 edito
858 2258 1088 2329 primum
1128 2273 1158 2313 a
1184 2256 1244 2312 P.
1277 2255 1572 2313 Bacchinio
1596 2299 1611 2323 ,
1643 2271 1740 2311 nu-

124 2369 228 2424 per
249 2362 439 2409 autem
461 2352 665 2408 inserto
703 2352 901 2407 lterum
935 2350 1238 2406 Italicarum
1285 2359 1433 2405 tumo
1479 2346 1736 2404 secundo.

126 2449 206 2505 .\'e
241 2448 375 2518 quid
407 2448 762 2517 dubitationis
795 2448 1101 2517 ingeratur,
1149 2460 1235 2500 res
1281 2446 1349 2499 ab
1374 2444 1529 2499 initio
1579 2457 1739 2512 repe-

129 2545 300 2601 tenda
343 2553 447 2600 est.
487 2543 647 2600 Gothi
678 2585 691 2607 ,
723 2543 937 2597 Arianae
982 2550 1149 2597 sectze
1194 2538 1445 2595 homines
1479 2582 1493 2603 ,
1526 2538 1744 2593 Raven-

133 2657 262 2695 nam
293 2647 693 2707 occupaverant
721 2654 810 2692 an.
844 2637 967 2693 495.
1004 2636 1156 2691 Licet
1193 2643 1373 2689 autem
1404 2648 1522 2688 eam
1556 2634 1743 2687 urbem

134 2749 227 2787 an.
282 2732 395 2788 540
422 2732 713 2787 Belisarius
742 2728 1174 2800 recuperaverit,
1226 2737 1404 2783 tamen
1436 2726 1596 2796 paulo
1624 2732 1747 2796 post

136 2828 189 2881 in
222 2824 531 2882 Gothorum
582 2832 904 2894 potestatem
934 2823 1136 2887 rediit,
1180 2821 1283 2876 sub
1320 2802 1615 2891 eorumque
1667 2818 1749 2873 di-

140 2921 295 2976 ti0ne
324 2921 480 2975 stetit
506 2934 678 2989 usque
703 2919 769 2973 ad
804 2937 892 2972 .m.
928 2917 1055 2974 552.
1084 2916 1242 2972 Anno
1270 2914 1519 2987 sequenti
1549 2913 1749 2983 Agnel-

142 3013 250 3077 Ius,
282 3012 569 3067 catholica!
601 3010 724 3067 ﬁdei
752 3012 1001 3074 antistes,
1028 3010 1080 3065 in
1107 3008 1225 3081 ejus
1250 3008 1399 3063 urbis
1429 3006 1747 3063 cathedram

145 3105 394 3162 ascendit
421 3148 436 3169 ,
488 3107 647 3176 eique
686 3104 1028 3161 Justinianus
1067 3106 1360 3170 imperator
1388 3100 1636 3172 quidquid
1679 3098 1748 3153 ad

1842 1890 2098 1961 quamdiu
2129 1890 2391 1960 regnavit,
2422 1900 2476 1945 et
2516 1891 2633 1960 ipso
2672 1904 2815 1944 anno
2842 1889 2947 1943 495
2978 1888 3290 1943 Ravennam
3334 1899 3447 1939 cm-

1843 1984 1941 2054 pit,
1972 1998 2033 2039 ea
2058 1982 2344 2038 a-diticatio
2385 1982 2669 2039 referenda
2702 1992 2804 2037 est.
2840 1981 3027 2050 Neque
3057 1993 3301 2051 oppouas
3325 1992 3450 2032 cre-

1842 2075 2007 2131 dibile
2024 2091 2129 2131 non
2158 2075 2327 2131 videri
2356 2075 2615 2131 Arianum
2641 2090 2823 2147 regem
2846 2072 3141 2128 :edilicasse
3159 2071 3445 2127 ecclesiam

1845 2170 1964 2239 ejus
1996 2170 2215 2225 nomine
2248 2215 2262 2235 ,
2310 2170 2400 2241 qui
2436 2171 2665 2224 Arianos
2698 2170 3105 2239 impugnaverat
3149 2164 3448 2228 acerrime;

1844 2278 1969 2317 nam
1987 2274 2040 2319 et
2063 2264 2120 2318 S.
2145 2262 2373 2319 Martino
2399 2263 2721 2317 Arianorum
2747 2262 2873 2316 item
2924 2258 3281 2331 impugnatori
3309 2273 3448 2326 pra:-

1846 2357 2180 2412 stantissimo
2202 2356 2432 2411 ecclesia
2456 2356 2523 2410 ab
2545 2355 2736 2410 eodem
2767 2368 2892 2425 rege
2936 2353 3205 2408 Ravennae
3230 2360 3450 2406 exstru-

1846 2460 1956 2517 cta,
1986 2461 2038 2507 et
2068 2452 2136 2505 ab
2174 2450 2403 2521 Aguello
2452 2449 2701 2505 similiter
2751 2447 3100 2504 reconciliata
3130 2446 3325 2503 eodem
3357 2460 3452 2500 ca-

1850 2542 2014 2615 pite2
2058 2544 2305 2598 traditur.
2340 2542 2527 2613 Itaque
2568 2550 2785 2597 centum
2842 2556 3012 2595 annos
3044 2550 3098 2594 et
3150 2538 3307 2609 paulo
3334 2553 3453 2592 am-

1852 2638 1992 2708 plius
2019 2648 2143 2710 post
2168 2637 2229 2693 S.
2257 2636 2492 2693 Zenonis
2512 2646 2764 2702 mortem,
2790 2646 2844 2691 et
2872 2646 2997 2690 ante
3023 2634 3199 2701 ipsum
3232 2632 3454 2687 Athesis

1851 2732 2190 2795 miraculum,
2216 2731 2386 2800 ipsius
2415 2729 2471 2786 8.
2520 2728 2755 2784 Zenonis
2784 2730 2959 2782 cultus
3002 2735 3153 2782 extra
3178 2724 3453 2780 Veronam

1853 2825 1961 2881 late
1988 2835 2318 2896 propagatus
2340 2833 2455 2879 est:
2486 2823 2627 2892 quod
2660 2837 2783 2877 cum
2802 2821 3008 2877 nemini
3046 2821 3273 2875 aliorum
3303 2818 3452 2874 Gon-

1852 2918 2113 2973 fessorum
2137 2918 2426 2988 contigerit
2446 2927 2641 2987 praeter
2660 2917 2718 2972 S.
2742 2916 3025 2971 Martinum
3050 2915 3446 2979 Turonensem,

1852 3015 2005 3085 cujus
2038 3016 2241 3070 cultum
2278 3014 2446 3069 Vitam
2476 3013 2593 3084 ejus
2623 3029 2649 3065 a
2681 3011 2923 3083 Sulpicio
2951 3012 3207 3080 scriptam
3238 3023 3455 3077 pramo-

1856 3108 1994 3162 visse
2026 3106 2314 3179 plurimum
2345 3106 2606 3161 credibile
2635 3115 2717 3159 est
2759 3103 2926 3176 (unde
2955 3102 3156 3158 nemini
3197 3101 3285 3156 alii
3316 3115 3449 3155 con-

146 3214 326 3253 eornm
352 3196 654 3254 Gothorum
678 3198 791 3269 jus,
823 3197 899 3251 vel
926 3198 1079 3250 ritum
1107 3198 1360 3267 pertinere
1387 3195 1551 3265 potuit
1574 3236 1587 3260 ,
1622 3209 1744 3248 con-
1768 3193 1814 3255 C
1848 3197 2041 3253 fessori
2066 3238 2082 3263 ,
2134 3198 2230 3253 sed
2271 3198 2402 3251 solis
2459 3196 2789 3269 martyribus
2840 3195 3079 3265 reliqum
3128 3193 3455 3248 Ravennatis

148 3291 360 3345 donavit
396 3300 444 3344 et
488 3290 760 3345 concessit.
823 3290 1088 3345 Recenset
1126 3301 1306 3344 autem
1357 3287 1499 3343 inter
1552 3296 1749 3343 caetera

149 3400 269 3437 aras
300 3395 350 3437 et
370 3384 580 3451 templa.
614 3382 751 3439 Tum
778 3398 907 3438 vero
939 3384 1055 3438 haec
1078 3381 1366 3437 historicus
1384 3380 1603 3449 snbjicit
1628 3394 1748 3447 cap.

150 3478 204 3544 2,
239 3494 362 3551 pag.
392 3479 524 3534 H3:
569 3476 742 3550 Igitur
788 3478 881 3532 iste
909 3477 1226 3532 beatissimus
1272 3492 1446 3529 omnes
1468 3473 1751 3529 Gothorum

156 3574 394 3627 ecclesias
424 3570 774 3627 reconciliavit
795 3612 807 3629 .
831 3585 945 3639 qua
978 3568 1260 3623 Gothorum
1302 3566 1614 3636 temporibus
1638 3607 1651 3629 ,
1676 3566 1755 3619 vel

161 3664 315 3736 Regis
346 3663 653 3719 Theoderici
700 3672 1004 3717 constructa?
1050 3674 1188 3718 sunt.
1242 3661 1413 3716 Porro
1460 3659 1622 3714 hasce
1664 3673 1754 3714 ec—

159 3758 351 3813 clesias
394 3768 503 3812 tum
550 3757 786 3811 urbanas
817 3798 832 3821 ,
888 3767 998 3811 tum
1045 3757 1343 3811 rusticanas
1393 3768 1752 3817 enumerans,

160 3859 406 3906 recenset
432 3852 569 3907 inter
588 3860 817 3905 caeteras
838 3848 1120 3904 ecclesiam
1154 3845 1297 3901 Beati
1319 3845 1543 3900 Zenonis
1569 3846 1621 3898 in
1645 3842 1756 3898 Cir-

162 3962 324 3999 sarea.
362 3945 511 3999 llauc
539 3944 786 4001 eamdem
833 3958 954 3999 esse
993 3957 1055 3996 ac
1084 3942 1228 3996 illam
1251 3983 1265 4006 ,
1297 3956 1457 4011 quam
1508 3939 1755 3994 Urbanus

146 4037 251 4107 IV,
285 4040 335 4094 in
360 4039 507 4095 Bulla
542 4054 633 4093 an.
666 4037 807 4093 1262
854 4038 920 4091 ad
949 4034 1253 4090 Canonicos
1292 4032 1610 4087 Cardinales
1653 4031 1757 4085 Ra-

167 4148 354 4188 venum
384 4132 526 4203 apud
557 4132 799 4187 Rubeum
834 4130 929 4185 lib.
965 4146 1013 4183 vi
1049 4128 1183 4182 Hist.
1218 4127 1446 4193 Raven.,
1478 4141 1597 4196 pag.
1626 4124 1756 4189 458,

169 4226 294 4281 edit.
321 4225 379 4291 2,
411 4226 675 4280 ecclesiam
705 4224 766 4279 S.
797 4222 1020 4277 Zenonis
1062 4222 1129 4275 ad
1160 4218 1383 4275 Puteum
1415 4228 1592 4282 vocat,
1628 4216 1757 4270 illud

172 4320 366 4374 intiicio
395 4329 479 4375 est
502 4360 517 4384 ,
546 4318 690 4389 quod
722 4318 912 4371 eodem
959 4316 1011 4370 in
1043 4315 1193 4381 loco,
1227 4314 1313 4367 ubi
1370 4312 1499 4365 olim
1552 4309 1760 4365 exstitit

172 4414 411 4468 Czcsarea
438 4454 452 4475 ,
484 4414 565 4467 via
598 4411 773 4466 adhuc
819 4411 912 4476 sit,
940 4424 1059 4478 qua:
1096 4407 1371 4461 Puteornm
1428 4404 1756 4459 nominatur.

176 4506 337 4560 Porro
362 4506 400 4561 S
445 4504 719 4561 Zenonem
745 4546 759 4567 ,
790 4504 878 4559 cui
910 4507 1025 4558 lucc
1047 4502 1277 4558 ecclesia
1309 4508 1613 4569 nuncupata
1640 4498 1758 4561 fuit,

1855 3293 2100 3348 ecclesiae
2118 3308 2287 3347 sacra:
2307 3293 2611 3363 traduntur)
2624 3334 2638 3357 ,
2649 3292 2759 3362 jam
2775 3290 2833 3347 8.
2851 3291 3143 3353 Zenonem,
3164 3289 3206 3343 si
3227 3302 3457 3359 pra-ser-

1858 3390 1951 3443 tim
1976 3387 2257 3443 confessor
2288 3387 2446 3441 unice
2477 3386 2575 3440 fuit
2603 3428 2617 3452 ,
2669 3386 2838 3440 multo
2870 3400 2965 3455 per
3016 3398 3137 3439 sese
3181 3380 3453 3437 celebrem

1857 3494 2187 3551 c0gnoscere
2210 3479 2359 3544 licet,
2388 3481 2476 3549 qui
2507 3479 2571 3532 ad
2601 3478 2831 3533 similem
2862 3478 3063 3532 cultum
3100 3475 3365 3546 pervenit,
3400 3484 3460 3529 ut

1858 3590 1925 3631 ne
1946 3575 2058 3629 ulla
2089 3574 2219 3627 Viue
2250 3571 2719 3628 commendatione
2761 3570 3168 3642 proveheretur.
3216 3567 3334 3635 Quo
3373 3583 3459 3623 re-

1858 3669 2099 3738 spiscere
2143 3666 2393 3721 videntur
2424 3663 2511 3719 illa
2542 3664 2785 3719 Ratherii
2834 3664 2886 3718 in
2922 3661 3333 3733 Proloquiorum
3363 3660 3459 3717 lib.

1861 3776 1917 3828 v,
1949 3775 2071 3831 pag.
2100 3759 2226 3825 530,
2257 3768 2387 3813 tom.
2420 3773 2496 3824 IX,
2526 3757 2729 3813 noviss.
2753 3757 2982 3813 Collect.
3014 3764 3123 3811 vet.
3157 3754 3357 3825 Script.
3392 3754 3453 3809 P.

1860 3854 2121 3920 Martene,
2150 3853 2345 3925 quibus
2369 3852 2656 3907 nonnullos
2704 3852 2986 3922 loquentes
3014 3849 3276 3905 inducens
3301 3889 3317 3915 ,
3365 3846 3461 3917 qui

1862 3948 2118 4005 Sanctum
2150 3947 2383 4017 aliquem
2436 3946 2849 4001 celeberrimum
2888 3946 3170 4000 nominare
3219 3940 3460 4007 vellent,

1863 4041 1919 4098 8.
1953 4040 2225 4096 Zenonem
2256 4054 2318 4094 ac
2343 4038 2401 4097 S.
2429 4040 2712 4094 Martinum
2757 4052 3072 4107 nuncupare
3113 4033 3301 4088 solitos
3336 4047 3461 4102 pro-

1863 4134 1963 4201 dit,
2006 4150 2067 4189 ac
2093 4135 2136 4188 si
2156 4132 2346 4203 aequali
2378 4132 2699 4189 celebritate
2732 4131 2784 4185 in
2812 4146 2908 4186 ore
2935 4130 3075 4200 vulgi
3102 4127 3316 4197 utrique
3340 4140 3463 4181 ver-

1864 4238 2137 4284 sarentur.
2174 4227 2276 4281 llic
2305 4240 2415 4292 est,
2450 4228 2619 4281 dicent
2642 4266 2658 4290 ,
2684 4223 2917 4278 novellus
2960 4222 3210 4293 praplieta
3231 4263 3244 4283 .
3289 4235 3465 4274 recens

1864 4322 2155 4390 apostolus,
2183 4320 2349 4375 subito
2370 4320 2584 4389 angelus
2624 4316 2851 4384 e/fectus.
2887 4314 2996 4369 Iste
3036 4325 3241 4369 sanctus
3274 4312 3464 4367 Marti-

1866 4432 1983 4479 nus,
2022 4413 2163 4468 Zeno
2192 4426 2264 4467 est
2289 4416 2385 4467 iste
2422 4421 2653 4472 sanctus,
2687 4410 2837 4463 modo
2864 4409 2929 4462 de
2954 4408 3093 4462 caelis
3133 4408 3371 4461 emissus.

1936 4507 2042 4563 Sed
2080 4523 2107 4559 a
2156 4505 2467 4561 Ravennate
2516 4504 2649 4559 urbe
2698 4502 2807 4556 alio
2855 4512 3228 4563 transeamus;
3281 4498 3469 4570 plures

176 4615 292 4656 esse
318 4599 374 4655 δ.
397 4600 667 4655 Zenonem
694 4598 1008 4669 epiSCOpum
1041 4594 1406 4651 Veronensetn
1433 4636 1447 4658 ,
1479 4593 1579 4647 etsi
1614 4590 1759 4645 nulla
1787 4594 1839 4655 Ι)
1866 4602 2012 4656 enim
2035 4598 2283 4655 ecclesia}
2310 4601 2366 4653 5,
2395 4597 2597 4652 Ζευοηὶ
2795 4608 2966 4649 εδει-τε
3013 4592 3264 4663 leguntur
3289 4632 3303 4654 ,
3333 4605 3469 4661 qua-

177 4692 487 4748 documenta
515 4693 774 4747 hactenus
805 4691 961 4745 nobis
983 4690 1198 4759 cognita
1217 4687 1496 4757 explorate
1524 4682 1757 4748 tradant,

180 4784 424 4855 colligere
445 4796 620 4840 tamen
655 4784 779 4839 licet
806 4799 872 4839 ex
916 4797 983 4837 eo
1009 4781 1150 4853 quod
1195 4790 1407 4835 veteres
1436 4778 1558 4832 alia:
1585 4775 1764 4831 cccle-

181 4877 293 4941 sim,
325 4894 436 4947 qua:
456 4879 579 4934 alibi
611 4894 705 4948 per
742 4877 999 4935 ﬁnitimas
1032 4874 1195 4929 ltali:c
1237 4874 1541 4943 provincias
1588 4871 1654 4925 de
1700 4868 1760 4926 S.

184 4967 404 5025 Zenonis
433 4973 649 5027 nomine
670 4969 1027 5040 appellantur,
1059 4981 1248 5023 omnes
1281 4980 1385 5020 non
1412 4966 1573 5020 alium
1600 4977 1762 5034 quam

190 5062 540 5121 Veronensem
574 5066 888 5137 episcopum
918 5072 1203 5135 patronum
1236 5067 1568 5132 agnoscant,
1600 5069 1657 5114 ut
1698 5072 1767 5114 ex

191 5156 418 5213 dicendis
445 5162 681 5231 patebit;
720 5173 783 5213 ac
815 5166 1074 5228 praeterea
1124 5158 1175 5211 in
1212 5156 1401 5211 eadem
1455 5153 1768 5208 Ravennate

192 5248 400 5307 dioecesi
424 5256 524 5309 alia
547 5264 700 5308 extra
730 5251 1053 5307 Hadrianam
1087 5260 1298 5321 portam
1331 5249 1387 5305 8.
1416 5248 1651 5303 Zenonis
1675 5260 1766 5301 ec-

196 5343 347 5399 clesia
376 5349 571 5402 exstitit
604 5389 619 5411 ,
649 5362 815 5418 quam
854 5344 1107 5399 eumdem
1161 5352 1405 5397 nostrum
1456 5342 1768 5413 episcopum

1869 4709 1987 4749 rum
2022 4693 2171 4747 initia
2201 4690 2301 4745 etsi
2332 4706 2436 4744 non
2482 4687 2704 4759 perinde
2724 4694 3015 4749 constant,
3048 4696 3103 4738 nt
3154 4683 3223 4738 de
3254 4682 3468 4737 Raven-

1870 4796 1997 4842 nate
2026 4785 2333 4843 statuimus.
2362 4791 2541 4837 tamen
2574 4796 2702 4835 cum
2740 4779 2807 4833 ab
2832 4775 3242 4832 immemorabili
3270 4774 3469 4844 plerae-

1872 4896 1976 4952 que
2004 4878 2234 4935 condita:
2261 4876 2481 4933 iuerint.
2510 4873 2642 4928 satis
2662 4871 2922 4928 credibile
2940 4880 3026 4925 est
3052 4868 3117 4923 ad
3141 4867 3279 4923 idem
3304 4868 3474 4921 ferme

1875 4982 2088 5043 tempus
2115 4970 2372 5041 quasdam
2400 4969 2596 5025 saltem
2633 4967 2957 5037 pertingere.
2988 4963 3225 5019 Ca'sena:
3255 4958 3476 5031 quidem

1873 5066 2260 5124 monasterium
2293 5066 2390 5123 88.
2417 5064 2689 5120 Laurentii
2716 5071 2770 5117 et
2806 5060 3044 5115 Zenonis
3089 5060 3403 5114 nominatur
3443 5072 3476 5111 a

1873 5161 1929 5216 S.
1964 5160 2228 5229 Gregorio
2257 5202 2271 5225 ,
2303 5173 2365 5214 ac
2392 5165 2518 5213 ante
2547 5172 2616 5211 vn
2662 5153 2892 5226 proinde
2934 5150 3192 5208 saeculum
3238 5148 3476 5205 aediﬁca-

1876 5264 1985 5309 tum
2029 5254 2198 5310 fuisse
2242 5251 2503 5307 discimus
2558 5265 2625 5305 ex
2681 5248 2839 5319 epist.
2873 5247 2906 5302 6
2963 5246 3055 5301 lib.
3098 5261 3186 5299 xtv
3232 5244 3477 5314 ejusdem

1879 5345 2127 5418 Gregorii
2152 5363 2242 5401 an.
2269 5344 2399 5409 604,
2430 5344 2494 5397 ad
2525 5342 2879 5397 Marinianum
2912 5340 3223 5411 episciipum
3263 5335 3479 5390 Raven-

199 5452 464 5509 patronum
488 5442 743 5498 habuisse
781 5440 866 5497 .Io.
909 5439 1166 5495 Ferretus
1197 5438 1503 5501 Ravenuas,
1542 5435 1775 5491 Lavelli-

202 5538 389 5594 natium
411 5541 715 5610 episcopus,
746 5538 953 5594 diserte
983 5544 1232 5591 testatur.
1273 5536 1321 5591 Is
1351 5537 1519 5601 enim,
1552 5536 1642 5606 qui
1672 5534 1775 5589 sub

204 5633 421 5688 medium
444 5649 530 5689 xvt
556 5634 815 5689 saculum
835 5647 865 5685 e
885 5632 1023 5685 vivis
1050 5632 1304 5695 excessit,
1336 5629 1566 5685 decades
1598 5629 1775 5685 Ilistoo

208 5726 293 5779 ria-
313 5726 627 5783 RaVennati~
649 5727 719 5783 ab
737 5725 984 5797 Ughellio
1002 5725 1188 5790 lectas,
1212 5734 1268 5780 et
1293 5736 1621 5779 memoratas
1641 5732 1773 5777 tom.

212 5834 303 5882 vn,
330 5836 444 5891 pag.
478 5823 601 5888 τιὸ,
644 5822 696 5876 in
727 5819 947 5876 schedis
975 5818 1213 5889 reliquit.
1255 5834 1325 5874 ex
1352 5817 1549 5889 quibus
1578 5814 1779 5889 [chvr]

1882 5449 2063 5495 natem
2107 5438 2402 5510 perscripta
2434 5478 2450 5502 ,
2492 5436 2578 5490 ubi
2624 5434 2738 5491 haec
2795 5434 3065 5489 habentur
3093 5472 3109 5497 ,
3156 5444 3276 5499 pag.
3338 5426 3485 5481 ηθι

1883 5543 2017 5589 tom.
2067 5549 2100 5587 tt
2148 5532 2281 5589 edit.
2335 5530 2649 5586 novissimae
2698 5546 2712 5582 :
2764 5526 3085 5582 Fortunatus
3138 5524 3308 5589 itaque
3348 5520 3483 5573 lator

1884 5629 2231 5700 prmentium,
2257 5627 2311 5680 in
2341 5624 2645 5679 monasterio
2674 5622 2985 5678 Sanctorum
3016 5612 3281 5671 Laurentii
3308 5621 3358 5666 et
3379 5608 3482 5665 Ze-

1884 5724 2034 5778 nonis
2058 5763 2073 5788 ,
2105 5721 2239 5792 quod
2268 5722 2317 5774 in
2340 5717 2589 5774 Cwsenati
2621 5726 2789 5770 castra
2817 5724 2891 5767 est
2918 5710 3271 5773 constitutum,
3304 5722 3334 5758 a
3367 5703 3485 5759 Na-

1890 5818 1981 5871 tali
2014 5816 2272 5885 quondam
2327 5816 2567 5881 episcopo
2617 5808 2836 5876 oﬂicium
2880 5802 2975 5859 sibi
3010 5799 3222 5856 Abbatis
3261 5806 3495 5856 asserens
