3960 6330
508 295 610 354 179

1920 283 2427 347 PROLMZOMENA
2440 329 2452 346 .
3684 298 3766 352 llltl

508 428 615 468 esse
643 413 987 477 commissum,
1019 419 1125 466 etc.
1175 409 1321 466 Idem
1350 406 1453 463 hoc
1477 405 1576 464 SS.
1610 405 1886 461 Laurentii
1915 417 1964 462 et
2005 405 2105 461 Ze-
2131 406 2183 469 Α
2216 403 2352 458 Hist.
2379 406 2754 476 ntanuscripta,
2782 405 3239 479 Langobardorum
3281 414 3503 475 tempore
3529 410 3766 476 exstitisse,

511 507 668 563 nouis
719 507 1106 562 monasterium
1159 513 1515 560 tnemoratum
1570 503 1774 572 pariter
1818 501 2008 572 legitur
2051 501 2105 555 in

510 597 833 668 quibusdam
880 597 1218 652 documentis
1249 596 1450 652 sasculo
1477 611 1551 661 xl,
1585 603 1640 649 et
1677 594 1933 664 deinceps
1978 593 2111 650 scri-

513 690 622 762 ptis
645 689 783 759 apud
812 689 1114 758 Ughellium
1147 691 1198 742 in
1226 686 1511 756 Episcopis
1526 683 1896 740 Catsenatibus
1920 694 2108 740 tom."

514 783 681 839 Italiae
733 798 924 849 sacras.
973 782 1129 838 Hunc
1173 797 1336 853 porro
1383 779 1442 836 8.
1503 779 1800 845 Zenonem,
1855 778 1947 850 qui
1989 792 2110 832 cum

509 875 568 932 S.
586 874 879 931 Laurentio
903 874 1261 930 celeberrimo
1289 881 1525 943 martyre
1545 871 1827 941 copulatur
1854 869 2020 941 (quod
2044 869 2110 924 ad

509 971 630 1042 ejus
657 970 1029 1026 celebritatem
1061 967 1541 1025 demonstrandam
1568 967 1856 1036 plurimum
1877 964 2111 1036 confert)

524 1079 633 1120 non
684 1063 850 1119 alium
880 1062 1044 1118 fuisse
1071 1077 1232 1133 quam
1276 1061 1548 1116 Zeuonem
1600 1059 1961 1114 Veronensem
1994 1057 2120 1127 Epi-

518 1163 749 1226 scopum
803 1171 911 1210 non
939 1155 1112 1211 solum
1158 1170 1220 1210 ea
1261 1153 1402 1208 ratio
1428 1151 1658 1216 suadet,
1689 1165 1848 1220 quam
1880 1166 1975 1218 pro
2007 1148 2114 1202 Ra-

511 1261 746 1304 vennate
772 1248 999 1304 ecclesia
1026 1249 1086 1304 S.
1119 1247 1357 1303 Zenonis
1406 1247 1457 1300 in
1489 1246 1743 1300 Caesarea
1765 1243 2116 1313 allegavimus

512 1345 680 1416 paulo
709 1353 865 1409 ante;
896 1343 989 1398 sed
1021 1353 1278 1413 praeterea
1315 1341 1558 1396 Caesennio
1585 1353 1727 1394 nunc
1757 1351 1970 1408 quoque
2023 1350 2119 1393 ex-

517 1446 628 1494 stat
648 1438 878 1493 ecclesia
899 1435 1224 1507 parochialis
1248 1445 1436 1491 nostro
1457 1433 1657 1489 Sancto
1683 1439 2009 1500 nuncupata,
2026 1444 2120 1484 cu-

511 1530 600 1600 jus
632 1523 996 1586 Bernardiuus
1025 1527 1338 1583 Mansonius
1380 1524 1627 1582 meminit
1657 1525 1710 1580 in
1756 1521 2118 1593 Cbronologia

515 1624 758 1680 Cazscua:
789 1638 910 1694 pag.
944 1623 1035 1690 62,
1066 1637 1187 1693 quas
1222 1636 1343 1676 cum
1371 1619 1501 1676 olim
1533 1616 1920 1674 monasterium
1955 1615 2122 1672 fuisse

520 1718 774 1773 tradatur
798 1717 850 1772 in
882 1717 1086 1785 aliquot
1118 1713 1482 1770 monumentis
1511 1709 1905 1775 Caesenatibus,
1931 1707 2120 1763 eadem

2211 498 2350 567 quod
2377 502 2664 568 frequenter
2690 500 2866 554 devote
2889 499 3121 554 adibant.
3166 498 3344 554 Monet
3371 514 3526 570 porro
3555 499 3677 556 hanc
3699 518 3774 557 ec-

2212 593 2438 647 clesiam
2475 593 2605 647 olim
2649 602 3015 664 nuncupatam
3048 593 3204 646 titulo
3242 601 3545 648 sanctorum
3575 594 3776 650 Zenonis

2214 694 2269 740 et
2301 683 2536 748 Vitalis;
2575 701 2712 739 nunc
2739 700 2856 739 vero
2887 687 3130 755 temporis
3160 685 3352 755 inquit,
3385 686 3447 739 de
3490 685 3546 739 S.
3586 685 3774 741 Zenonis

2214 776 2484 831 dumtaxat
2510 777 2714 832 nomine
2735 778 3048 848 appellatur.
3092 777 3290 832 Probat
3319 776 3524 832 tandem
3554 778 3619 832 ibi
3639 779 3775 833 luisse

2216 870 2428 941 insigne
2452 871 2852 926 Canonicorum
2873 872 3187 942 collegium,
3217 868 3303 926 cui
3327 872 3637 941 Precpositus
3659 888 3771 942 prae-

2216 963 2457 1030 sidebat,
2488 973 2543 1020 et
2572 966 2788 1019 chartas
2815 965 3012 1036 allegat
3043 965 3221 1020 saeculi
3245 981 3279 1020 ι
3304 1007 3318 1029 ,
3363 968 3416 1020 in
3435 966 3620 1036 quibus
3644 965 3778 1036 hujus

2215 1055 2459 1111 ecclesias
2506 1056 2714 1111 mentio
2757 1066 2860 1112 est.
2895 1057 2952 1112 lu
2993 1059 3217 1116 ditecesi
3260 1074 3422 1128 porro
3461 1058 3708 1114 Ticiueusi
3735 1062 3777 1115 in

2197 1148 2361 1215 .loco,
2393 1149 2482 1219 qui
2512 1150 2837 1220 Lardiragus
2883 1160 3131 1219 vocatur,
3176 1160 3351 1206 exstat
3379 1150 3552 1205 adhuc
3574 1151 3774 1206 ecclesia

2221 1240 2280 1294 S.
2315 1239 2550 1296 Zenonis
2573 1284 2588 1310 ,
2618 1243 2773 1312 cujus
2802 1242 2999 1298 festum
3030 1243 3118 1299 dic
3147 1242 3182 1298 8
3229 1243 3538 1299 Decembris
3566 1244 3779 1300 celebra-

2223 1343 2329 1388 tur.

2293 1430 2708 1488 Mediolanensis
2749 1433 2996 1489 ecclesia:
3037 1435 3240 1490 cultum
3269 1442 3328 1490 ut
3368 1436 3780 1505 exponsmus,sb

2223 1523 2470 1580 ecclesiis
2503 1533 2586 1580 est
2613 1525 3029 1582 exordiendum.
3063 1527 3140 1582 Ex
3172 1527 3552 1584 Mediolanensi
3577 1529 3783 1585 archivio

2225 1616 2328 1670 l'P.
2375 1616 2818 1674 Cisterciensium
2868 1619 2927 1675 S.
2975 1620 3246 1675 Ambrosii
3291 1621 3531 1676 marchio
3581 1620 3784 1676 llam-ius

2228 1717 2413 1764 noster
2458 1710 2512 1764 in
2542 1709 2770 1765 Veronae
2800 1711 3082 1766 illustrem!
3110 1723 3263 1781 parte
3290 1729 3304 1766 I
3329 1754 3343 1778 ,
3377 1711 3484 1768 duo
3523 1712 3781 1768 documen-

515 1813 607 1868 llla
643 1811 889 1882 profecto
915 1821 1016 1873 est,
1050 1823 1114 1864 ac
1148 1808 1242 1863 illa
1290 1823 1410 1877 qua:
1436 1805 1493 1861 8.
1518 1803 1767 1874 Gregorii
1817 1817 1933 1857 aevo
1971 1799 2116 1857 ccle—
2145 1813 2194 1873 Β
2223 1813 2273 1857 ta
2302 1818 2354 1858 tv
2382 1810 2438 1858 et
2466 1819 2496 1856 v
2525 1802 2714 1870 edidit,
2739 1820 2966 1873 quorum
2992 1805 3223 1859 alterum
3248 1804 3464 1860 Aistulti
3504 1805 3780 1876 Longobar-

515 1906 647 1967 bris,
676 1903 744 1958 de
769 1901 868 1958 88.
904 1898 1180 1956 Laurentii
1210 1913 1272 1954 ac
1307 1897 1542 1952 Zenonis
1583 1894 1888 1950 nominibus
1917 1891 2120 1962 appel—

517 1995 750 2050 labatur.
804 1993 924 2048 Alia
952 1995 1080 2048 item
1135 2000 1253 2047 erat
1297 1989 1527 2048 ecclesia
1575 1987 1636 2043 S.
1680 1986 1916 2042 Zenonis
1961 1994 2118 2041 extra

516 2101 727 2162 portam
786 2106 906 2162 quae
953 2090 1203 2146 Cerviam
1235 2088 1416 2153 ducit,
1464 2096 1776 2144 memoratre
1825 2085 2120 2157 parochiali

519 2185 803 2254 subjecta;
837 2200 957 2252 qua:
1009 2183 1240 2237 subinde
1273 2181 1426 2236 titulo
1454 2180 1795 2237 Visitationis
1827 2179 1888 2233 B.
1940 2178 2120 2232 Mariae

521 2277 761 2347 Virginis
808 2284 1113 2344 nuncupata
1145 2273 1264 2329 fuit.
1296 2273 1434 2328 Tres
1476 2273 1528 2330 in
1559 2271 1770 2328 laudata
1821 2271 2118 2341 parochiali

520 2370 644 2427 festi
675 2371 733 2425 8.
769 2369 1005 2425 Zenonis
1025 2369 1144 2425 dies
1172 2383 1315 2424 nunc
1343 2383 1555 2438 quoque
1590 2367 1958 2434 celebrantur,
1989 2382 2123 2436 quo-

516 2479 638 2520 rum
689 2473 867 2519 tamen
915 2465 1216 2533 praecipuus
1264 2471 1421 2518 sexto
1458 2459 1537 2516 ιιι.
1591 2461 1904 2517 Decembris
1959 2473 2117 2530 pera-

521 2558 685 2629 gitur.

593 2649 732 2710 Pisis
751 2649 1222 2719 opulcntissimum
1244 2648 1632 2705 monasterium
1647 2647 1775 2706 olim
1791 2647 1955 2703 fuisse
1966 2663 2125 2704 accc.

520 2744 701 2814 pimus
719 2782 736 2810 ,
767 2743 909 2812 quod
939 2743 996 2798 S.
1024 2741 1261 2798 Zenonis
1287 2742 1440 2799 titulo
1461 2741 1694 2798 donatur
1718 2744 1769 2798 in
1797 2742 2125 2798 documento

522 2835 710 2892 saeculi
736 2853 813 2898 xi.
845 2843 976 2890 tom.
1005 2850 1064 2892 tu
1120 2835 1348 2905 Ugbellii
1372 2877 1386 2899 ,
1424 2850 1545 2905 pag.
1580 2834 1708 2892 564.
1746 2834 1912 2905 Hujus
1941 2845 2123 2892 autem

527 2930 842 2986 monasterii
872 2931 1098 2986 ecclesia
1122 2927 1349 3002 [cnvu]
1372 2928 1604 2984 subinde
1623 2928 1676 2984 in
1701 2928 2009 2998 parochiam
2037 2931 2130 2986 mi-

521 3028 716 3098 gravit,
746 3044 868 3098 qua:
891 3028 1086 3082 eodem
1115 3028 1272 3082 titulo
1305 3042 1449 3082 nunc
1475 3043 1691 3097 quoque
1721 3029 1936 3098 gaudet,
1962 3042 2125 3100 atque

523 3129 583 3174 ut
613 3119 848 3174 Zenonis
874 3119 1043 3174 nostri
1071 3134 1194 3173 esse
1226 3119 1398 3189 palam
1425 3121 1534 3182 sit,
1576 3118 1718 3174 diem
1759 3118 1952 3186 festum
1983 3122 2127 3176 cele-

2221 1897 2416 1953 dorum
2440 1896 2583 1968 regis
2625 1912 2769 1952 atina
2814 1914 2925 1966 VIII,
2960 1898 3013 1954 id
3040 1908 3124 1954 est
3148 1913 3240 1957 an.
3275 1900 3403 1966 757,
3433 1900 3649 1955 alterum
3678 1916 3784 1954 vero

2226 1990 2486 2048 Desiderii
2505 2006 2648 2046 anno
2672 2007 2788 2059 IIII,
2813 2002 2869 2047 et
2889 1991 3135 2047 Adelchii
3158 2007 3306 2048 anno
3325 2009 3400 2058 XI,
3421 1993 3473 2048 id
3487 2003 3660 2049 est‘an.
3679 1993 3784 2058 769,

2221 2084 2483 2154 scriptum
2514 2083 2613 2138 luit
2635 2126 2648 2149 ,
2683 2094 2738 2139 et
2768 2083 2821 2138 in
2860 2087 3107 2155 utrisque
3136 2085 3340 2141 mentio
3369 2087 3426 2142 tit
3453 2085 3662 2140 basilica!
3693 2085 3788 2138 bea-

2223 2178 2407 2232 tissimi
2420 2187 2464 2230 et
2483 2179 2790 2248 confessoris
2804 2176 2995 2232 Christi
3017 2177 3308 2233 Zenonisin
3329 2180 3440 2233 vico
3457 2178 3786 2250 Campeltione,

2223 2272 2375 2343 uulgo
2397 2269 2697 2343 Campionc,
2745 2287 2905 2343 quam
2939 2273 2992 2328 in
3023 2273 3410 2329 Mediolanensi
3435 2273 3645 2330 dioecesi
3669 2273 3787 2342 Mag.

2225 2366 2442 2421 neradse
2490 2376 2744 2434 parentes
2787 2366 3229 2435 mdilicavcraut,
3301 2369 3570 2424 nonnullis
3636 2378 3786 2422 autem

2225 2459 2455 2515 subinde
2486 2459 2789 2515 redditibus
2817 2463 3046 2531 ipsamet
3074 2461 3410 2532 ‘Magnerada
3450 2471 3504 2516 et
3534 2460 3782 2515 Vsiderata

2226 2552 2552 2609 ditaverant.
2583 2552 2881 2610 Fortunate
2911 2570 3075 2626 porro
3105 2556 3304 2611 accidit
3328 2556 3598 2611 inventum
3651 2555 3788 2608 fuisse

2227 2648 2284 2701 in
2314 2645 2644 2701 bibliotheca
2670 2643 2906 2717 Capituli
2939 2648 3344 2720 metropolitani
3375 2649 3612 2706 codicem
3649 2662 3790 2702 mem-

2226 2739 2554 2800 branaccum
2578 2742 2895 2814 inscriptum
2924 2762 2935 2798 :
2964 2744 3041 2800 De
3060 2747 3199 2812 vitis,
3222 2748 3473 2812 ecclesiis,
3502 2756 3549 2801 et
3571 2761 3791 2799 memora-

2228 2831 2412 2888 bilibus
2433 2836 2660 2890 ecclesia:
2682 2846 2731 2891 et
2758 2837 2987 2892 diaeresis
3007 2836 3432 2900 Mediolanensis.
3457 2850 3664 2894 auctore
3679 2835 3788 2890 Gul-

2228 2928 2369 2982 lrido
2411 2929 2478 2984 de
2504 2929 2736 2996 Buxcro,
2770 2929 3009 3000 parocho
3044 2931 3260 2988 liodelli
3291 2933 3346 2986 in
3390 2932 3542 3003 plebe
3571 2929 3789 3002 Appiani.

2228 3022 2319 3092 qui
2346 3023 2547 3077 vixisse
2573 3019 2803 3076 traditur
2830 3023 2974 3078 circa
3001 3038 3199 3078 annum
3227 3025 3390 3091 1500,
3424 3026 3475 3079 in
3507 3039 3610 3096 quo
3634 3022 3790 3078 codici:

2230 3133 2380 3170 num.
2430 3115 2557 3182 456,
2607 3125 2783 3172 exstat
2825 3116 3079 3172 Memoria
3109 3119 3441 3176 ecclesiarum
3476 3118 3536 3174 8.
3566 3116 3789 3179 Zenonis,

522 3212 644 3267 brat
698 3227 749 3266 vt
792 3211 867 3266 ld.
925 3211 1236 3267 Decembris
1282 3211 1389 3266 ritu
1433 3210 2075 3284 conlessorispontilicis
2107 3256 2120 3278 ,
2151 3192 2196 3255 Ο
2230 3227 2349 3281 quae
2382 3211 2465 3266 his
2494 3211 2673 3266 verbis
2701 3221 3094 3267 recensentur:
3131 3213 3327 3268 Decino
3369 3214 3578 3268 ecclesia
3620 3211 3674 3267 S.
3715 3207 3794 3264 Ze-

523 3322 645 3376 quae
671 3305 788 3360 dies
817 3311 1003 3360 nostro
1022 3305 1288 3372 Episc0po
1318 3317 1470 3360 sacra
1507 3313 1608 3359 est.
1643 3302 1828 3374 Neque
1879 3319 2008 3359 vero
2032 3304 2124 3360 Pi-

522 3401 597 3455 sis
621 3414 688 3454 eo
713 3400 910 3454 solo'in
943 3398 1274 3455 monasterio
1296 3438 1310 3461 ,
1343 3411 1484 3460 nunc
1516 3408 1695 3451 autem
1721 3396 1996 3466 parochia,
2022 3396 2126 3452 Ze-

525 3494 685 3548 nonis
708 3492 968 3548 memoria
996 3491 1138 3546 culta
1172 3489 1404 3554 luit,'vel
1435 3492 1651 3556 colitur,
1681 3489 1778 3546 scil
1812 3500 1920 3545 tota
1953 3491 2004 3545 in
2040 3491 2125 3544 Pi-

524 3585 929 3641 sana'Ecclesiu
952 3585 1040 3640 die
1071 3584 1316 3652 sequenti
1346 3583 1448 3638 sub
1477 3585 1580 3646 ritu
1616 3582 1953 3652 semiduplici
1984 3597 2124 3637 nunc

526 3678 855 3743 celebratur,
890 3678 1153 3734 translato
1187 3678 1347 3744 hujus
1379 3676 1630 3745 EplSCO|ll
1661 3675 1866 3742 cilicio,
1898 3683 1960 3732 ut
1982 3674 2126 3730 Con-

528 3769 796 3839 ceptionis
823 3769 882 3825 8.
917 3769 1097 3826 Mariae
1120 3767 1262 3824 festo
1290 3769 1437 3824 locus
1465 3769 1623 3822 detur
1647 3807 1662 3833 ,
1693 3769 1838 3836 quod
1881 3768 2126 3837 profecto

527 3879 594 3919 es
628 3863 1002 3933 antiquissimo
1033 3862 1204 3918 sancti
1247 3860 1481 3916 Zenonis
1508 3859 1650 3931 apud
1679 3875 1796 3915 eam
1827 3861 2123 3916 Ecclesiam

527 3957 674 4013 cultu
697 3955 964 4026 originem
989 3954 1155 4010 ducit.

600 4049 820 4120 Capella
857 4047 917 4103 S.
948 4046 1184 4104 Zenonis
1207 4047 1382 4117 posita
1415 4045 1470 4102 in
1499 4043 1692 4102 Castro
1722 4044 1916 4102 Montis
1943 4043 2127 4100 Casuli

530 4143 784 4201 ditncesis
821 4143 1108 4215 Begiensis
1153 4141 1207 4199 in
1243 4140 1464 4198 :Entilia
1509 4139 1820 4198 nominatur
1860 4141 1914 4198 in
1962 4141 2130 4196 docu-

530 4248 720 4292 mento
739 4235 984 4292 Anselmi
1003 4236 1247 4306 archiep.
1273 4233 1604 4291 Ravennatis
1622 4250 1712 4290 an.
1751 4235 1910 4300 “56,
1935 4243 2065 4294 tom.
2091 4250 2128 4290 ιι

530 4329 766 4400 Ughelii,
794 4344 916 4401 pag.
941 4329 1032 4385 57.

603 4423 773 4479 Clusii
822 4422 878 4476 in
935 4421 1106 4480 veteri
1143 4421 1376 4479 ecclesia
1417 4420 1736 4478 monasterii
1783 4421 1843 4477 8.
1883 4419 2130 4484 Salvato-

533 4516 612 4572 ris
647 4516 715 4574 de
744 4525 933 4572 monte
961 4517 1177 4573 Amiato
1206 4515 1264 4572 8.
1290 4515 1567 4572 Zenonem
1599 4513 1805 4572 cultum
1838 4513 2007 4570 fuisse
2035 4531 2128 4569 vc-

2228 3309 2394 3361 nonis.
2430 3305 2494 3360 In
2524 3307 2667 3377 plebe
2694 3307 2893 3362 Roxate
2917 3309 3028 3361 loco
3063 3307 3308 3362 Verulano
3334 3310 3546 3364 ecclesia
3572 3307 3628 3363 S.
3655 3305 3794 3360 Zeno-

2227 3402 2326 3453 nis.
2359 3399 2423 3453 In
2451 3399 2596 3468 plebe
2617 3399 2928 3454 Cornaliano
2949 3401 3060 3454 loco
3081 3399 3373 3472 Albignano
3397 3401 3607 3456 ecclesia
3628 3399 3679 3453 8.
3709 3396 3791 3450 Ze-

2227 3493 2396 3546 nonis.
2434 3490 2501 3546 ln
2538 3493 2679 3563 plebe
2708 3493 2888 3548 Olsate
2925 3493 3036 3548 loco
3064 3493 3286 3564 Cayrate
3311 3495 3478 3554 altare
3508 3493 3563 3549 s.
3601 3491 3794 3546 Zenonis

2227 3596 2275 3639 et
2300 3587 2422 3656 Syri
2437 3586 2490 3639 in
2507 3587 2721 3640 ecclesia
2737 3587 2798 3642 8.
2827 3586 2991 3641 Petri.
3019 3589 3082 3640 In
3105 3588 3249 3656 plebe
3279 3586 3475 3642 Vatisio
3497 3588 3608 3643 loco
3625 3585 3793 3652 Liaago

2208 3681 2445 3735 .ecclesia
2487 3680 2548 3734 S.
2580 3679 2825 3742 Zenonis.
2868 3679 2932 3735 In
2970 3682 3115 3752 plebe
3160 3681 3430 3736 Gallarote
3467 3683 3577 3736 loco
3623 3679 3794 3733 Crenna

2229 3774 2438 3828 ecclesia
2470 3774 2530 3826 S.
2564 3773 2803 3828 Zenonis.
2850 3773 3147 3829 Gerenzano
3191 3766 3375 3830 altare.
3395 3775 3456 3829 8.
3481 3773 3709 3829 Zenonis.
3736 3767 3789 3820 In

2231 3866 2374 3936 plebe
2414 3865 2719 3920 Vilmercato
2765 3867 2876 3921 loco
2911 3866 3135 3921 Uxinate
3174 3869 3392 3922 ecclesia
3423 3866 3484 3923 S.
3516 3865 3720 3921 Zenonis
3757 3871 3795 3914 et

2230 3956 2556 4028 Margaritaz.
2579 3957 2776 4012 Vonate
2793 3959 2958 4012 altare
2985 3957 3045 4013 S.
3062 3957 3286 4014 Zenonis
3312 3961 3367 4014 in
3385 3959 3596 4014 ecclesia
3621 3953 3798 4013 S.Pau-

2230 4051 2288 4106 li.
2317 4049 2577 4106 Martiano
2597 4051 2808 4105 ecclesia
2834 4050 2894 4106 S.
2915 4049 3158 4105 Zenonis.
3184 4049 3385 4123 Calugo
3412 4051 3618 4106 ecclesia
3640 4047 3696 4104 S.
3718 4044 3799 4100 Ze-

2231 4145 2399 4198 nonis.
2434 4143 2500 4198 ln
2533 4144 2676 4214 plebe
2703 4143 2892 4198 Alliate
2918 4145 3029 4199 loco
3069 4143 3362 4199 Zuccorino
3402 4145 3614 4200 ecclesia
3641 4140 3698 4196 S.
3722 4137 3801 4192 Ze-

2230 4237 2399 4292 nonis.
2438 4235 2505 4290 ln
2544 4235 2690 4308 plebe
2718 4234 2966 4309 Dayrago
2992 4236 3106 4291 loco
3132 4234 3360 4291 Castano
3389 4236 3601 4291 ecclesia
3627 4232 3684 4288 S.
3712 4230 3796 4284 Ze-

2229 4331 2400 4386 nonis.
2433 4328 2498 4383 In
2528 4330 2671 4399 plebe
2698 4329 2937 4384 Traualia
2963 4329 3076 4384 loco
3105 4328 3316 4385 Locimo
3337 4330 3549 4386 ecclesia
3571 4328 3628 4384 S.
3653 4324 3798 4381 Zeno-

2230 4427 2330 4480 nis.
2354 4424 2421 4478 ln
2439 4425 2582 4496 plebe
2608 4424 2780 4478 incino
2795 4425 2906 4478 loco
2929 4425 3160 4479 Serzana
3181 4426 3398 4480 ecclesia
3411 4422 3720 4482 S.Zenonis.
3748 4416 3800 4471 In

2231 4517 2377 4588 plebe
2394 4516 2568 4571 Britn'o
2590 4517 2700 4571 loco
2729 4514 2990 4571 Porchera
3004 4517 3220 4571 ecclesia
3242 4518 3304 4573 S.
3327 4516 3572 4573 Zenonis.
3604 4514 3664 4569 In
3681 4511 3803 4584 plebe

532 4609 759 4666 risimile
798 4619 902 4678 est,
931 4625 1052 4666 cum
1086 4625 1174 4666 an.
1211 4609 1350 4666 1056
1389 4609 1629 4679 ejusdem
1659 4607 1842 4664 Sancti
1873 4607 2128 4679 reliquias
2152 4595 2207 4658 D
2233 4609 2474 4664 Missatia
2503 4610 2614 4664 loco
2640 4608 2956 4664 Massaliora
2991 4611 3203 4665 ecclesia
3234 4611 3295 4666 S.
3327 4611 3573 4666 Zenonis.
3597 4609 3658 4663 In
3681 4604 3802 4678 plebe

533 4701 734 4757 ibidem
765 4702 1010 4757 conditas
1059 4702 1502 4766 observavimus,
1539 4715 1658 4770 cap.
1690 4701 1745 4766 5,
1792 4701 1845 4758 in
1896 4702 2129 4765 line,.ac

534 4806 892 4867 praeterea-ex
916 4795 1033 4865 eius
1053 4795 1368 4850 monasterii
1391 4793 1707 4850 lcctionario
1722 4809 1826 4850 ms.
1853 4792 2129 4863 Ughellius

535 4890 766 4946 ediderit
789 4890 847 4945 8.
868 4888 1104 4948 Zenonis
1132 4887 1307 4944 Vitam
1338 4902 1368 4943 a
1393 4886 1666 4943 Coronato
1695 4886 1918 4943 Notario
1939 4902 2130 4944 exara-

535 4991 642 5036 tam
669 5023 685 5048 ,
721 4993 841 5052 quae
869 4979 1010 5036 inter
1038 4979 1180 5036 sacri
1201 4977 1360 5034 ofﬁcii
1392 4977 1654 5038 lectiones
1680 4993 1749 5035 ex
1780 4978 1952 5050 ipsius
1974 4978 2122 5034 codi-

535 5076 614 5131 cis
642 5073 852 5130 ratione
883 5073 1105 5132 recitata
1133 5081 1374 5141 apparet.

609 5167 780 5223 Ticini
803 5165 1088 5222 ecclesiam
1115 5167 1350 5222 existere
1375 5163 1433 5220 8.
1457 5163 1694 5222 Zenonis
1743 5162 2128 5234 Langobardo-

538 5274 658 5315 rum
681 5258 873 5316 saltem
905 5266 1064 5316 tsrtate
1092 5265 1423 5320 exstructam
1457 5255 1621 5312 tradit
1650 5255 1709 5310 P.
1736 5253 2069 5315 Romualdus
2098 5270 2127 5308 a

534 5355 592 5410 8.
626 5352 795 5409 Maria
827 5351 880 5406 in
905 5351 1074 5423 Papia
1097 5367 1268 5416 sacra,
1299 5361 1437 5420 part.
1467 5365 1545 5417 ιιι,
1576 5354 1698 5421 pag.
1727 5347 1799 5414 86
1828 5367 1841 5404 :
1871 5347 1969 5404 Ubi
2002 5349 2130 5404 dici-

534 5459 618 5504 tur
650 5450 704 5502 in
755 5457 900 5518 porta
955 5445 1174 5514 Palatii,
1219 5447 1417 5516 inquit,
1456 5447 1736 5518 adsurgere
1774 5445 2002 5504 cernitur
2039 5462 2134 5504 an-

539 5545 737 5613 tiquum
766 5539 1035 5597 delubrum
1063 5541 1173 5601 hoc,
1201 5539 1339 5610 quod
1367 5539 1480 5597 licet
1508 5556 1572 5598 ea:
1600 5538 1916 5598 Brecentano
1944 5538 2134 5597 habea-

539 5645 623 5690 tur
651 5650 780 5704 Opus
819 5634 976 5702 fuisse
1007 5632 1258 5689 nobilium
1298 5631 1645 5690 Ticinensiuut
1695 5633 1758 5688 de
1800 5632 2135 5689 Mediabarba

546 5727 684 5782 Hist.
705 5727 865 5800 Pap.,
887 5728 981 5800 fol.
997 5726 1087 5794 95,
1105 5727 1160 5784 id
1187 5725 1494 5786 censendum
1517 5737 1590 5784 est
1617 5727 1680 5784 de
1695 5728 2134 5786 restauratione...

540 5833 778 5876 constans
813 5823 1066 5893 siquidem
1095 5830 1172 5878 est
1215 5822 1357 5893 apud
1397 5819 1770 5895 Hieronymum
1818 5818 2137 5902 Calcagnum

2232 4701 2437 4757 Bollate
2479 4703 2591 4757 loco
2623 4701 2949 4772 Garbagnate
2976 4705 3186 4759 ecclesia
3217 4703 3278 4759 S.
3309 4703 3553 4759 Zenonis.
3582 4702 3646 4756 In
3682 4697 3804 4771 plebe

2236 4795 2507 4850 Pontirolo
2537 4795 2648 4849 loco
2683 4795 2818 4849 0in
2846 4796 3061 4850 ecclesia
3093 4797 3153 4850 8.
3198 4795 3446 4852 Zenonis.
3475 4796 3644 4851 Tretio
3663 4793 3804 4847 altare

2233 4891 2274 4947 S
2287 4884 2604 4958 .'Zenonis;in
2626 4890 2841 4946 ecclesia
2862 4889 2924 4945 8.
2948 4888 3201 4945 Protaxii.
3215 4890 3356 4950 Item
3375 4889 3654 4946 Mediolani
3665 4884 3804 4942 eccle—

2231 4984 2474 5053 siccante.
2507 4986 2748 5050 [csxvm]
2775 4983 2956 5055 Itaque
2986 4993 3184 5054 printer
3208 4985 3398 5040 altaria
3421 4995 3664 5054 quatuor,
3703 4980 3805 5034 duae

2236 5089 2365 5134 tunc
2402 5079 2662 5148 temporis
2699 5088 2854 5132 erant
2892 5079 3140 5133 ecclesia:
3185 5079 3236 5132 in
3278 5069 3807 5134 urbeMediulancnsi

2235 5170 2293 5226 8.
2322 5170 2555 5225 Zenonis
2579 5169 2798 5225 nomine
2820 5169 3034 5239 dicatae,
3065 5172 3118 5225 in
3146 5171 3369 5228 dioecesi
3398 5181 3581 5227 autem
3603 5164 3806 5240 viginti:

2238 5279 2362 5321 cum
2403 5263 2564 5319 modo
2596 5265 2817 5319 mutatis
2845 5264 3106 5333 subinde,
3137 5275 3195 5320 ut
3227 5266 3282 5320 in
3327 5265 3484 5320 novis
3524 5258 3809 5319 aediﬁcatio-

2243 5357 2423 5420 nibus,
2447 5357 2532 5411 vel
2565 5356 3052 5412 restaurationibus
3081 5356 3199 5413 ﬁeri
3222 5373 3624 5429 nonnumquam
3669 5352 3809 5414 solet.

2246 5451 2572 5516 titularibus,
2606 5459 2664 5504 ut
2692 5459 2907 5515 vocant,
2959 5451 3173 5505 nonnisi
3205 5467 3310 5506 una
3337 5451 3568 5506 ecclesia
3601 5443 3816 5517 reperia-

2245 5552 2332 5598 tur
2369 5543 2420 5598 in
2457 5542 2614 5609 urbe,
2644 5551 2698 5598 et
2740 5543 2793 5598 in
2837 5542 3062 5599 diiecesi
3096 5547 3323 5612 novem,
3374 5542 3520 5599 inter
3553 5554 3680 5612 quas
3723 5547 3814 5590 una

2243 5637 2519 5708 poSterius
2544 5635 2806 5691 tedilicata
2853 5636 2906 5691 in
2935 5637 3160 5692 recitato
3185 5638 3429 5706 catalogo
3459 5650 3566 5690 non
3587 5629 3815 5687 contine-

2243 5737 2364 5795 tur;
2394 5729 2552 5784 sicuti
2584 5743 2758 5798 neque
2780 5728 2895 5795 illa,
2919 5745 3079 5799 quam
3102 5729 3158 5785 in
3177 5730 3289 5786 uica
3310 5727 3656 5798 Campcllione
3676 5722 3816 5776 sitam

2244 5820 2353 5880 duo
2384 5837 2476 5884 vut
2508 5821 2692 5888 sazculi
2721 5821 3046 5886 documenta
3066 5831 3352 5886 testantur.
3381 5821 3516 5880 lliuc
3548 5830 3703 5899 patro
3724 5824 3818 5879 non
