3960 6330
241 291 333 358 181

1137 298 1594 360 DISSERTATIO
1621 298 1708 368 ΙΙΙ,
1744 297 1832 356 DE
1860 296 1920 357 S.
1954 297 2109 356 ΖΕΝ.
2141 297 2339 358 ACTIS
2360 300 2448 359 ET
2473 298 2728 362 CULTU.

3439 307 3544 368 18?.

237 413 418 471 solum
443 415 708 488 colligere
735 415 884 483 licet,
915 423 1174 488 quantus,
1204 424 1260 473 et
1279 430 1440 487 quam
1464 414 1700 485 antiquae
1727 412 1839 469 ori-
1869 416 1920 478 Α
1951 411 2015 468 8.
2041 411 2324 480 Ambrosii,
2355 424 2403 468 et
2429 415 2650 485 psalle».
2675 415 2740 473 S.
2760 415 3370 493 Zenonis,unusquisque
3385 423 3543 494 juxta

234 507 380 578 ginis
425 505 598 566 fuerit
643 507 804 579 hujus
833 510 1006 565 sancti
1028 508 1210 565 cultus
1230 551 1246 575 ,
1275 509 1363 564 cui
1396 518 1474 564 tot
1509 507 1757 564 ecclesia:
1788 507 1843 562 in

238 616 340 662 una
364 601 594 660 ditncesi
618 602 750 658 olim
782 612 1110 675 nuncupata:
1140 603 1488 659 inveniuntur
1512 643 1528 669 ,
1556 601 1650 660 sed
1677 601 1843 657 etiam

237 692 374 748 nibil
402 694 741 762 dubitamus,
769 697 933 766 quin,
965 697 1012 752 si
1045 710 1204 762 pares
1230 696 1457 752 aliarum
1491 694 1842 752 ecclesiarum

234 788 456 850 codices
481 789 551 844 ad
583 805 685 846 nos
713 787 947 846 fuissent
981 789 1319 856 transmissi,
1347 787 1607 845 ecclesias
1635 787 1843 860 Zenoni

236 894 428 940 nostro
447 885 661 941 dicatas
684 887 867 957 plures
888 887 1140 943 similiter
1165 885 1412 942 invenire
1437 887 1647 952 liceret,
1678 901 1839 958 quam

235 991 358 1047 quae
401 993 550 1033 nunc
591 979 710 1049 ejus
742 979 811 1034 de
841 981 1063 1036 nomine
1109 979 1471 1050 appellantur.
1506 979 1613 1035 Sed
1647 989 1842 1048 praeter

234 1069 501 1126 ecclesias
521 1071 629 1127 alia
655 1072 865 1143 antiqui
888 1072 1066 1128 cultus
1094 1083 1444 1128 monumenta
1469 1071 1612 1142 apud
1641 1071 1843 1128 Mediu-

234 1165 418 1221 lanum
467 1175 787 1238 suppetunt.
812 1167 1120 1224 Ludovicus
1139 1167 1460 1222 Mnratorius
1482 1174 1610 1222 tom.
1644 1181 1680 1220 ιι
1710 1165 1839 1221 Rer.

233 1257 570 1328 Italicarum,
605 1270 744 1330 part.
777 1276 838 1328 ιι,
863 1261 970 1316 duo
998 1259 1415 1316 Mediolaneusis
1446 1258 1705 1315 Ecclesiae
1741 1257 1841 1312 Ca-

233 1350 480 1410 lendaria
500 1352 696 1420 edidit,
725 1354 779 1408 in
809 1353 1006 1424 quibus
1036 1354 1277 1422 utrisque
1298 1352 1353 1408 S.
1380 1351 1616 1409 Zenonis
1642 1352 1838 1408 festum

231 1454 454 1500 notatur
492 1464 509 1510 ;
539 1455 595 1501 et
627 1444 681 1502 in
709 1445 886 1516 primo
911 1446 1126 1516 quidem
1169 1460 1292 1516 pag.
1329 1443 1465 1504 1029
1495 1463 1508 1498 :
1565 1443 1652 1498 Id.
1683 1443 1841 1512 Apri-

231 1536 295 1591 lis
321 1537 390 1592 S.
431 1536 663 1608 Zenonis
690 1538 950 1608 episcom;
982 1541 1033 1593 in
1075 1537 1250 1602 altero
1281 1549 1404 1608 pag.
1439 1536 1573 1594 1041
1614 1553 1627 1590 :
1661 1552 1713 1592 vr
1743 1535 1834 1592 Id.

230 1628 534 1684 Decembris
580 1630 644 1686 S.
687 1629 932 1690 Zenonis.
967 1629 1028 1686 P.
1061 1630 1404 1704 Mabillonius
1436 1638 1566 1685 tom.
1597 1645 1614 1684 ι
1653 1629 1838 1685 Μυειεὶ

227 1723 400 1780 Italici
418 1767 434 1792 ,
455 1735 600 1796 part.
631 1740 690 1788 ll,
712 1740 836 1796 pag.
863 1725 963 1787 107
985 1766 999 1790 ,
1024 1725 1354 1781 mentionem
1374 1723 1701 1782 facienSJns.
1722 1723 1837 1778 An-

1947 505 2265 560 devotionem
2320 523 2468 562 suam
2517 509 2696 580 faciat.
2745 508 2822 566 Ex
2888 509 2970 566 bis
3032 512 3194 582 igitur
3246 521 3392 588 patet
3445 530 3543 572 cur

1946 597 2005 655 S.
2037 598 2272 654 Zenonis
2298 599 2537 658 ofﬁcium
2559 643 2574 667 ,
2614 602 2759 672 quod
2792 619 2844 659 vr
2878 602 3004 661 ldus
3051 605 3368 664 Decembris
3408 608 3540 666 olim

1947 694 2333 764 peragebatur,
2369 692 2426 771 in
2456 697 3028 760 commemorationem
3062 700 3264 756 sensim
3314 701 3544 757 transic-

1945 785 2034 851 rit,
2059 801 2181 841 cum
2207 785 2386 842 ofﬁcio
2416 785 2799 858 Conceptio‘nis
2829 788 2890 845 B.
2921 790 2992 845 bl.
3019 789 3084 846 ν.
3107 791 3258 849 locus
3283 791 3400 848 dari
3427 807 3544 852 cas-

1945 880 2053 950 pit;
2080 879 2226 950 quod
2255 881 2427 950 ipsum
2451 879 2572 936 aliis
2601 880 2653 935 in
2680 880 2944 938 Ecclesiis
2967 883 3238 950 usuvenit,
3262 893 3318 940 et
3338 885 3542 941 idcirco

1945 973 2161 1043 quidem
2191 973 2243 1028 in
2279 973 2673 1043 posterioribus
2699 974 2929 1041 officiis,
2961 985 3122 1048 atque
3153 977 3205 1032 in
3233 979 3396 1036 missa
3425 981 3542 1036 sola

1943 1065 2002 1123 S.
2032 1064 2266 1122 Zenonis
2294 1067 2746 1122 commemoratio
2773 1075 3012 1137 notatur,
3038 1069 3213 1140 qualis
3240 1085 3385 1127 nunc
3409 1087 3546 1143 quo-

1944 1173 2050 1230 que
2078 1158 2272 1229 legitur
2318 1160 2370 1213 in
2412 1159 2720 1215 Missalibus
2749 1159 3274 1231 Mediolanensibus,
3301 1166 3540 1234 atquein

1943 1250 2233 1308 Ordinario
2274 1252 2517 1323 ejusdem
2556 1253 2822 1312 Ecclesiae
2855 1256 3202 1327 praecipitur,
3233 1256 3338 1313 hoc
3377 1259 3540 1314 etiam

1942 1360 2135 1416 recens
2163 1354 2390 1413 mutatu,
2415 1347 2560 1418 quod
2582 1348 2641 1406 S.
2673 1347 2822 1406 Zeno
2843 1352 3100 1423 martyris
3124 1352 3280 1409 titulo
3308 1353 3538 1426 insigni-

1944 1451 2049 1497 tur.
3091 1506 3101 1512 _

2013 1533 2439 1591 Novocomensis
2457 1533 2711 1592 dimcesis
2735 1545 2846 1592 tres
2862 1536 3094 1595 Zenonis
3115 1539 3378 1597 ecclesias
3401 1557 3544 1598 nunc

1941 1637 2222 1695 recenset,
2266 1629 2492 1700 primam
2522 1628 2883 1700 parochialem
2908 1633 3056 1688 eoin
3106 1633 3226 1690 loco
3270 1634 3361 1706 qui
3387 1632 3544 1690 Mons

1946 1719 2210 1790 Olompiui
2235 1721 2464 1787 dicitur,
2493 1721 2722 1778 alteram
2754 1721 3018 1794 Mandeli,
3052 1738 3116 1780 ac
3143 1726 3357 1782 tertiam
3385 1742 3548 1799 paro-

231 1819 534 1887 tipbonarii
564 1817 1318 1884 bibliotltecaeAmbrosiante,
1350 1817 1542 1890 inquo
1557 1817 1840 1873 universo-
1871 1817 1920 1879 B
1946 1815 2176 1871 chialem
2216 1813 2449 1871 Salorini
2488 1817 2586 1872 sub
2620 1816 2988 1875 Helvetiorum
3017 1818 3223 1876 ditione
3243 1863 3257 1888 ,
3289 1821 3381 1877 ubi
3424 1821 3542 1878 dies

233 1926 352 1966 tum
387 1920 708 1966 sanctorum
744 1910 1068 1967 festivitates
1093 1910 1146 1966 in
1176 1909 1566 1966 Mediolanensi
1596 1909 1838 1965 Ecclesia

226 2004 576 2061 celebrandae
607 2014 1002 2073 recensentur,
1049 2005 1146 2060 bas
1191 2005 1333 2060 inter
1373 2015 1600 2060 caeteras
1635 2003 1836 2067 ibidem

229 2107 447 2154 notatas
473 2113 536 2153 se
565 2097 765 2169 legisse
805 2108 1033 2154 testatur
1062 2115 1077 2154 :
1108 2096 1402 2152 Decembris
1426 2097 1510 2153 die
1536 2113 1630 2166 vn,
1678 2096 1838 2152 Ordi-

226 2194 364 2248 natio
389 2192 752 2271 S.Am_brosii,
777 2203 951 2264 postea
975 2193 1038 2248 S.
1065 2192 1312 2258 Zenonis,
1337 2192 1400 2248 S.
1431 2191 1580 2262 Syri,
1610 2191 1673 2246 S.
1697 2190 1836 2246 Tho-

231 2302 360 2350 m;
419 2286 621 2357 quibus
664 2287 800 2342 satis
855 2285 1220 2347 innuitur,-S.
1269 2285 1506 2341 Zenonis
1543 2285 1739 2344 lectum
1786 2301 1836 2340 νι

228 2377 378 2444 ldus,
409 2395 509 2435 seu
538 2379 628 2435 die
665 2395 757 2434 vnt
789 2380 1104 2436 Decembris
1131 2380 1417 2435 Mediolani
1441 2387 1717 2451 peractum
1739 2421 1756 2447 ,
1781 2388 1838 2435 ut

227 2473 276 2526 in
302 2486 421 2528 uno
445 2487 478 2528 e
505 2473 845 2528 Calendariis
864 2487 900 2527 a
922 2472 1219 2540 Muratorio
1235 2471 1400 2528 editis
1418 2474 1685 2544 signatur,
1714 2481 1835 2542 post

231 2565 376 2636 quod
402 2565 463 2621 8.
494 2565 620 2638 Syri
652 2565 848 2622 festum
877 2582 905 2620 ν
939 2566 1017 2621 ld.
1052 2565 1366 2622 Decembris
1391 2567 1670 2635 agebatur.
1701 2563 1835 2620 Cum

233 2675 403 2729 porro
451 2662 570 2716 bare
607 2671 816 2715 tantum
859 2670 1092 2732 quatuor
1141 2662 1273 2716 festa
1332 2675 1522 2716 mense
1551 2659 1837 2716 Decembri

228 2766 351 2810 ante
381 2754 532 2809 diem
557 2753 763 2809 Natalis
787 2753 1000 2810 Domini
1033 2769 1101 2809 eo
1133 2755 1183 2808 in
1215 2753 1617 2824 Antiphonario
1648 2761 1834 2808 notata

230 2850 453 2917 fuerint,
479 2865 547 2904 ac
569 2867 666 2921 per
699 2865 868 2920 pauca
900 2851 1154 2906 similiter
1177 2851 1300 2906 aliis
1332 2853 1382 2906 in
1418 2851 1695 2906 mensibus
1740 2851 1837 2905 de-

227 2942 575 3010 scribantur;
609 2943 963 3014 paucissimos
989 2943 1121 2998 olim
1152 2943 1317 2998 fuisse
1337 2953 1574 3008 sanctos,
1602 2957 1834 3013 quorum

229 3034 345 3091 dies
365 3037 486 3092 festi
510 3038 565 3091 in
587 3035 828 3092 Ecclesia
850 3036 1238 3092 Mediolanensi
1261 3036 1390 3090 olim
1409 3035 1832 3102 celebrarentur,

229 3132 526 3188 observatu
584 3131 808 3203 dignum
854 3132 1072 3187 censuit
1125 3129 1513 3186 Mabillonius:
1549 3128 1840 3184 Miuutiora

1941 1909 2112 1965 festus
2139 1925 2190 1963 vr
2214 1909 2336 1964 ldus
2366 1909 2674 1976 Decembris
2701 1896 2806 1968 sub
2829 1911 2936 1967 ritu
2967 1897 3294 1970 confessuris
3315 1911 3543 1970 Pontiﬁ-

1939 2002 2038 2067 cis,
2068 2001 2314 2058 Balernae
2337 2000 2630 2060 Canonicis
2669 2003 3118 2070 convenientibus
3143 2046 3158 2074 ,
3191 2020 3382 2078 magna
3413 2021 3541 2066 cum

1937 2099 2255 2156 celebritate
2275 2099 2569 2171 peragitur.

2012 2191 2216 2266 [esus]
2233 2194 2308 2250 De
2323 2193 2572 2250 Brisiana
2597 2194 2727 2252 urbe
2745 2209 2810 2252 ac
2828 2194 3054 2259 dioecesi
3071 2196 3118 2252 si
3151 2195 3413 2256 vellemus
3425 2197 3542 2254 fuse

1937 2286 2142 2354 dicere,
2172 2302 2332 2358 quam
2353 2287 2491 2345 latus
2511 2301 2736 2358 campus
2763 2288 3007 2358 pateret!
3057 2287 3375 2357 Quindecim
3405 2289 3540 2346 dioe-

1938 2397 2130 2440 ceseos
2158 2382 2407 2440 ecclesiae
2423 2383 2482 2438 S.
2515 2381 2788 2439 Zenonem
2812 2392 3103 2454 patronum
3117 2390 3437 2455 agnoscunt,
3459 2384 3542 2438 ni-

1939 2474 2411 2530 mirumecclesite
2441 2475 2605 2542 lloni,
2637 2475 2825 2542 Oduli,
2851 2474 3024 2542 liscui,
3059 2473 3293 2532 Goleoni
3317 2476 3539 2532 inferio-

1937 2568 2035 2634 ris,
2067 2567 2249 2622 Brioni
2271 2609 2287 2635 ,
2321 2567 2481 2640 Burgi
2513 2567 2571 2624 S.
2605 2567 2866 2634 Zenonis,
2895 2568 3180 2637 Maclodii,
3205 2568 3540 2640 Boldenigat,

1937 2661 2256 2717 Monticelli'
2283 2661 2352 2716 de
2395 2661 2676 2730 Brusatis,
2715 2648 2910 2728 Gaini,
2937 2661 3244 2730 Pastirani,
3295 2663 3540 2734 nonem,

1936 2753 2258 2824 Scarpizoli,
2312 2753 2648 2810 Gratacasoli
2697 2763 2754 2810 et
2775 2753 3022 2810 Salarum
3048 2752 3326 2810 Marasini.
3348 2753 3428 2810 Ex
3456 2754 3542 2810 bis
3651 2799 3656 2814 ι

1938 2851 2126 2922 prima:
2154 2865 2350 2906 novent
2379 2849 2714 2906 confessoris
2744 2849 2852 2906 ritu
2880 2849 3024 2905 diem
3045 2847 3245 2908 festum
3276 2859 3542 2920 peragunt

1937 2961 1992 3000 vt
2041 2945 2119 3002 ω.
2152 2944 2518 3012 'Decembris,
2558 2945 2781 3016 reliquas
2807 2945 2913 3002 ritu
2949 2945 3206 3016 martyris
3234 2944 3417 3014 Pridie
3456 2944 3539 3003 Id.

1940 3037 2163 3108 Aprilis.
2195 3037 2254 3092 lu
2285 3038 2399 3108 ipsa
2421 3052 2585 3106 porro
2612 3037 2746 3094 urbe
2778 3037 3027 3094 Brixiana
3057 3037 3178 3093 duae
3207 3047 3338 3093 sunt
3365 3038 3421 3092 8.
3443 3035 3541 3093 Ze-

1944 3130 2105 3188 nonis
2143 3130 2413 3196 ecclesita,
2471 3144 2698 3199 quarum
2727 3130 2898 3192 altera
2923 3129 3054 3186 olim
3083 3130 3412 3200 parochialis
3439 3145 3538 3186 an-

228 3236 347 3280 sam
378 3225 520 3291 hinc,
553 3225 728 3296 inquit
764 3239 884 3295 pag.
932 3224 1054 3288 109,
1086 3233 1134 3279 et
1159 3238 1274 3294 quae
1301 3226 1521 3293 fortasse
1548 3222 1715 3276 relatu
1753 3223 1834 3275 in-
1863 3211 1909 3274 C
1943 3222 2124 3292 tiqua,
2148 3222 2316 3276 altera
2343 3231 2526 3276 autem
2555 3230 2639 3278 est
2673 3220 2851 3277 adhuc
2883 3220 3126 3306 insignis
3165 3221 3454 3292 parochia,
3482 3222 3537 3291 in

228 3318 390 3391 digna
419 3318 713 3388 quibusdan
740 3314 1078 3383 videbuntur;
1118 3316 1208 3370 sed
1229 3332 1293 3371 ea:
1336 3315 1418 3369 his
1453 3315 1634 3370 saltem
1680 3314 1834 3386 facile

226 3412 540 3483 intelligitur
564 3452 580 3477 ,
625 3405 872 3481 quantum
916 3411 1162 3465 creverint
1206 3408 1478 3480 postremis
1526 3406 1833 3483 temporibus

225 3505 580 3559 solemnitatem
649 3518 765 3574 ante
810 3503 963 3576 longe
998 3503 1269 3574 pauciores
1307 3512 1450 3556 erant
1496 3501 1550 3554 in
1599 3496 1833 3554 Ecclesia

229 3598 612 3654 Hediolaneusi
634 3609 753 3654 ante
770 3600 1074 3670 quingentos
1095 3613 1279 3663 annos,
1303 3613 1402 3667 quo
1427 3585 1653 3666 tempore
1673 3596 1834 3650 codex

225 3693 316 3746 ille
349 3694 554 3746 calamo
597 3702 837 3746 auratus
881 3698 976 3744 est.
1020 3692 1089 3744 At
1128 3690 1268 3744 inter
1297 3688 1420 3744 illos
1471 3688 1829 3758 paucissimos

229 3786 289 3843 8.
322 3787 600 3842 Zenonem
657 3785 889 3840 inveniri
938 3798 1119 3839 nonne
1147 3781 1407 3838 eximium
1433 3782 1716 3852 praecipuas
1743 3797 1832 3838 ce-

225 3880 498 3936 lebritatis
529 3878 647 3949 ejus
673 3877 1042 3933 testimonium
1067 3875 1189 3932 est?
1217 3873 1382 3932 Sexto
1409 3875 1538 3930 item
1570 3875 1691 3930 ldus
1715 3874 1819 3930 De-

225 3971 466 4029 cembris
479 3969 901 4026 Zenonisatostri
917 3968 1154 4024 officium
1175 3969 1345 4023 tribus
1359 3977 1485 4023 cum
1509 3965 1828 4023 lectionibus

226 4067 599 4139 peragendum
644 4068 697 4120 in
711 4065 948 4136 antiquis
977 4063 1220 4135 ejusdem
1253 4063 1512 4118 Ecclesia:
1539 4061 1829 4118 Breviariis

225 4161 565 4233 praecipitur.
599 4160 818 4230 Antiqui
837 4160 1002 4215 etiam
1029 4158 1316 4214 missarum
1349 4157 1471 4212 libri
1499 4165 1612 4212 tum
1632 4155 1831 4212 Medico

225 4255 356 4322 lani,
401 4255 534 4311 editi
562 4269 655 4310 an.
681 4252 841 4320 15%2,
872 4251 1013 4308 1548
1039 4261 1097 4308 et
1127 4251 1286 4320 1560,
1320 4260 1430 4306 ιιιηι
1458 4252 1550 4306 ille
1578 4266 1608 4306 a
1639 4250 1830 4306 Pame-

223 4350 301 4405 lio
355 4349 664 4420 publicatus
703 4361 835 4401 tom.
864 4361 883 4400 1
914 4346 1120 4416 Liturg.
1160 4347 1249 4416 qui
1289 4344 1511 4400 maximi
1553 4343 1822 4414 penditur,

226 4458 443 4500 necnon
490 4457 598 4498 ms.
651 4440 1228 4498 Vaticano-Palatinus
1291 4440 1438 4508 506,
1485 4455 1580 4495 xm
1627 4440 1826 4495 saeculo

223 4548 505 4603 exaratos,
555 4536 803 4592 eamdem
857 4551 1047 4592 omnes
1077 4537 1298 4592 missam
1345 4535 1404 4591 S.
1439 4531 1676 4590 Zenonis
1703 4549 1829 4605 pro-,-

1937 3331 2040 3388 qua
2090 3315 2208 3384 ejus
2235 3313 2473 3369 ofﬁcium
2504 3313 2846 3386 Confessuris
2872 3316 2978 3370 ritu
3005 3329 3058 3369 Vl
3104 3312 3182 3369 Id.
3219 3313 3538 3371 Decembris

1935 3408 2289 3474 celebratum,
2315 3420 2518 3477 paucos
2537 3422 2668 3464 vero
2689 3416 2817 3463 ante
2835 3422 3008 3462 annos
3024 3407 3078 3462 in
3101 3406 3246 3464 diem
3277 3418 3352 3461 an
3374 3403 3538 3476 Apri-

1935 3502 2004 3560 lis
2056 3504 2376 3565 translatum
2403 3542 2418 3569 ,
2449 3501 2777 3558 confessoris
2817 3505 2926 3558 ritu
2971 3501 3025 3556 in
3065 3500 3228 3558 ritum
3275 3497 3535 3574 martyris

1934 3610 2288 3668 commutato,
2316 3601 2562 3658 traditur.
2589 3604 2658 3656 At
2678 3600 2804 3657 licet
2829 3599 2898 3656 ad
2930 3598 3258 3655 Veronensis
3274 3595 3535 3656 Ecclesiae

1934 3697 2242 3767 exemplum
2289 3711 2398 3751 non
2430 3694 2604 3772 multo
2633 3703 2761 3750 ante
2799 3693 2892 3748 illa
2934 3688 3264 3763 parochialis
3304 3688 3534 3754 ecclesia

1934 3792 2096 3848 ritum
2137 3789 2470 3855 mutaverit,
2499 3789 2553 3844 in
2587 3788 2952 3859 Rogatiouum
2981 3795 3164 3842 tamen
3205 3781 3536 3842 stationibus
3645 3863 3648 3866 ἢ

1932 3885 2263 3944 catbedralis
2304 3883 2547 3940 Ecclesia
2577 3899 2643 3938 eo
2671 3874 2959 3948 accedens,
2984 3894 3128 3936 nunc
3151 3893 3366 3949 quoque
3394 3885 3536 3934 tem-

1932 3983 2082 4054 poris
2129 3983 2199 4036 de
2235 3978 2553 4036 confessore
2582 3978 2865 4033 collectam
2897 3990 3019 4034 cum
3049 3971 3378 4042 Antiphonis
3405 3970 3539 4028 reci-

1931 4084 2028 4131 tat.
2061 4075 2116 4130 ln
2155 4075 2254 4128 ltac
2277 4081 2460 4128 autem
2492 4071 2764 4139 sepultum
2814 4069 2984 4124 fertur
3012 4079 3213 4136 corpus
3240 4062 3299 4120 S.
3348 4062 3536 4118 Rusti.

1930 4171 2072 4226 ciani
2095 4168 2334 4240 episcopi
2365 4164 2665 4222 Brixiensis
2692 4163 2800 4218 vita
2827 4159 3000 4221 iuncti
3027 4175 3115 4216 an.
3145 4158 3294 4226 585,
3343 4156 3434 4227 qui
3483 4155 3532 4213 si

1930 4267 2003 4323 ibi
2028 4266 2138 4336 jam
2170 4265 2295 4321 inde
2321 4263 2390 4318 ab
2418 4262 2570 4318 obitu
2599 4260 2844 4330 sepultus
2865 4259 2986 4326 fuit,
3006 4255 3372 4314 vetustissima
3392 4252 3534 4314 mul—

1931 4368 2044 4415 tum
2075 4358 2192 4414 haec
2218 4356 2448 4413 ecclesia
2473 4364 2529 4411 et
2555 4352 2612 4410 S.
2644 4352 2880 4409 Zenonis
2910 4349 3111 4407 ibidem
3139 4347 3318 4406 cultus
3348 4355 3532 4405 vetus-

1929 4455 2171 4509 tissimus
2198 4451 2422 4507 exstitit.

2003 4547 2059 4602 ln
2097 4545 2413 4602 Tridentina
2444 4541 2668 4597 dioecesi
2716 4547 2925 4610 septem
2949 4536 3197 4594 ecclesias
3247 4535 3562 4593 Zenonem'

223 4635 398 4704 priarn
429 4633 646 4704 propria
689 4647 813 4686 cum
861 4631 1180 4702 praefatione
1209 4629 1490 4686 exhibent.
1522 4629 1659 4685 Vide
1695 4645 1818 4700 pag.

1939 4649 2173 4697 nostrum
2203 4647 2490 4708 patronum
2517 4636 2884 4689 venerantur:
2921 4644 3024 4685 una
3061 4627 3276 4686 Tassuli
3302 4628 3358 4684 in
3385 4626 3531 4686 valle

223 4728 331 4782 458
370 4725 506 4781 edit.
571 4720 818 4781 Pamélii.
870 4724 1058 4780 Romae
1107 4733 1289 4780 autem
1365 4723 1420 4778 in
1491 4723 1822 4793 bibliotheca

222 4820 330 4876 Pl’.
354 4820 808 4896 Cistereiensium
847 4817 906 4875 8.
948 4817 1148 4873 Crucis
1179 4827 1357 4873 exstat
1412 4818 1630 4873 Missale
1689 4818 1821 4872 Am-

223 4913 540 4972 brosianum
566 4913 772 4969 editum
799 4911 943 4982 apud
964 4910 1413 4982 Christ0pborum
1438 4911 1502 4966 de
1524 4910 1820 4981 Ratispona

221 5023 316 5065 an.
344 5007 510 5071 1482,
541 5008 595 5062 in
617 5022 726 5078 quo
756 5007 957 5078 pariter
980 5021 1047 5062 eo
1080 5004 1333 5061 Deeemb.
1364 5004 1452 5060 die
1499 5005 1668 5060 nostri
1697 5003 1848 5074 Epi-~

222 5104 373 5174 scopi
403 5100 682 5158 orationes
713 5109 771 5156 et
815 5099 1060 5172 prefatio
1101 5100 1353 5169 leguntur
1402 5100 1677 5170 pmprias;
1728 5097 1823 5153 sed

222 5200 472 5272 palatio
519 5199 758 5264 saltem,
788 5195 932 5268 quod
979 5196 1256 5251 memoria:
1301 5209 1446 5249 nunc
1485 5195 1821 5266 suggeritur,

221 5295 382 5364 longe
411 5301 500 5352 est
526 5293 631 5347 alia
657 5293 725 5346 ab
751 5307 815 5348 ea
847 5306 1007 5362 quam
1039 5290 1310 5346 Pamelius
1337 5289 1540 5356 edidit,
1590 5304 1711 5343 cum
1753 5287 1823 5343 de

222 5388 458 5446 Gallieni
491 5387 603 5443 filia
639 5388 772 5444 nihil
812 5385 1089 5456 prodatur.
1112 5384 1210 5440 llic
1234 5394 1412 5440 tamen
1442 5384 1820 5440 observatione

220 5483 446 5552 dignum
487 5491 575 5537 est
597 5522 612 5546 ,
657 5480 800 5551 quod
832 5488 1049 5534 notatur
1077 5479 1130 5533 in
1157 5477 1433 5533 Breviario
1461 5477 1822 5534 Ambrosiano

219 5578 372 5633 edito
395 5593 486 5631 ιι.
520 5574 682 5642 1549,
718 5575 774 5630 in
799 5589 907 5645 quo
930 5575 1045 5629 haec
1074 5588 1144 5628 vn
1187 5573 1311 5628 ldus
1351 5573 1662 5628 Decembris
1702 5580 1822 5642 post

221 5672 491 5728 secundas
533 5669 592 5726 S.
643 5669 914 5724 Ambrosii
945 5683 1204 5736 vesperas
1235 5668 1487 5738 leguntur
1530 5681 1647 5736 pag.
1675 5665 1818 5720 {29:

222 5764 426 5821 Deinde
456 5767 517 5836 ﬁt
550 5763 967 5819 commemoratio
991 5763 1051 5819 S.
1102 5760 1348 5816 Zenonis.
1383 5762 1484 5816 Alii
1526 5761 1722 5830 faciunt
1760 5761 1824 5816 de

221 5861 567 5938 Comprime
593 5857 839 5938 Virginis,
865 5868 922 5914 tu
947 5858 1002 5917 in
1031 5857 1298 5919 natiuitale
1315 5859 1430 5938 ejus
1454 5871 1573 5916 cum
1601 5854 1818 5930 psalle».

1927 4733 2282 4797 Anauniensi,
2319 4733 2372 4785 in
2405 4729 2532 4784 villa
2563 4742 2682 4799 quae
2708 4726 2776 4782 de
2799 4724 3010 4797 patroni
3040 4723 3263 4779 nomine
3293 4719 3530 4790 appella-

1928 4833 2049 4890 tur;
2076 4823 2316 4879 secunda
2340 4821 2558 4878 Lomasi
2594 4822 2647 4875 in
2688 4819 2814 4874 villa
2845 4818 3087 4882 Flavaai;
3129 4817 3286 4873 tertia
3313 4812 3525 4870 Thermi

1927 4919 1980 4974 in
2028 4919 2152 4973 villa
2201 4917 2455 4988 Cologna,
2487 4931 2606 4986 quae
2650 4928 2841 4970 omnes
2865 4911 2953 4968 die
2987 4921 3182 4968 octava
3214 4907 3526 4965 Decembris

1928 5013 2126 5068 festum
2157 5027 2279 5067 cum
2313 5010 2541 5066 solemni
2569 5010 2756 5075 missa,
2784 5007 3163 5079 frequentique
3197 5004 3523 5077 populorum

1928 5105 2279 5177 processione
2307 5104 2712 5160 concelebrant.
2749 5101 2880 5157 Duae
2912 5110 3171 5170 praeterea
3201 5099 3450 5156 ecclesiae
3470 5099 3526 5157 in

1925 5201 2161 5272 parmcia
2189 5199 2444 5254 Muriensi
2474 5205 2724 5261 exstant,
2761 5205 2816 5250 et
2843 5193 2912 5249 ad
2941 5193 3169 5250 alteram
3199 5191 3429 5249 istarum
3469 5195 3524 5248 in

1925 5296 2067 5359 loco,
2101 5295 2190 5365 qui
2219 5295 2415 5350 dicitur
2433 5293 2472 5347 il
2498 5291 2654 5354 Palu,
2681 5289 2912 5361 populus
2936 5287 3224 5345 bluriensis
3244 5288 3528 5359 ingruente

1926 5387 2233 5444 calamitate
2261 5385 2461 5457 aliqua,
2490 5399 2553 5440 ac
2582 5383 2881 5454 praesertim
2899 5397 3024 5438 cum
3051 5382 3233 5452 pluvia
3259 5395 3398 5450 opus
3416 5386 3521 5444 est,

1925 5496 2022 5552 per
2046 5490 2290 5536 aestatem
2312 5479 2666 5550 processione
2696 5475 2892 5532 indicta
2916 5473 3170 5544 frequens
3188 5471 3446 5538 confluit,
3470 5479 3526 5525 et

1925 5574 2107 5630 Sancti
2138 5571 2497 5643 patrocinium
2533 5569 2632 5627 sibi
2655 5569 2848 5628 adesse
2871 5572 3168 5638 experitur.
3197 5563 3437 5619 Tandem
3466 5564 3522 5618 in

1926 5670 2075 5733 villa,
2107 5684 2228 5740 qua:
2257 5667 2409 5723 Nomi
2455 5667 2778 5736 appellatur,
2827 5677 3037 5719 necnon
3072 5661 3126 5714 in
3151 5659 3387 5729 parmcia
3415 5655 3525 5712 No-

1925 5762 2096 5833 gareti
2116 5777 2284 5832 prope
2309 5759 2660 5824 Roborctum,
2689 5758 2807 5812 aliae
2835 5755 2956 5809 duae
2985 5752 3312 5822 perantiquus
3337 5748 3393 5806 S.
3420 5747 3525 5806 Ze-

1928 5856 2084 5918 nonis
2117 5853 2359 5927 episc0pi
2406 5850 2736 5912 Veronensis
2766 5845 3010 5906 ecclesiae
3064 5843 3348 5911 visuntur;
3374 5849 3431 5900 et
3455 5841 3524 5903 ad
