3960 6330
501 289 602 342 183

1913 279 2445 336 ΡΒΟΙΑΕΗΟΧΙΕΝΛ.

3662 293 3744 350 181

498 402 690 456 harum
721 410 1052 474 postremam
1082 409 1259 454 rector
1310 398 1575 453 Pomaroli
1609 410 1710 452 una
1737 411 1859 450 cum
1894 393 2093 468 popqu
2121 398 2170 455 Α
2269 394 2454 465 Neque
2487 394 2760 452 Patavium
2801 397 2856 454 8.
2891 395 3147 467 Episcopi
3175 397 3372 454 cultum
3403 399 3614 472 ignorat,
3643 423 3748 462 nam

497 495 601 551 sibi
625 495 958 559 concredito,
981 508 1140 549 sacro
1168 493 1530 565 processionis
1555 494 1686 558 ritu,
1716 493 1801 546 die
1824 492 1882 547 S.
1917 490 2096 545 Antis-

499 589 582 644 titi
615 604 766 643 sacra
799 587 1177 655 proficiscitur.
1213 587 1373 642 Pater
1403 587 1727 641 Benedictus
1754 603 1779 636 τι
1811 583 2096 640 Cavalesio

493 682 780 735 strictioris
809 681 1167 735 observantiae
1193 681 1250 734 8.
1282 679 1576 745 Francisci,
1610 681 1698 746 qui
1735 678 1889 734 nobis
1935 677 2096 731 hasce

496 775 717 830 nodtias
743 773 1181 838 communicavit,
1219 776 1425 828 monuit
1469 774 1635 828 etiam
1683 773 1734 827 in
1793 772 1939 834 villa,
1975 785 2096 841 quae

495 868 694 924 dicitur
711 867 968 938 Aldegno,
991 866 1130 922 haud
1152 868 1333 939 procul
1361 883 1390 922 a
1415 866 1675 921 Tridcnto
1695 865 1819 928 sita,
1844 864 2097 918 occiden-

497 961 659 1016 talem
695 961 906 1031 plagam
960 976 1188 1028 versus,
1223 961 1438 1015 tametsi
1489 960 1596 1014 alio
1648 958 1848 1013 titulari
1909 965 2098 1011 sancto

494 1069 638 1108 nunc
667 1055 916 1124 gaudeat,
938 1054 1066 1109 olim
1095 1065 1274 1110 tamen
1296 1053 1458 1108 veluti
1481 1061 1766 1124 patronum
1797 1051 2096 1124 principem

496 1145 784 1216 agnovisse
827 1155 882 1200 et
913 1145 1148 1200 eoluissc
1177 1145 1236 1202 S.
1278 1144 1548 1200 Zenonem
1582 1146 1896 1214 episeopum
1925 1142 2097 1197 Vero-

495 1258 744 1310 nensem,
771 1254 827 1297 ut
857 1257 1095 1311 nuperos
1120 1242 1242 1311 ejus
1267 1243 1512 1296 ecclesia:
1557 1250 1736 1296 rector
1765 1255 1862 1310 per
1894 1239 2098 1293 litteras

495 1337 775 1390 consultus
803 1335 1035 1389 asseruit
1065 1353 1077 1388 :
1109 1333 1253 1406 quod
1285 1334 1409 1388 aliis
1430 1346 1646 1404 quoque
1676 1331 1924 1387 ecclesiis
1951 1329 2097 1384 acci-

494 1429 641 1483 disse
665 1427 1156 1498 probabilissimum
1179 1438 1283 1493 εει,
1310 1435 1366 1480 ιιι.
1393 1427 1444 1480 in
1467 1423 1716 1480 ecclesiis
1737 1423 2100 1478 Mediolanen-

496 1521 647 1574 sibus
681 1520 1006 1575 notavimus.
1026 1520 1170 1575 Idem
1202 1535 1362 1588 porro
1385 1517 1445 1572 P.
1470 1515 1797 1572 Benedictus
1828 1517 1878 1569 in
1908 1513 2100 1569 biblio-

497 1613 651 1670 theca
679 1615 972 1684 episc0pali
1000 1615 1243 1684 diligenti
1275 1611 1626 1684 inquisitione
1656 1624 1808 1674 usus,
1835 1617 2098 1682 praeterea

494 1707 782 1762 afﬁrmavit
806 1707 1004 1763 ibidem
1039 1707 1266 1775 reperiri
1320 1720 1420 1760 ms.
1456 1704 1793 1760 Breviarium
1845 1717 1967 1758 cum
2000 1702 2100 1756 hac

2198 490 2438 560 quinque
2487 490 2736 560 antiquas
2782 490 3042 546 ecclesias
3091 489 3211 560 ejus
3256 493 3467 550 nomine
3495 495 3680 552 dicatas
3702 497 3749 554 in

2201 581 2453 638 Patavina
2481 581 2702 640 dioecesi
2731 585 3053 653 reperimus,
3079 583 3360 653 Molvente,
3392 587 3750 660 Montagnanai,

2200 676 2432 741 Zoliani,
2465 678 2771 744 Alticltieri,
2804 688 2857 731 et
2886 678 3104 743 Montis,
3126 679 3326 744 Silicis,
3356 680 3506 749 cujus
3525 686 3752 749 postremi

2200 771 2302 826 loci
2332 772 2659 841 parochialis
2691 774 2749 828 S.
2777 771 2994 828 Thema:
3022 773 3314 846 Apostoliet
3338 775 3398 828 8.
3422 773 3628 829 Zenonis
3647 775 3756 830 Con-

2201 865 2410 932 {essoris
2439 863 2629 919 Christi
2656 876 2987 920 memoratur
3017 866 3068 920 in
3103 865 3344 934 pluribus
3369 866 3682 922 documentis
3699 870 3756 923 ad

2203 955 2466 1011 Venetum
2509 957 2569 1013 8.
2625 958 2898 1013 Zachariae
2939 959 3325 1014 monasterium
3376 960 3757 1029 pertinemibus,

2202 1065 2500 1122 eorumque
2553 1053 2976 1108 vetustissimum
3005 1069 3095 1108 an.
3128 1053 3233 1109 994
3261 1056 3447 1108 recitat
3490 1053 3760 1126 Ludovicus

2203 1141 2525 1200 Muratorius
2551 1145 2803 1214 antiquit.
2833 1145 3050 1201 Estens.
3078 1160 3202 1216 pag.
3233 1145 3353 1201 128.
3393 1145 3448 1200 In
3491 1155 3594 1199 tota
3625 1161 3762 1213 porro

2204 1235 2459 1291 Patavina
2500 1237 2728 1292 ecclesia
2777 1252 2840 1292 ex
2876 1236 3098 1306 antiquo
3129 1239 3316 1306 utique
3360 1237 3503 1292 cultu
3527 1238 3581 1293 S.
3612 1236 3761 1291 Zeno-

2205 1330 2291 1385 nis
2320 1331 2555 1386 oflicium
2600 1331 2704 1386 ritu
2736 1331 3067 1388 confesSOris
3095 1332 3376 1387 Pontificis
3415 1346 3550 1385 nunc
3577 1346 3764 1401 quoque

2204 1423 2464 1492 temporis
2509 1423 2786 1495 peragitur
2810 1468 2823 1490 ,
2877 1426 3148 1495 assignata
3186 1425 3273 1480 die
3321 1425 3354 1481 8
3391 1423 3700 1489 Decembris,
3738 1440 3763 1480 ει

2203 1530 2310 1585 quo
2333 1523 2515 1572 tamen
2547 1515 2618 1572 ob
2660 1514 3046 1587 Conceptionis
3075 1517 3136 1573 Β.
3169 1516 3348 1573 Maria:
3389 1516 3578 1573 festum
3602 1516 3650 1572 in
3671 1517 3764 1587 pri-

2206 1623 2347 1662 mam
2374 1608 2518 1662 diem
2550 1623 2656 1664 non
2690 1609 3000 1680 impeditam
3031 1610 3374 1666 transfertur.

2276 1701 2508 1757 Mantua:
2534 1703 2749 1758 exsistit
2790 1703 2848 1760 S.
2902 1703 3134 1758 Zenonis
3165 1702 3492 1774 parocltialis
3519 1702 3725 1759 ecclesia
3754 1743 3766 1767 ,

496 1803 775 1856 notatione
807 1820 819 1855 :
851 1801 962 1857 Iste
994 1800 1123 1856 liber
1175 1802 1271 1873 fuit
1327 1801 1449 1855 olim
1505 1798 1713 1854 Domini
1770 1796 1974 1869 Georgii
2037 1797 2100 1850 de
2132 1798 2178 1859 B
2205 1811 2366 1865 qttam
2399 1810 2427 1850 a
2471 1795 2727 1852 Mathilde
2768 1806 3100 1852 exstructam
3128 1797 3180 1852 in
3221 1797 3520 1851 Mantuanm
3543 1795 3768 1849 Ecclesia:

497 1894 900 1957 Liecthenstain,
932 1895 1161 1965 episcopi
1193 1893 1480 1947 Tridentini
1514 1891 1670 1946 “‘20.
1733 1891 1866 1946 Huic
1914 1899 2093 1945 autem

498 1988 776 2043 Breviario
806 1989 1192 2044 Calendarium
1223 1987 1574 2058 prazmittitur
1593 2027 1608 2051 ,
1641 1988 1692 2041 in
1723 2001 1831 2055 quo
1860 1986 2095 2040 secunda

496 2099 658 2138 manu
686 2084 766 2137 bis
807 2084 864 2137 8.
894 2081 1131 2137 Zenonis
1163 2083 1223 2136 fit
1251 2084 1457 2137 mentio
1485 2099 1499 2135 :
1531 2079 1714 2135 Pridie
1741 2078 1874 2135 Idus
1899 2079 2097 2148 Aprilis

498 2175 561 2230 S.
592 2174 817 2230 Zenonis
862 2177 1089 2245 episcom'
1140 2173 1448 2230 Veronensis
1486 2175 1594 2230 dies
1623 2175 1789 2229 obitus
1840 2176 1952 2246 ejus
1995 2172 2124 2227 sive

499 2268 870 2339 depositionis,
913 2278 961 2322 et
1012 2261 1069 2322 vl
1123 2265 1253 2322 Idus
1293 2269 1590 2322 Decembris
1619 2267 1682 2322 S.
1721 2265 1944 2322 Zenonis
1998 2266 2098 2335 cpio

495 2363 639 2434 scapi
669 2359 978 2417 Veronensis
1000 2360 1398 2428 translatiogubi
1424 2376 1520 2432 per
1538 2376 1782 2417 errorem
1803 2359 2095 2425 translatio,

497 2469 596 2523 pro
623 2455 971 2521 ordinatione,
1008 2456 1094 2510 vel
1125 2456 1448 2510 dedicatione
1477 2457 1736 2526 scriptum
1781 2455 1900 2510 fuit.
1938 2453 1993 2510 ld
2019 2455 2100 2520 ip-

493 2563 614 2603 sum
669 2549 864 2620 legitur
921 2551 972 2604 in
998 2551 1107 2606 alio
1158 2566 1260 2607 ms.
1312 2551 1612 2618 Breviario,
1639 2551 1780 2618 quod
1831 2567 1922 2607 an.
1956 2549 2098 2607 1M9

494 2641 719 2698 Joannis
748 2643 1069 2712 lmlerbacb,
1123 2661 1211 2715 ep.
1262 2643 1590 2708 Tridentini,
1646 2646 1762 2706 fuit,
1783 2628 2009 2700 inecnon
2041 2644 2093 2698 itt

493 2735 612 2790 aliis
646 2746 756 2791 tum
789 2736 1105 2805 Breviariis,
1149 2746 1260 2792 tum
1310 2737 1620 2792 Missalibus
1674 2753 1808 2794 mss.
1867 2753 1986 2808 qua:
2043 2738 2096 2792 in

494 2826 707 2883 laudata
734 2827 1059 2883 bibliotheca
1077 2838 1379 2884 servantur.
1403 2828 1461 2884 ln
1480 2830 1861 2901 Martyrologio
1881 2844 2097 2900 quoque

439 2964 444 2970 .
495 2935 597 2975 ms.
628 2921 693 2976 ad
719 2922 1139 2992 usumecclesiae
1161 2923 1218 2979 8.
1256 2923 1672 2993 Vigilii,scripto
1693 2939 1781 2978 an.
1817 2924 1976 2990 1155,
2005 2925 2094 2978 iis-

493 3014 616 3070 dem
666 2997 862 3071 diebus
914 3025 1133 3070 nctatur
1164 3015 1356 3071 festum
1410 3015 1470 3070 8.
1507 3013 1731 3071 Zenonis
1779 3016 2010 3086 episcopi
2046 3027 2094 3070 et

493 3108 827 3179 confessoris,
845 3117 903 3161 ut
926 3122 993 3162 ne
1016 3107 1336 3162 tamenulla
1361 3108 1732 3163 translationis
1752 3109 1841 3163 ﬁat
1867 3110 2088 3164 mentio.

2202 1886 2424 1942 historia
2481 1888 2641 1942 tradit
2692 1888 2751 1942 Ρ.
2811 1888 3252 1953 Donismondius,
3307 1896 3444 1958 part.
3501 1903 3518 1942 ι
3571 1887 3657 1941 lib.
3707 1901 3766 1951 tv,

2202 1994 2322 2050 pag.
2353 1979 2484 2045 225,
2519 1982 2610 2050 qui
2642 1981 2807 2036 etiam
2837 1982 3090 2036 observat
3115 1991 3240 2036 ante
3268 1979 3596 2045 Mathildem,
3633 1978 3676 2032 id
3699 1987 3768 2032 est

2200 2081 2327 2127 ante
2376 2075 2634 2129 smeulum
2680 2090 2733 2130 ιιι
2783 2075 2887 2130 hoc
2938 2076 2989 2129 in
3021 2075 3144 2130 loco
3187 2075 3353 2130 fuisse
3397 2073 3676 2128 oratorium
3713 2070 3769 2125 de

2201 2163 2446 2236 ejusdem
2495 2166 2678 2222 Sancti
2709 2167 2930 2223 nomine
2960 2175 3354 2237 nuncupatum,
3385 2165 3437 2221 in
3465 2181 3566 2237 quo
3593 2161 3644 2220 S.
3677 2163 3769 2217 Au-

2200 2256 2346 2312 dretc
2373 2257 2623 2313 monachi
2653 2257 2829 2314 officia
2857 2258 3230 2315 celebrabant.

2275 2351 2348 2405 Ex
2376 2350 2675 2407 Tarvisinaa
2701 2353 2964 2408 Ecclesia:
2994 2354 3364 2410 monumentis
3391 2369 3420 2408 a
3451 2369 3501 2408 v.
3531 2352 3596 2408 cl.
3626 2353 3770 2406 Anto-

2201 2444 2293 2498 nio
2324 2444 2518 2502 Scotto
2539 2445 2816 2502 Canonico
2839 2447 3001 2503 editis
3036 2449 3090 2503 in
3117 2448 3488 2505 additionibus
3508 2447 3570 2502 ad
3606 2444 3771 2517 Ugltcl—

2202 2537 2356 2600 lium.
2413 2539 2670 2596 ecclesias
2701 2550 2814 2598 tres
2857 2543 2908 2596 in
2941 2543 3222 2598 Tarvisina
3257 2543 3478 2600 dioecesi
3510 2543 3565 2598 8.
3589 2540 3767 2596 Zenoni

2199 2629 2330 2686 olim
2358 2630 2567 2686 dicatas
2596 2635 2971 2704 cognovimus.
3003 2634 3244 2692 Subinde
3275 2651 3408 2694 vero
3437 2636 3572 2692 idem
3617 2633 3770 2689 Cano-

2201 2725 2377 2789 nicus,
2423 2725 2514 2795 qui
2549 2725 2702 2780 novis
2743 2727 3098 2800 plurimisque
3125 2727 3467 2784 documentis
3487 2726 3769 2784 Tarvisino~

2198 2831 2318 2871 rum
2375 2819 2752 2887 episcOporum
2799 2821 2994 2875 seriem
3022 2831 3108 2876 est
3151 2821 3551 2887 illustraturus,
3590 2818 3771 2875 monuit

2197 2907 2331 2963 duas
2363 2919 2622 2979 praeterea
2650 2910 2708 2966 8.
2739 2910 2974 2967 Zenonis
3011 2914 3274 2970 ecclesias
3299 2916 3350 2970 in
3373 2914 3557 2970 eadem
3575 2909 3767 2968 διωθεεὲ

2198 3003 2444 3073 reperiri,
2503 3003 2714 3074 aliaque
2759 3005 3084 3062 documenta
3141 3008 3208 3062 ad
3265 3009 3506 3080 singulas
3560 3005 3770 3078 quinque

2199 3097 2439 3166 ejusdem
2491 3099 2672 3154 Sancti
2715 3099 2976 3156 ecclesias
3016 3102 3344 3172 pertinemia
3373 3100 3648 3174 suggessit.
3668 3111 3769 3170 qua“.

493 3199 570 3255 Es
603 3200 815 3256 duobus
841 3217 1000 3270 porro
1029 3203 1391 3257 monumentis
1418 3201 1473 3256 in
1501 3201 1814 3257 Tridemina
1853 3202 2091 3258 Ecclesia
2119 3187 2165 3252 C
2201 3193 2661 3262 ριωῑετηιὶιιυηιιει
2685 3210 2791 3249 non
2819 3203 2968 3250 sunt.
2999 3193 3059 3250 In
3091 3195 3286 3252 litteris
3309 3195 3533 3268 Eugenii
3559 3187 3769 3264 Paparlll

493 3292 552 3350 S.
585 3291 821 3349 Zenonis
876 3294 1072 3349 festum
1117 3293 1286 3351 fuisse
1316 3305 1590 3364 peractum
1626 3295 1822 3366 liquet:
1857 3294 2090 3360 primum

489 3399 557 3441 ex
588 3385 931 3442 Lectionario
954 3403 1058 3441 ms.
1084 3379 1322 3442 Archivii
1346 3385 1682 3456 capitularis,
1710 3388 1761 3440 in
1786 3401 1893 3455 quo
1912 3386 1967 3442 S.
1993 3385 2112 3441 Ze-

492 3481 649 3534 nonis
680 3479 802 3535 Vita
836 3480 889 3536 in
919 3495 969 3535 ιιι
1015 3480 1278 3537 lectiones
1305 3479 1590 3536 distributa
1621 3480 1815 3550 legitur
1842 3495 1963 3534 cum
1993 3481 2094 3534 hac

492 3574 883 3644 inscriptione:
915 3573 981 3628 In
1007 3575 1138 3641 festo
1178 3573 1241 3629 8.
1271 3573 1494 3630 Zenonis
1519 3575 1752 3644 episcopi
1793 3584 1838 3628 et
1891 3579 2094 3646 confes-

491 3667 624 3720 soris
650 3681 668 3730 ;
694 3665 926 3720 alterum
951 3681 1018 3722 ex
1040 3666 1365 3721 Calendario
1386 3678 1648 3737 perpetuo
1672 3667 1738 3722 ad
1760 3667 2093 3724 Tridentina:

493 3756 750 3813 Ecclesiae
784 3772 960 3820 usum,
985 3757 1132 3813 edito
1160 3773 1250 3812 an.
1283 3759 1444 3825 1551,
1481 3775 1509 3812 a
1544 3760 1750 3814 Donato
1783 3759 1972 3824 Fwtio,
2001 3761 2091 3830 ju-

495 3851 656 3907 bente
710 3850 970 3907 cardinali
1041 3852 1438 3922 Cbristopltoro
1485 3853 1782 3920 Madrucio,
1834 3856 2093 3924 episcopo

490 3945 734 4018 ejusdem
794 3946 1072 4011 Ecclesiae,
1128 3949 1272 4018 quod
1304 3948 1358 4002 in
1404 3947 1621 4019 regulas
1667 3964 1810 4003 xxxv
1859 3949 2089 4004 divisum

489 4040 998 4111 concinnatumque.
1041 4039 1157 4096 haec
1193 4041 1280 4096 die
1312 4040 1378 4095 16
1408 4040 1723 4097 Decembris
1747 4042 1975 4112 singulis
2013 4057 2094 4098 re-

489 4135 630 4204 gulis
657 4141 972 4190 constanter
1003 4135 1221 4202 repetit.
1248 4150 1278 4188 a
1311 4133 1405 4188 fol.
1431 4135 1491 4189 ll
1528 4134 1594 4189 ad
1626 4134 1717 4191 fol.
1750 4135 1859 4191 250
1883 4156 1896 4192 :
1921 4134 2090 4191 Zen0~

487 4226 570 4280 nis
591 4225 820 4295 episcOpi
859 4237 908 4280 et
937 4226 1248 4297 confessoris
1278 4225 1312 4281 8
1349 4227 1524 4300 hujus,
1549 4227 1741 4282 scilicet
1773 4226 2086 4292 Decembris,

487 4330 609 4389 qua}
637 4316 754 4388 ejus
774 4314 971 4372 festum
997 4333 1026 4370 a
1058 4320 1146 4372 die
1177 4326 1366 4372 octava
1387 4318 1452 4373 ad
1475 4333 1566 4373 xvn
1587 4319 1899 4376 Decembris
1923 4332 2089 4374 trans.

486 4409 767 4467 ferendum
803 4418 1011 4464 notant.
1045 4410 1285 4481 Denique
1309 4408 1368 4466 S.
1404 4411 1650 4481 Episcopi
1685 4413 2002 4467 memoriam
2032 4414 2086 4470 in

484 4503 691 4560 litaniis
715 4501 956 4572 ejusdem
988 4503 1244 4558 Ecclesiae
1274 4505 1414 4558 inter
1438 4504 1536 4560 SS.
1554 4505 1910 4560 Conlessores
1933 4505 2085 4561 Pon-

2197 3286 2263 3340 ad
2293 3285 2628 3342 Bonifacium
2650 3289 2962 3358 episcopum
2983 3289 3353 3355 Tarvisinunt,
3376 3305 3443 3344 an
3474 3288 3624 3353 “52,
3649 3281 3770 3356 apud

2201 3377 2504 3449 Ugltellium
2555 3395 2676 3450 pag.
2707 3381 2834 3447 5‘27,
2867 3391 3196 3437 memoratur
3226 3382 3370 3452 plebs
3396 3380 3456 3437 S.
3489 3379 3696 3434 Zenonis
3718 3376 3772 3429 de

2199 3469 2415 3536 Rubico,
2439 3474 2526 3543 qui
2556 3488 2720 3545 pagus
2746 3485 2828 3529 est
2855 3475 2922 3529 ad
2945 3474 3142 3530 Anassi
3186 3476 3336 3545 ripas
3358 3516 3376 3544 ,
3423 3484 3581 3544 atque
3603 3473 3665 3526 ab
3685 3473 3772 3526 im-

2196 3566 2535 3622 memorabili
2582 3566 2640 3623 8.
2692 3567 2928 3623 Zenonis
2955 3570 3166 3640 patroni
3199 3570 3396 3626 festum
3427 3569 3657 3626 celebrat
3695 3563 3770 3619 die

2199 3661 2266 3716 12
2307 3663 2507 3732 Aprilis
2537 3662 2604 3718 de
2651 3663 2968 3720 confessore
2999 3664 3279 3720 Pontilice.
3333 3665 3520 3720 Altera
3564 3659 3769 3718 ecclesia

2198 3755 2251 3809 in
2283 3754 2528 3825 ejusdem
2560 3754 2783 3826 Eugenii
2825 3756 2888 3813 Ill
2922 3758 3116 3812 litteris
3144 3769 3445 3815 memorata
3477 3757 3529 3813 in
3555 3755 3770 3813 Asulano

2195 3850 2297 3905 sita
2328 3859 2431 3915 est,
2465 3861 2732 3920 castraque
2765 3850 2828 3907 S.
2861 3850 3088 3906 Zenonis
3130 3867 3328 3909 nomen
3362 3853 3539 3919 dedit,
3593 3853 3639 3906 in
3680 3863 3772 3918 quo

2195 3943 2481 4000 obsidione
2503 3948 2713 4001 cinctus
2740 3956 3038 4018 captusque
3063 3947 3162 4001 fttit
3192 3947 3480 4004 Albericus
3500 3963 3528 4002 a
3550 3947 3772 4001 Romano

2195 4039 2431 4095 Ezzelini
2461 4039 2650 4105 frater,
2682 4039 2824 4110 quod
2853 4039 3188 4096 Rolandinus
3215 4053 3400 4098 narrat
3431 4042 3523 4098 lib.
3551 4057 3641 4107 xu,
3665 4053 3768 4107 cap.

2195 4133 2283 4197 15,
2319 4134 2384 4188 14
2426 4141 2481 4188 et
2521 4132 2606 4188 15.
2645 4131 2720 4187 Ea
2743 4133 2971 4188 ecclesia
2995 4143 3078 4188 est
3102 4133 3432 4204 parochialis
3461 4135 3512 4189 in
3558 4128 3773 4189 Zenonis

2192 4225 2363 4281 nostri
2394 4225 2654 4280 honorem
2685 4225 2862 4280 dicata
2882 4267 2897 4291 ,
2925 4226 3081 4296 cujus
3108 4228 3376 4282 solemnis
3403 4230 3570 4283 festus
3591 4225 3700 4280 dies
3730 4237 3771 4274 VI

2193 4317 2269 4372 ld.
2305 4319 2620 4374 Decembris
2649 4319 2756 4374 ritu
2787 4319 3122 4375 confessoris
3159 4321 3442 4377 Pontificis
3469 4317 3776 4376 colitur.Dic

2189 4421 2369 4467 autem
2401 4427 2478 4468 xu
2504 4418 2538 4466 Α
2551 4414 2700 4483 prilis
2726 4412 3054 4479 devotionis,
3080 4415 3156 4468 uti
3180 4425 3430 4482 vocatur,
3448 4414 3640 4470 festum
3667 4426 3772 4480 per-

2188 4507 2364 4576 agitur
2401 4508 2453 4560 in
2483 4507 2674 4563 mortis
2718 4507 2963 4579 ejusdem
3005 4510 3220 4580 patroni
3252 4513 3597 4586 memoriam,
3649 4507 3774 4562 sicut

485 4596 660 4653 tiﬁces
682 4607 957 4668 peractam
975 4598 1147 4654 codex
1174 4597 1510 4670 Episcopalis
1544 4599 1884 4656 bibliothecae
1919 4600 2078 4657 fidem
2109 4589 2162 4649 D
2188 4608 2243 4654 et
2272 4615 2345 4654 xu
2375 4597 2492 4656 Cal.
2539 4599 2686 4656 Junii
2724 4601 2778 4656 in
2826 4603 3141 4656 memoriam
3190 4603 3563 4659 translationis
3614 4601 3774 4657 simile

485 4688 639 4746 facit.

557 4782 666 4858 [cc]
683 4783 928 4854 Bergomi
958 4783 1200 4854 quinque
1226 4785 1887 4856 ecclesiasinS..Zenonis
1910 4788 2082 4844 hono-

481 4894 597 4934 rem
621 4879 896 4934 dedicatas
923 4879 1213 4948 postremis
1243 4878 1324 4934 liis
1349 4878 1540 4934 diebus
1567 4880 1874 4949 accepimus
1903 4898 1916 4935 :
1942 4897 2078 4952 qua-

481 4979 608 5025 tuor
637 4969 1008 5040 parocbiales,
1035 4969 1187 5026 Caeni
1207 5011 1222 5037 ,
1253 4969 1527 5033 Tresollii,
1569 4970 1808 5028 Albiveri
1828 5015 1843 5040 ,
1875 4974 2076 5039 Senici,

482 5069 540 5118 et
569 5063 815 5132 quintum
841 5063 1138 5118 oratorium
1168 5063 1219 5117 in
1255 5064 1486 5134 partecia
1514 5063 1892 5119 Curnasceusi.

552 5154 610 5209 lu
647 5155 885 5210 Vicetina
907 5155 1132 5211 dioecesi
1164 5166 1274 5211 tres
1299 5155 1637 5226 parochiales
1657 5158 1922 5224 ecclesias,
1956 5156 2081 5213 Col-

479 5245 559 5313 tii,
593 5245 838 5316 Resegte,
862 5256 917 5302 et
947 5247 1006 5302 S.
1040 5246 1274 5303 Zenonis
1305 5247 1357 5302 in
1391 5247 1710 5302 Bassanensi
1741 5264 1874 5319 agro
1901 5249 2074 5305 eidem

478 5338 682 5393 Sancto
734 5347 1056 5408 nuncupata:
1087 5340 1196 5409 jam
1249 5340 1318 5394 ab
1351 5341 1576 5411 antiquo
1625 5348 1822 5409 praeter
1858 5356 2072 5398 onmem

478 5434 793 5488 memoriam
829 5433 1108 5489 hominum
1138 5437 1523 5498 inveniuntur;
1574 5446 1630 5493 et
1673 5436 1782 5493 duo
1810 5449 2074 5507 praeterea

473 5528 713 5583 oratoria
741 5571 754 5592 ,
798 5528 1026 5583 alterum
1071 5530 1450 5600 perantiquum
1499 5530 1552 5586 in
1605 5547 1739 5601 rupe
1787 5532 2068 5603 cujusdam

473 5621 694 5685 momis,
724 5619 792 5675 ad
840 5619 1058 5676 Costam
1113 5619 1392 5676 Fabricam
1444 5623 1769 5692 insculptum
1793 5665 1806 5690 ,
1838 5625 2069 5680 alterum

469 5723 774 5780 cnmpestre
833 5713 1122 5784 Arzignani
1186 5712 1457 5784 parocltia:
1521 5715 1822 5785 subjectum
1874 5717 2067 5773 eodem

499 5804 612 5859 tnlo
633 5805 890 5876 gaudent.

2190 4691 2386 4746 festum
2415 4693 2743 4760 celebratur,
2769 4709 2891 4750 cum
2919 4701 3079 4750 antea
3105 4703 3337 4765 utroque
3357 4696 3449 4752 die
3476 4704 3532 4751 ct
3552 4694 3770 4750 officium

2189 4793 2246 4839 et
2278 4786 2460 4840 miSse
2489 4787 2719 4840 solemni
2751 4786 2856 4842 ritu
2884 4784 3098 4842 ﬁerent.
3132 4787 3190 4843 In
3215 4788 3375 4844 Brevi
3407 4787 3695 4846 Alexandri
3721 4799 3772 4840 ut

2189 4892 2277 4930 an.
2328 4877 2503 4945 1170,
2561 4879 3000 4950 pru_'l‘arvisime
3043 4881 3292 4937 ecclesiae
3339 4883 3592 4955 (lapitulo
3641 4877 3770 4950 apud

2188 4969 2514 5042 Ugltellium,
2547 4987 2668 5043 pag.
2699 4973 2828 5036 526,
2854 4972 3202 5028 nominantur
3227 4985 3379 5029 terra:
3407 4977 3618 5041 vicinis,
3659 4986 3773 5042 quas

2182 5063 2401 5132 habetis,
2435 5067 2629 5136 inquit,
2653 5066 2707 5120 in
2739 5065 2800 5122 8.
2832 5065 3060 5134 Zenone,
3093 5081 3148 5123 at
3174 5067 3337 5138 hujus
3361 5069 3612 5125 ecclesiae
3637 5064 3769 5122 nulla

2184 5174 2326 5214 nunc
2365 5161 2628 5215 memoria
2658 5173 2929 5232 superest.
2968 5161 3112 5218 Intra
3158 5165 3294 5220 lines
3336 5164 3660 5236 parocltialis
3692 5176 3772 5217 ec-

2180 5251 2362 5307 clesiae
2411 5253 2468 5308 S.
2524 5252 2778 5320 Martini,
2825 5271 2948 5327 qure
2987 5271 3017 5308 a
3066 5255 3313 5312 Tarvisio
3338 5257 3508 5313 distat
3536 5256 3771 5328 passibus

2185 5344 2355 5400 ferme
2403 5345 2569 5410 mille,
2603 5345 2876 5404 invenitur
2905 5347 3079 5405 adhuc
3127 5365 3288 5420 parva
3311 5352 3546 5407 ecclesia
3576 5351 3634 5407 8.
3681 5347 3772 5402 Ze-

2181 5439 2308 5493 noni
2337 5454 2510 5494 sacra.
2544 5439 2693 5496 Hanc
2719 5452 2898 5496 autem
2930 5442 3302 5514 perantiquam
3320 5458 3470 5510 esse,
3492 5451 3549 5498 et
3570 5454 3771 5497 monas-

2181 5533 2375 5586 terium
2406 5535 2677 5604 quondam
2706 5533 2876 5590 fuisse
2897 5533 3202 5606 Virginum,
3231 5553 3351 5609 qum
3378 5537 3574 5592 Abbati
3602 5533 3769 5604 magni

2177 5629 2419 5686 Cmuobii
2453 5635 2508 5686 8.
2536 5631 2773 5688 Zenonis
2802 5633 3030 5689 Verona:
3057 5636 3377 5690 exsistentis
3404 5636 3644 5701 suberat,
3661 5630 3768 5687 col-

2174 5724 2358 5793 ligitur
2384 5742 2448 5780 ex
2471 5725 2657 5780 cltarta
2695 5743 2785 5782 an.
2825 5727 2985 5794 1258,
3019 5743 3050 5782 a
3086 5729 3303 5785 laudato
3329 5727 3614 5785 Canonico
3638 5725 3770 5782 indi-

2174 5830 2316 5883 cata,
2348 5816 2404 5874 in
2431 5833 2536 5890 qua
2566 5817 2792 5877 Domina
2811 5820 3004 5892 Agnes,
3029 5822 3149 5892 ejus
3172 5822 3442 5879 Tarvisini
3465 5815 3770 5880 monasterii
