3960 6330
276 310 378 365 ιειες

1127 307 1582 366 DIS'SEBTATIO
1609 309 1694 375 Ill,
1719 308 1808 365 DF.
1843 310 1898 364 S.
1929 309 2083 367 ΖΕΝ.
2121 310 2319 369 AC'I‘IS
2351 313 2436 370 ET
2464 315 2714 375 (IULTU.

3463 329 3567 382 186

270 426 328 483 S.
378 425 616 482 Zenonis
663 427 945 493 monialis,
985 426 1174 484 eodem
1219 429 1427 484 Abbate
1493 428 1868 484 consentiente
1896 433 1947 492 Α
1977 438 2087 496 net,
2149 445 2198 484 γι
2235 429 2358 488 ldus
2389 434 2707 491 Decembris
2755 437 2870 493 lucc
2925 440 2978 496 in
3023 440 3348 499 Calendario
3392 453 3572 500 notata

271 519 451 574 Fratri
486 519 736 576 Mattiaco
775 520 945 576 Priori
976 523 1132 577 totius
1156 523 1353 578 ordinis
1375 526 1599 596 fratrum
1633 521 1870 577 Heremi-

272 622 519 666 tanorum
560 629 657 669 eas
698 629 887 668 omnes
930 613 1170 670 rationes
1217 615 1479 681 donavit,
1527 631 1648 686 quae
1697 615 1749 670 in
1805 630 1871 670 ea

266 705 324 763 S.
358 707 596 762 Zenonis
639 708 868 763 ecclesia
901 709 1000 764 sibi
1043 721 1196 764 erant
1219 751 1234 774 ,
1264 724 1372 764 uno
1409 711 1686 764 usulructu
1723 709 1865 776 sibi,

265 803 443 872 quoad
476 803 705 868 viveret,
740 813 971 868 retento,
1001 805 1070 857 ita
1097 812 1154 858 ut
1176 803 1351 858 solum
1377 816 1493 874 post
1526 804 1696 874 ipsius
1718 818 1864 857 mor-

267 903 375 947 tem
406 894 738 948 lleremitani
773 895 969 950 fratres
1012 897 1064 950 in
1107 910 1293 950 earum
1342 897 1610 950 rationmn
1655 911 1868 964 posses-

262 987 476 1042 sionem
506 987 756 1042 venirent
776 1005 789 1040 :
811 988 954 1056 quod
972 987 1186 1054 quidem
1206 1003 1306 1042 suo
1332 997 1575 1059 tempore
1601 985 1731 1062 [cu]
1760 987 1867 1042 fac-

263 1085 376 1131 tum
398 1093 466 1132 ex
497 1079 604 1134 alia
629 1079 818 1135 charta
842 1079 910 1134 ab
935 1079 1124 1136 eodem
1153 1079 1430 1136 Canonico
1462 1083 1675 1136 iuventa
1701 1093 1866 1152 atque

261 1169 494 1225 collecta
544 1170 890 1227 manifestum
921 1183 1024 1228 est.
1049 1171 1106 1229 In
1135 1172 1232 1227 bac
1257 1189 1419 1244 porro
1449 1175 1674 1231 eccleda
1705 1177 1866 1234 hodie

261 1277 480 1333 quoque
535 1278 685 1318 sacra
729 1264 800 1320 de
851 1264 1162 1320 confrssore
1211 1264 1468 1321 Pontilice
1512 1280 1859 1337 peraguntur.

259 1355 550 1412 Postuma:
573 1357 617 1412 Τ
622 1359 874 1414 arvisinte
898 1360 1098 1430 pariter
1124 1359 1378 1417 dimcesis
1413 1361 1470 1417 S.
1515 1360 1750 1418 Zenonis
1777 1379 1865 1418 ec-

259 1451 427 1505 clesia
474 1461 747 1522 superest,
782 1455 832 1506 in
881 1470 985 1525 qua
1039 1454 1216 1509 Pridie
1246 1455 1370 1510 ldus
1421 1445 1626 1526 Aprilis
1664 1459 1861 1516 festum

259 1545 590 1602 celebratur.
623 1546 697 1602 lbi
717 1558 896 1603 autem
929 1549 1070 1604 idem
1105 1549 1334 1606 Sanctus
1355 1552 1626 1623 praecipuo
1657 1553 1862 1611 honore

259 1639 702 1712 populorumque
735 1642 1082 1698 finitimorum
1114 1644 1374 1716 religione
1410 1646 1642 1716 quadam
1673 1648 1858 1719 singu-

258 1733 356 1787 lari
384 1733 611 1798 colitur,
635 1735 833 1806 quippe
864 1735 1088 1806 singulis
1124 1737 1329 1806 quartis
1360 1736 1654 1793 Dominicis
1680 1740 1860 1808 cujus-

1977 521 2199 593 prml'ert
2231 541 2244 578 :
2289 523 2567 598 Conceptio
2594 528 2657 584 8.
2698 529 2885 587 Maria:
2923 532 3064 608 Virg.
3100 534 3323 592 Zenonis
3350 538 3576 608 episcopi

1972 627 2020 674 et
2050 618 2377 686 confessoris,
2405 635 2470 676 ex
2497 624 2695 692 quibus
2733 641 2794 681 ea
2835 627 3075 684 Ecclesia
3109 630 3291 686 Sancti
3328 631 3570 702 ejusdem

1971 716 2544 771 commemorationem
2576 727 2698 788 post
2739 719 3013 778 inductam
3039 723 3422 796 Conceptionis
3459 726 3571 781 fes-

1973 807 2232 863 li\iltlleln
2263 807 2454 866 fecisse
2480 813 2844 882 cognoscitur,
2878 831 3000 870 cum
3032 827 3188 873 antea
3222 819 3305 892 (nt
3333 817 3461 874 alibi
3483 833 3573 874 ac-

1970 898 2122 972 cidit)
2147 899 2214 955 de
2244 901 2301 957 S.
2334 901 2556 960 Zenone
2584 905 2822 961 ofﬁcium
2849 907 3171 965 celebraret.

2043 995 2177 1062 Quid
2223 995 2290 1050 de
2336 999 2666 1068 Aquileiensi
2713 999 2955 1056 Ecclesia
2994 1001 3281 1059 dicamus?
3323 1004 3376 1059 in
3415 1003 3570 1074 cujus

1968 1091 2192 1158 antiquo
2220 1092 2546 1150 Calendario
2571 1093 2659 1150 die
2701 1111 2794 1150 vm
2829 1095 3139 1154 Decembris
3168 1101 3351 1165 festum
3376 1098 3436 1154 8.
3465 1096 3567 1154 Ze-

1969 1185 2116 1238 nonis
2146 1187 2370 1258 episcopi
2395 1198 2441 1241 et
2465 1191 2773 1258 confessoris
2803 1206 2918 1244 cum
2949 1191 3109 1246 tribus
3135 1191 3203 1245 ad
3256 1191 3566 1246 Matutinum

1967 1275 2270 1331 lectionibus
2309 1278 2692 1334 celebrandum
2725 1283 2900 1338 notari
2939 1284 3243 1339 observavit
3287 1284 3345 1338 P.
3394 1283 3565 1339 Ilens-

1966 1368 2190 1425 chenius
2241 1387 2359 1441 pag.
2410 1372 2498 1426 70.
2569 1373 2806 1429 Venetiis
2857 1391 3075 1448 quoque
3117 1376 3298 1431 simile
3347 1375 3564 1445 quidam

1965 1462 2094 1516 olim
2129 1475 2402 1534 peractum
2433 1465 2500 1520 ad
2537 1469 2792 1523 saeculum
2824 1484 2992 1540 usque
3039 1485 3130 1524 xv:
3160 1484 3226 1526 ex
3264 1469 3482 1526 Peretto
3506 1469 3570 1524 li-

1965 1567 2093 1627 quet
2121 1599 2134 1623 ,
2175 1559 2264 1628 qui
2307 1557 2511 1614 Veneta
2552 1560 2870 1616 Calentlaria
2926 1563 3066 1634 typis
3102 1563 3224 1618 data
3271 1562 3468 1633 allegat
3513 1563 3565 1617 ιιι

1965 1645 2199 1703 Scltoliis
2229 1647 2432 1704 Latinis
2470 1650 2536 1706 ad
2567 1651 2746 1707 Vitam
2772 1652 2828 1708 S.
2861 1652 3122 1722 Zenonis,
3158 1668 3278 1725 pag.
3305 1654 3398 1718 8|,
3431 1653 3564 1710 edit.

1966 1742 2124 1822 1598,
2164 1743 2252 1800 ubi
2285 1744 2412 1800 item
2445 1746 2548 1801 alia
2581 1746 2902 1803 Calendaria
2928 1748 3120 1804 Brixia:
3143 1758 3198 1804 et
3223 1749 3450 1804 aliarum
3479 1747 3568 1804 Ci-

256 1842 362 1898 que
415 1831 623 1883 mensis
658 1845 752 1898 per
803 1840 1043 1884 1-staletn
1079 1872 1092 1895 ,
1138 1833 1483 1900 processinne
1527 1832 1755 1900 intlieta,
1794 1833 1858 1888 ad
1891 1845 1939 1904 Β
1966 1838 2189 1893 vitatum
2218 1839 2449 1908 appellat
2481 1841 2640 1894 etiam
2676 1841 2972 1908 impressa,
3001 1857 3122 1910 quae
3149 1841 3236 1897 die
3259 1857 3333 1896 xu
3361 1841 3567 1912 Aprilis

256 1937 374 1977 eam
401 1922 696 1978 ecclesiam
738 1922 1161 1993 frequentissimi
1181 1924 1483 1991 conﬂuunt,
1504 1935 1557 1980 ut
1580 1926 1696 1997 ejus
1719 1927 1859 1996 apud

257 2012 431 2068 Deum
484 2013 846 2085 patrocinium
889 2031 988 2086 pro
1017 2031 1268 2088 agrorum
1313 2019 1576 2076 reditibus
1616 2020 1716 2077 sibi
1759 2021 1859 2077 tle-

259 2119 578 2180 precentur.

325 2203 499 2260 Gradi
540 2206 742 2262 sccculo
788 2220 935 2262 nono
963 2207 1246 2263 ecclesiam
1292 2209 1350 2262 S.
1381 2207 1612 2265 Zenonis
1654 2211 1861 2281 jamdiu

258 2298 582 2353 fabricatam
609 2307 839 2356 testatur
865 2300 1247 2357 documentum
1271 2318 1302 2357 e
1322 2318 1426 2358 ms.
1452 2301 1656 2358 editum
1685 2305 1738 2358 in
1764 2319 1862 2359 no-

256 2391 480 2446 vissima
513 2391 724 2462 Ugbelli
748 2392 987 2449 editione
1012 2403 1145 2450 tum.
1175 2411 1228 2460 ν,
1262 2409 1382 2467 pag.
1417 2397 1578 2462 “02,
1613 2397 1701 2450 ubi
1731 2396 1861 2453 For-

260 2495 488 2541 tunatus
511 2485 823 2541 Patriarclta
852 2485 1175 2552 Gradensis,
1207 2489 1296 2557 qui
1320 2487 1452 2542 obiit
1479 2504 1568 2543 an.
1600 2489 1728 2553 826,
1761 2504 1866 2544 me-

259 2592 524 2642 morans,
558 2594 671 2648 qua:
699 2579 886 2649 legavit
921 2595 981 2632 ac
1017 2579 1175 2650 fecit,
1207 2589 1452 2636 recenset
1499 2582 1640 2637 inter
1666 2592 1863 2638 caetera

257 2671 311 2723 in
356 2669 422 2725 S.
476 2669 688 2726 Zenone
735 2672 790 2724 in
838 2671 1050 2725 circuitu
1096 2672 1260 2727 altare
1301 2682 1347 2726 et
1392 2673 1610 2745 desuper
1657 2675 1866 2747 palcum

258 2783 440 2823 ωηιξη.

330 2863 577 2919 Torcelli
625 2864 684 2920 S.
728 2863 964 2920 Zenonis
1006 2866 1211 2920 cultum
1257 2865 1596 2920 demonstrat
1635 2865 1866 2921 ecclesia

261 2958 378 3029 ejus
432 2959 502 3014 de
531 2960 748 3013 nomine
788 2970 1088 3031 nuncupata
1112 2959 1165 3014 in
1197 2959 1492 3030 diplomate
1531 2956 1788 3022 Friderici
1822 2957 1864 3023 1,

261 3051 388 3107 dato
412 3052 1042 3110 LeonardoTorcellano
1060 3055 1336 3124 episcopo,
1368 3070 1458 3108 an.
1490 3055 1651 3118 H77,
1681 3069 1802 3125 pag.
1834 3054 1868 3110 ‘5

262 3147 544 3216 prodromi
592 3147 795 3216 prxﬂxi
827 3148 1000 3205 codici
1044 3149 1180 3218 juris
1208 3149 1447 3219 gentium
1477 3149 1825 3219 diplomatico
1849 3189 1864 3215 ,

1964 1930 2332 2001 praeferebant
2362 1932 2422 1988 8.
2470 1931 2692 1988 Zenonis
2732 1935 2964 2004 episcopi
3009 1933 3343 1989 Veronensis.
3389 1931 3566 1989 Cano-

1964 2025 2120 2080 nicus
2146 2025 2366 2080 Scottus
2388 2068 2402 2091 ,
2445 2027 2597 2097 cujus
2628 2043 2800 2098 nuper
2827 2028 3205 2093 meminimus,
3239 2043 3337 2098 per
3362 2027 3567 2098 episto-

1965 2115 2044 2171 las
2083 2117 2445 2188 signiﬂcavit,
2479 2119 2532 2174 in
2570 2120 2946 2192 manuscripto
2985 2135 3098 2176 sua:
3123 2119 3421 2176 Tarvisinm
3464 2118 3567 2175 Ec-

1964 2210 2144 2266 clesia:
2184 2210 2507 2267 Calendario
2537 2226 2606 2266 an
2647 2212 2820 2278 1525,
2850 2213 2992 2284 quod
3023 2215 3092 2268 ab
3131 2211 3436 2284 antiquiore
3482 2228 3570 2268 ex-

1965 2305 2224 2373 scriptum
2273 2313 2492 2368 monet,
2543 2303 2630 2359 die
2675 2317 2860 2360 octava
2907 2304 3220 2360 Decembris
3251 2303 3367 2360 hzec
3414 2303 3565 2374 legi:

1968 2399 2028 2452 8.
2072 2396 2296 2452 Zenonis
2321 2399 2550 2470 episcOpi
2581 2409 2627 2452 et
2671 2398 2984 2467 confessoris
3017 2414 3069 2453 Ix
3115 2399 3290 2462 lectio,
3339 2395 3568 2466 Concep-

1967 2492 2036 2544 tio
2080 2489 2254 2546 Beata
2299 2492 2484 2547 Mariae
2509 2494 2719 2562 duplex.
2753 2491 3072 2547 Mutinensis
3099 2490 3357 2547 Ecclesiae
3381 2490 3573 2546 Calen-

1966 2583 2177 2639 darium
2208 2587 2470 2654 scriptum
2505 2587 2722 2639 ineunte
2754 2583 2954 2638 saeculo
2988 2599 3042 2638 XI
3074 2584 3277 2638 editum
3309 2598 3338 2636 a
3378 2580 3572 2637 Baebi-

1969 2678 2061 2732 nio
2085 2688 2205 2748 post
2252 2679 2556 2750 Agnellum,
2612 2678 2902 2732 novissime
2925 2685 3104 2731 autem
3131 2691 3379 2731 recusum
3422 2672 3572 2748 [cur]

1970 2781 2099 2828 tom.
2125 2788 2183 2838 ll,
2211 2782 2349 2842 part.
2384 2790 2432 2836 ι,
2464 2772 2591 2828 Rer.
2627 2772 2880 2837 Italiam,
2917 2787 3035 2840 pag.
3069 2770 3196 2838 218,
3227 2786 3282 2824 γι
3325 2768 3416 2826 Id.
3444 2768 3568 2823 Dec.

1971 2865 2216 2921 Dalmatii
2236 2877 2283 2923 et
2298 2865 2519 2921 Zenonis
2542 2865 2730 2922 festum
2751 2876 2963 2928 notans.
2980 2863 3153 2919 ollicia
3167 2863 3235 2919 de
3254 2863 3336 2918 bis
3354 2861 3570 2918 Mutina:

1969 2958 2149 3014 habita
2188 2959 2322 3014 satis
2364 2959 2586 3014 indicat.
2632 2958 2687 3013 ln
2733 2958 3060 3013 monasterio
3107 2970 3322 3027 quoque
3371 2955 3571 3010 montis

1966 3049 2178 3106 Cassini
2223 3052 2391 3107 nostri
2423 3051 2608 3108 Sancti
2639 3050 2899 3109 memoria
2947 3051 2998 3104 in
3040 3049 3211 3104 sacris
3241 3047 3438 3102 o'l'liciis
3471 3045 3567 3102 lie-

1971 3145 2091 3209 bat,
2128 3155 2184 3198 ut
2222 3160 2291 3200 ex
2318 3143 2646 3199 Calendario
2673 3142 2740 3198 ad
2786 3141 2916 3197 illud
2967 3140 3354 3196 monasterium
3403 3138 3568 3210 perti-

259 3255 427 3308 quem
471 3239 774 3295 Leibnitius
811 3240 998 3296 edidit.
1055 3240 1152 3296 Hic
1189 3243 1350 3298 etiam
1379 3240 1640 3296 addemus
1669 3241 1862 3296 obser-
1889 3241 1934 3302 C
1969 3246 2132 3293 nente
2155 3279 2169 3302 ,
2201 3245 2257 3293 et
2306 3238 2452 3292 edito
2501 3246 2634 3291 tom.
2665 3252 2736 3291 vn
2778 3235 2906 3292 Rer.
2957 3235 3260 3290 Italicarum
3282 3274 3298 3301 ,
3345 3249 3398 3304 p.
3432 3231 3560 3299 956,

260 3333 538 3387 vationem
588 3348 693 3388 non
738 3332 1252 3402 praetermittendam
1282 3349 1347 3390 ex
1390 3350 1492 3388 ms.
1525 3334 1864 3388 membrana-

260 3439 362 3480 ceo
388 3424 448 3478 S.
481 3425 661 3480 Mariae
706 3427 772 3480 de
811 3427 981 3482 Domo
1018 3427 1165 3480 ttrbis
1203 3425 1546 3480 Veronensis.
1580 3425 1677 3480 llic
1717 3425 1862 3480 enim

257 3517 434 3574 codex
465 3517 721 3588 scriptus,
752 3525 808 3573 ut
829 3517 993 3573 certis
1021 3533 1085 3574 ex
1114 3517 1324 3574 indiciis
1354 3517 1540 3588 liquet,
1563 3517 1762 3573 saeculo
1785 3532 1861 3582 χι,

257 3611 362 3667 etsi
399 3609 632 3666 Verona:
673 3610 831 3666 nobis
873 3611 1122 3666 inventus
1148 3611 1276 3676 luit,
1305 3626 1372 3666 ex
1399 3609 1613 3665 Sanctis
1657 3618 1862 3675 tamen,

256 3706 350 3777 qui
380 3707 434 3760 in
462 3706 786 3762 Calendsrio
815 3706 1037 3777 ιιι-ιιιῐίχο
1063 3722 1127 3761 ac
1157 3708 1208 3761 in
1243 3706 1442 3762 litauiis
1470 3718 1860 3771 memorantur,

257 3812 408 3872 patet
452 3803 723 3872 proprium
764 3801 930 3858 fuisse
965 3803 1217 3858 Ecclesim
1246 3803 1578 3858 Torcellanze
1601 3843 1618 3870 ,
1649 3813 1740 3858 aut
1776 3802 1861 3856 al-

257 3897 434 3952 terius
481 3911 550 3952 ex
589 3896 688 3963 iis,
728 3912 848 3966 quae
891 3896 946 3951 in
989 3897 1256 3953 mstuariis
1300 3897 1627 3953 Venetorum
1676 3897 1862 3966 posita:

256 3999 438 4046 erant.
471 3991 568 4046 Hic
595 4007 726 4062 ergo
758 3992 895 4046 liber
937 4007 1041 4046 non
1071 3992 1242 4047 solum
1284 3992 1342 4048 8.
1385 3991 1620 4048 Zenonis
1665 3993 1860 4048 festum

255 4100 322 4141 ea
351 4085 406 4139 in
437 4084 680 4140 Ecclesia
707 4099 804 4141 seu
827 4084 1080 4148 Torcelli,
1116 4097 1210 4141 seu
1236 4086 1460 4141 alterius
1485 4085 1859 4140 mstuariorum

257 4177 598 4233 Venetorum
655 4177 803 4233 urbis
841 4176 1171 4232 celebratum
1219 4176 1400 4246 prodit
1430 4192 1483 4232 v1
1529 4177 1603 4231 Id.
1640 4176 1862 4231 Dccem-

257 4270 406 4336 bris;
460 4269 558 4324 sed
608 4269 850 4339 ejusdem
898 4268 1062 4324 etiam
1116 4285 1311 4325 nomen
1369 4270 1419 4323 in
1473 4268 1674 4323 litauiis
1722 4272 1863 4325 inter

255 4362 619 4419 Confessores
664 4363 929 4418 incertum
959 4361 1176 4418 exhibet
1205 4361 1259 4416 in
1289 4360 1490 4418 Ordine
1531 4362 1596 4416 ad
1628 4362 1859 4417 dandam

245 4458 639 4530 “paenitentiam
671 4457 750 4512 sic
779 4473 792 4510 :
831 4455 892 4512 S.
917 4456 1218 4528 Augustine,
1246 4455 1304 4513 8.
1334 4455 1570 4522 Nicolae,
1606 4455 1665 4511 8.
1696 4456 1858 4522 Zeno,

257 4552 320 4608 S.
365 4549 616 4616 Procula,
660 4560 765 4606 etc.
794 4592 809 4617 ,
842 4549 1036 4621 quibus
1081 4549 1136 4605 in
1178 4550 1376 4605 litauiis
1403 4566 1526 4604 cum
1557 4559 1858 4619 temporum

1967 3333 2019 3386 in
2051 3347 2160 3402 quo
2184 3333 2303 3403 ejus
2330 3332 2528 3386 festum
2553 3341 2787 3395 notatur,
2820 3330 2944 3384 licet
2969 3342 3319 3398 cognoscere.
3349 3327 3488 3396 Quin
3513 3327 3565 3381 in

1967 3426 2217 3481 universa
2296 3425 2715 3496 congregatione
2779 3424 2974 3479 Montis
3039 3423 3248 3478 Cassini
3323 3422 3562 3491 ejusdem

1967 3519 2149 3576 Sancti
2198 3521 2514 3574 memoriam
2548 3526 2820 3591 peractam
2861 3519 3148 3574 didicimus
3192 3533 3257 3572 ex
3301 3516 3567 3572 Calenda-

1966 3613 2047 3666 rio
2068 3654 2082 3676 ,
2113 3613 2255 3684 quod
2293 3613 2568 3682 praeﬁxum
2613 3613 2846 3668 vidimus
2875 3611 3134 3666 Psalterio
3159 3610 3451 3665 Monastico
3479 3626 3565 3663 or-

1964 3703 2101 3759 dinis
2131 3703 2192 3760 8.
2222 3702 2485 3759 Benedicti
2527 3702 2949 3776 Congregntionis
2982 3702 3302 3759 Cassinensis
3341 3701 3401 3756 8.
3441 3699 3568 3754 Jus-

1966 3799 2086 3854 tinte
2125 3799 2188 3854 de
2223 3799 2426 3867 Padua,
2470 3799 2703 3854 Venetiis
2729 3800 2876 3854 edito
2907 3812 2994 3852 an.
3028 3797 3196 3863 1006,
3229 3797 3282 3852 in
3311 3811 3417 3867 quo
3449 3794 3564 3850 hmc

1966 3892 2219 3962 leguntur
2262 3909 2449 3950 mense
2501 3892 2810 3948 Decembris
2858 3892 2946 3946 die
2989 3897 3182 3946 octavo
3224 3907 3237 3944 :
3286 3887 3564 3956 Conceptio

1966 3985 2030 4040 Β.
2066 3985 2254 4041 Maria:
2290 3985 2536 4058 Virginis,
2559 3987 2756 4056 duplex
2785 3986 2977 4057 majus,
3003 3996 3050 4040 et
3071 3983 3296 4038 Zenonis
3336 3982 3564 4054 episcopi

1963 4089 2010 4132 et
2033 4081 2274 4150 martyris
2295 4081 2710 4132 commemoratio
2733 4095 2751 4143 ;
2779 4094 2898 4149 qua:
2929 4077 3142 4147 quidem
3170 4089 3563 4130 commemora-

1967 4172 2060 4238 tio,
2090 4173 2186 4229 sed
2212 4188 2333 4229 cum
2357 4175 2476 4230 solo
2504 4174 2786 4229 sacerdotis
2813 4172 3198 4245 et'confessoris
3227 4169 3402 4236 titulo,
3434 4170 3560 4224 item

1965 4265 2160 4338 lcgitur
2209 4268 2400 4323 eodem
2458 4267 2546 4324 die
2607 4269 2658 4322 in
2710 4282 2810 4322 ms.
2878 4266 3150 4322 Breviario
3194 4263 3563 4328 Benedictino,

1965 4360 2168 4430 scripto
2193 4361 2332 4416 circa
2383 4359 2592 4415 initium
2627 4376 2694 4414 xv
2725 4361 2908 4416 saeculi
2937 4403 2951 4426 ,
2983 4358 3126 4429 quod
3169 4357 3234 4413 ad
3275 4357 3564 4413 'l‘icinense

1964 4453 2353 4508 monasterium
2395 4452 2718 4523 pertinebat.
2771 4452 2882 4506 lloc
2929 4460 3107 4506 autem
3155 4451 3275 4506 loco
3316 4450 3566 4504 omittere

1966 4545 2220 4600 nolumus
2266 4547 2319 4601 in
2363 4545 2687 4602 Calendario
2727 4561 2941 4618 quoque
2985 4545 3244 4600 Breriarii
3277 4561 3379 4600 ms.
3428 4543 3564 4600 Fra-

256 4650 393 4703 ordo
425 4648 478 4701 in
507 4647 631 4702 aliis
669 4646 884 4702 Sanctis
914 4644 1261 4700 recensendis
1305 4659 1644 4716 nequaquam
1679 4653 1862 4700 tenea-
1889 4641 1940 4702 l)
1969 4648 2106 4693 trum
2155 4639 2456 4703 Minorum,
2501 4639 2644 4708 qttod
2697 4641 2747 4693 in
2797 4639 3129 4695 'l'ridentina:
3174 4638 3430 4694 Ecclesite
3483 4637 3564 4691 bi-

259 4751 368 4805 tur,
403 4739 543 4794 niltil
577 4737 794 4803 mirum,
828 4738 872 4793 si
902 4737 961 4793 S.
994 4737 1142 4792 Zeno
1171 4746 1369 4807 pra-ter
1395 4738 1622 4791 aliarum
1652 4737 1865 4792 litania-

253 4848 377 4888 rum
426 4832 694 4886 rationem
725 4830 781 4886 S.
824 4830 1054 4885 Proculo
1085 4829 1387 4900 pra-fertur.
1420 4829 1553 4885 Cum
1601 4845 1764 4900 porro
1805 4829 1862 4884 in

259 4923 482 4979 laudato
519 4921 844 4977 Calendario
889 4937 941 4977 vr
988 4920 1072 4976 Id.
1119 4919 1412 4977 Decembris
1474 4921 1707 4977 Zenonis
1752 4922 1866 4994 epi—

256 5017 407 5085 se0pi
435 5016 634 5070 festum
663 5024 932 5085 ponatur;
955 5014 1079 5069 inde
1107 5015 1305 5071 factum
1334 5015 1610 5070 credimus
1669 5024 1724 5068 ut
1757 5015 1862 5070 Pe-

259 5119 374 5164 trus
394 5109 464 5164 de
485 5109 790 5174 Natalibus,
821 5110 1110 5179 episcopus
1133 5109 1434 5180 Equilinus,
1457 5109 1526 5164 iis
1548 5110 1600 5165 in
1623 5110 1865 5180 partibus

255 5205 467 5275 degens
493 5245 508 5267 ,
541 5217 664 5257 cum
693 5201 1042 5257 observasset
1065 5201 1119 5256 in
1161 5201 1422 5257 Eeclesiis
1450 5202 1552 5257 sibi
1577 5203 1721 5258 notis
1746 5203 1865 5272 ejus

256 5295 441 5350 Sancti
475 5293 794 5348 meritoriam
826 5308 893 5348 eo
917 5291 1006 5349 die
1031 5302 1294 5360 notatam,
1319 5292 1583 5362 putaverit
1611 5293 1862 5350 eumdem

255 5387 400 5444 diem
425 5387 666 5444 Zenonis
696 5387 1050 5442 emortualem
1083 5387 1272 5455 fuisse,
1304 5403 1367 5442 ac
1391 5389 1615 5458 proinde
1644 5390 1695 5443 in
1717 5397 1864 5444 cata-

257 5483 384 5553 logo
413 5482 514 5538 SS.
550 5480 646 5535 lib.
680 5495 716 5546 ι,
747 5495 867 5552 cap.
897 5481 989 5547 45,
1019 5481 1300 5552 scripserit
1330 5499 1345 5539 :
1380 5481 1447 5537 In
1477 5498 1602 5556 pace
1629 5483 1866 5556 migravit

255 5581 328 5634 ad
356 5579 636 5633 Dominum
664 5593 718 5634 Vt
750 5575 837 5632 Id.
870 5575 1185 5634 Decembris.

332 5675 388 5730 In
429 5673 620 5741 Canali
666 5673 1029 5743 Forojuliensi
1075 5689 1210 5745 pago
1255 5673 1356 5729 sub
1403 5675 1743 5746 imperatoris
1781 5673 1864 5730 di-

257 5770 405 5825 tione
435 5767 494 5826 S.
535 5767 772 5824 Zenonis
804 5770 1032 5825 ecclesia
1073 5779 1278 5835 exstat;
1303 5781 1358 5826 et
1388 5770 1723 5826 Breviarinm
1757 5786 1860 5827 ms.

255 5861 445 5918 sz‘culi
487 5875 576 5917 xtv
596 5905 609 5928 ,
640 5861 782 5931 quod
811 5861 877 5917 ad
916 5860 1342 5932 Foroiuliensem
1375 5863 1662 5919 ecclesiam
1697 5862 1863 5933 perti-

1970 4735 2234 4790 bliotbeca
2269 4743 2512 4805 prostat,
2543 4733 2792 4790 similiter
2821 4735 2922 4805 legi
2960 4751 2972 4788 :
3015 4749 3102 4788 \‘lll
3138 4731 3262 4788 Dec.
3289 4731 3567 4800 Conceptio

1969 4829 2030 4886 S.
2083 4828 2269 4884 Μαι-ξω
2318 4827 2566 4901 Virginis,
2610 4841 2659 4886 et
2705 4830 2766 4885 8.
2810 4828 3034 4884 Zenonis
3079 4827 3389 4897 confessoris
3432 4842 3452 4879 :
3499 4839 3563 4879 ex

1967 4925 2162 4996 quibus
2220 4926 2287 4980 ab
2323 4925 2514 4981 ordine
2540 4927 2703 4981 etiam
2759 4923 3004 4980 Fratrum
3037 4922 3299 4977 Miuurnm
3342 4920 3400 4976 S.
3446 4919 3570 4988 Epi-

1965 5037 2188 5090 scopum
2220 5031 2379 5077 extra
2424 5021 2690 5076 Veronam
2721 5020 2926 5076 cultum
2955 5019 3119 5072 luisse
3166 5017 3565 5086 cognoscimus.

1965 5111 2100 5168 Cum
2127 5127 2258 5168 vero
2301 5112 2432 5167 illud
2467 5112 2798 5168 Breviarium
2829 5126 2932 5166 ms.
2985 5125 3014 5163 a
3052 5107 3408 5164 celeberrimo
3438 5105 3569 5160 Ber-

1968 5203 2137 5258 nardo
2176 5201 2355 5260 Clesio
2401 5204 2659 5259 cardinali
2713 5212 2769 5258 et
2798 5204 3054 5273 episcopo
3093 5199 3413 5256 Tridentino
3451 5215 3566 5254 em-

1967 5310 2117 5370 ptum
2161 5298 2323 5354 fuerit
2352 5301 2606 5369 Augustae
2639 5297 3040 5354 Vintlelicorutn
3074 5315 3086 5351 :
3141 5295 3424 5366 probabile
3483 5303 3566 5349 est
3600 5319 3605 5324 ι
3665 5316 3673 5332 ο

1968 5394 2303 5450 Breviarium
2336 5395 2466 5450 illud
2497 5395 2561 5450 ad
2587 5394 2820 5466 aliquem
2849 5394 3098 5450 Fratrum
3141 5395 3404 5450 Minorum
3436 5405 3567 5444 eon-

1967 5497 2189 5543 ventum
2217 5490 2268 5543 in
2295 5487 2582 5544 Germania
2618 5487 2964 5558 pertinuisse,
2989 5498 3042 5541 ut
3071 5486 3173 5541 hoc
3197 5482 3560 5540 teetitnonium

1969 5580 2037 5635 ad
2095 5579 2153 5636 S.
2207 5579 2446 5636 Zenonis
2493 5581 2696 5636 cultum
2747 5590 2898 5636 extra
2955 5579 3161 5635 Italiam
3209 5583 3560 5646 propagatum

1965 5675 2400 5730 constituendum
2444 5678 2666 5747 prapius
2713 5684 2953 5746 spectet,
2985 5674 3053 5729 de
3093 5687 3200 5742 quo
3229 5654 3282 5724 in
3313 5669 3559 5739 sequenti

1967 5770 2306 5841 paragrapho
2333 5770 2437 5825 erit
2480 5786 2683 5826 sermo.
2724 5771 2830 5827 Sed
2861 5781 2917 5824 ut
2949 5768 3015 5823 ad
3056 5782 3279 5836 scopum
3323 5778 3562 5821 reverta-

1967 5881 2112 5930 mur,
2140 5865 2413 5923 Breriaria
2448 5876 2504 5922 et
2528 5864 2867 5926 Calendaria.
2902 5878 3006 5920 non
3034 5871 3212 5919 autem
3243 5860 3564 5932 Martyrolov-
