3960 6330
436 250 543 312 187

1815 249 2187 311 PROLEGOM
2197 252 2350 310 ENA.

3619 261 3711 318 l88

430 371 516 440 gia
543 369 930 441 allegavimus;
964 383 1086 425 nam
1109 369 1163 424 in
1193 365 1510 424 Calendaria
1540 376 1596 424 et
1625 367 1899 426 Breviaria
1925 367 2027 424 Ec-
2053 371 2105 432 Α
2131 379 2298 441 getam
2329 386 2477 424 suum
2504 369 2691 424 electus
2715 411 2729 436 ,
2760 368 2812 424 in
2844 369 2980 423 hunc
3017 383 3176 438 usque
3209 369 3347 425 diem
3367 387 3537 425 animo
3563 373 3712 442 aﬁcio

434 465 746 534 clcsiarum,
774 465 859 521 vel
889 463 1287 534 Rcligiosorum
1314 462 1564 520 ordinum
1593 463 1913 535 plerumque
1939 479 2032 520 eo-

438 574 554 613 rum
587 558 931 618 solummodo
973 558 1292 614 Sanctorum
1327 558 1543 616 nomina
1581 559 1750 614 relata
1779 559 1992 614 luerunt
2016 599 2030 623 ,

437 668 666 724 quorum
697 654 871 708 ofﬁcia
901 653 1098 709 ibidem
1131 653 1528 725 peragebantur
1551 653 1639 725 (ex
1665 668 1772 724 quo
1795 653 2036 724 plerique

435 745 552 802 dies
585 747 635 802 in
667 747 772 802 illis
803 756 1019 813 vacant,
1054 762 1160 817 quo
1191 747 1440 805 feriarum
1467 747 1643 802 ollicia
1674 746 2033 816 dicerentur),

438 855 558 894 cum
586 855 617 896 e
644 849 832 895 contra
879 841 932 896 in
978 839 1376 912 Martyrologiis
1416 840 1837 896 discriberentur
1877 841 2040 910 pleri-

437 947 541 1004 que
567 975 582 1000 ,
633 934 830 1004 quibus
863 933 994 988 nihil
1047 933 1300 1002 praecipui
1334 933 1508 988 cultus
1539 933 1857 988 delerretur.
1903 932 2037 988 Cum

441 1015 621 1098 itaque
647 1028 703 1082 8.
731 1027 879 1084 Zeno
909 1043 1015 1083 non
1045 1028 1218 1084 solum
1250 1028 1303 1084 in
1335 1029 1399 1084 iis
1427 1028 1704 1094 Ecclesiis,
1733 1029 1820 1086 vel
1845 1028 2043 1085 Civita-

441 1124 604 1192 tibus,
632 1140 859 1194 quarum
888 1136 1004 1180 erat
1036 1135 1298 1196 patronus
1321 1167 1337 1192 ,
1369 1126 1464 1180 sed
1496 1126 1548 1180 in
1573 1125 1691 1180 aliis
1715 1133 1771 1181 et
1800 1125 2043 1181 Civitati-

440 1217 570 1284 bus,
600 1227 656 1273 et
688 1217 948 1274 Ecclesiis
973 1258 990 1284 ,
1022 1231 1077 1273 et
1112 1217 1508 1288 Religiosorum
1535 1217 1788 1273 ordinum
1813 1233 2041 1288 congre-

438 1311 747 1379 gationibus
789 1313 1083 1368 universim
1113 1312 1199 1368 vel
1231 1311 1412 1367 ollicio
1443 1312 1682 1383 proprio,
1711 1313 1792 1367 vel
1826 1311 2041 1383 propria

440 1404 631 1458 saltem
697 1407 1212 1460 commemoratione
1279 1405 1461 1475 (quam
1529 1405 1582 1459 in
1659 1403 2043 1474 Conceptionis

443 1493 621 1549 Bcatae
654 1495 833 1552 Mariae
863 1497 1088 1566 gratiam
1135 1499 1302 1552 veteri
1353 1496 1408 1552 8.
1449 1496 1683 1553 Zenonis
1725 1496 2042 1552 ofﬁciosuf-

446 1586 639 1643 lectam
669 1589 930 1644 credibile
957 1588 1063 1661 est)
1090 1591 1361 1646 coleretur
1386 1607 1400 1643 :
1426 1591 1546 1660 quis
1574 1591 1901 1660 pl'tBCilellm
1927 1591 2043 1661 ejus

445 1683 648 1738 cultum
679 1683 1161 1754 celebritatemque
1194 1683 1471 1740 miriﬁcam
1501 1684 1632 1739 tanti
1658 1683 1908 1754 Episcopi
1935 1701 2040 1739 non

440 1776 623 1832 statim
657 1775 958 1846 intelligat?

517 1867 642 1924 Haec
671 1877 830 1934 sunt,
861 1883 980 1934 qua“:
1013 1867 1208 1936 partim
1244 1883 1311 1924 ex
1344 1867 1504 1924 editis
1536 1867 1698 1923 Italia:
1729 1882 2046 1924 monumen-

450 1959 518 2014 tis
543 2002 556 2022 ,
592 1960 786 2029 partim
821 1974 914 2030 per
941 1959 1152 2015 litteras
1190 1975 1218 2014 a
1273 1960 1546 2016 nonnullis
1590 1959 1779 2015 amicis
1807 1959 1873 2016 de
1902 1959 2049 2014 cultu

447 2053 504 2106 8.
539 2051 774 2107 Zenonis
805 2067 902 2124 per
931 2052 1133 2108 Italiam
1166 2053 1421 2124 colligere
1463 2054 1768 2124 potuimus;
1811 2053 2050 2123 nihilque

447 2147 786 2214 dubitamus,
827 2148 956 2216 quin
986 2149 1029 2202 si
1072 2147 1332 2218 majorem
1379 2151 1432 2202 in
1459 2148 1793 2220 exquirendo
1820 2148 2048 2218 diligen-

451 2241 577 2295 tiam
608 2241 880 2297 collocare
912 2257 1007 2312 per
1041 2251 1255 2314 tempus
1294 2244 1377 2299 vel
1413 2258 1508 2313 per
1537 2243 1740 2298 amicos
1770 2242 2048 2311 licuisset,

449 2334 569 2389 aliis
605 2348 821 2405 quoque
865 2334 918 2390 in
948 2334 1256 2390 civitatibus
1296 2349 1359 2390 ac
1389 2333 1714 2406 provinciis,
1761 2335 1812 2390 in
1859 2334 2053 2405 quibus

453 2429 600 2484 nulla
642 2429 947 2497 inquirendi
979 2430 1232 2495 occasio,
1281 2446 1379 2486 nec
1423 2431 1674 2492 idoneum
1705 2439 1918 2502 tempus
1961 2445 2053 2500 pa-

455 2525 574 2590 tuit,
608 2523 728 2578 alia:
759 2522 996 2578 Zenonis
1025 2523 1397 2579 invenirentur
1425 2523 1692 2588 ecclesiae,
1723 2524 1937 2594 aliaque
1957 2538 2055 2578 an-

459 2616 588 2686 tiqui
627 2616 801 2672 cultus
847 2616 1151 2672 testimonia
1192 2625 1540 2686 suppetereut
1565 2657 1580 2681 ,
1624 2630 1745 2676 cum
1791 2614 1932 2670 inter
1961 2630 2054 2671 eas

454 2707 722 2777 civitates,
757 2725 788 2764 e
828 2708 1025 2779 quibus
1075 2711 1256 2779 petita:
1288 2723 1318 2763 a
1367 2707 1520 2764 nobis
1568 2707 1782 2762 luerunt
1826 2706 2053 2772 uetitic,

455 2803 601 2857 nulla
632 2801 892 2859 hactenus
929 2802 1094 2859 luerit-
1115 2803 1354 2867 inventa,
1383 2818 1502 2872 qua:
1528 2802 1734 2872 aliquot
1762 2801 1826 2868 id,
1843 2803 2056 2872 generis

459 2906 806 2952 monumenta
851 2912 958 2952 non
1012 2897 1362 2967 suggesserit.
1405 2895 1484 2952 Ex
1529 2895 1614 2951 his
1649 2897 1808 2966 igitur
1835 2910 1954 2964 qum
1989 2895 2058 2950 de

456 2992 640 3062 paucis
668 2991 833 3046 Italiae
865 2991 1085 3047 urbibus
1116 2991 1412 3061 attigimus,
1471 2991 1676 3060 reliqua
1708 2990 1935 3045 lectores
1963 3004 2059 3059 per

457 3099 518 3140 se
559 3087 812 3156 colligant
855 3104 869 3140 :
909 3095 963 3140 et
1005 3102 1128 3140 cum
1169 3086 1444 3155 antiquunm
1488 3085 1702 3156 lateque
1746 3093 1856 3140 tota
1906 3083 2059 3140 Italia

2134 464 2187 518 in
2214 462 2538 537 Frisingensi
2565 462 2797 518 Ecclesia
2823 467 3047 518 colatur.
3077 463 3258 534 Neque
3287 463 3346 521 S.
3375 464 3714 522 Corhinianus

2135 556 2283 610 solus
2311 557 2360 610 in
2386 556 2673 615 Germania
2696 557 2900 611 exstitit
2949 556 3038 626 qui
3068 557 3124 610 S.
3155 556 3426 613 Zenonem
3451 567 3558 612 tam
3587 574 3715 627 pra:-

2137 651 2296 721 cipuo
2337 650 2545 706 honore
2574 650 2849 705 coluerit:
2889 665 3011 705 nam
3056 649 3325 722 Iosephus
3363 650 3572 706 Tertius
3609 651 3718 706 Fri-

2139 743 2406 815 siogcnsis
2424 743 2725 814 episcopus,
2745 744 2950 799 electus
2972 759 3063 798 an.
3088 745 3210 808 749,
3232 745 3613 800 monasterium
3628 745 3716 800 Isa-

2141 852 2312 892 nense
2355 837 2405 891 in
2439 837 2699 892 honorem
2744 836 2804 893 S.
2851 835 3083 893 Zenonis
3134 837 3456 893 Veronensis
3493 841 3715 911 episcopi

2141 931 2344 994 erexit,
2377 933 2450 984 uti
2483 931 2661 1002 prodit
2691 931 2833 986 idem
2873 930 2934 985 P.
2971 930 3333 987 Meiehelbeclt
3359 975 3372 996 ,
3404 947 3519 1002 pag.
3561 932 3646 999 50,
3671 945 3719 988 et

2142 1038 2320 1092 seqq.,
2371 1023 2458 1076 ubi
2510 1023 2643 1077 duas
2672 1022 3023 1078 donationum
3073 1025 3295 1094 paginas
3339 1024 3564 1091 recitat,
3612 1041 3720 1096 quae

2145 1118 2201 1174 S.
2237 1117 2472 1172 Zenonis
2499 1117 2743 1173 ecclesia:
2776 1117 2984 1172 traditte
3014 1116 3248 1172 luerunt.
3282 1117 3364 1173 Ad
3394 1118 3566 1173 locum
3592 1119 3718 1188 quod

2143 1212 2371 1277 attinet,
2414 1210 2791 1266 animadvertit
2825 1227 2942 1281 pag.
2977 1211 3047 1265 52
3098 1229 3112 1266 :
3155 1209 3354 1265 Nostra
3392 1219 3542 1266 celate
3577 1211 3721 1268 [sana

2145 1315 2217 1360 est
2258 1305 2594 1376 municipium
2645 1303 3009 1375 Frisingense;
3065 1314 3113 1359 et
3148 1305 3250 1358 divi
3296 1303 3520 1360 Zenonis
3560 1303 3714 1359 Colle-

2145 1401 2361 1469 giatam,
2389 1383 2444 1453 ut
2479 1409 2658 1453 vorant
2677 1441 2691 1463 ,
2718 1399 2987 1452 ecclesiam
3003 1399 3118 1470 jam
3145 1399 3421 1453 sctculares
3447 1397 3678 1454 (ἱπποκίεὶ
3697 1415 3724 1452 a

2146 1492 2322 1546 multis
2351 1493 2552 1546 circulis
2583 1491 2828 1546 obtinent.

2220 1583 2352 1637 Dein
2398 1582 2566 1638 Ilallte
2611 1583 2663 1636 in
2709 1581 2931 1638 dimeesi
2975 1581 3417 1652 Salisburgensi,
3459 1581 3728 1653 qui.locus

2149 1693 2290 1733 nunc
2327 1677 2525 1732 dicitur
2565 1677 2948 1746 Beichenball,
2979 1688 3066 1733 est
3105 1679 3323 1738 celebre
3368 1679 3728 1734 monasterium

2076 1771 2124 1832 B
2151 1770 2207 1828 S.
2241 1770 2478 1837 Zenonis
2497 1814 2512 1838 ,
2542 1771 2610 1826 de
2637 1787 2745 1842 quo
2771 1772 2923 1841 plura
2954 1771 3232 1842 Viguleius
3261 1771 3506 1826 Hundius
3535 1781 3657 1826 tom.
3686 1786 3730 1836 I,

2151 1880 2271 1935 pag.
2302 1865 2357 1930 9,
2390 1864 2700 1934 Metropolis
2736 1863 3203 1935 Salisburgensis,
3249 1874 3306 1920 et
3345 1876 3476 1921 tom.
3510 1880 3595 1931 ιιι,
3625 1880 3730 1934 pag.

2152 1962 2288 2026 505,
2326 1976 2533 2016 necnon
2591 1961 2697 2016 PP.
2730 1961 3053 2017 Franciscus
3093 1969 3148 2016 et
3189 1961 3390 2016 Paulos
3417 1959 3653 2030 Metgerii
3690 1959 3736 2013 in

2154 2055 2387 2110 Ilistoria
2422 2051 2820 2123 Salisburgensi
2841 2094 2856 2120 ,
2892 2054 2984 2108 lib.
3014 2069 3091 2119 tv,
3122 2068 3247 2124 cap.
3280 2055 3366 2116 10,
3404 2068 3521 2124 pag.
3550 2051 3666 2117 583,
3690 2058 3738 2106 et

2152 2150 2250 2206 lib.
2283 2166 2364 2216 γι,
2396 2149 2709 2220 pag.’l255,
2769 2147 3028 2203 nonnulla
3056 2147 3280 2203 vero~P.
3312 2147 3594 2203 Ilansizius
3622 2156 3737 2200 IOIIl.

2153 2260 2189 2300 ιι
2227 2243 2529 2300 Germaniae
2555 2243 2754 2298 Sacra}.
2783 2241 2923 2298 Olim
2952 2252 3070 2298 erat
3121 2241 3375 2312 parochia
3393 2283 3408 2307 ,
3432 2257 3549 2312 qua!
3574 2241 3739 2295 subin-

2155 2338 2252 2403 de,
2287 2338 2530 2392 instiluta
2573 2337 2964 2406 Prmpositura,
3009 2351 3039 2390 a
3081 2333 3334 2392 Conrado
3393 2334 3442 2399 I,
3485 2333 3742 2403 Διοριιὶψί-

2156 2447 2324 2504 scopo
2355 2431 2773 2502 Salisburgensi,
2805 2431 2893 2501 qui
2924 2445 2955 2484 e
2982 2429 3117 2483 vivis
3146 2428 3390 2484 excessit
3427 2443 3562 2482 anno
3586 2428 3726 2492 illi,

2155 2527 2432 2585 canonicis
2461 2525 2818 2593 Regularibus
2842 2524 3032 2579 tradita
3063 2524 3180 2590 fuit,
3223 2532 3280 2577 ut
3304 2523 3446 2578 idem
3473 2521 3732 2578 Hansiaius

2155 2622 2516 2677 demonstrat.
2545 2620 2602 2674 In
2639 2618 2743 2674 hoc
2771 2627 2950 2672 autem
2986 2617 3321 2671 monasterio
3353 2626 3464 2670 tres
3491 2613 3608 2670 dies
3631 2612 3736 2667 festi

2160 2716 2216 2772 S.
2250 2715 2485 2770 Zenonis
2527 2713 2685 2768 hodie
2726 2725 2939 2783 quoque
2979 2709 3326 2766 celebrantur
3363 2723 3484 2764 cum
3523 2706 3736 2778 peculia-

2159 2809 2307 2864 ribus
2332 2800 2666 2862 orationibus
2695 2805 2834 2860 inter
2857 2811 3202 2862 monumenta
3230 2801 3613 2864 describendis,
3633 2813 3736 2868 qntc

2160 2904 2228 2959 ab
2255 2902 2488 2974 antiquis
2528 2897 2700 2956 tribus
2739 2900 2917 2955 missis
2955 2897 3190 2970 propriis
3231 2900 3494 2969 originem
3536 2895 3734 2952 ducunt.

2163 2998 2350 3054 Exstat
2399 3003 2660 3066 praeterea
2702 2993 2899 3050 ibidem
2926 3001 3184 3064 argentea
3210 2993 3270 3054 S.
3296 2991 3524 3048 Zenonis
3561 2997 3733 3054 statua,

2161 3107 2304 3147 anno
2335 3091 2472 3146 “80
2497 3098 2826 3152 constructa,
2859 3089 2912 3143 in
2940 3089 3092 3156 cujus
3119 3100 3338 3157 pectore
3367 3080 3485 3156 pars
3511 3082 3733 3156 quaedam

459 3186 803 3248 pervagatum
833 3177 892 3234 S.
925 3177 1156 3233 Zenonis
1185 3178 1391 3233 cultum
1419 3186 1712 3248 agnoscent
1736 3219 1751 3245 ,
1787 3186 1896 3234 tutu
1927 3193 2057 3232 vero
2083 3170 2125 3231 C
2162 3185 2414 3240 notabilis
2440 3198 2712 3239 sacrarum
2741 3181 3086 3252 reliquiarum
3109 3180 3355 3251 ejusdem
3378 3178 3608 3250 episcopi
3629 3190 3736 3229 con-

465 3271 762 3342 antiquam,
797 3289 1072 3344 perraram
1097 3315 1112 3338 ,
1144 3275 1438 3344 paucisque
1477 3275 1678 3328 sanctis
1713 3289 2054 3332 communem

462 3366 678 3422 Patroni
716 3346 883 3424 nostri
910 3369 1281 3424 celebritatem
1311 3368 1673 3424 admirentur.

463 3461 490 3531 §
520 3460 604 3516 ΙΙΙ.
625 3492 694 3502 -—
725 3461 804 3518 De
822 3463 962 3518 cultu
994 3463 1055 3518 S.
1095 3461 1318 3517 Zenonis
1345 3470 1490 3517 extra
1521 3460 1728 3517 Italiam
1758 3472 2052 3535 pervagato.

530 3554 668 3621 Quid
695 3555 738 3610 si
767 3570 872 3609 non
929 3555 1064 3610 intra
1095 3555 1261 3610 Italiae
1291 3554 1487 3622 solum,
1536 3555 1901 3624 amplissimos
1951 3568 2059 3608 cae-

460 3648 703 3718 teroqnin
738 3648 872 3704 lines
898 3690 912 3713 ,
947 3650 1040 3704 sed
1069 3660 1218 3705 extra
1260 3649 1410 3714 ipsos
1440 3649 1611 3704 sancti
1655 3648 1886 3703 Zenonis
1915 3648 2055 3703 fama

460 3739 744 3810 cultusque
769 3740 881 3812 jam
913 3741 1037 3796 inde
1074 3742 1142 3797 ab
1172 3742 1405 3812 antiquis
1437 3742 1767 3808 temporibus
1799 3741 1956 3811 longe
1983 3741 2058 3796 Ia-

459 3845 618 3907 teque
646 3846 974 3908 propagatus
1009 3837 1134 3893 est?
1167 3838 1425 3906 Displicet
1465 3836 1681 3907 quidem
1713 3836 2055 3891 commodum

460 3945 565 3984 non
610 3929 775 3996 fuisse
805 3932 1103 3993 litterarum
1143 3931 1634 3987 conuuunicatione
1662 3931 1826 3985 variis
1869 3947 1902 3985 e
1933 3946 2054 4000 par-

461 4025 603 4089 tibus
631 4027 850 4082 notitias
880 4027 1165 4097 exquirere
1189 4065 1204 4090 ,
1253 4026 1444 4093 quibus
1481 4039 1602 4080 eum
1635 4031 1690 4079 et
1716 4024 1944 4089 plurium
1969 4039 2062 4079 ec-

459 4119 746 4174 clesiarum
782 4129 1064 4188 patronum
1103 4128 1156 4173 et
1179 4118 1423 4188 pluribus
1449 4119 1611 4172 etiam
1642 4118 1692 4171 in
1725 4117 2060 4172 Calendariis

460 4210 544 4265 vel
586 4211 788 4266 litaniis
817 4211 1077 4267 insertum
1111 4225 1210 4267 nos
1243 4221 1496 4267 nacturos
1525 4209 1693 4266 fuisse
1722 4210 1850 4264 nihil
1881 4210 2058 4265 ambi-

458 4303 656 4372 gimus.
681 4301 760 4357 Ex
789 4302 854 4358 iis
878 4311 1054 4358 tamen
1087 4303 1293 4374 paucis,
1316 4318 1437 4373 quae
1461 4319 1491 4358 e
1517 4301 1789 4358 nonnullis
1817 4302 1975 4357 editis
1998 4303 2062 4357 li-

461 4392 574 4448 bris
594 4393 935 4465 collegimus,
958 4409 1186 4466 arguere
1215 4395 1441 4466 quisque
1466 4395 1664 4464 poterit
1683 4403 1883 4466 quanto
1909 4395 2060 4464 plura

459 4485 653 4542 afferre
703 4502 1004 4558 possemus,
1057 4488 1103 4544 si
1135 4489 1366 4560 plurium
1399 4495 1550 4544 extra
1571 4487 1775 4544 Italiam
1803 4487 2061 4543 ecclesia-

457 4597 576 4636 rum
626 4591 972 4638 monumenta
1025 4583 1600 4656 licuisset‘inspicere.
1649 4581 1883 4637 Zenonis
1930 4596 2062 4637 sane

461 4676 632 4751 [CLIII]
650 4675 850 4731 cultum
876 4678 928 4732 in
951 4675 1297 4733 Germaniam
1325 4678 1452 4734 olim
1476 4684 1822 4748 pervagatum
1846 4691 1913 4732 ex
1941 4675 2062 4731 Fri-

458 4771 698 4842 singensi
739 4771 968 4851 ecclesia
1015 4773 1068 4826 in
1097 4773 1288 4843 primis
1333 4773 1728 4842 cognoscimus.
1769 4771 1827 4829 S.
1869 4771 2062 4827 Corbi-

459 4870 672 4938 nianus,
709 4868 1257 4940 primusjepiscopus
1315 4866 1720 4939 Frisingensis,
1772 4866 1863 4939 qui
1917 4866 2062 4922 diem

460 4964 596 5020 obiit
623 4981 714 5020 an.
745 4965 877 5031 750,
913 4973 1050 5020 teste
1077 4963 1320 5020 Aribone
1348 4981 1385 5035 ,ιι
1399 4973 1553 5017 uarto
1588 4961 1920 5032 Frisingcnsi
1949 4960 2066 5031 epi-

459 5070 626 5128 scopo
649 5058 892 5129 ejusdem
921 5058 1106 5113 saeculi
1139 5058 1312 5113 octavi
1337 5055 1440 5125 ,{in
1473 5055 1590 5126 ejus
1621 5055 1740 5109 Vita
1771 5053 1913 5123 apud
1945 5053 2056 5108 Μίιο

462 5149 744 5206 billonium
772 5150 892 5205 Act.
923 5149 1020 5207 SS.
1055 5150 1236 5206 saeculi
1259 5166 1342 5215 ιιι,
1376 5158 1512 5218 part.
1541 5164 1580 5214 ι,
1609 5161 1728 5217 cap.
1759 5146 1860 5211 20,
1890 5161 1942 5216 p.
1985 5145 2056 5200 48

431 5243 686 5300 ~Venetae
752 5244 1030 5310 editionis,
1063 5246 1120 5300 S.
1170 5245 1551 5304 Corbinianus.
1609 5242 1869 5311 inquam,
1919 5239 2061 5309 apud

463 5340 628 5397 Maias
655 5340 1012 5412 Frisingensis
1029 5341 1282 5397 dimccsis
1301 5341 1355 5398 in
1375 5339 1618 5394 Baioaria
1634 5335 1913 5392 Basilicam
1934 5335 2063 5390 (edi-2

2159 3280 2360 3334 tinetur
2386 3295 2505 3331 cum
2537 3278 2636 3331 hac
2659 3274 2982 3347 epigraphe:
3015 3273 3327 3330 Mandibnla
3352 3291 3465 3329 cum
3488 3289 3582 3327 uno
3607 3273 3734 3324 dente

2161 3370 2199 3426 S
2211 3411 2223 3424 .
2253 3369 2472 3424 Zenonis
2502 3368 2769 3437 EpiscOpi.

2229 3464 2408 3519 Nostri
2455 3464 2728 3518 Antistitis
2770 3477 2965 3517 nomen
3002 3461 3069 3516 ad
3115 3459 3395 3516 Helvetios
3434 3459 3590 3516 etiam
3633 3470 3738 3530 per-

2159 3559 2325 3614 venit.
2361 3557 2684 3612 Ilartmanus
2723 3556 2865 3611 enim
2907 3555 3205 3610 monachus
3233 3549 3737 3636 Sangallensiquui

2160 3653 2363 3708 saeculo
2399 3669 2449 3708 ιχ
2477 3652 2659 3707 lloruit
2677 3693 2692 3718 ,
2722 3653 2933 3706 litanias
2958 3650 3204 3706 versibus
3231 3650 3480 3720 scripsit,
3505 3661 3616 3718 quae
3641 3645 3738 3699 die-

2159 3747 2262 3802 hus
2307 3745 2596 3804 Dominicis
2637 3746 2703 3801 ad
2745 3745 3148 3817 processionem
3193 3753 3536 3812 canerentur.
3577 3736 3738 3795 Edidit

2162 3842 2259 3898 has
2288 3841 2466 3913 primo
2497 3841 2758 3897 IIenricns
2790 3840 3038 3896 Canisius
3067 3838 3424 3909 Antiquarum
3452 3835 3738 3892 Lectionum

2164 3945 2296 3990 tom.
2327 3952 2379 4002 v,
2409 3951 2527 4006 pag.
2557 3935 2680 4002 752,
2708 3937 2758 3989 in
2792 3933 3082 3990 novissima
3105 3933 3346 3989 editione
3374 3942 3504 3992 tom.
3527 3947 3563 3986 ιι
3584 3971 3596 3995 ,
3617 3935 3736 3998 part.

2163 4045 2235 4095 ιι,
2281 4044 2400 4100 pag.
2455 4029 2576 4083 I95.
2625 4028 2854 4098 Easdem
2903 4045 3009 4083 non
3058 4027 3399 4083 Eeherardus
3441 4027 3604 4082 solum
3643 4035 3741 4076 me-

2164 4133 2339 4178 morat
2369 4121 2420 4176 in
2451 4121 2686 4176 Notkcrii
2718 4120 2838 4176 Vita
2858 4162 2872 4185 ,
2905 4121 3002 4177 sed
3034 4120 3320 4176 Metzlerus
3351 4123 3514 4176 etiam
3541 4111 3741 4186 Sangal-

2163 4215 2328 4271 lensis
2353 4214 2644 4270 Monachus
2667 4213 2865 4269 Canisii
2895 4213 3122 4280 amicus,
3147 4214 3238 4284 qui
3269 4230 3368 4269 suo
3395 4226 3600 4284 quoque
3625 4219 3740 4264 tem-

2165 4323 2297 4380 pore
2342 4307 2559 4362 easdem
2605 4307 2760 4361 statis
2803 4305 2996 4362 diebus
3033 4306 3308 4362 adhibitas
3345 4314 3598 4362 testatur:
3641 4298 3742 4354 Ηω

2165 4400 2407 4465 litanias,
2437 4399 2610 4470 inquit
2632 4441 2646 4464 ,
2684 4399 3006 4453 caaonizavit
3048 4397 3305 4453 Nicolaas
3343 4395 3442 4452 1H
3459 4437 3475 4463 ,
3516 4393 3577 4447 Ρ.
3605 4390 3676 4446 Η.
3701 4397 3741 4444 et

2166 4495 2326 4548 nostri
2359 4493 2645 4568 (monachi
2680 4493 3060 4562 Sangallenses
3084 4494 3101 4560 )
3129 4493 3182 4546 in
3215 4491 3558 4563 Rogationem
3583 4482 3742 4538 diebus

2092 4567 2141 4628 Ι)
2168 4587 2371 4657 publice
2399 4595 2609 4640 canunt.
2647 4583 2878 4640 Easdem
2907 4599 3121 4640 rursum
3154 4585 3335 4655 hymni
3365 4581 3578 4638 nomine
3617 4574 3741 4647 typis

2164 4679 2312 4734 dedit
2343 4679 2666 4734 venerabilis
2689 4677 2981 4733 cardinalis
3008 4676 3334 4732 Thomasius
3356 4692 3421 4732 ex
3447 4689 3543 4729 ms.
3572 4669 3742 4726 ordine

2167 4771 2542 4840 Vallicellano,
2577 4772 2626 4826 in
2659 4785 2824 4841 opere
2855 4770 3138 4840 inscripto.
3175 4770 3386 4838 Antiqui
3413 4767 3529 4823 libri
3568 4762 3740 4818 Missa-

2165 4883 2283 4920 rum
2308 4864 2552 4920 Ecclesia:
2573 4864 2844 4932 Romam,
2869 4864 2935 4918 ad
2964 4863 3154 4920 feriam
3184 4862 3475 4918 secundam
3505 4861 3552 4913 in
3578 4853 3739 4912 litania

2169 4959 2378 5012 minore
2407 4973 2528 5029 pag.
2560 4957 2688 5016 H8.
2718 4956 2778 5012 In
2813 4957 2896 5011 his
2922 4964 3102 5010 autem
3131 4954 3333 5009 litaniis
3363 4953 3419 5009 S.
3451 4951 3594 5006 Zeno
3619 4947 3742 5000 inter

2166 5051 2521 5108 Coulcssores
2547 5067 2669 5108 eum
2698 5052 2758 5106 S.
2782 5050 3012 5106 Proculo
3038 5058 3224 5105 nostro
3253 5049 3380 5103 item
3407 5048 3646 5116 episcopo
3668 5051 3742 5092 re-

2163 5155 2448 5213 censetur;
2471 5156 2525 5201 et
2545 5147 2588 5200 si
2611 5147 2669 5202 8.
2697 5146 2956 5202 Proculus
2975 5145 3175 5200 Zenoni
3199 5142 3552 5216 postponitur,
3577 5135 3622 5190 id
3644 5147 3741 5187 me-

2166 5240 2266 5306 tri,
2301 5257 2406 5295 non
2437 5241 2614 5294 tutetis
2642 5254 2827 5305 causa,
2863 5239 3060 5295 factum
3094 5254 3256 5294 nemo
3281 5235 3505 5292 dubitet.
3536 5229 3612 5285 En
3639 5227 3738 5294 ipsa

2173 5335 2479 5390 litaniarum
2512 5333 2674 5389 verba
2704 5351 2716 5386 :

465 5437 635 5504 ﬁcarit
663 5478 676 5500 ,
715 5447 761 5491 et
798 5434 1058 5491 Valentini
1092 5445 1240 5505 atque
1268 5434 1327 5488 Β.
1367 5433 1588 5488 Zenonis
1615 5432 1668 5485 in
1695 5447 1755 5485 ea
1783 5429 2069 5500 patrocinia

464 5530 751 5595 collocavit,
780 5539 826 5584 et
855 5530 910 5583 in
929 5544 1101 5583 eorum
1126 5527 1375 5591 dedicavit
1408 5527 1650 5580 honorem
1681 5540 1700 5579 :
1733 5532 1787 5576 et
1811 5522 1936 5576 hinc
1961 5524 2070 5592 foc-

467 5625 694 5694 tamlest,
727 5622 1189 5678 animadvertente
1210 5621 1271 5675 P.
1301 5615 1691 5683 Meiehelbeck,
1725 5627 1853 5670 tom.
1882 5630 1895 5668 I
1927 5613 2066 5667 Hist.

471 5717 832 5789 Frisingensis
870 5719 922 5774 in
946 5718 1066 5774 Vita
1101 5716 1158 5771 S.
1186 5713 1532 5775 Corbiniani,
1567 5712 1594 5785 §
1629 5712 1684 5778 8,
1717 5723 1837 5781 pag.
1879 5707 1975 5772 16,
2012 5715 2070 5776 ut

475 5812 537 5871 S.
575 5812 712 5872 Zeno
749 5813 1016 5891 episcopus
1064 5812 1375 5880 Veronensis
1399 5809 1433 5867 ἀ
1462 5806 1770 5868 Corbiniana
1817 5804 1872 5863 in
1913 5800 2069 5861 Every

2269 5492 2529 5553 Silvester,
2550 5489 2805 5548 Damasus,
2824 5490 3115 5552 Gregorius,
3132 5487 3528 5553 Ambrosiusque.

2330 5547 2562 5619 Hilarius,
2588 5555 2752 5616 Zeno,
2784 5547 3022 5619 Maximus
3042 5592 3055 5607 .
3080 5547 3227 5619 atque
3251 5547 3369 5619 Leo.

2273 5619 2528 5679 Martinus,
2551 5615 2812 5678 Proculus,
2833 5615 3089 5678 Caesarius,
3119 5615 3454 5674 Eusebiusque

2335 5683 2493 5732 Orent
2524 5695 2608 5744 pro
2633 5684 2811 5744 nostris
2837 5679 3122 5730 criminibus
3145 5679 3305 5744 variis.

2271 5743 2404 5796 Ordo
2423 5740 2640 5794 sacratus
2658 5743 2998 5794 Confessorum
3024 5740 3395 5805 pralcipuorutn,

2334 5806 2533 5865 Auxilio
2550 5813 2682 5864 tutos
2699 5805 2915 5876 undique
2937 5805 3092 5862 redde
3115 5813 3246 5865 tuost
