3894 6322
182 319 298 378 18⁸]

1090 319 1151 374 ΙΝ
1183 317 1614 378 ΜΟΝυΜΙέΝΤΑ
1657 320 1742 374 DE
1773 320 1828 374 ς.
1863 319 2139 379 ZENONE
2172 323 2567 384 ADMONITIO.

3403 323 3503 381 l'l0

261 438 450 510 Neque
477 439 662 494 Gallos
692 438 926 493 Zenonis
955 438 1243 493 celebritas
1271 437 1443 491 latuit.
1484 436 1540 492 In
1572 451 1791 492 monas-
1823 440 1876 501 Α
1901 438 2068 492 solius
2096 437 2153 493 S.
2185 438 2418 493 Zenonis
2449 439 2686 510 episcopi
2716 455 2810 495 seu
2835 437 3175 496 ConfeSSoris
3201 442 3506 514 reperiatur

185 535 334 589 terio
380 534 440 590 S.
495 533 768 590 Benedicti
815 533 1146 592 Floriacensi
1192 542 1586 602 nongentorum
1629 541 1682 585 et
1729 547 1795 586 eo

180 627 427 699 amplius
463 641 729 681 annorum
772 627 940 681 codex
969 627 1256 696 reperitur,
1282 639 1312 679 e
1338 639 1444 695 quo
1468 623 1527 679 P.
1555 624 1796 679 Marti-ne

181 730 331 791 part.
378 736 436 774 ut
486 721 553 775 de
595 721 844 791 Antiquis
887 720 1142 774 Ecclesiae
1185 718 1396 784 ritibus,
1429 718 1520 773 lib;
1551 733 1640 784 ιιι,
1671 733 1789 786 cap.

180 815 297 880 £5,
339 813 509 868 edidit
547 813 793 869 ordinem
840 815 981 868 inter
1020 814 1201 868 varios
1245 812 1380 867 ritns
1421 811 1486 867 ad
1529 811 1796 880 jnvandus

178 907 514 972 morientes,
543 916 594 962 et
623 908 677 962 in
705 922 770 962 eo
797 907 996 961 litania:
1013 907 1358 961 continentur
1400 920 1518 976 qua:
1547 904 1599 959 lu
1625 919 1797 975 agone

184 999 492 1054 recitandae
535 1000 947 1070 prmcipiuntur.
993 999 1084 1055 His
1121 1011 1297 1054 autem
1340 1001 1393 1054 in
1437 999 1634 1054 litaniis
1674 1014 1796 1053 cum

178 1093 426 1150 Proculo
448 1093 853 1164 praedecessore
875 1107 972 1147 suo
994 1093 1137 1148 Zeno
1160 1095 1393 1148 insertus
1412 1094 1625 1164 legitur,
1655 1102 1711 1148 et
1743 1102 1800 1147 ut

177 1185 255 1240 ad
288 1201 446 1240 usum
497 1186 759 1242 Ecclesia:
787 1184 1267 1258 [cuv]Gallican:e
1295 1187 1384 1242 ille
1413 1173 1584 1242 codex
1633 1186 1798 1243 fuisse

176 1281 472 1352 probetur,
501 1278 735 1336 refertur
757 1281 897 1336 inter
923 1281 1208 1350 episcopos
1225 1279 1414 1336 Galliae
1444 1280 1545 1334 hoc
1570 1280 1794 1335 ordine:

181 1373 253 1430 S.
292 1373 516 1446 Remigi,
552 1372 615 1429 S.
643 1373 885 1438 Procille,
919 1373 981 1427 S.
1011 1372 1173 1437 Zeno,
1209 1372 1268 1428 S.
1307 1373 1560 1438 Anniane,
1597 1372 1796 1442 δέτίν-

177 1467 378 1531 doene,
420 1473 526 1520 etc.
560 1465 810 1535 Reliqua,
839 1466 885 1520 si
917 1467 1112 1536 placet,
1139 1466 1341 1521 videsis
1366 1465 1508 1536 apud
1536 1465 1792 1534 Mat-tene,

177 1573 309 1629 pag.
344 1557 476 1614 592.
1637 1575 1648 1581 ·

257 1653 396 1709 Cum
413 1653 480 1709 ad
496 1651 793 1710 Ecclesiam
815 1653 1250 1724 Andcgavensetn
1270 1655 1582 1725 pertineret,
1603 1651 1799 1723 ipsius-

174 1763 292 1818 que
333 1747 459 1802 usui
495 1755 640 1803 esset
679 1747 892 1803 Missale
923 1761 1022 1801 ms.
1083 1748 1132 1801 in
1165 1763 1272 1816 quo
1327 1747 1578 1817 Specialis
1633 1747 1794 1800 missa

1907 532 2140 592 mentio.
2172 546 2239 586 ex
2271 539 2382 586 toto
2411 533 2775 586 monumentis
2806 534 2856 588 in
2888 533 3046 588 unius
3075 532 3306 588 Zenonis
3337 533 3502 588 Vero-

1903 623 2086 676 nensis
2115 622 2313 676 cultum
2345 624 2784 692 conspirantibus
2824 624 3071 680 concludi
3114 625 3255 680 haud
3301 636 3504 682 temere

1901 716 2134 786 poterit,
2175 731 2299 772 eum
2343 733 2557 787 quoque
2601 733 2704 772 non
2737 719 2899 773 alium
2933 719 3209 775 Zenonem
3243 736 3364 775 esse
3405 720 3500 775 ha-

1901 810 2174 875 bendum;
2208 812 2282 866 uti
2315 826 2443 866 sane
2475 810 2747 868 aflﬂ'mare
2778 814 2938 868 simili
2972 815 3180 869 ratione
3211 830 3316 869 non
3348 813 3502 868 dubi-

1905 918 2081 962 tamus
2111 907 2178 962 de
2211 907 2276 962 iis
2307 907 2565 962 altaribus
2589 950 2601 973 ,
2639 924 2754 978 quae
2788 909 2949 962 variis
2981 907 3032 962 in
3064 909 3308 964 ccclesiis
3341 909 3406 963 de
3441 909 3498 964 S.

1902 1000 2138 1056 Zenonis
2169 1002 2387 1056 nomine
2421 998 2688 1070 appellata
2720 1001 3064 1070 accepimus,
3107 1015 3136 1054 a
3180 1001 3373 1070 quibus
3423 1011 3503 1054 ta-

1902 1109 2024 1148 meo
2053 1091 2385 1164 inquirendis
2407 1107 2468 1146 ac
2496 1091 2823 1158 referendis,
2857 1107 2924 1147 ne
2969 1091 3178 1159 longius
3205 1092 3361 1147 nimis
3384 1107 3508 1165 pro-

1902 1188 2121 1244 cederet
2150 1197 2306 1258 caput
2329 1229 2343 1253 ,
2375 1186 2834 1258 supersodendum
2869 1187 3195 1258 putavimus.

1973 1283 2190 1338 Interim
2227 1293 2281 1337 ut
2311 1298 2410 1348 eo,
2457 1283 2596 1336 ttnde
2649 1298 2865 1352 egressa
2899 1291 3013 1344 est,
3060 1279 3244 1335 redeat
3297 1277 3506 1343 oratio,
3572 1327 3574 1330 ,

1902 1391 1998 1432 seu
2043 1378 2219 1446 potius
2261 1384 2317 1430 ut
2361 1375 2565 1430 exitum
2616 1373 2844 1438 habeat,
2880 1373 2922 1428 si
2955 1373 3136 1428 cultus
3174 1369 3231 1426 S.
3276 1368 3510 1424 Zenonis

1903 1481 2009 1527 tam
2040 1479 2125 1527 est
2159 1473 2443 1542 antiquus,
2473 1481 2531 1526 ut
2573 1470 2731 1541 hujus
2771 1479 3114 1524 tnonumenta
3155 1465 3356 1520 sa‘cnlo
3394 1464 3502 1519 cir—

1901 1566 2036 1622 citer
2079 1578 2198 1637 post
2238 1559 2467 1620 mortem
2496 1565 2689 1620 tradita
2719 1565 2962 1635 reperire
2995 1563 3247 1628 licuerit,
3284 1561 3509 1628 limoque

1903 1678 2007 1716 non
2040 1661 2266 1716 Verona:
2299 1660 2475 1714 solum
2497 1703 2510 1723 ,
2542 1659 2634 1714 sed
2669 1659 2787 1713 aliis
2816 1659 2868 1712 in
2899 1657 3203 1712 civitatibus
3236 1653 3510 1726 provinci-

1903 1756 2054 1825 isque
2092 1753 2284 1818 Italia},
2319 1753 2372 1808 in
2404 1752 2724 1820 Germania,
2759 1754 2810 1807 in
2857 1751 3153 1816 Helvetiis,
3198 1750 3248 1804 in
3290 1748 3461 1805 Gallia
3492 1790 3506 1813 ,

176 1840 245 1896 S.
279 1839 523 1896 Zenonis
551 1841 745 1910 legitur
775 1841 793 1910 (
817 1841 972 1910 hujus
1011 1839 1210 1894 codicis
1241 1840 1482 1894 uotltiam
1519 1840 1570 1894 in
1602 1838 1796 1893 Admo-
1832 1844 1852 1904 ι

1907 1848 1995 1902 ubi
2021 1845 2275 1902 ecclesias
2305 1845 2646 1914 percelebre’s
2669 1887 2681 1909 ,
2712 1845 2906 1899 eximia
2937 1843 3258 1899 monasteria
3285 1885 3296 1905 ,
3331 1840 3507 1894 Cano-

176 1933 388 1988 m’tione
431 1934 500 1988 ad
546 1931 882 1989 ﬂammeum
926 1933 1096 1988 fusius
1142 1933 1429 2002 dabimus)
1463 1932 1520 1987 S.
1565 1931 1800 1987 Zenonis

174 2027 395 2081 cultum
421 2041 489 2082 eo
516 2037 864 2097 propagatum
895 2042 1001 2080 non
1031 2026 1088 2080 ﬁt
1114 2025 1486 2096 improbabile.

266 2122 394 2176 Alia
426 2121 653 2176 aliarum
685 2122 966 2191 regionum
995 2121 1348 2183 documenta,
1381 2136 1501 2190 quae
1532 2120 1801 2191 possimus

178 2215 511 2282 consulere,
539 2215 623 2270 vel
649 2215 888 2270 nondum
916 2223 1042 2269 sunt
1061 2215 1224 2281 edita,
1258 2216 1340 2268 vel
1371 2213 1436 2268 ad
1464 2228 1653 2268 manus
1678 2229 1802 2267 nos-

179 2319 304 2362 tras
354 2321 461 2362 non
512 2322 849 2376 pervenere:
892 2321 992 2361 nec
1032 2321 1097 2360 ex
1138 2321 1245 2376 quo
1286 2307 1515 2376 prinnnn
1558 2315 1800 2377 tempore

177 2400 359 2468 hujus
407 2398 710 2470 argumenti
760 2399 1022 2454 tractandi
1068 2398 1352 2453 consilium
1405 2399 1686 2467 cepimus,
1738 2413 1801 2452 ea

177 2497 349 2565 ipsa,
395 2509 514 2563 qua:
540 2492 770 2548 Veronae
813 2501 976 2558 sunt,
1023 2491 1347 2546 documenta
1393 2490 1542 2544 adire
1582 2490 1796 2556 omnia,

175 2601 315 2642 cum
353 2583 676 2658 typograpbi
705 2593 954 2656 urgeant,
980 2586 1276 2655 potuimus.
1313 2583 1444 2637 Illud
1474 2583 1720 2637 addimus
1747 2583 1801 2636 in

175 2693 387 2736 eorum
433 2678 764 2744 subsidium,
812 2679 900 2747 qui
941 2676 1235 2748 aliquando
1281 2675 1479 2730 addere
1522 2674 1660 2730 forte
1697 2675 1800 2731 alia

178 2774 322 2830 huic
352 2773 518 2844 capiti
548 2773 744 2835 velint,
792 2772 932 2842 quod
966 2771 1136 2826 sicubi
1169 2770 1226 2826 S.
1259 2770 1494 2824 Zenonis
1519 2770 1802 2825 ecclesiam

180 2867 276 2922 vel
304 2866 694 2922 documentum
724 2865 939 2935 aliquod
969 2865 1148 2921 cultus
1175 2865 1226 2919 in
1248 2861 1542 2919 Occidente
1569 2864 1805 2934 reperia-

181 2969 279 3016 tur
303 2977 321 3025 ;
349 2969 404 3014 ut
424 2959 491 3014 ad
520 2958 795 3015 Zenonem
819 2966 1064 3014 nostrum
1089 2959 1204 3013 haec
1231 2969 1478 3028 spectare
1505 2969 1655 3014 certo
1676 2974 1806 3013 con-

181 3049 378 3106 cludat
402 3089 426 3115 ,.
453 3066 558 3106 non
591 3051 643 3106 in
684 3050 814 3106 illud
849 3051 1023 3106 solum
1055 3050 1346 3116 adtendat,
1385 3051 1806 3122 quamplurimas

182 3148 248 3204 S.
275 3141 518 3202 Zenonis
539 3163 632 3216 per
655 3146 1004 3203 Occidentem
1026 3146 1287 3202 ecclesias
1312 3161 1341 3201 a
1371 3148 1525 3202 nobis
1549 3148 1804 3201 hactenus

1904 1941 2145 1995 nieorum
2189 1936 2425 2007 Collegia
2458 1939 2523 1993 de
2555 1939 2613 1994 S.
2649 1937 2866 1993 Zenone
2897 1948 3196 2006 nuncupata
3221 1978 3233 2000 ,
3265 1935 3499 2007 patroci-

1903 2034 2048 2086 nium
2077 2031 2194 2100 ejus
2219 2031 2270 2084 in
2302 2031 2501 2085 litaniis
2531 2045 2592 2084 ac
2622 2030 2850 2098 publicis
2880 2029 3132 2099 precibus
3162 2027 3300 2097 apud
3337 2027 3503 2080 Deum

1903 2125 2278 2195 interpositum
2305 2168 2318 2191 ,
2349 2125 2598 2179 eumdem
2628 2139 2886 2195 pagorum
2921 2122 3241 2195 urbiumque
3271 2122 3507 2191 ipsarum

1907 2219 2232 2290 prmeipuum
2269 2228 2550 2288 patronum
2589 2217 2654 2272 ab
2683 2217 2919 2288 antiquis
2961 2215 3296 2286 temporibus
3337 2213 3510 2268 adsci-

1905 2323 2015 2366 tum
2039 2355 2052 2376 ,
2085 2311 2280 2366 ciliciis
2305 2353 2317 2374 ,
2352 2311 2790 2384 processionibus
2836 2325 2897 2364 ac
2955 2310 3073 2363 aliis
3106 2310 3205 2379 ιιὶιιι
3238 2307 3512 2378 religionis

1904 2404 2390 2475 significationibus
2416 2447 2429 2466 ,
2465 2420 2567 2458 non
2600 2405 2651 2458 in
2681 2403 2873 2458 dicatis
2914 2403 3032 2472 ejus
3076 2403 3293 2457 nomine
3333 2401 3510 2456 eccle-

1905 2498 1999 2552 siis
2029 2497 2202 2552 solum
2229 2539 2243 2563 ,
2278 2497 2372 2551 sed
2404 2497 2456 2551 in
2487 2497 2613 2551 totis
2643 2496 2968 2553 dimeesibus
2998 2496 3198 2550 cultum
3233 2494 3373 2548 nacti
3417 2510 3507 2547 su-

1904 2603 2024 2643 mus
2045 2631 2059 2654 ,
2093 2605 2211 2659 qum
2245 2589 2540 2658 prarsertim
2573 2586 2692 2642 aliis
2732 2589 2932 2642 sanctis
2958 2586 3372 2642 Confessorihus
3397 2601 3501 2640 non

1907 2683 2010 2737 nisi
2039 2681 2196 2736 valde
2221 2680 2525 2736 celebribus
2568 2691 2624 2737 et
2668 2680 3006 2750 paucissimis
3035 2681 3328 2750 contigisse
3357 2680 3510 2733 inve-

1907 2774 2162 2838 ninntur,
2210 2774 2331 2843 quis
2373 2789 2476 2827 non
2519 2774 2810 2827 maximam
2855 2772 2923 2827 de
2966 2773 3023 2826 S.
3073 2771 3306 2826 Zenonis
3340 2770 3509 2825 Vero-

1907 2868 2094 2923 nensis
2120 2867 2404 2922 sanctitate
2444 2882 2505 2922 ac
2529 2867 2843 2923 celebritate
2886 2877 2961 2922 tot
2994 2867 3194 2921 veteris
3236 2864 3506 2933 pervagati

1906 2963 2332 3033 multiplicisque
2371 2963 2549 3018 cultus
2591 2961 2914 3018 testimoniis
2948 2961 3166 3032 probata
3198 2959 3508 3031 opinionem

1908 3057 2133 3111 induat?
2164 3056 2232 3111 Et
2255 3099 2267 3119 ,
2301 3057 2346 3112 si
2379 3073 2500 3111 eum
2535 3057 2736 3126 vulgari
2772 3057 2999 3127 quadam
3035 3054 3260 3109 formula
3294 3068 3414 3108 cum
3447 3050 3508 3106 S.

1910 3149 2137 3204 Martino
2166 3153 2422 3219 episcopo
2453 3148 2751 3203 'l‘nronensi
2777 3150 2916 3202 inter
2943 3145 3327 3202 celeberrimos
3349 3160 3502 3198 sanc-

185 3244 453 3298 inventas
484 3258 590 3298 non
622 3244 791 3299 fuisse
813 3252 840 3308 ,'
868 3243 968 3297 nisi
1009 3243 1066 3298 S.
1098 3243 1333 3298 Zenonis
1362 3242 1601 3312 episcopi
1633 3243 1800 3296 \’ero-
1828 3245 1872 3307 ρ
1909 3250 1991 3296 tos
2057 3256 2273 3311 semper
2338 3240 2520 3294 habito
2550 3242 2857 3310 e0pnlatum
2899 3240 3099 3292 smcttlo
3130 3238 3342 3292 decimo
3371 3237 3510 3306 apud

183 3337 420 3404 nensis,
475 3346 531 3391 et
581 3336 834 3392 similiter
882 3336 938 3393 Β.
972 3335 1246 3392 Zenonem
1292 3336 1494 3390 litaniis
1541 3337 1798 3392 insertum

187 3432 369 3486 alium
417 3447 526 3486 non
569 3431 772 3486 fuisse:
820 3432 913 3486 sed
957 3431 1021 3485 ad
1062 3432 1324 3486 ecclesias
1363 3431 1502 3500 quod
1533 3432 1800 3500 pertinet,

184 3525 396 3580 festum
441 3525 586 3580 diem
630 3525 684 3579 in
725 3524 917 3580 iisdem
957 3523 1323 3590 celebratum,
1358 3524 1401 3577 si
1444 3524 1558 3578 Πειί
1594 3531 1800 3593 potest,

185 3619 482 3689 exquirat,
513 3630 566 3674 et
593 3619 830 3673 inveniet
857 3617 1095 3674 incidere
1119 3617 1206 3672 vel
1236 3618 1286 3671 in
1315 3616 1455 3670 diem
1484 3631 1555 3670 xu
1583 3615 1802 3686 Aprilis,

188 3712 276 3766 vel
310 3711 364 3765 in
397 3710 544 3767 diem
575 3727 673 3767 vttt
704 3711 1037 3776 Decembris,
1070 3710 1152 3765 vel
1187 3709 1321 3765 forte
1351 3710 1545 3763 alicubi
1579 3710 1631 3764 in
1662 3709 1804 3763 diem

182 3821 283 3861 χιι
311 3805 471 3871 Maii,
504 3806 596 3876 qui
624 3813 736 3860 tres
763 3805 880 3860 dies
903 3820 1008 3858 non
1046 3804 1153 3858 alio
1191 3803 1395 3858 Zenoni
1435 3818 1592 3872 quam
1621 3812 1806 3856 nostro

183 3899 336 3954 sacri
361 3906 526 3954 sunt:
567 3899 620 3952 in
658 3898 861 3953 litaniis
900 3906 1078 3952 autem
1114 3899 1200 3953 vel
1241 3897 1358 3951 aliis
1385 3895 1651 3950 similibus
1681 3910 1808 3966 prea

183 3994 351 4047 cibus
376 4006 508 4046 cum
535 3990 596 4047 Β.
631 3990 856 4046 Proculo
885 3990 1182 4046 Veronensi
1212 3992 1466 4061 episcopo
1493 3989 1631 4044 inter
1659 3987 1806 4043 Con-

190 4083 440 4138 fessores
492 4081 774 4153 copulatus
815 4082 1132 4152 plerumque
1178 4081 1585 4147 recensebitur;
1629 4081 1714 4136 vel
1761 4081 1806 4135 si

1907 3333 2224 3388 Ratherium
2260 3335 2310 3388 in
2343 3333 2670 3392 testimonio.
2707 3336 2847 3402 quod
2880 3332 3143 3400 superiori
3175 3329 3510 3400 paragrapho

1907 3427 2281 3492 recitarimus,
2309 3437 2550 3496 repetet.
2584 3424 2804 3480 nimium
2837 3424 3062 3478 multum
3089 3421 3263 3476 cidem
3292 3437 3322 3474 a
3352 3422 3512 3491 vulgo

1911 3521 2166 3575 tributunt
2190 3534 2524 3590 nequaquam
2545 3520 2761 3573 sentiet.
2781 3516 2907 3571 Haec
2933 3515 3236 3584 diligentius
3263 3513 3513 3568 conside-

1911 3631 2065 3680 rare,
2093 3624 2254 3681 atque
2280 3615 2670 3669 consideranda
2698 3628 3000 3685 proponere
3028 3611 3184 3665 nobis
3213 3625 3355 3665 curm
3385 3608 3506 3673 fuit,

1910 3722 2018 3762 non
2061 3716 2118 3760 ιιι
2159 3705 2431 3777 quidpiam
2464 3707 2650 3776 gloria:
2680 3719 2742 3759 ac
2775 3703 3110 3759 venerationi
3140 3702 3300 3757 alicui
3344 3717 3478 3758 emte

1907 3816 2090 3856 rerum
2140 3809 2450 3855 sanctorum
2503 3801 2816 3870 dect-rptum
2869 3800 2958 3864 sit,
3009 3797 3101 3852 sed
3135 3805 3191 3851 ut
3242 3796 3510 3850 excitetur

1910 3902 2400 3966 promoveaturqne
2440 3893 2569 3947 tanti
2615 3891 2835 3947 Patroni
2879 3892 3092 3956 cultus,
3135 3889 3227 3961 qni
3272 3886 3513 3952 sensim,

1909 3996 1970 4042 ut
2000 3989 2114 4043 fieri
2144 3988 2282 4042 solet
2330 3987 2381 4042 in
2416 3987 2577 4042 rebus
2607 3988 2840 4057 antiqui“
2865 4029 2880 4053 ,
2929 3985 3067 4056 apud
3101 3982 3390 4038 nonnullos
3423 3997 3512 4034 ve—

1911 4090 2067 4137 tustae
2095 4081 2424 4137 celebritatis
2457 4081 2635 4135 minus
2664 4080 2912 4136 ciniseios
2940 4078 3203 4149 refriguit.

480 4225 2269 4237 W
2283 4226 2804 4235 _——————-
2818 4219 3423 4232 ——————————_

194 4219 3499 4284 HW
465 4263 756 4276 ._..__._
767 4265 1082 4276 .________
1097 4268 1247 4276 .____

1083 4421 1228 4514 teut
1299 4391 1420 4512 M
1453 4387 2440 4518 ONUMENTA

706 4612 995 4758 DE
1131 4614 2045 4768 SANCTO
2144 4614 3072 4774 ΖΕΝΟΝΕ

1107 4852 1120 4863 ’
1160 4849 1733 4950 EPISCOPO
1844 4859 2555 4956 VERONENSL

1528 5128 1677 5202 AD
1688 5134 1770 5204 M
1782 5127 2148 5207 ONITIO
2165 5180 2190 5204 .

260 5264 304 5320 Ι.
353 5265 664 5334 Antequam
693 5271 1041 5330 monumenta
1065 5263 1132 5320 ad
1157 5263 1215 5320 S.
1235 5263 1467 5321 Zenonis
1492 5267 1658 5322 vitam
1682 5279 1804 5336 pcr-
1829 5269 1884 5331 D
1908 5267 1964 5323 S.
2003 5267 2256 5337 Zenonis,
2306 5270 2456 5328 illum
2489 5271 2884 5328 recentioribus
2924 5271 3284 5342 scriptoribus
3318 5283 3513 5323 accen-

183 5357 426 5413 tinentia
469 5370 595 5411 cum
627 5356 799 5412 missis
843 5367 891 5412 et
934 5356 1144 5429 hymnis
1193 5357 1422 5430 aliisque
1467 5357 1806 5416 documentis

182 5447 469 5519 litnrgicis
518 5447 741 5517 propriis
772 5447 1013 5522 ejusdem
1056 5448 1257 5514 Sancti,
1301 5464 1419 5518 quae
1465 5447 1519 5503 in
1567 5447 1814 5520 altliQItiS

181 5540 346 5597 libris
370 5538 700 5611 reperimus,
733 5539 944 5610 damus,
987 5542 1242 5596 nonnulla
1278 5539 1345 5606 de
1374 5542 1642 5612 aliquibus
1703 5542 1801 5595 mi-

181 5650 286 5689 nus
332 5632 493 5688 notis
538 5631 740 5700 praefari
792 5633 938 5688 libet.
990 5631 1292 5704 Coronatus
1336 5632 1591 5702 Notarius
1639 5633 1800 5708 primi

179 5722 544 5803 monumenti
573 5735 750 5803 auctor
771 5727 975 5802 primus
1004 5725 1125 5802 fuit,
1158 5727 1248 5814 qui
1276 5727 1334 5802 ὃ.
1366 5728 1596 5786 Zenonis
1622 5729 1796 5802 Vitam

174 5820 384 5898 litteris
419 5817 662 5896 tradidit.
700 5813 942 5903 Perettns
976 5823 1027 5903 in
1062 5822 1242 5898 latinis,
1281 5824 1502 5894 Stltnliis
1527 5826 1591 5887 ad
1625 5824 1796 5891 Vitam

1908 5364 2040 5426 suit,
2073 5375 2122 5420 et
2157 5363 2268 5420 fere
2300 5380 2484 5434 parem
2515 5363 2640 5422 fecit
2671 5366 2829 5420 Petro
2857 5364 2926 5421 de
2954 5365 3249 5426 Natalibus,
3278 5362 3369 5434 qui
3411 5376 3514 5414 ste-

1907 5457 2028 5511 culo
2058 5473 2148 5512 xtv
2176 5457 2378 5524 ﬂoruit.
2425 5460 2497 5518 At
2535 5459 2784 5516 eumdem
2814 5457 3018 5514 vixisse
3043 5469 3166 5512 ante
3198 5452 3510 5510 translatio-

1907 5563 2030 5604 nem
2080 5551 2328 5622 corporis
2366 5551 2425 5608 S.
2474 5551 2725 5616 Zenonis,
2775 5567 2895 5620 quae
2947 5549 3148 5606 smulo
3193 5563 3244 5602 ιι
3297 5547 3514 5600 ineunte

1905 5641 2040 5698 facta
2075 5641 2190 5710 l‘nit,
2221 5659 2325 5700 non
2357 5660 2420 5704 ex
2453 5660 2520 5700 eo
2551 5646 2724 5702 solum
2753 5642 3042 5710 colligitur,
3087 5637 3231 5708 quod
3263 5635 3503 5704 t'juSdcm

1916 5737 2281 5802 translationis
2312 5738 2511 5798 nullam
2542 5737 2699 5796 faciat
2729 5735 3076 5796 mentionem.
3104 5731 3198 5787 sed
3231 5746 3294 5786 ex
3321 5744 3386 5788 eo
3415 5745 3513 5798 po-

1913 5829 2206 5900 tissimum,
2238 5832 2382 5909 quod
2408 5843 2462 5892 et
2492 5847 2703 5890 sacrum
2739 5829 2971 5899 Zenonis
2993 5843 3192 5903 corpus
3219 5841 3315 5886 sua
3339 5824 3518 5912 adhuc
