3960 6330
447 273 548 331 191

1849 272 2387 332 PROLEGOMENA.

3618 285 3708 342 1(ὶὲ

449 401 610 450 tutata
640 393 986 466 requiescens
1025 392 1204 464 prodit
1232 407 1380 448 num.
1428 393 1483 458 8,
1532 391 1584 447 in
1614 407 1676 448 ea
1718 390 1962 457 basilica,
1995 391 2050 446 in
2078 405 2131 464 Α
2159 392 2401 462 populari
2441 407 2658 450 rumore
2687 403 2938 464 suscepta
2981 403 3039 451 ct
3067 393 3206 452 veris
3249 390 3473 453 iminista
3508 412 3712 471 cognos-

453 503 557 560 qua
584 489 760 559 primo
805 498 927 560 post
951 497 1180 544 mortem
1209 488 1486 543 conditum
1518 489 1712 553 fuerat,
1743 496 1799 543 et
1826 485 1941 542 Vita
1985 486 2052 542 ab

453 582 574 652 ipso
601 583 802 653 scripta
833 583 1104 638 invenitur
1134 582 1184 636 in
1218 582 1472 637 Remensi
1501 580 1712 646 codice,
1743 596 1903 651 quem
1934 595 2054 635 exa-

452 683 625 728 ratum
654 682 780 730 aute
809 674 1064 730 sa-culum
1088 691 1162 742 ix,
1196 676 1248 729 in
1269 674 1505 746 generali
1534 674 1850 745 praefatione
1871 682 2055 728 osten-

451 765 650 820 dimus.
682 765 816 822 Cum
857 782 1022 836 porro
1051 767 1368 822 miraculum
1398 765 1620 821 Athesis
1648 764 2053 820 inundationem

451 871 702 931 spectans
746 877 775 916 a
816 861 872 918 8.
917 861 1180 934 Gregorio
1226 861 1419 932 Magno
1459 861 1788 932 descriptum
1835 859 2054 925 referat,

450 952 594 1024 quod
639 953 861 1025 contigit
894 970 1037 1008 anno
1083 954 1211 1019 589,
1244 952 1476 1024 septimo
1507 953 1592 1007 vel
1636 960 1827 1007 octavo
1856 950 2057 1008 sacculo

453 1063 577 1104 eum
611 1049 860 1105 ﬂoruisse
889 1065 1010 1105 cum
1059 1049 1121 1104 P.
1155 1047 1502 1104 Heuschenio
1541 1046 1885 1102 statuendum
1930 1054 2012 1101 est
2042 1062 2054 1097 :

419 1164 426 1168 -
467 1140 781 1196 Venerabilis
829 1144 1231 1211 nuncupatione
1269 1141 1504 1196 donatur
1547 1155 1653 1195 non
1707 1148 1813 1194 tam
1857 1140 1908 1193 in
1951 1153 2052 1193 ms.

455 1235 734 1290 “emensi.
761 1251 920 1304 quam
955 1235 1008 1289 iu
1039 1233 1316 1299 Lobiensi,
1347 1248 1505 1304 quem
1538 1231 1784 1288 Molanus
1813 1230 1975 1297 vidit;
2004 1238 2060 1286 et.

463 1325 517 1380 in
551 1326 651 1380 hoc
678 1336 954 1396 postremo
980 1326 1444 1380 Christianissimus
1457 1331 1717 1394 pra‘terea
1736 1322 2056 1392 appellatur,

453 1419 592 1474 sicut
627 1427 682 1474 et
721 1436 748 1472 a
780 1418 988 1476 Joanne
1020 1418 1347 1475 VcrOueusis
1372 1419 1630 1474 Ecclesia:
1657 1419 1978 1488 presbytero
2006 1424 2061 1471 et

461 1510 843 1569 Mansiouario.
869 1514 960 1584 qui
995 1513 1047 1567 iu
1071 1511 1454 1584 manuscriplre
1476 1510 1778 1582 lmperialis
1813 1510 2062 1564 Historiae

453 1605 492 1662 Ι.
524 1622 562 1673 ι,
596 1606 712 1678 ejus
739 1608 984 1662 meminit
1014 1608 1097 1662 bis
1125 1606 1303 1662 verbis
1334 1623 1348 1660 :
1394 1604 1702 1668 Coronatus,
1727 1605 1801 1658 vir
1829 1602 2066 1658 christia-

457 1700 722 1767 nissimus,
760 1700 979 1756 Verona:
1002 1701 1209 1766 claruit,
1233 1700 1320 1770 qui
1362 1699 1525 1755 Vitam
1552 1699 1682 1753 beati
1707 1696 1931 1752 Zenonis
1959 1713 2067 1751 me-

2155 494 2365 552 centur,
2396 486 2665 556 simulque
2711 487 2883 557 palam
2926 487 3038 553 tiet,
3083 503 3237 558 quam
3286 490 3467 558 pusilla
3508 495 3714 549 auctori.

2157 585 2266 632 tate
2293 575 2552 642 nitantur,
2581 578 2672 648 qui
2708 595 2772 633 cx
2809 581 2910 634 hoc
2935 590 3284 636 monumento
3309 580 3545 640 Gallieno
3567 585 3716 658 impe-

2157 672 2324 725 ratori
2350 685 2593 726 coarvum
2619 672 2678 727 S.
2714 672 2985 729 Zenonem
3015 675 3299 731 inculcant.

2228 763 2290 818 ll.
2337 763 2482 830 Ha-c,
2507 780 2664 835 quam
2687 766 2992 822 Coronatus
3014 769 3249 840 scripsit,
3281 769 3340 827 S.
3374 769 3594 828 Zenonis
3616 772 3718 830 Vita

2160 864 2218 908 ιιι
2241 855 2469 924 primum
2493 858 2738 927 apparuit
2761 859 2813 914 in
2841 859 3035 927 lucem,
3069 864 3301 920 novitate
3321 879 3415 919 sua
3444 865 3606 936 rapuit
3625 879 3719 923 sta-

2159 949 2252 1002 tim
2282 959 2335 1004 et
2361 950 2528 1004 illexit
2557 951 2834 1008 hominum
2866 955 3097 1024 animos,
3126 957 3216 1028 qui
3249 957 3378 1012 nihil
3407 961 3471 1012 ad
3497 959 3545 1014 id
3575 975 3720 1030 usque

2162 1051 2374 1112 tempus
2398 1043 2465 1100 de
2495 1044 2551 1099 S.
2575 1045 2838 1116 Episcopo
2869 1049 3062 1104 litteris
3090 1052 3456 1120 consignatum
3479 1051 3717 1120 legerant,

2161 1143 2216 1189 et
2244 1135 2462 1204 proinde
2491 1137 2632 1191 illam
2657 1138 2966 1208 judicaruut
2987 1142 3225 1212 dignam,
3249 1159 3404 1214 quam
3433 1159 3534 1198 non
3563 1145 3717 1202 solum

2162 1225 2214 1280 in
2246 1227 2554 1283 lectiouaria
2592 1229 2878 1293 referrent,
2911 1248 2975 1287 ex
3007 1249 3177 1304 eaque
3204 1233 3518 1305 autipbonas
3557 1249 3718 1292 sacroo

2163 1336 2281 1375 rum
2328 1320 2625 1378 ofﬁciorum
2669 1323 3044 1396 decerperent,
3081 1328 3176 1384 sed
3218 1344 3374 1398 quam
3413 1331 3563 1387 etiam
3595 1332 3724 1401 quis-

2165 1415 2304 1484 piam
2348 1415 2561 1485 ignotus
2599 1419 2833 1488 scriptor
2885 1432 3181 1488 exponeret
3234 1422 3522 1496 Rhythmo,
3560 1445 3718 1501 quem,

2165 1509 2312 1564 nullo
2341 1509 2464 1565 licet
2488 1526 2738 1566 versuum
2769 1512 3097 1582 discriminc,
3129 1516 3180 1570 in
3215 1532 3315 1574 ms.
3339 1517 3612 1590 Capitulari
3636 1539 3724 1580 sae-

2165 1603 2269 1658 culi
2345 1605 2470 1659 noni
2529 1618 2802 1675 repertum
2864 1609 3279 1666 communicavit
3333 1612 3723 1674 Bartbolomaeus

2165 1699 2525 1768 Campagnola
2573 1699 2814 1770 ejusdem
2875 1704 3095 1771 capituli
3147 1706 3518 1774 cancellarius,
3561 1725 3588 1766 a
3631 1727 3724 1783 quo

459 1793 625 1847 diorri
645 1794 781 1864 styla
805 1796 1110 1863 composuit.
1152 1792 1277 1849 ch
1305 1791 1426 1848 Vita
1469 1791 1704 1861 antiquis
1733 1790 2060 1846 lectionariis
2091 1814 2140 1874 Β
2167 1793 2268 1849 alia
2296 1793 2423 1848 item
2455 1809 2486 1849 e
2513 1809 2644 1848 mss.
2673 1793 3071 1865 Capitularibus
3091 1808 3312 1852 OStensa
3340 1801 3488 1857 nobis
3517 1801 3723 1858 fuerunt.

458 1885 661 1942 inserta
693 1887 902 1958 legitur,
935 1887 1010 1942 uti
1053 1887 1104 1942 in
1136 1887 1452 1943 Tridentino
1477 1884 1759 1957 capitulari
1791 1885 2063 1939 membra-

460 1993 631 2036 nacco
654 1990 710 2034 et
752 1981 802 2034 in
845 1979 1056 2035 duobus
1080 1979 1469 2048 Valliccllauis,
1503 1996 1558 2036 ut
1585 1988 1641 2037 et
1672 1997 1764 2046 vu,
1797 1993 1968 2051 eaque
2005 1977 2060 2033 in

463 2087 563 2127 usu
601 2083 737 2140 erat,
788 2084 1076 2144 antequam
1125 2073 1534 2143 locupletiorem
1578 2073 1749 2128 Vitam
1799 2074 2065 2129 scriberet

463 2165 757 2222 Monachus
783 2165 1147 2231 Zeuonianus,
1187 2166 1255 2222 de
1295 2182 1402 2238 quo
1441 2183 1564 2222 mox
1605 2167 1848 2223 dicemus
1888 2167 2062 2237 plura.

465 2259 707 2316 Molanus
738 2261 790 2315 in
833 2258 1274 2316 annotationibus
1313 2260 1379 2314 ad
1409 2260 1711 2316 Usuardum
1754 2275 1873 2316 eam
1913 2259 2065 2315 Lobii

463 2370 523 2408 se
543 2354 739 2409 vidisse
761 2363 990 2410 testatur
1014 2370 1026 2406 :
1053 2352 1201 2408 Lobii
1222 2363 1384 2409 exstat
1403 2355 1636 2410 narratio
1651 2354 1950 2409 venerabilis
1969 2353 2068 2409 Co-

461 2449 651 2515 ronati,
694 2447 1102 2504 christianissimi
1131 2449 1355 2518 notarii;
1385 2459 1434 2504 et
1463 2446 1602 2505 forte
1627 2463 1694 2504 eo
1720 2449 1877 2502 allata
1910 2446 2010 2504 fuit
2036 2463 2064 2503 a

461 2541 722 2598 Ratherio
749 2543 1004 2613 episcopo
1021 2541 1342 2611 Veronensi,
1365 2544 1454 2614 qui
1479 2543 1692 2599 sarculo
1720 2558 1774 2607 ιι,
1807 2541 1958 2598 Lobii
1984 2558 2071 2598 se-

463 2651 523 2691 se
545 2636 766 2705 recepit.
799 2635 1058 2706 Equidem
1085 2651 1208 2691 cum
1231 2636 1344 2691 lucc
1375 2637 1582 2708 scripta
1599 2651 1628 2692 a
1647 2635 1802 2691 nobis
1820 2635 2064 2703 fuissent,

465 2737 728 2785 venerunt
767 2745 796 2784 a
844 2729 1015 2786 Lobio
1063 2731 1256 2787 litterm
1308 2731 1375 2787 ad
1426 2732 1732 2796 Scipionem
1780 2730 2068 2797 Malfeium,

465 2821 658 2893 quibus
683 2823 734 2877 in
759 2821 948 2878 codice
977 2823 1088 2894 ipsa
1113 2824 1355 2892 ejusdem
1389 2824 1629 2879 Ratberii
1661 2841 1822 2878 manu
1851 2835 2074 2880 exarato

463 2916 605 2972 inter
631 2918 801 2971 multa
832 2918 1018 2972 Sermo
1044 2917 1108 2972 de
1145 2917 1264 2972 Vita
1295 2919 1356 2972 δ.
1387 2917 1608 2972 Zenonis
1645 2919 1870 2990 episcopi
1907 2917 2074 2973 conti-

469 3009 583 3062 neri
613 3008 862 3063 traditur.
895 3009 1090 3064 Petrus
1114 3009 1244 3064 Calo
1265 3009 1508 3064 eamdem
1535 3011 1584 3063 iu
1607 3024 1702 3064 sua
1731 3007 2072 3064 Collectanea

467 3103 801 3172 conjecerat,
838 3113 895 3157 ut
925 3103 982 3158 P.
1032 3103 1406 3158 llenscheuius
1436 3103 1488 3158 in
1517 3118 1617 3158 ms.
1651 3103 1946 3158 Barberino
1981 3118 2077 3157 au-

2168 1887 2266 1943 Hic
2294 1883 2472 1942 autem
2493 1887 2799 1960 lthytbmus
2821 1903 2941 1944 cum
2974 1889 3162 1946 eadem
3192 1901 3419 1962 repetat,
3451 1910 3563 1966 quae
3587 1895 3731 1951 Coro-

2169 1992 2352 2047 natus,
2402 1983 2712 2050 Auctorquc
2759 1981 2948 2038 eadem
3001 1998 3146 2054 saepe
3199 1983 3450 2041 Coronati
3495 1987 3644 2042 verba
3683 1988 3726 2042 iu

2169 2073 2426 2146 ltbythmi
2472 2073 2699 2130 formam
2755 2074 3068 2144 deﬂectens,
3120 2092 3308 2148 parum
3369 2079 3504 2136 felici
3549 2080 3732 2137 calamo

2171 2182 2299 2223 usus
2329 2170 2416 2235 sit,
2449 2183 2942 2240 amanuenscmque
2973 2171 3041 2226 sit
3062 2173 3286 2227 sortitus
3313 2174 3466 2230 valde
3491 2174 3733 2246 negligen-

2172 2270 2300 2328 tem,
2349 2262 2440 2332 qui
2499 2263 2756 2318 nonnulla
2782 2265 3089 2334 corrupisse
3128 2265 3358 2336 videtur,
3409 2279 3464 2324 et
3488 2267 3611 2324 duas
3644 2267 3737 2324 for-

2174 2356 2332 2410 tassis
2360 2356 2519 2411 etiam
2564 2357 2817 2428 strophas
2850 2361 3006 2428 (quot
3035 2359 3250 2428 desunt,
3295 2373 3351 2418 ut
3381 2361 3591 2420 tmidem
3619 2373 3738 2420 stro-

2172 2448 2292 2520 pha:
2344 2451 2565 2506 totidem
2617 2451 2811 2507 litteris
2865 2452 3135 2525 alphabeti
3181 2455 3285 2511 sibi
3333 2457 3401 2512 ab
3443 2461 3661 2514 Auctore
3694 2459 3736 2514 in

2174 2540 2452 2614 Rhythmo
2469 2543 2803 2599 lucubrando
2823 2547 3109 2616 prrcstituti
3142 2549 3552 2622 respondeant);
3574 2551 3662 2614 his.
3679 2551 3739 2606 in-

2173 2651 2355 2707 quam,
2384 2635 2452 2692 de
2492 2638 2671 2692 causis
2722 2638 2774 2693 in
2812 2640 3026 2709 generis
3069 2638 3375 2712 Rhythmus
3413 2642 3546 2698 haud
3577 2642 3738 2712 impri-

2177 2728 2404 2784 mendus
2427 2728 2721 2784 videbatur.
2755 2732 2822 2783 At
2841 2740 2898 2784 ut
2920 2730 3266 2788 manifestum
3295 2735 3403 2800 fiat,
3428 2747 3742 2806 quaecumque

2177 2821 2244 2877 de
2271 2821 2502 2878 Gallieni
2531 2838 2648 2877 :evo
2675 2823 2946 2880 Zenonem
2975 2824 3275 2898 attingente
3311 2829 3513 2899 prodita
3538 2838 3650 2884 sunt
3669 2829 3743 2883 lit-

2180 2916 2327 2980 teris,
2356 2931 2420 2971 ea
2449 2930 2480 2970 a
2508 2913 2780 2972 Coronato
2804 2929 3028 2989 excepta
3065 2918 3262 2986 fuisse;
3295 2921 3634 2978 omittendum
3659 2920 3744 2976 hoc

2179 3011 2459 3082 antiquum
2482 3015 2721 3082 ignotum
2753 3012 3012 3069 hactenus
3031 3013 3418 3073 documentum
3439 3031 3538 3074 non
3567 3015 3745 3084 putavi-

2182 3118 2326 3170 mus,
2367 3105 2524 3173 cujus
2543 3115 2731 3161 auctor
2753 3103 3084 3163 Coronatum
3105 3108 3434 3166 adauiussim
3454 3120 3656 3166 secutus
3675 3123 3749 3179 ap-

466 3197 692 3265 notavit,
737 3212 858 3269 pag.
889 3198 977 3266 75.
1011 3197 1252 3252 Boninus
1271 3197 1609 3275 Mombritius
1637 3199 1824 3268 viginti
1863 3198 2078 3252 circiter
2105 3220 2149 3281 ρ
2182 3198 2412 3267 parebit,
2444 3210 2502 3255 ut
2551 3199 2602 3256 id
2650 3200 2824 3271 ipsum
2865 3201 2933 3256 de
2973 3201 3094 3257 aliis
3119 3219 3339 3276 quoque
3378 3204 3630 3274 sequioris
3664 3203 3747 3257 ιιιιί

465 3305 639 3346 annos
675 3302 800 3347 ante
844 3292 1028 3347 saeculi
1074 3308 1161 3348 xvi
1207 3291 1416 3347 iuitiutn
1470 3293 1671 3363 primus
1709 3293 1852 3348 illam
1902 3292 2071 3348 edidit

469 3393 598 3440 tom.
636 3401 672 3439 ιι
709 3383 945 3441 Vitarum
986 3385 1082 3441 SS.
1118 3385 1324 3441 Deinde
1351 3402 1440 3439 an.
1476 3385 1803 3453 1655,'tom.
1835 3401 1867 3438 ν
1901 3385 2070 3440 Italia:

467 3495 636 3536 sacra:
654 3497 721 3536 ex
735 3481 1092 3537 ins.Abbatiae
1111 3481 1168 3538 S.
1185 3481 1485 3538 Salvatoris
1499 3481 1694 3538 Montis
1709 3481 1904 3537 Antiati
1922 3497 2070 3536 eam-

470 3573 539 3628 de
566 3573 825 3629 mrecusit
855 3573 1228 3630 Ferdinandus
1273 3573 1572 3646 Ugliellius.
1607 3575 1844 3631 Tandem
1875 3589 1906 3630 e
1932 3590 2063 3630 mss.

467 3675 675 3735 septem
707 3664 870 3738 [εωνι]
907 3667 963 3722 Ρ.
1000 3667 1377 3724 lleuschenius
1407 3669 1575 3740 ipsam
1609 3670 1841 3726 inseruit
1869 3678 2000 3724 tom.
2032 3686 2067 3723 ιι

470 3757 672 3827 Aprilis
715 3773 834 3828 pag.
865 3758 952 3814 70.
1003 3758 1111 3815 Nos
1159 3760 1444 3816 Bernensis
1470 3761 1673 3817 codicis
1711 3763 2067 3832 antiquissimi

470 3853 756 3908 lectionem
781 3854 948 3909 secuti
980 3855 1295 3924 plerumque
1317 3869 1525 3910 sumus.
1559 3855 1613 3909 In
1635 3855 1735 3910 hoc
1759 3864 1938 3910 autem
1966 3871 2066 3909 nis.

469 3949 609 4006 sicut
637 3958 693 4004 et
718 3950 770 4004 in
800 3947 1050 4005 Lobiensi
1085 3963 1180 4018 per
1208 3948 1521 4004 Ratberium
1554 3947 1775 4018 scripto,
1807 3947 1923 4002 haec
1949 3947 2069 4002 Vita

473 4042 785 4099 inscribitur
821 4041 1026 4104 Sermo.
1059 4041 1152 4097 sed
1183 4041 1362 4096 minus
1393 4043 1630 4112 proprie.
1661 4039 1921 4097 Coronati
1945 4058 2072 4096 vero

473 4147 631 4193 aetate
656 4154 844 4208 parum
863 4137 1150 4194 admodum
1179 4138 1247 4194 de
1263 4138 1321 4194 S.
1352 4137 1587 4192 Zenonis
1616 4137 1750 4202 vita,
1781 4153 1901 4208 qua:
1928 4137 2073 4192 nullo

474 4225 777 4302 antiquiore
810 4231 1140 4288 documento
1185 4232 1393 4302 prodita
1426 4230 1621 4297 fuerat,
1660 4229 1951 4286 universim
1981 4245 2075 4286 co-

475 4325 706 4395 gnitum,
751 4340 814 4379 ac
843 4325 1164 4396 populorum
1200 4327 1457 4380 memoria
1496 4334 1876 4382 conservatum
1907 4323 2074 4380 fuisse

479 4417 611 4470 satis
649 4431 916 4487 superque
959 4419 1154 4488 probat
1189 4417 1339 4484 illud,
1383 4417 1525 4488 quod
1564 4417 1658 4473 ille
1698 4417 1832 4473 nihil
1864 4416 1977 4473 fere
2007 4417 2076 4473 de

478 4509 692 4564 Zenone
719 4509 921 4566 scribat
951 4509 1052 4565 nisi
1092 4512 1349 4567 miracula
1381 4512 1623 4583 quaedam
1656 4527 1845 4584 pauca.
1879 4521 1934 4568 et
1962 4512 2076 4568 lucc

2186 3294 2546 3350 monumentis
2563 3295 3009 3364 sitjudicandum.
3031 3296 3248 3368 Ignotos
3270 3298 3476 3354 Patrias
3497 3296 3746 3369 legendum

2182 3385 2322 3456 apud
2346 3385 2696 3453 Coronatum,
2720 3398 2774 3442 ut
2799 3404 2866 3444 ex
2892 3388 3148 3445 Remensi
3185 3389 3376 3446 codice
3413 3391 3640 3453 edemus,
3669 3387 3742 3442 hic

2177 3480 2408 3549 hymnus
2427 3482 2635 3550 probat.
2661 3480 2867 3537 Juverit
2908 3483 3067 3538 etiam
3091 3483 3337 3553 quasdam
3367 3484 3554 3540 Italica:
3573 3484 3740 3554 linguae

2173 3570 2376 3625 semina
2411 3571 2605 3627 ibidem
2629 3572 3054 3644 deprehendere,
3087 3576 3160 3630 uti
3205 3575 3517 3645 particulam
3563 3590 3741 3647 perque.

2173 3676 2332 3731 quam
2358 3662 2540 3719 ltalice
2556 3667 2738 3736 perc/ie
2753 3665 3041 3722 efferimus.
3070 3666 3315 3724 Notanda
3343 3680 3589 3740 praeterea
3607 3676 3753 3724 erunt

2174 3759 2419 3829 qumdam
2462 3763 2752 3831 praecipua,
2783 3764 2859 3818 uti
2892 3780 3010 3818 cum
3041 3765 3268 3835 imperii,
3304 3768 3592 3839 imperium,
3632 3773 3744 3820 etc..

2177 3870 2272 3923 pro
2325 3855 2667 3922 imperatoris,
2711 3857 2990 3928 imperator
3036 3868 3352 3915 constanter
3399 3860 3660 3915 scribitur.

2249 3947 2435 4021 ]cr.vu]
2471 3947 2558 4004 Ill.
2585 3949 2850 4020 Sequetur
2892 3949 3116 4006 historia
3146 3950 3542 4007 Translationis
3583 3949 3636 4005 S.
3665 3947 3755 4002 Ze-

2179 4042 2358 4108 nonis,
2391 4056 2510 4112 qua:
2549 4059 2693 4098 nouo
2723 4044 2943 4099 ineunte
2982 4045 3185 4100 saeculo
3220 4056 3438 4115 peracta
3471 4045 3584 4100 fuit.
3614 4043 3756 4111 llujus

2192 4134 2431 4189 historia:
2460 4145 2670 4202 auctor,
2696 4137 2786 4206 qui
2816 4136 2872 4193 S.
2901 4137 3132 4192 Zenonis
3162 4137 3340 4194 Vitam
3366 4138 3634 4210 praemisit,
3660 4149 3759 4190 mo-

2179 4226 2410 4282 nachum
2455 4243 2513 4283 se
2540 4230 2768 4298 prodere
2819 4229 3053 4296 videtur,
3088 4229 3181 4300 qui
3228 4230 3556 4302 aliquamdiu
3585 4231 3632 4284 in
3659 4229 3759 4297 ipso

2178 4321 2236 4380 S.
2270 4323 2510 4379 Zenonis
2555 4323 2889 4380 monasterio
2935 4324 3165 4390 vixerit;
3208 4327 3384 4397 inquit
3424 4326 3564 4382 enim
3609 4320 3752 4394 paulo

2181 4424 2303 4484 post
2329 4415 2537 4470 initium
2579 4413 2716 4470 Vitae
2743 4432 2755 4469 :
2781 4413 2967 4486 Neque
3007 4418 3366 4484 prwtereunda
3397 4427 3511 4471 sunt
3556 4429 3662 4484 qua:
3694 4426 3761 4465 re-

2183 4509 2356 4580 ligiosi
2386 4509 2506 4575 viri,
2563 4509 2871 4580 quibuscum
2902 4511 3156 4576 stetimus,
3186 4510 3425 4581 fidelibus
3459 4510 3613 4566 oculis
3639 4504 3761 4562 vide-

481 4603 594 4674 ipsa
647 4602 851 4670 vulgari
885 4603 1175 4660 traditione
1217 4607 1445 4676 prolata,
1478 4615 1535 4662 ut
1561 4622 1627 4662 ex
1667 4607 2015 4663 annotatione
2045 4609 2079 4665 5
2107 4619 2155 4680 ι)
2180 4614 2304 4659 runt
2324 4621 2352 4670 ;-
2371 4615 2425 4660 et
2457 4605 2578 4659 hinc
2607 4605 2770 4660 etiam
2797 4604 3028 4675 peritum
3059 4619 3119 4660 se
3143 4606 3193 4660 in
3227 4605 3293 4660 iis
3323 4603 3654 4662 documentis
3675 4612 3752 4654 os-

480 4695 611 4750 satis
633 4696 853 4767 colliges
885 4715 897 4750 :
929 4697 1072 4753 unde
1097 4700 1288 4769 paucis
1313 4700 1402 4755 vix
1425 4703 1638 4757 attactis
1664 4703 1837 4772 primo
1858 4718 2086 4759 numero

485 4791 556 4846 de
591 4789 697 4844 vita
729 4789 937 4856 Sancti,
980 4794 1162 4847 statim
1191 4793 1256 4848 ad
1297 4795 1552 4849 miracula
1583 4797 1643 4851 fit
1683 4799 1959 4865 transitus,
2003 4797 2087 4854 bis

485 4885 586 4939 sub
615 4886 857 4952 ejusdem
900 4886 1108 4942 numeri
1145 4889 1305 4942 linem
1337 4890 1651 4960 perscriptis
1685 4909 1697 4945 :
1747 4891 1972 4946 Audiam
1996 4909 2088 4962 po-

489 4979 598 5049 puli
629 4996 822 5045 omnes,
859 4980 945 5052 qui
980 4984 1092 5054 ejus
1135 4982 1349 5050 cupiunt
1386 4981 1673 5048 miracula;
1700 4991 1756 5038 et
1787 5000 1998 5039 rursum
2033 4985 2086 5040 in

491 5071 598 5127 fine
631 5088 696 5126 ex
717 5089 848 5129 mss.
877 5075 1222 5142 Henscbenii,
1251 5077 1506 5149 Ughellii,
1528 5091 1582 5134 et
1603 5079 1888 5136 Mombritii
1915 5100 1928 5136 :
1956 5081 2088 5136 Ecce

492 5166 555 5218 de
579 5166 752 5219 multis
767 5170 878 5239 ejus
892 5168 1154 5223 miraculis
1179 5186 1270 5242 ego
1293 5171 1493 5226 inutilis
1519 5169 1805 5228 Coronatus
1837 5172 2089 5228 Notarius

494 5259 633 5329 quod
659 5269 970 5330 compertum
1000 5265 1157 5328 tenui,
1184 5274 1317 5329 etc.,
1347 5280 1470 5334 quae
1491 5276 1694 5329 tamen,
1727 5266 1803 5320 uti
1833 5282 1859 5320 a
1891 5267 2090 5336 populo

494 5363 810 5408 conservata
853 5362 907 5408 et
937 5355 1130 5422 relata,
1173 5356 1432 5412 addititiis
1469 5372 1614 5427 saepe
1660 5357 1868 5414 fabellis
1898 5359 2090 5414 infarta

496 5462 617 5503 esse
659 5447 860 5504 solent.
897 5448 1032 5504 Dum
1071 5450 1376 5522 antiquiora
1414 5461 1470 5508 et
1503 5452 1674 5523 magis
1707 5455 1938 5523 genuina
1984 5470 2091 5510 non

496 5555 788 5616 Suppetunt
835 5546 1181 5614 documenta,
1227 5549 1328 5601 hoc
1367 5547 1722 5603 omittendum
1773 5548 1928 5604 nobis
1978 5565 2084 5604 non

495 5633 690 5696 fuerat.
723 5641 1414 5707 Postremoannotatioues,
1443 5656 1576 5712 quas
1594 5643 1646 5697 in
1672 5643 1932 5714 prooemio
1953 5642 2087 5700 diss.

495 5749 553 5788 ιιι
599 5749 696 5789 nos
743 5736 866 5792 huic
897 5735 1031 5791 Vitae
1057 5736 1400 5806 apposituros
1431 5739 1749 5805 recepimus,
1783 5739 1968 5809 paucis
1996 5737 2092 5793 da-

497 5839 678 5888 untur.
711 5847 776 5887 ex
815 5832 1010 5903 quibus
1041 5830 1372 5887 incredibilia
1404 5831 1671 5903 quaedam,
1721 5832 1801 5888 vel
1835 5833 1963 5887 falsa
1995 5840 2059 5886 ett

2199 4696 2390 4763 tendit,
2421 4712 2541 4767 quae
2567 4711 2672 4752 non
2699 4698 2802 4752 nisi
2834 4701 2884 4752 in
2914 4697 3106 4754 eodem
3131 4698 3464 4754 monasterio
3487 4698 3656 4767 legere
3680 4703 3761 4762 p0-

2197 4797 2374 4851 tuerat
2406 4805 2419 4842 :
2453 4803 2555 4844 nec
2599 4790 2704 4844 alia
2751 4787 2892 4845 forte
2919 4789 2986 4845 de
3011 4805 3176 4845 causa
3206 4791 3258 4845 in
3287 4791 3526 4861 ejusdem
3553 4781 3760 4843 casnobii

2196 4880 2383 4936 laudes
2408 4895 2532 4937 eum
2572 4883 2879 4938 excurrisse
2916 4883 3178 4939 credibile
3219 4894 3323 4949 est,
3365 4897 3523 4955 quam
3549 4876 3680 4952 quod
3717 4872 3760 4930 id

2196 4974 2484 5044 plurimum
2517 4975 2585 5030 ad
2633 4989 2693 5030 se
2725 4976 3039 5045 pertineret.
3071 4977 3258 5032 Solum
3295 4977 3458 5033 verba
3488 4974 3762 5047 quibuscum

2193 5071 2444 5132 stetimus,
2485 5080 2534 5125 et
2559 5070 2700 5124 locus
2725 5070 2836 5137 ille,
2869 5072 3064 5141 quibus
3105 5072 3280 5142 ipsum
3327 5070 3385 5128 S.
3417 5069 3638 5126 Zenonis
3664 5077 3763 5120 mo-

2195 5165 2491 5222 nasterium
2546 5165 2839 5236 intelligit,
2895 5165 3256 5236 suspicionem
3306 5167 3551 5238 ingerunt
3623 5174 3758 5218 eum,
3837 5165 3852 5182 '

2192 5275 2314 5315 cum
2358 5261 2473 5315 haec
2515 5260 2796 5327 scriberet,
2841 5261 3033 5318 eodem
3078 5264 3130 5317 in
3182 5262 3513 5317 monasterio
3548 5255 3758 5325 amplius

2197 5370 2302 5411 non
2330 5355 2498 5411 fuisse
2531 5375 2542 5408 :
2577 5371 2696 5426 quae
2728 5365 2905 5411 tamen
2947 5357 3228 5412 conciliari
3265 5372 3386 5410 eum
3417 5347 3766 5422 superioribus

2197 5449 2759 5505 animadversionibus
2805 5465 2865 5505 ea
2911 5449 3122 5504 ratione
3165 5459 3406 5519 possunt.
3456 5449 3499 5504 si
3539 5447 3758 5500 dicamus

2201 5543 2364 5598 fuisse
2391 5543 2611 5613 quidem
2640 5559 2761 5599 eum
2785 5543 3098 5600 monasterii
3121 5543 3418 5600 Zeuoniani
3441 5540 3762 5600 monachum,

2199 5647 2255 5692 at
2281 5637 2512 5694 subinde
2541 5639 2592 5693 in
2633 5639 2809 5710 aliqua
2841 5637 3016 5694 eidem
3045 5639 3376 5694 monaSIerio
3406 5635 3634 5704 subjecta
3662 5642 3764 5684 cm.

2203 5732 2416 5787 nobiola
2449 5733 2732 5802 migrasse,
2755 5732 2844 5788 ubi
2876 5733 2977 5790 hoc
3006 5734 3326 5805 opusculum
3357 5726 3655 5786 lucubrarit.
3681 5720 3765 5776 "is

2202 5834 2380 5880 autem
2427 5827 2757 5893 argumentis
2789 5825 2959 5894 ducti,
2999 5825 3244 5899 opusculi
3294 5820 3568 5881 memorati
3595 5811 3764 5873 aucto-'
