  <div class='ocr_page' id='page_1' title='image "/cluster/home/n/w/nwhite01/storage/ocr_20150623/11/hvd.32044015471287/102.png"; bbox 0 0 3894 6322; ppageno 0'>
   <div class='ocr_carea' id='block_1_1' title="bbox 202 333 312 386">
    <p class='ocr_par' dir='ltr' id='par_1_1' title="bbox 202 333 312 386">
     <span class='ocr_line' id='line_1_1' title="bbox 202 333 312 386; baseline 0 0"><span class='ocrx_word' id='word_1_1' title='bbox 202 333 312 386; x_wconf 79' lang='grc'>195</span> 
     </span>
    </p>
   </div>
   <div class='ocr_carea' id='block_1_2' title="bbox 197 550 1802 626">
    <p class='ocr_par' dir='ltr' id='par_1_2' title="bbox 197 550 1802 626">
     <span class='ocr_line' id='line_1_2' title="bbox 197 550 1802 626; baseline 0.003 -18"><span class='ocrx_word' id='word_1_2' title='bbox 197 550 586 626; x_wconf 80' lang='lat' dir='ltr'><strong>appellandum</strong></span> <span class='ocrx_word' id='word_1_3' title='bbox 615 557 943 623; x_wconf 83' lang='lat' dir='ltr'><strong>censuimus,</strong></span> <span class='ocrx_word' id='word_1_4' title='bbox 977 566 1031 611; x_wconf 92' lang='lat' dir='ltr'><strong>nt</strong></span> <span class='ocrx_word' id='word_1_5' title='bbox 1069 573 1137 612; x_wconf 93' lang='lat' dir='ltr'><strong>ne</strong></span> <span class='ocrx_word' id='word_1_6' title='bbox 1180 567 1358 613; x_wconf 91' lang='lat' dir='ltr'><strong>tamen</strong></span> <span class='ocrx_word' id='word_1_7' title='bbox 1398 558 1498 612; x_wconf 90' lang='lat' dir='ltr'><strong>hac</strong></span> <span class='ocrx_word' id='word_1_8' title='bbox 1526 557 1594 614; x_wconf 91' lang='lat' dir='ltr'><strong>de</strong></span> <span class='ocrx_word' id='word_1_9' title='bbox 1640 575 1718 623; x_wconf 90' lang='lat' dir='ltr'><strong>re,</strong></span> <span class='ocrx_word' id='word_1_10' title='bbox 1759 561 1802 614; x_wconf 88' lang='lat' dir='ltr'><strong>si</strong></span> 
     </span>
    </p>
   </div>
   <div class='ocr_carea' id='block_1_3' title="bbox 196 647 1803 718">
    <p class='ocr_par' dir='ltr' id='par_1_3' title="bbox 196 647 1803 718">
     <span class='ocr_line' id='line_1_3' title="bbox 196 647 1803 718; baseline 0.002 -16"><span class='ocrx_word' id='word_1_11' title='bbox 196 647 323 718; x_wconf 86' lang='lat' dir='ltr'><strong>quis</strong></span> <span class='ocrx_word' id='word_1_12' title='bbox 342 658 532 702; x_wconf 75' lang='lat' dir='ltr'><strong>contra</strong></span> <span class='ocrx_word' id='word_1_13' title='bbox 559 648 777 714; x_wconf 81' lang='lat' dir='ltr'><strong>sentiat,</strong></span> <span class='ocrx_word' id='word_1_14' title='bbox 801 649 1028 704; x_wconf 82' lang='lat' dir='ltr'><strong>velimus</strong></span> <span class='ocrx_word' id='word_1_15' title='bbox 1052 649 1321 706; x_wconf 85' lang='lat' dir='ltr'><strong>laborare.</strong></span> <span class='ocrx_word' id='word_1_16' title='bbox 1349 650 1431 707; x_wconf 79' lang='lat' dir='ltr'><strong>Ad</strong></span> <span class='ocrx_word' id='word_1_17' title='bbox 1455 649 1803 706; x_wconf 89' lang='lat' dir='ltr'><strong>statuendum</strong></span> 
     </span>
    </p>
   </div>
   <div class='ocr_carea' id='block_1_4' title="bbox 196 740 1802 813">
    <p class='ocr_par' dir='ltr' id='par_1_4' title="bbox 196 740 1802 813">
     <span class='ocr_line' id='line_1_4' title="bbox 196 740 1802 813; baseline 0.002 -19"><span class='ocrx_word' id='word_1_18' title='bbox 196 757 332 797; x_wconf 83' lang='lat' dir='ltr'><strong>vero</strong></span> <span class='ocrx_word' id='word_1_19' title='bbox 364 740 528 813; x_wconf 87' lang='lat' dir='ltr'><strong>hujus</strong></span> <span class='ocrx_word' id='word_1_20' title='bbox 571 743 810 798; x_wconf 79' lang='lat' dir='ltr'><strong>auctoris</strong></span> <span class='ocrx_word' id='word_1_21' title='bbox 843 754 1073 813; x_wconf 88' lang='lat' dir='ltr'><strong>tempus,</strong></span> <span class='ocrx_word' id='word_1_22' title='bbox 1112 742 1220 797; x_wconf 91' lang='lat' dir='ltr'><strong>duo</strong></span> <span class='ocrx_word' id='word_1_23' title='bbox 1256 742 1600 798; x_wconf 79' lang='lat' dir='ltr'><strong>characteres</strong></span> <span class='ocrx_word' id='word_1_24' title='bbox 1641 757 1802 798; x_wconf 90' lang='lat' dir='ltr'><strong>manu</strong></span> 
     </span>
    </p>
   </div>
   <div class='ocr_carea' id='block_1_5' title="bbox 197 833 1804 907">
    <p class='ocr_par' dir='ltr' id='par_1_5' title="bbox 197 833 1804 907">
     <span class='ocr_line' id='line_1_5' title="bbox 197 833 1804 907; baseline 0.001 -16"><span class='ocrx_word' id='word_1_25' title='bbox 197 834 429 891; x_wconf 91' lang='lat' dir='ltr'><strong>ducunt.</strong></span> <span class='ocrx_word' id='word_1_26' title='bbox 464 833 687 890; x_wconf 82' lang='lat' dir='ltr'><strong>Nostros</strong></span> <span class='ocrx_word' id='word_1_27' title='bbox 723 834 1065 907; x_wconf 76' lang='lat' dir='ltr'><strong>Imperatores</strong></span> <span class='ocrx_word' id='word_1_28' title='bbox 1090 837 1266 907; x_wconf 90' lang='lat' dir='ltr'><strong>primo</strong></span> <span class='ocrx_word' id='word_1_29' title='bbox 1291 838 1592 907; x_wconf 83' lang='lat' dir='ltr'><strong>appellans,</strong></span> <span class='ocrx_word' id='word_1_30' title='bbox 1625 837 1668 891; x_wconf 93' lang='lat' dir='ltr'><strong>si</strong></span> <span class='ocrx_word' id='word_1_31' title='bbox 1697 835 1804 893; x_wconf 79' lang='lat' dir='ltr'><strong>Vc-</strong></span> 
     </span>
    </p>
   </div>
   <div class='ocr_carea' id='block_1_6' title="bbox 197 929 1800 1001">
    <p class='ocr_par' dir='ltr' id='par_1_6' title="bbox 197 929 1800 1001">
     <span class='ocr_line' id='line_1_6' title="bbox 197 929 1800 1001; baseline 0.001 -16"><span class='ocrx_word' id='word_1_32' title='bbox 197 945 351 985; x_wconf 74' lang='lat' dir='ltr'><strong>ronte</strong></span> <span class='ocrx_word' id='word_1_33' title='bbox 391 929 712 1001; x_wconf 86' lang='lat' dir='ltr'><strong>opusculum</strong></span> <span class='ocrx_word' id='word_1_34' title='bbox 753 929 992 1001; x_wconf 78' lang='lat' dir='ltr'><strong>scripsit,</strong></span> <span class='ocrx_word' id='word_1_35' title='bbox 1021 940 1076 984; x_wconf 91' lang='lat' dir='ltr'><strong>ut</strong></span> <span class='ocrx_word' id='word_1_36' title='bbox 1113 929 1464 1000; x_wconf 79' lang='lat' dir='ltr'><strong>probabiliter</strong></span> <span class='ocrx_word' id='word_1_37' title='bbox 1506 930 1800 998; x_wconf 88' lang='lat' dir='ltr'><strong>credimus,</strong></span> 
     </span>
    </p>
   </div>
   <div class='ocr_carea' id='block_1_7' title="bbox 195 1020 1800 1095">
    <p class='ocr_par' dir='ltr' id='par_1_7' title="bbox 195 1020 1800 1095">
     <span class='ocr_line' id='line_1_7' title="bbox 195 1020 1800 1095; baseline 0 -19"><span class='ocrx_word' id='word_1_38' title='bbox 195 1023 402 1078; x_wconf 80' lang='lat' dir='ltr'><strong>vixisse</strong></span> <span class='ocrx_word' id='word_1_39' title='bbox 436 1039 496 1078; x_wconf 90' lang='lat' dir='ltr'><strong>se</strong></span> <span class='ocrx_word' id='word_1_40' title='bbox 523 1022 704 1094; x_wconf 83' lang='lat' dir='ltr'><strong>prodit</strong></span> <span class='ocrx_word' id='word_1_41' title='bbox 755 1037 876 1078; x_wconf 92' lang='lat' dir='ltr'><strong>cum</strong></span> <span class='ocrx_word' id='word_1_42' title='bbox 907 1020 1120 1077; x_wconf 86' lang='lat' dir='ltr'><strong>Verona</strong></span> <span class='ocrx_word' id='word_1_43' title='bbox 1161 1023 1262 1076; x_wconf 89' lang='lat' dir='ltr'><strong>sub</strong></span> <span class='ocrx_word' id='word_1_44' title='bbox 1297 1023 1686 1095; x_wconf 79' lang='lat' dir='ltr'><strong>imperatorum</strong></span> <span class='ocrx_word' id='word_1_45' title='bbox 1717 1023 1800 1076; x_wconf 88' lang='lat' dir='ltr'><strong>di-</strong></span> 
     </span>
    </p>
   </div>
   <div class='ocr_carea' id='block_1_8' title="bbox 195 1113 1796 1186">
    <p class='ocr_par' dir='ltr' id='par_1_8' title="bbox 195 1113 1796 1186">
     <span class='ocr_line' id='line_1_8' title="bbox 195 1113 1796 1186; baseline 0 -16"><span class='ocrx_word' id='word_1_46' title='bbox 195 1115 346 1170; x_wconf 88' lang='lat' dir='ltr'><strong>tione</strong></span> <span class='ocrx_word' id='word_1_47' title='bbox 374 1123 546 1182; x_wconf 73' lang='lat' dir='ltr'><strong>esset,</strong></span> <span class='ocrx_word' id='word_1_48' title='bbox 573 1130 600 1168; x_wconf 90' lang='lat' dir='ltr'><strong>a</strong></span> <span class='ocrx_word' id='word_1_49' title='bbox 631 1130 733 1186; x_wconf 90' lang='lat' dir='ltr'><strong>qua</strong></span> <span class='ocrx_word' id='word_1_50' title='bbox 763 1114 1023 1170; x_wconf 87' lang='lat' dir='ltr'><strong>subducta</strong></span> <span class='ocrx_word' id='word_1_51' title='bbox 1054 1113 1145 1168; x_wconf 83' lang='lat' dir='ltr'><strong>fuit</strong></span> <span class='ocrx_word' id='word_1_52' title='bbox 1173 1114 1278 1169; x_wconf 90' lang='lat' dir='ltr'><strong>sub</strong></span> <span class='ocrx_word' id='word_1_53' title='bbox 1307 1114 1468 1170; x_wconf 81' lang='lat' dir='ltr'><strong>ﬁnem</strong></span> <span class='ocrx_word' id='word_1_54' title='bbox 1496 1115 1679 1170; x_wconf 63' lang='lat' dir='ltr'><strong>saeculi</strong></span> <span class='ocrx_word' id='word_1_55' title='bbox 1698 1131 1796 1170; x_wconf 88' lang='lat' dir='ltr'><strong>xtt.</strong></span> 
     </span>
    </p>
   </div>
   <div class='ocr_carea' id='block_1_9' title="bbox 196 1191 1798 1285">
    <p class='ocr_par' dir='ltr' id='par_1_9' title="bbox 196 1191 1798 1285">
     <span class='ocr_line' id='line_1_9' title="bbox 196 1191 1798 1285; baseline -0.001 -20"><span class='ocrx_word' id='word_1_56' title='bbox 196 1211 335 1267; x_wconf 88' lang='lat' dir='ltr'><strong>Dein</strong></span> <span class='ocrx_word' id='word_1_57' title='bbox 363 1219 698 1282; x_wconf 87' lang='lat' dir='ltr'><strong>postremum</strong></span> <span class='ocrx_word' id='word_1_58' title='bbox 731 1209 1048 1264; x_wconf 76' lang='lat' dir='ltr'><strong>miraculum</strong></span> <span class='ocrx_word' id='word_1_59' title='bbox 1078 1223 1327 1274; x_wconf 90' lang='lat' dir='ltr'><strong>narrans,</strong></span> <span class='ocrx_word' id='word_1_60' title='bbox 1362 1191 1690 1265; x_wconf 76' lang='lat' dir='ltr'><strong>mentionem</strong></span> <span class='ocrx_word' id='word_1_61' title='bbox 1725 1209 1798 1285; x_wconf 64' lang='grc' dir='ltr'>[ξιτ</span> 
     </span>
    </p>
   </div>
   <div class='ocr_carea' id='block_1_10' title="bbox 192 1301 1802 1374">
    <p class='ocr_par' dir='ltr' id='par_1_10' title="bbox 192 1301 1802 1374">
     <span class='ocr_line' id='line_1_10' title="bbox 192 1301 1802 1374; baseline -0.001 -16"><span class='ocrx_word' id='word_1_62' title='bbox 192 1302 270 1358; x_wconf 89' lang='lat' dir='ltr'><strong>cit</strong></span> <span class='ocrx_word' id='word_1_63' title='bbox 301 1303 509 1359; x_wconf 85' lang='lat' dir='ltr'><strong>inventi</strong></span> <span class='ocrx_word' id='word_1_64' title='bbox 540 1301 769 1356; x_wconf 64' lang='lat' dir='ltr'><strong>Mantua:</strong></span> <span class='ocrx_word' id='word_1_65' title='bbox 821 1301 1095 1374; x_wconf 79' lang='lat' dir='ltr'><strong>sanguinis</strong></span> <span class='ocrx_word' id='word_1_66' title='bbox 1137 1301 1360 1367; x_wconf 83' lang='lat' dir='ltr'><strong>Christi,</strong></span> <span class='ocrx_word' id='word_1_67' title='bbox 1389 1303 1476 1374; x_wconf 91' lang='lat' dir='ltr'><strong>qui</strong></span> <span class='ocrx_word' id='word_1_68' title='bbox 1511 1301 1591 1357; x_wconf 91' lang='lat' dir='ltr'><strong>bis</strong></span> <span class='ocrx_word' id='word_1_69' title='bbox 1616 1303 1802 1357; x_wconf 78' lang='lat' dir='ltr'><strong>inven-</strong></span> 
     </span>
    </p>
   </div>
   <div class='ocr_carea' id='block_1_11' title="bbox 193 1393 1798 1465">
    <p class='ocr_par' dir='ltr' id='par_1_11' title="bbox 193 1393 1798 1465">
     <span class='ocr_line' id='line_1_11' title="bbox 193 1393 1798 1465; baseline -0.002 -13"><span class='ocrx_word' id='word_1_70' title='bbox 193 1407 282 1452; x_wconf 88' lang='lat' dir='ltr'><strong>tus</strong></span> <span class='ocrx_word' id='word_1_71' title='bbox 320 1396 573 1462; x_wconf 84' lang='lat' dir='ltr'><strong>traditur,</strong></span> <span class='ocrx_word' id='word_1_72' title='bbox 619 1396 847 1465; x_wconf 91' lang='lat' dir='ltr'><strong>primum</strong></span> <span class='ocrx_word' id='word_1_73' title='bbox 888 1411 978 1450; x_wconf 91' lang='lat' dir='ltr'><strong>an.</strong></span> <span class='ocrx_word' id='word_1_74' title='bbox 1005 1394 1132 1458; x_wconf 68' lang='lat'><strong>804,</strong></span> <span class='ocrx_word' id='word_1_75' title='bbox 1177 1404 1232 1450; x_wconf 88' lang='lat' dir='ltr'><strong>et</strong></span> <span class='ocrx_word' id='word_1_76' title='bbox 1278 1411 1465 1451; x_wconf 89' lang='lat' dir='ltr'><strong>rursus</strong></span> <span class='ocrx_word' id='word_1_77' title='bbox 1510 1393 1798 1450; x_wconf 70' lang='lat' dir='ltr'><strong>att.1049.</strong></span> 
     </span>
    </p>
   </div>
   <div class='ocr_carea' id='block_1_12' title="bbox 191 1487 1802 1560">
    <p class='ocr_par' dir='ltr' id='par_1_12' title="bbox 191 1487 1802 1560">
     <span class='ocr_line' id='line_1_12' title="bbox 191 1487 1802 1560; baseline -0.001 -15"><span class='ocrx_word' id='word_1_78' title='bbox 191 1489 334 1547; x_wconf 81' lang='lat' dir='ltr'><strong>Vide</strong></span> <span class='ocrx_word' id='word_1_79' title='bbox 361 1488 725 1545; x_wconf 89' lang='lat' dir='ltr'><strong>Douesmondi</strong></span> <span class='ocrx_word' id='word_1_80' title='bbox 753 1487 889 1543; x_wconf 85' lang='lat' dir='ltr'><strong>llist.</strong></span> <span class='ocrx_word' id='word_1_81' title='bbox 921 1487 1072 1544; x_wconf 84' lang='lat' dir='ltr'><strong>Eccl.</strong></span> <span class='ocrx_word' id='word_1_82' title='bbox 1095 1488 1288 1556; x_wconf 82' lang='lat' dir='ltr'><strong>Mant.,</strong></span> <span class='ocrx_word' id='word_1_83' title='bbox 1323 1488 1416 1544; x_wconf 91' lang='lat' dir='ltr'><strong>lib.</strong></span> <span class='ocrx_word' id='word_1_84' title='bbox 1441 1505 1520 1556; x_wconf 87' lang='grc' dir='ltr'><strong>ιιι,</strong></span> <span class='ocrx_word' id='word_1_85' title='bbox 1547 1503 1669 1560; x_wconf 84' lang='lat' dir='ltr'><strong>pag.</strong></span> <span class='ocrx_word' id='word_1_86' title='bbox 1695 1488 1802 1544; x_wconf 77' lang='grc'>159</span> 
     </span>
    </p>
   </div>
   <div class='ocr_carea' id='block_1_13' title="bbox 191 1582 1804 1656">
    <p class='ocr_par' dir='ltr' id='par_1_13' title="bbox 191 1582 1804 1656">
     <span class='ocr_line' id='line_1_13' title="bbox 191 1582 1804 1656; baseline -0.001 -16"><span class='ocrx_word' id='word_1_87' title='bbox 191 1593 256 1641; x_wconf 90' lang='lat' dir='ltr'><strong>et</strong></span> <span class='ocrx_word' id='word_1_88' title='bbox 301 1599 481 1656; x_wconf 89' lang='lat' dir='ltr'><strong>seqq.,</strong></span> <span class='ocrx_word' id='word_1_89' title='bbox 533 1592 588 1638; x_wconf 92' lang='lat' dir='ltr'><strong>et</strong></span> <span class='ocrx_word' id='word_1_90' title='bbox 631 1599 750 1655; x_wconf 87' lang='lat' dir='ltr'><strong>pag.</strong></span> <span class='ocrx_word' id='word_1_91' title='bbox 786 1582 893 1639; x_wconf 82' lang='grc'>195</span> <span class='ocrx_word' id='word_1_92' title='bbox 940 1596 996 1639; x_wconf 89' lang='lat' dir='ltr'><strong>et</strong></span> <span class='ocrx_word' id='word_1_93' title='bbox 1027 1598 1177 1654; x_wconf 85' lang='lat' dir='ltr'><strong>seqq.</strong></span> <span class='ocrx_word' id='word_1_94' title='bbox 1210 1583 1340 1638; x_wconf 82' lang='lat' dir='ltr'><strong>Cum</strong></span> <span class='ocrx_word' id='word_1_95' title='bbox 1387 1595 1566 1638; x_wconf 89' lang='lat' dir='ltr'><strong>autem</strong></span> <span class='ocrx_word' id='word_1_96' title='bbox 1597 1584 1664 1639; x_wconf 90' lang='lat' dir='ltr'><strong>ad</strong></span> <span class='ocrx_word' id='word_1_97' title='bbox 1697 1584 1804 1654; x_wconf 89' lang='lat' dir='ltr'><strong>pri-</strong></span> 
     </span>
    </p>
   </div>
   <div class='ocr_carea' id='block_1_14' title="bbox 189 1675 1800 1748">
    <p class='ocr_par' dir='ltr' id='par_1_14' title="bbox 189 1675 1800 1748">
     <span class='ocr_line' id='line_1_14' title="bbox 189 1675 1800 1748; baseline -0.001 -15"><span class='ocrx_word' id='word_1_98' title='bbox 189 1694 346 1733; x_wconf 87' lang='lat' dir='ltr'><strong>mum</strong></span> <span class='ocrx_word' id='word_1_99' title='bbox 377 1687 610 1747; x_wconf 88' lang='lat' dir='ltr'><strong>tempus,</strong></span> <span class='ocrx_word' id='word_1_100' title='bbox 654 1691 762 1748; x_wconf 92' lang='lat' dir='ltr'><strong>quo</strong></span> <span class='ocrx_word' id='word_1_101' title='bbox 789 1675 928 1732; x_wconf 76' lang='lat' dir='ltr'><strong>forte</strong></span> <span class='ocrx_word' id='word_1_102' title='bbox 977 1677 1034 1733; x_wconf 89' lang='lat' dir='ltr'><strong>S.</strong></span> <span class='ocrx_word' id='word_1_103' title='bbox 1069 1676 1305 1733; x_wconf 84' lang='lat' dir='ltr'><strong>Zenonis</strong></span> <span class='ocrx_word' id='word_1_104' title='bbox 1349 1679 1630 1734; x_wconf 85' lang='lat' dir='ltr'><strong>translatio</strong></span> <span class='ocrx_word' id='word_1_105' title='bbox 1660 1694 1800 1734; x_wconf 88' lang='lat' dir='ltr'><strong>nou-</strong></span> 
     </span>
    </p>
   </div>
   <div class='ocr_carea' id='block_1_15' title="bbox 194 1769 1796 1841">
    <p class='ocr_par' dir='ltr' id='par_1_15' title="bbox 194 1769 1796 1841">
     <span class='ocr_line' id='line_1_15' title="bbox 194 1769 1796 1841; baseline 0.001 -15"><span class='ocrx_word' id='word_1_106' title='bbox 194 1770 330 1826; x_wconf 90' lang='lat' dir='ltr'><strong>dum</strong></span> <span class='ocrx_word' id='word_1_107' title='bbox 360 1771 684 1841; x_wconf 81' lang='lat' dir='ltr'><strong>contigerat,</strong></span> <span class='ocrx_word' id='word_1_108' title='bbox 715 1769 848 1825; x_wconf 90' lang='lat' dir='ltr'><strong>illud</strong></span> <span class='ocrx_word' id='word_1_109' title='bbox 883 1770 1202 1825; x_wconf 89' lang='lat' dir='ltr'><strong>miraculum</strong></span> <span class='ocrx_word' id='word_1_110' title='bbox 1233 1781 1352 1840; x_wconf 83' lang='lat' dir='ltr'><strong>post</strong></span> <span class='ocrx_word' id='word_1_111' title='bbox 1387 1771 1796 1828; x_wconf 81' lang='lat' dir='ltr'><strong>translationem</strong></span> 
     </span>
    </p>
   </div>
   <div class='ocr_carea' id='block_1_16' title="bbox 1097 331 2594 412">
    <p class='ocr_par' dir='ltr' id='par_1_16' title="bbox 1097 331 2594 412">
     <span class='ocr_line' id='line_1_16' title="bbox 1097 331 2594 412; baseline 0.009 -24"><span class='ocrx_word' id='word_1_112' title='bbox 1097 332 1162 388; x_wconf 82' lang='lat' dir='ltr'><strong>IN</strong></span> <span class='ocrx_word' id='word_1_113' title='bbox 1193 331 1626 392; x_wconf 79' lang='lat' dir='ltr'><strong>MONUMENTA</strong></span> <span class='ocrx_word' id='word_1_114' title='bbox 1658 334 1746 390; x_wconf 79' lang='lat' dir='ltr'><strong>DE</strong></span> <span class='ocrx_word' id='word_1_115' title='bbox 1778 335 1838 390; x_wconf 91' lang='lat' dir='ltr'><strong>Z.</strong></span> <span class='ocrx_word' id='word_1_116' title='bbox 1876 335 2163 412; x_wconf 39' lang='lat' dir='ltr'><strong>ZENONE.</strong></span> <span class='ocrx_word' id='word_1_117' title='bbox 2192 343 2594 404; x_wconf 80' lang='lat' dir='ltr'><strong>ADMONITIO.</strong></span> 
     </span>
    </p>
   </div>
   <div class='ocr_carea' id='block_1_17' title="bbox 199 451 2341 536">
    <p class='ocr_par' dir='ltr' id='par_1_17' title="bbox 199 451 2341 536">
     <span class='ocr_line' id='line_1_17' title="bbox 199 451 2341 536; baseline 0.003 -20"><span class='ocrx_word' id='word_1_118' title='bbox 199 480 345 524; x_wconf 85' lang='lat' dir='ltr'><strong>rent,</strong></span> <span class='ocrx_word' id='word_1_119' title='bbox 408 476 461 517; x_wconf 92' lang='lat' dir='ltr'><strong>ut</strong></span> <span class='ocrx_word' id='word_1_120' title='bbox 516 463 990 536; x_wconf 88' lang='lat' dir='ltr'><strong>distiugueremus,</strong></span> <span class='ocrx_word' id='word_1_121' title='bbox 1041 464 1412 523; x_wconf 90' lang='lat' dir='ltr'><strong>Zenonianum</strong></span> <span class='ocrx_word' id='word_1_122' title='bbox 1469 467 1793 524; x_wconf 85' lang='lat' dir='ltr'><strong>monachum</strong></span> <span class='ocrx_word' id='word_1_123' title='bbox 1825 451 2073 524; x_wconf 69' lang='grc' dir='ltr'><strong>Δάίνίεε</strong></span> <span class='ocrx_word' id='word_1_124' title='bbox 2121 471 2341 525; x_wconf 67' lang='lat' dir='ltr'><strong>apparet</strong></span> 
     </span>
    </p>
   </div>
   <div class='ocr_carea' id='block_1_18' title="bbox 3399 358 3506 416">
    <p class='ocr_par' dir='ltr' id='par_1_18' title="bbox 3399 358 3506 416">
     <span class='ocr_line' id='line_1_18' title="bbox 3399 358 3506 416; baseline 0 0"><span class='ocrx_word' id='word_1_125' title='bbox 3399 358 3506 416; x_wconf 68' lang='grc'>194</span> 
     </span>
    </p>
   </div>
   <div class='ocr_carea' id='block_1_19' title="bbox 2402 463 3501 533">
    <p class='ocr_par' dir='ltr' id='par_1_19' title="bbox 2402 463 3501 533">
     <span class='ocr_line' id='line_1_19' title="bbox 2402 463 3501 533; baseline 0.016 -18"><span class='ocrx_word' id='word_1_126' title='bbox 2402 479 2416 515; x_wconf 90' lang='lat'><strong>:</strong></span> <span class='ocrx_word' id='word_1_127' title='bbox 2467 463 2519 516; x_wconf 92' lang='lat' dir='ltr'><strong>in</strong></span> <span class='ocrx_word' id='word_1_128' title='bbox 2574 480 2674 518; x_wconf 90' lang='lat' dir='ltr'><strong>ms.</strong></span> <span class='ocrx_word' id='word_1_129' title='bbox 2725 476 2904 522; x_wconf 78' lang='lat' dir='ltr'><strong>autem</strong></span> <span class='ocrx_word' id='word_1_130' title='bbox 2968 471 3282 528; x_wconf 88' lang='lat' dir='ltr'><strong>monialium</strong></span> <span class='ocrx_word' id='word_1_131' title='bbox 3347 475 3501 533; x_wconf 90' lang='lat' dir='ltr'><strong>ordi-</strong></span> 
     </span>
    </p>
   </div>
   <div class='ocr_carea' id='block_1_20' title="bbox 1911 544 3502 634">
    <p class='ocr_par' dir='ltr' id='par_1_20' title="bbox 1911 544 3502 634">
     <span class='ocr_line' id='line_1_20' title="bbox 1911 544 3502 634; baseline 0.018 -36"><span class='ocrx_word' id='word_1_132' title='bbox 1911 544 1994 600; x_wconf 89' lang='lat' dir='ltr'><strong>nis</strong></span> <span class='ocrx_word' id='word_1_133' title='bbox 2043 547 2099 603; x_wconf 93' lang='lat' dir='ltr'><strong>S.</strong></span> <span class='ocrx_word' id='word_1_134' title='bbox 2156 549 2427 609; x_wconf 87' lang='lat' dir='ltr'><strong>Francisci</strong></span> <span class='ocrx_word' id='word_1_135' title='bbox 2475 555 2526 608; x_wconf 92' lang='lat' dir='ltr'><strong>in</strong></span> <span class='ocrx_word' id='word_1_136' title='bbox 2585 557 2843 615; x_wconf 82' lang='lat' dir='ltr'><strong>lectiones</strong></span> <span class='ocrx_word' id='word_1_137' title='bbox 2881 577 3071 619; x_wconf 88' lang='lat' dir='ltr'><strong>novem</strong></span> <span class='ocrx_word' id='word_1_138' title='bbox 3131 564 3280 634; x_wconf 83' lang='lat' dir='ltr'><strong>Vita,</strong></span> <span class='ocrx_word' id='word_1_139' title='bbox 3338 579 3392 625; x_wconf 92' lang='lat' dir='ltr'><strong>et</strong></span> <span class='ocrx_word' id='word_1_140' title='bbox 3448 571 3502 626; x_wconf 91' lang='lat' dir='ltr'><strong>in</strong></span> 
     </span>
    </p>
   </div>
   <div class='ocr_carea' id='block_1_21' title="bbox 1911 639 3504 726">
    <p class='ocr_par' dir='ltr' id='par_1_21' title="bbox 1911 639 3504 726">
     <span class='ocr_line' id='line_1_21' title="bbox 1911 639 3504 726; baseline 0.017 -34"><span class='ocrx_word' id='word_1_141' title='bbox 1911 639 2130 696; x_wconf 87' lang='lat' dir='ltr'><strong>totidem</strong></span> <span class='ocrx_word' id='word_1_142' title='bbox 2164 642 2466 701; x_wconf 82' lang='lat' dir='ltr'><strong>&#39;l‘ranslatio</strong></span> <span class='ocrx_word' id='word_1_143' title='bbox 2492 647 2770 720; x_wconf 87' lang='lat' dir='ltr'><strong>dispertita</strong></span> <span class='ocrx_word' id='word_1_144' title='bbox 2805 653 3038 726; x_wconf 75' lang='lat' dir='ltr'><strong>legitur:</strong></span> <span class='ocrx_word' id='word_1_145' title='bbox 3069 658 3156 714; x_wconf 83' lang='lat' dir='ltr'><strong>tibi</strong></span> <span class='ocrx_word' id='word_1_146' title='bbox 3189 670 3368 718; x_wconf 90' lang='lat' dir='ltr'><strong>tamen</strong></span> <span class='ocrx_word' id='word_1_147' title='bbox 3409 663 3504 718; x_wconf 82' lang='lat' dir='ltr'><strong>ad-</strong></span> 
     </span>
    </p>
   </div>
   <div class='ocr_carea' id='block_1_22' title="bbox 1909 732 3504 812">
    <p class='ocr_par' dir='ltr' id='par_1_22' title="bbox 1909 732 3504 812">
     <span class='ocr_line' id='line_1_22' title="bbox 1909 732 3504 812; baseline 0.018 -29"><span class='ocrx_word' id='word_1_148' title='bbox 1909 732 2225 788; x_wconf 85' lang='lat' dir='ltr'><strong>vertendum</strong></span> <span class='ocrx_word' id='word_1_149' title='bbox 2257 747 2361 803; x_wconf 88' lang='lat' dir='ltr'><strong>est,</strong></span> <span class='ocrx_word' id='word_1_150' title='bbox 2401 736 2455 792; x_wconf 90' lang='lat' dir='ltr'><strong>in</strong></span> <span class='ocrx_word' id='word_1_151' title='bbox 2489 739 2541 794; x_wconf 91' lang='lat' dir='ltr'><strong>id</strong></span> <span class='ocrx_word' id='word_1_152' title='bbox 2581 744 2796 812; x_wconf 62' lang='lat' dir='ltr'><strong>generis</strong></span> <span class='ocrx_word' id='word_1_153' title='bbox 2832 746 2983 804; x_wconf 87' lang='lat' dir='ltr'><strong>libris</strong></span> <span class='ocrx_word' id='word_1_154' title='bbox 3023 751 3227 808; x_wconf 91' lang='lat' dir='ltr'><strong>omisso</strong></span> <span class='ocrx_word' id='word_1_155' title='bbox 3267 756 3504 812; x_wconf 87' lang='lat' dir='ltr'><strong>auctoris</strong></span> 
     </span>
    </p>
   </div>
   <div class='ocr_carea' id='block_1_23' title="bbox 1910 824 3501 909">
    <p class='ocr_par' dir='ltr' id='par_1_23' title="bbox 1910 824 3501 909">
     <span class='ocr_line' id='line_1_23' title="bbox 1910 824 3501 909; baseline 0.017 -32"><span class='ocrx_word' id='word_1_156' title='bbox 1910 825 2151 896; x_wconf 78' lang='lat' dir='ltr'><strong>prologo,</strong></span> <span class='ocrx_word' id='word_1_157' title='bbox 2182 828 2272 898; x_wconf 90' lang='lat' dir='ltr'><strong>qui</strong></span> <span class='ocrx_word' id='word_1_158' title='bbox 2301 829 2354 884; x_wconf 89' lang='lat' dir='ltr'><strong>in</strong></span> <span class='ocrx_word' id='word_1_159' title='bbox 2383 824 2502 887; x_wconf 77' lang='lat' dir='ltr'><strong>aliis</strong></span> <span class='ocrx_word' id='word_1_160' title='bbox 2533 849 2657 889; x_wconf 86' lang='lat' dir='ltr'><strong>mss.</strong></span> <span class='ocrx_word' id='word_1_161' title='bbox 2698 835 2911 909; x_wconf 87' lang='lat' dir='ltr'><strong>legitur,</strong></span> <span class='ocrx_word' id='word_1_162' title='bbox 2945 841 3079 898; x_wconf 64' lang='lat' dir='ltr'><strong>Vita:</strong></span> <span class='ocrx_word' id='word_1_163' title='bbox 3118 847 3327 902; x_wconf 91' lang='lat' dir='ltr'><strong>initium</strong></span> <span class='ocrx_word' id='word_1_164' title='bbox 3356 849 3501 904; x_wconf 86' lang='lat' dir='ltr'><strong>aliud</strong></span> 
     </span>
    </p>
   </div>
   <div class='ocr_carea' id='block_1_24' title="bbox 1908 921 3500 1014">
    <p class='ocr_par' dir='ltr' id='par_1_24' title="bbox 1908 921 3500 1014">
     <span class='ocr_line' id='line_1_24' title="bbox 1908 921 3500 1014; baseline 0.018 -42"><span class='ocrx_word' id='word_1_165' title='bbox 1908 932 2030 1014; x_wconf 81' lang='lat' dir='ltr'><strong>esse</strong></span> <span class='ocrx_word' id='word_1_166' title='bbox 2064 921 2116 976; x_wconf 91' lang='lat' dir='ltr'><strong>in</strong></span> <span class='ocrx_word' id='word_1_167' title='bbox 2145 937 2246 978; x_wconf 91' lang='lat' dir='ltr'><strong>ms.</strong></span> <span class='ocrx_word' id='word_1_168' title='bbox 2299 927 2633 993; x_wconf 88' lang='lat' dir='ltr'><strong>mouialium,</strong></span> <span class='ocrx_word' id='word_1_169' title='bbox 2680 930 2732 984; x_wconf 92' lang='lat' dir='ltr'><strong>iu</strong></span> <span class='ocrx_word' id='word_1_170' title='bbox 2778 933 3287 1010; x_wconf 75' lang='lat' dir='ltr'><strong>ms.Compaguol-.c</strong></span> <span class='ocrx_word' id='word_1_171' title='bbox 3331 944 3500 1014; x_wconf 87' lang='lat' dir='ltr'><strong>aliud,</strong></span> 
     </span>
    </p>
   </div>
   <div class='ocr_carea' id='block_1_25' title="bbox 1909 1010 3500 1105">
    <p class='ocr_par' dir='ltr' id='par_1_25' title="bbox 1909 1010 3500 1105">
     <span class='ocr_line' id='line_1_25' title="bbox 1909 1010 3500 1105; baseline 0.019 -41"><span class='ocrx_word' id='word_1_172' title='bbox 1909 1010 2036 1066; x_wconf 89' lang='lat' dir='ltr'><strong>illud</strong></span> <span class='ocrx_word' id='word_1_173' title='bbox 2075 1022 2280 1082; x_wconf 81' lang='lat' dir='ltr'><strong>autem,</strong></span> <span class='ocrx_word' id='word_1_174' title='bbox 2311 1021 2452 1088; x_wconf 90' lang='lat' dir='ltr'><strong>quod</strong></span> <span class='ocrx_word' id='word_1_175' title='bbox 2495 1031 2704 1092; x_wconf 90' lang='lat' dir='ltr'><strong>prostat</strong></span> <span class='ocrx_word' id='word_1_176' title='bbox 2755 1025 2807 1080; x_wconf 92' lang='lat' dir='ltr'><strong>in</strong></span> <span class='ocrx_word' id='word_1_177' title='bbox 2837 1044 2939 1084; x_wconf 89' lang='lat' dir='ltr'><strong>ms.</strong></span> <span class='ocrx_word' id='word_1_178' title='bbox 2993 1032 3326 1105; x_wconf 80' lang='lat' dir='ltr'><strong>menialium,</strong></span> <span class='ocrx_word' id='word_1_179' title='bbox 3360 1010 3500 1094; x_wconf 84' lang='lat' dir='ltr'><strong>idem</strong></span> 
     </span>
    </p>
   </div>
   <div class='ocr_carea' id='block_1_26' title="bbox 1906 1107 3504 1206">
    <p class='ocr_par' dir='ltr' id='par_1_26' title="bbox 1906 1107 3504 1206">
     <span class='ocr_line' id='line_1_26' title="bbox 1906 1107 3504 1206; baseline 0.019 -45"><span class='ocrx_word' id='word_1_180' title='bbox 1906 1107 2127 1163; x_wconf 88' lang='lat' dir='ltr'><strong>omnino</strong></span> <span class='ocrx_word' id='word_1_181' title='bbox 2159 1113 2386 1182; x_wconf 89' lang='lat' dir='ltr'><strong>reperiri</strong></span> <span class='ocrx_word' id='word_1_182' title='bbox 2429 1120 2480 1170; x_wconf 92' lang='lat' dir='ltr'><strong>in</strong></span> <span class='ocrx_word' id='word_1_183' title='bbox 2529 1118 2636 1173; x_wconf 89' lang='lat' dir='ltr'><strong>alio</strong></span> <span class='ocrx_word' id='word_1_184' title='bbox 2678 1119 2999 1182; x_wconf 82' lang='lat' dir='ltr'><strong>lectiouario</strong></span> <span class='ocrx_word' id='word_1_185' title='bbox 3027 1128 3306 1198; x_wconf 85' lang='lat' dir='ltr'><strong>Brixiano,</strong></span> <span class='ocrx_word' id='word_1_186' title='bbox 3345 1137 3504 1206; x_wconf 86' lang='lat' dir='ltr'><strong>cujus</strong></span> 
     </span>
    </p>
   </div>
   <div class='ocr_carea' id='block_1_27' title="bbox 1908 1203 3505 1297">
    <p class='ocr_par' dir='ltr' id='par_1_27' title="bbox 1908 1203 3505 1297">
     <span class='ocr_line' id='line_1_27' title="bbox 1908 1203 3505 1297; baseline 0.02 -43"><span class='ocrx_word' id='word_1_187' title='bbox 1908 1203 2156 1258; x_wconf 90' lang='lat' dir='ltr'><strong>meminit</strong></span> <span class='ocrx_word' id='word_1_188' title='bbox 2182 1205 2365 1278; x_wconf 90' lang='lat' dir='ltr'><strong>Scipio</strong></span> <span class='ocrx_word' id='word_1_189' title='bbox 2414 1209 2674 1278; x_wconf 76' lang='lat' dir='ltr'><strong>Maﬂeius,</strong></span> <span class='ocrx_word' id='word_1_190' title='bbox 2710 1231 2830 1288; x_wconf 88' lang='lat' dir='ltr'><strong>pag.</strong></span> <span class='ocrx_word' id='word_1_191' title='bbox 2865 1219 2972 1274; x_wconf 77' lang='lat' dir='ltr'><strong>3l6</strong></span> <span class='ocrx_word' id='word_1_192' title='bbox 3005 1221 3142 1277; x_wconf 76' lang='lat' dir='ltr'><strong>Hist.</strong></span> <span class='ocrx_word' id='word_1_193' title='bbox 3187 1203 3505 1297; x_wconf 74' lang='lat' dir='ltr'><strong>Diplomati-</strong></span> 
     </span>
    </p>
   </div>
   <div class='ocr_carea' id='block_1_28' title="bbox 1907 1301 3506 1392">
    <p class='ocr_par' dir='ltr' id='par_1_28' title="bbox 1907 1301 3506 1392">
     <span class='ocr_line' id='line_1_28' title="bbox 1907 1301 3506 1392; baseline 0.019 -45"><span class='ocrx_word' id='word_1_194' title='bbox 1907 1307 2006 1359; x_wconf 68' lang='lat' dir='ltr'><strong>cze,</strong></span> <span class='ocrx_word' id='word_1_195' title='bbox 2090 1311 2300 1354; x_wconf 87' lang='lat' dir='ltr'><strong>necnon</strong></span> <span class='ocrx_word' id='word_1_196' title='bbox 2364 1301 2417 1356; x_wconf 93' lang='lat' dir='ltr'><strong>in</strong></span> <span class='ocrx_word' id='word_1_197' title='bbox 2507 1305 2825 1365; x_wconf 87' lang='lat' dir='ltr'><strong>lectionario</strong></span> <span class='ocrx_word' id='word_1_198' title='bbox 2875 1311 3230 1374; x_wconf 79' lang='lat' dir='ltr'><strong>Vallicoliano</strong></span> <span class='ocrx_word' id='word_1_199' title='bbox 3294 1321 3506 1392; x_wconf 87' lang='lat' dir='ltr'><strong>signato</strong></span> 
     </span>
    </p>
   </div>
   <div class='ocr_carea' id='block_1_29' title="bbox 1906 1391 3510 1479">
    <p class='ocr_par' dir='ltr' id='par_1_29' title="bbox 1906 1391 3510 1479">
     <span class='ocr_line' id='line_1_29' title="bbox 1906 1391 3510 1479; baseline 0.021 -41"><span class='ocrx_word' id='word_1_200' title='bbox 1906 1400 2057 1439; x_wconf 92' lang='lat' dir='ltr'><strong>num.</strong></span> <span class='ocrx_word' id='word_1_201' title='bbox 2085 1402 2164 1450; x_wconf 90' lang='lat' dir='ltr'><strong>tu.</strong></span> <span class='ocrx_word' id='word_1_202' title='bbox 2198 1391 2341 1460; x_wconf 90' lang='lat' dir='ltr'><strong>quod</strong></span> <span class='ocrx_word' id='word_1_203' title='bbox 2373 1397 2574 1452; x_wconf 61' lang='lat' dir='ltr'><strong>saeculo</strong></span> <span class='ocrx_word' id='word_1_204' title='bbox 2600 1414 2698 1453; x_wconf 90' lang='lat' dir='ltr'><strong>xttt</strong></span> <span class='ocrx_word' id='word_1_205' title='bbox 2728 1403 2988 1473; x_wconf 90' lang='lat' dir='ltr'><strong>scriptum</strong></span> <span class='ocrx_word' id='word_1_206' title='bbox 3034 1391 3396 1479; x_wconf 76' lang='lat' dir='ltr'><strong>existimatur,</strong></span> <span class='ocrx_word' id='word_1_207' title='bbox 3425 1425 3510 1471; x_wconf 85' lang='lat' dir='ltr'><strong>at-</strong></span> 
     </span>
    </p>
   </div>
   <div class='ocr_carea' id='block_1_30' title="bbox 1906 1480 3503 1579">
    <p class='ocr_par' dir='ltr' id='par_1_30' title="bbox 1906 1480 3503 1579">
     <span class='ocr_line' id='line_1_30' title="bbox 1906 1480 3503 1579; baseline 0.023 -49"><span class='ocrx_word' id='word_1_208' title='bbox 1906 1492 2016 1579; x_wconf 76' lang='lat' dir='ltr'><strong>que</strong></span> <span class='ocrx_word' id='word_1_209' title='bbox 2037 1480 2088 1579; x_wconf 81' lang='lat' dir='ltr'><strong>in</strong></span> <span class='ocrx_word' id='word_1_210' title='bbox 2117 1496 2429 1553; x_wconf 85' lang='lat' dir='ltr'><strong>pervetusto</strong></span> <span class='ocrx_word' id='word_1_211' title='bbox 2453 1489 2770 1547; x_wconf 90' lang='lat' dir='ltr'><strong>lectionario</strong></span> <span class='ocrx_word' id='word_1_212' title='bbox 2801 1499 3242 1569; x_wconf 84' lang='lat' dir='ltr'><strong>membranaceo,</strong></span> <span class='ocrx_word' id='word_1_213' title='bbox 3273 1508 3416 1579; x_wconf 89' lang='lat' dir='ltr'><strong>quod</strong></span> <span class='ocrx_word' id='word_1_214' title='bbox 3447 1511 3503 1566; x_wconf 90' lang='lat' dir='ltr'><strong>in</strong></span> 
     </span>
    </p>
   </div>
   <div class='ocr_carea' id='block_1_31' title="bbox 1905 1570 3500 1657">
    <p class='ocr_par' dir='ltr' id='par_1_31' title="bbox 1905 1570 3500 1657">
     <span class='ocr_line' id='line_1_31' title="bbox 1905 1570 3500 1657; baseline 0.021 -35"><span class='ocrx_word' id='word_1_215' title='bbox 1905 1570 2149 1629; x_wconf 88' lang='lat' dir='ltr'><strong>archivio</strong></span> <span class='ocrx_word' id='word_1_216' title='bbox 2203 1579 2422 1648; x_wconf 90' lang='lat' dir='ltr'><strong>capituli</strong></span> <span class='ocrx_word' id='word_1_217' title='bbox 2482 1581 2740 1642; x_wconf 72' lang='lat' dir='ltr'><strong>Ecclesiae</strong></span> <span class='ocrx_word' id='word_1_218' title='bbox 2806 1588 3143 1650; x_wconf 83' lang='lat' dir='ltr'><strong>Tridentinae</strong></span> <span class='ocrx_word' id='word_1_219' title='bbox 3209 1570 3500 1657; x_wconf 64' lang='lat' dir='ltr'><strong>servatur:</strong></span> 
     </span>
    </p>
   </div>
   <div class='ocr_carea' id='block_1_32' title="bbox 1903 1671 3503 1750">
    <p class='ocr_par' dir='ltr' id='par_1_32' title="bbox 1903 1671 3503 1750">
     <span class='ocr_line' id='line_1_32' title="bbox 1903 1671 3503 1750; baseline 0.023 -35"><span class='ocrx_word' id='word_1_220' title='bbox 1903 1677 2024 1732; x_wconf 66' lang='lat' dir='ltr'><strong>qua:</strong></span> <span class='ocrx_word' id='word_1_221' title='bbox 2054 1673 2232 1724; x_wconf 89' lang='lat' dir='ltr'><strong>tamen</strong></span> <span class='ocrx_word' id='word_1_222' title='bbox 2264 1671 2360 1725; x_wconf 92' lang='lat' dir='ltr'><strong>tria</strong></span> <span class='ocrx_word' id='word_1_223' title='bbox 2400 1671 2712 1732; x_wconf 88' lang='lat' dir='ltr'><strong>lectionaria</strong></span> <span class='ocrx_word' id='word_1_224' title='bbox 2758 1680 2818 1736; x_wconf 86' lang='lat' dir='ltr'><strong>S.</strong></span> <span class='ocrx_word' id='word_1_225' title='bbox 2849 1681 3085 1742; x_wconf 88' lang='lat' dir='ltr'><strong>Zenonis</strong></span> <span class='ocrx_word' id='word_1_226' title='bbox 3132 1687 3303 1746; x_wconf 81' lang='lat' dir='ltr'><strong>Vitam</strong></span> <span class='ocrx_word' id='word_1_227' title='bbox 3333 1707 3362 1747; x_wconf 91' lang='lat' dir='ltr'><strong>a</strong></span> <span class='ocrx_word' id='word_1_228' title='bbox 3394 1693 3503 1750; x_wconf 88' lang='lat' dir='ltr'><strong>Co-</strong></span> 
     </span>
    </p>
   </div>
   <div class='ocr_carea' id='block_1_33' title="bbox 1907 1769 3498 1849">
    <p class='ocr_par' dir='ltr' id='par_1_33' title="bbox 1907 1769 3498 1849">
     <span class='ocr_line' id='line_1_33' title="bbox 1907 1769 3498 1849; baseline 0.021 -39"><span class='ocrx_word' id='word_1_229' title='bbox 1907 1769 2119 1826; x_wconf 85' lang='lat' dir='ltr'><strong>ronato,</strong></span> <span class='ocrx_word' id='word_1_230' title='bbox 2165 1777 2272 1818; x_wconf 92' lang='lat' dir='ltr'><strong>non</strong></span> <span class='ocrx_word' id='word_1_231' title='bbox 2318 1774 2500 1822; x_wconf 90' lang='lat' dir='ltr'><strong>autem</strong></span> <span class='ocrx_word' id='word_1_232' title='bbox 2548 1783 2579 1823; x_wconf 93' lang='lat' dir='ltr'><strong>a</strong></span> <span class='ocrx_word' id='word_1_233' title='bbox 2619 1773 2886 1830; x_wconf 87' lang='lat' dir='ltr'><strong>monacho</strong></span> <span class='ocrx_word' id='word_1_234' title='bbox 2916 1779 3173 1849; x_wconf 86' lang='lat' dir='ltr'><strong>scriptam</strong></span> <span class='ocrx_word' id='word_1_235' title='bbox 3219 1786 3498 1842; x_wconf 81' lang='lat' dir='ltr'><strong>exhibent.</strong></span> 
     </span>
    </p>
   </div>
   <div class='ocr_carea' id='block_1_34' title="bbox 188 1850 3500 1947">
    <p class='ocr_par' dir='ltr' id='par_1_34' title="bbox 188 1850 3500 1947">
     <span class='ocr_line' id='line_1_34' title="bbox 188 1850 3500 1947; baseline 0.011 -47"><span class='ocrx_word' id='word_1_236' title='bbox 188 1879 466 1942; x_wconf 61' lang='lat' dir='ltr'><strong>paumum</strong></span> <span class='ocrx_word' id='word_1_237' title='bbox 500 1870 770 1938; x_wconf 49' lang='lat' dir='ltr'><strong>pertinere</strong></span> <span class='ocrx_word' id='word_1_238' title='bbox 800 1876 1053 1938; x_wconf 51' lang='lat' dir='ltr'><strong>neque“,</strong></span> <span class='ocrx_word' id='word_1_239' title='bbox 1105 1875 1159 1923; x_wconf 68' lang='grc' dir='ltr'>ει</span> <span class='ocrx_word' id='word_1_240' title='bbox 1185 1867 1364 1921; x_wconf 65' lang='lat' dir='ltr'><strong>minus</strong></span> <span class='ocrx_word' id='word_1_241' title='bbox 1414 1867 1585 1922; x_wconf 73' lang='grc' dir='ltr'><strong>ηιυηο</strong></span> <span class='ocrx_word' id='word_1_242' title='bbox 1613 1867 1798 1923; x_wconf 64' lang='lat' dir='ltr'><strong>Mona-</strong></span> <span class='ocrx_word' id='word_1_243' title='bbox 1830 1871 1876 1931; x_wconf 75' lang='grc' dir='ltr'><strong>Β</strong></span> <span class='ocrx_word' id='word_1_244' title='bbox 1907 1850 2066 1947; x_wconf 83' lang='lat' dir='ltr'><strong>Hanc</strong></span> <span class='ocrx_word' id='word_1_245' title='bbox 2087 1856 2337 1913; x_wconf 81' lang='lat' dir='ltr'><strong>monachi</strong></span> <span class='ocrx_word' id='word_1_246' title='bbox 2370 1858 2549 1917; x_wconf 80' lang='lat' dir='ltr'><strong>Vitam</strong></span> <span class='ocrx_word' id='word_1_247' title='bbox 2578 1866 2764 1922; x_wconf 88' lang='lat' dir='ltr'><strong>eadem</strong></span> <span class='ocrx_word' id='word_1_248' title='bbox 2794 1884 2824 1923; x_wconf 90' lang='lat' dir='ltr'><strong>e</strong></span> <span class='ocrx_word' id='word_1_249' title='bbox 2866 1869 3138 1928; x_wconf 87' lang='lat' dir='ltr'><strong>Coronato</strong></span> <span class='ocrx_word' id='word_1_250' title='bbox 3165 1886 3500 1947; x_wconf 88' lang='lat' dir='ltr'><strong>repetentem</strong></span> 
     </span>
    </p>
   </div>
   <div class='ocr_carea' id='block_1_35' title="bbox 186 1960 1797 2033">
    <p class='ocr_par' dir='ltr' id='par_1_35' title="bbox 186 1960 1797 2033">
     <span class='ocr_line' id='line_1_35' title="bbox 186 1960 1797 2033; baseline -0.003 -13"><span class='ocrx_word' id='word_1_251' title='bbox 186 1964 281 2020; x_wconf 92' lang='lat' dir='ltr'><strong>chi</strong></span> <span class='ocrx_word' id='word_1_252' title='bbox 307 1974 462 2028; x_wconf 69' lang='lat' dir='ltr'><strong>tetas,</strong></span> <span class='ocrx_word' id='word_1_253' title='bbox 494 1961 585 2032; x_wconf 91' lang='lat' dir='ltr'><strong>qui</strong></span> <span class='ocrx_word' id='word_1_254' title='bbox 618 1961 849 2032; x_wconf 86' lang='lat' dir='ltr'><strong>plurium</strong></span> <span class='ocrx_word' id='word_1_255' title='bbox 890 1963 1276 2033; x_wconf 88' lang='lat' dir='ltr'><strong>imperatorum</strong></span> <span class='ocrx_word' id='word_1_256' title='bbox 1313 1960 1453 2016; x_wconf 90' lang='lat' dir='ltr'><strong>dona</strong></span> <span class='ocrx_word' id='word_1_257' title='bbox 1499 1970 1617 2031; x_wconf 89' lang='lat' dir='ltr'><strong>post</strong></span> <span class='ocrx_word' id='word_1_258' title='bbox 1645 1961 1797 2032; x_wconf 86' lang='lat' dir='ltr'><strong>Pipi-</strong></span> 
     </span>
    </p>
   </div>
   <div class='ocr_carea' id='block_1_36' title="bbox 189 2052 1799 2124">
    <p class='ocr_par' dir='ltr' id='par_1_36' title="bbox 189 2052 1799 2124">
     <span class='ocr_line' id='line_1_36' title="bbox 189 2052 1799 2124; baseline -0.002 -12"><span class='ocrx_word' id='word_1_259' title='bbox 189 2072 328 2112; x_wconf 91' lang='lat' dir='ltr'><strong>num</strong></span> <span class='ocrx_word' id='word_1_260' title='bbox 371 2061 430 2111; x_wconf 79' lang='lat' dir='ltr'><strong>S.</strong></span> <span class='ocrx_word' id='word_1_261' title='bbox 459 2055 695 2111; x_wconf 85' lang='lat' dir='ltr'><strong>Zenonis</strong></span> <span class='ocrx_word' id='word_1_262' title='bbox 739 2052 1068 2110; x_wconf 79' lang='lat' dir='ltr'><strong>tnonaSIerio</strong></span> <span class='ocrx_word' id='word_1_263' title='bbox 1097 2053 1290 2109; x_wconf 85' lang='lat' dir='ltr'><strong>tradita</strong></span> <span class='ocrx_word' id='word_1_264' title='bbox 1340 2063 1646 2121; x_wconf 88' lang='lat' dir='ltr'><strong>memorat;</strong></span> <span class='ocrx_word' id='word_1_265' title='bbox 1688 2054 1799 2124; x_wconf 88' lang='lat' dir='ltr'><strong>jam</strong></span> 
     </span>
    </p>
   </div>
   <div class='ocr_carea' id='block_1_37' title="bbox 188 2145 1800 2221">
    <p class='ocr_par' dir='ltr' id='par_1_37' title="bbox 188 2145 1800 2221">
     <span class='ocr_line' id='line_1_37' title="bbox 188 2145 1800 2221; baseline -0.002 -16"><span class='ocrx_word' id='word_1_266' title='bbox 188 2151 425 2206; x_wconf 86' lang='lat' dir='ltr'><strong>alteram</strong></span> <span class='ocrx_word' id='word_1_267' title='bbox 454 2148 730 2221; x_wconf 87' lang='lat' dir='ltr'><strong>sanguinis</strong></span> <span class='ocrx_word' id='word_1_268' title='bbox 761 2147 1124 2204; x_wconf 83' lang='lat' dir='ltr'><strong>inventionem</strong></span> <span class='ocrx_word' id='word_1_269' title='bbox 1170 2158 1501 2218; x_wconf 91' lang='lat' dir='ltr'><strong>postremum</strong></span> <span class='ocrx_word' id='word_1_270' title='bbox 1533 2145 1666 2202; x_wconf 90' lang='lat' dir='ltr'><strong>illud</strong></span> <span class='ocrx_word' id='word_1_271' title='bbox 1695 2148 1800 2201; x_wconf 90' lang='lat' dir='ltr'><strong>mi-</strong></span> 
     </span>
    </p>
   </div>
   <div class='ocr_carea' id='block_1_38' title="bbox 189 2241 1802 2316">
    <p class='ocr_par' dir='ltr' id='par_1_38' title="bbox 189 2241 1802 2316">
     <span class='ocr_line' id='line_1_38' title="bbox 189 2241 1802 2316; baseline -0.004 -13"><span class='ocrx_word' id='word_1_272' title='bbox 189 2247 442 2303; x_wconf 87' lang='lat' dir='ltr'><strong>raculum</strong></span> <span class='ocrx_word' id='word_1_273' title='bbox 489 2252 713 2316; x_wconf 89' lang='lat' dir='ltr'><strong>spectat.</strong></span> <span class='ocrx_word' id='word_1_274' title='bbox 759 2241 1021 2312; x_wconf 83' lang='lat' dir='ltr'><strong>Equidem</strong></span> <span class='ocrx_word' id='word_1_275' title='bbox 1061 2241 1203 2296; x_wconf 91' lang='lat' dir='ltr'><strong>idem</strong></span> <span class='ocrx_word' id='word_1_276' title='bbox 1256 2241 1575 2297; x_wconf 86' lang='lat' dir='ltr'><strong>miraculum</strong></span> <span class='ocrx_word' id='word_1_277' title='bbox 1613 2248 1802 2297; x_wconf 88' lang='lat' dir='ltr'><strong>auctor</strong></span> 
     </span>
    </p>
   </div>
   <div class='ocr_carea' id='block_1_39' title="bbox 188 2334 1800 2406">
    <p class='ocr_par' dir='ltr' id='par_1_39' title="bbox 188 2334 1800 2406">
     <span class='ocr_line' id='line_1_39' title="bbox 188 2334 1800 2406; baseline -0.004 -12"><span class='ocrx_word' id='word_1_278' title='bbox 188 2353 451 2404; x_wconf 87' lang='lat' dir='ltr'><strong>narrans,</strong></span> <span class='ocrx_word' id='word_1_279' title='bbox 490 2337 737 2393; x_wconf 90' lang='lat' dir='ltr'><strong>meminit</strong></span> <span class='ocrx_word' id='word_1_280' title='bbox 771 2337 989 2391; x_wconf 70' lang='lat' dir='ltr'><strong>excelsae</strong></span> <span class='ocrx_word' id='word_1_281' title='bbox 1033 2335 1208 2398; x_wconf 86' lang='lat' dir='ltr'><strong>turris,</strong></span> <span class='ocrx_word' id='word_1_282' title='bbox 1247 2350 1362 2406; x_wconf 66' lang='lat' dir='ltr'><strong>quia</strong></span> <span class='ocrx_word' id='word_1_283' title='bbox 1399 2334 1756 2404; x_wconf 70' lang='lat' dir='ltr'><strong>adiﬁcubatur</strong></span> <span class='ocrx_word' id='word_1_284' title='bbox 1781 2349 1800 2388; x_wconf 92' lang='lat'><strong><em>:</em></strong></span> 
     </span>
    </p>
   </div>
   <div class='ocr_carea' id='block_1_40' title="bbox 188 2429 1800 2504">
    <p class='ocr_par' dir='ltr' id='par_1_40' title="bbox 188 2429 1800 2504">
     <span class='ocr_line' id='line_1_40' title="bbox 188 2429 1800 2504; baseline -0.002 -16"><span class='ocrx_word' id='word_1_285' title='bbox 188 2432 361 2504; x_wconf 82' lang='lat' dir='ltr'><strong>hujus</strong></span> <span class='ocrx_word' id='word_1_286' title='bbox 387 2442 564 2488; x_wconf 90' lang='lat' dir='ltr'><strong>autem</strong></span> <span class='ocrx_word' id='word_1_287' title='bbox 593 2429 756 2486; x_wconf 90' lang='lat' dir='ltr'><strong>turris</strong></span> <span class='ocrx_word' id='word_1_288' title='bbox 772 2429 1025 2486; x_wconf 65' lang='lat' dir='ltr'><strong>aedificari</strong></span> <span class='ocrx_word' id='word_1_289' title='bbox 1048 2439 1240 2499; x_wconf 67' lang='lat' dir='ltr'><strong>coepta:</strong></span> <span class='ocrx_word' id='word_1_290' title='bbox 1266 2437 1482 2499; x_wconf 88' lang='lat' dir='ltr'><strong>tempus</strong></span> <span class='ocrx_word' id='word_1_291' title='bbox 1512 2429 1800 2499; x_wconf 79' lang='lat' dir='ltr'><strong>perSpicue</strong></span> 
     </span>
    </p>
   </div>
   <div class='ocr_carea' id='block_1_41' title="bbox 188 2521 1799 2596">
    <p class='ocr_par' dir='ltr' id='par_1_41' title="bbox 188 2521 1799 2596">
     <span class='ocr_line' id='line_1_41' title="bbox 188 2521 1799 2596; baseline -0.006 -13"><span class='ocrx_word' id='word_1_292' title='bbox 188 2527 362 2583; x_wconf 87' lang='lat' dir='ltr'><strong>docet</strong></span> <span class='ocrx_word' id='word_1_293' title='bbox 401 2524 682 2596; x_wconf 86' lang='lat' dir='ltr'><strong>inscriptio</strong></span> <span class='ocrx_word' id='word_1_294' title='bbox 729 2523 783 2578; x_wconf 85' lang='lat' dir='ltr'><strong>in</strong></span> <span class='ocrx_word' id='word_1_295' title='bbox 828 2521 1075 2592; x_wconf 89' lang='lat' dir='ltr'><strong>ejusdem</strong></span> <span class='ocrx_word' id='word_1_296' title='bbox 1123 2522 1288 2577; x_wconf 87' lang='lat' dir='ltr'><strong>turris</strong></span> <span class='ocrx_word' id='word_1_297' title='bbox 1316 2521 1466 2577; x_wconf 92' lang='lat' dir='ltr'><strong>calce</strong></span> <span class='ocrx_word' id='word_1_298' title='bbox 1495 2522 1692 2591; x_wconf 89' lang='lat' dir='ltr'><strong>posita,</strong></span> <span class='ocrx_word' id='word_1_299' title='bbox 1747 2521 1799 2575; x_wconf 94' lang='lat' dir='ltr'><strong>in</strong></span> 
     </span>
    </p>
   </div>
   <div class='ocr_carea' id='block_1_42' title="bbox 188 2613 1801 2692">
    <p class='ocr_par' dir='ltr' id='par_1_42' title="bbox 188 2613 1801 2692">
     <span class='ocr_line' id='line_1_42' title="bbox 188 2613 1801 2692; baseline -0.005 -16"><span class='ocrx_word' id='word_1_300' title='bbox 188 2637 303 2692; x_wconf 89' lang='lat' dir='ltr'><strong>qua</strong></span> <span class='ocrx_word' id='word_1_301' title='bbox 358 2635 421 2678; x_wconf 82' lang='lat' dir='ltr'><strong>ea</strong></span> <span class='ocrx_word' id='word_1_302' title='bbox 485 2633 627 2673; x_wconf 88' lang='lat' dir='ltr'><strong>anno</strong></span> <span class='ocrx_word' id='word_1_303' title='bbox 695 2615 832 2672; x_wconf 72' lang='grc'>1015</span> <span class='ocrx_word' id='word_1_304' title='bbox 883 2616 1121 2670; x_wconf 83' lang='lat' dir='ltr'><strong>inchoata</strong></span> <span class='ocrx_word' id='word_1_305' title='bbox 1177 2624 1425 2682; x_wconf 90' lang='lat' dir='ltr'><strong>notatur,</strong></span> <span class='ocrx_word' id='word_1_306' title='bbox 1479 2613 1621 2686; x_wconf 87' lang='lat' dir='ltr'><strong>quod</strong></span> <span class='ocrx_word' id='word_1_307' title='bbox 1680 2630 1801 2670; x_wconf 91' lang='lat' dir='ltr'><strong>cum</strong></span> 
     </span>
    </p>
   </div>
   <div class='ocr_carea' id='block_1_43' title="bbox 188 2706 1803 2779">
    <p class='ocr_par' dir='ltr' id='par_1_43' title="bbox 188 2706 1803 2779">
     <span class='ocr_line' id='line_1_43' title="bbox 188 2706 1803 2779; baseline -0.003 -13"><span class='ocrx_word' id='word_1_308' title='bbox 188 2729 286 2768; x_wconf 85' lang='lat' dir='ltr'><strong>an.</strong></span> <span class='ocrx_word' id='word_1_309' title='bbox 326 2711 489 2779; x_wconf 72' lang='grc'><strong>1049,</strong></span> <span class='ocrx_word' id='word_1_310' title='bbox 533 2711 658 2765; x_wconf 92' lang='lat' dir='ltr'><strong>dum</strong></span> <span class='ocrx_word' id='word_1_311' title='bbox 689 2707 864 2765; x_wconf 89' lang='lat' dir='ltr'><strong>adhuc</strong></span> <span class='ocrx_word' id='word_1_312' title='bbox 911 2707 1197 2762; x_wconf 65' lang='lat' dir='ltr'><strong>aediﬁcatio</strong></span> <span class='ocrx_word' id='word_1_313' title='bbox 1227 2706 1563 2778; x_wconf 89' lang='lat' dir='ltr'><strong>procederet,</strong></span> <span class='ocrx_word' id='word_1_314' title='bbox 1599 2707 1803 2776; x_wconf 89' lang='lat' dir='ltr'><strong>optime</strong></span> 
     </span>
    </p>
   </div>
   <div class='ocr_carea' id='block_1_44' title="bbox 188 2797 1804 2876">
    <p class='ocr_par' dir='ltr' id='par_1_44' title="bbox 188 2797 1804 2876">
     <span class='ocr_line' id='line_1_44' title="bbox 188 2797 1804 2876; baseline -0.005 -14"><span class='ocrx_word' id='word_1_315' title='bbox 188 2807 470 2876; x_wconf 85' lang='lat' dir='ltr'><strong>congruit.</strong></span> <span class='ocrx_word' id='word_1_316' title='bbox 517 2803 700 2875; x_wconf 79' lang='lat' dir='ltr'><strong>Itaque</strong></span> <span class='ocrx_word' id='word_1_317' title='bbox 738 2801 986 2858; x_wconf 86' lang='lat' dir='ltr'><strong>monachi</strong></span> <span class='ocrx_word' id='word_1_318' title='bbox 1019 2797 1150 2855; x_wconf 65' lang='lat' dir='ltr'><strong>tetas</strong></span> <span class='ocrx_word' id='word_1_319' title='bbox 1182 2800 1322 2856; x_wconf 90' lang='lat' dir='ltr'><strong>inter</strong></span> <span class='ocrx_word' id='word_1_320' title='bbox 1349 2800 1583 2856; x_wconf 90' lang='lat' dir='ltr'><strong>medium</strong></span> <span class='ocrx_word' id='word_1_321' title='bbox 1617 2816 1666 2854; x_wconf 88' lang='lat' dir='ltr'><strong>xt</strong></span> <span class='ocrx_word' id='word_1_322' title='bbox 1702 2815 1804 2854; x_wconf 70' lang='lat' dir='ltr'><strong>sm-</strong></span> 
     </span>
    </p>
   </div>
   <div class='ocr_carea' id='block_1_45' title="bbox 188 2892 1805 2966">
    <p class='ocr_par' dir='ltr' id='par_1_45' title="bbox 188 2892 1805 2966">
     <span class='ocr_line' id='line_1_45' title="bbox 188 2892 1805 2966; baseline -0.006 -7"><span class='ocrx_word' id='word_1_323' title='bbox 188 2903 404 2966; x_wconf 90' lang='lat' dir='ltr'><strong>culum,</strong></span> <span class='ocrx_word' id='word_1_324' title='bbox 435 2909 488 2954; x_wconf 87' lang='lat' dir='ltr'><strong>et</strong></span> <span class='ocrx_word' id='word_1_325' title='bbox 518 2907 645 2954; x_wconf 91' lang='lat' dir='ltr'><strong>ante</strong></span> <span class='ocrx_word' id='word_1_326' title='bbox 671 2898 833 2952; x_wconf 88' lang='lat' dir='ltr'><strong>linem</strong></span> <span class='ocrx_word' id='word_1_327' title='bbox 859 2911 933 2950; x_wconf 88' lang='lat' dir='ltr'><strong>xu</strong></span> <span class='ocrx_word' id='word_1_328' title='bbox 960 2893 1271 2950; x_wconf 86' lang='lat' dir='ltr'><strong>collocanda</strong></span> <span class='ocrx_word' id='word_1_329' title='bbox 1297 2906 1398 2949; x_wconf 93' lang='lat' dir='ltr'><strong>est.</strong></span> <span class='ocrx_word' id='word_1_330' title='bbox 1423 2892 1578 2960; x_wconf 86' lang='lat' dir='ltr'><strong>Quod</strong></span> <span class='ocrx_word' id='word_1_331' title='bbox 1611 2894 1654 2948; x_wconf 92' lang='lat' dir='ltr'><strong>si</strong></span> <span class='ocrx_word' id='word_1_332' title='bbox 1682 2909 1805 2964; x_wconf 84' lang='lat' dir='ltr'><strong>pos-</strong></span> 
     </span>
    </p>
   </div>
   <div class='ocr_carea' id='block_1_46' title="bbox 193 2990 1803 3061">
    <p class='ocr_par' dir='ltr' id='par_1_46' title="bbox 193 2990 1803 3061">
     <span class='ocr_line' id='line_1_46' title="bbox 193 2990 1803 3061; baseline -0.003 -9"><span class='ocrx_word' id='word_1_333' title='bbox 193 3009 435 3052; x_wconf 89' lang='lat' dir='ltr'><strong>tremum</strong></span> <span class='ocrx_word' id='word_1_334' title='bbox 461 2993 653 3048; x_wconf 86' lang='lat' dir='ltr'><strong>saltem</strong></span> <span class='ocrx_word' id='word_1_335' title='bbox 685 2993 815 3049; x_wconf 91' lang='lat' dir='ltr'><strong>illud</strong></span> <span class='ocrx_word' id='word_1_336' title='bbox 845 2994 1162 3048; x_wconf 89' lang='lat' dir='ltr'><strong>miraculmu</strong></span> <span class='ocrx_word' id='word_1_337' title='bbox 1193 3007 1260 3046; x_wconf 87' lang='lat' dir='ltr'><strong>ex</strong></span> <span class='ocrx_word' id='word_1_338' title='bbox 1290 2990 1395 3046; x_wconf 88' lang='lat' dir='ltr'><strong>illis</strong></span> <span class='ocrx_word' id='word_1_339' title='bbox 1425 2991 1540 3054; x_wconf 80' lang='lat' dir='ltr'><strong>fuit,</strong></span> <span class='ocrx_word' id='word_1_340' title='bbox 1569 3007 1690 3061; x_wconf 71' lang='lat' dir='ltr'><strong>qum</strong></span> <span class='ocrx_word' id='word_1_341' title='bbox 1717 3007 1803 3048; x_wconf 90' lang='lat' dir='ltr'><strong>re-</strong></span> 
     </span>
    </p>
   </div>
   <div class='ocr_carea' id='block_1_47' title="bbox 189 3085 1798 3162">
    <p class='ocr_par' dir='ltr' id='par_1_47' title="bbox 189 3085 1798 3162">
     <span class='ocr_line' id='line_1_47' title="bbox 189 3085 1798 3162; baseline -0.004 -16"><span class='ocrx_word' id='word_1_342' title='bbox 189 3090 404 3162; x_wconf 87' lang='lat' dir='ltr'><strong>ligiosi,</strong></span> <span class='ocrx_word' id='word_1_343' title='bbox 433 3089 755 3159; x_wconf 83' lang='lat' dir='ltr'><strong>quibuscum</strong></span> <span class='ocrx_word' id='word_1_344' title='bbox 787 3096 1036 3152; x_wconf 88' lang='lat' dir='ltr'><strong>steterat,</strong></span> <span class='ocrx_word' id='word_1_345' title='bbox 1070 3088 1296 3142; x_wconf 89' lang='lat' dir='ltr'><strong>suismet</strong></span> <span class='ocrx_word' id='word_1_346' title='bbox 1317 3085 1488 3142; x_wconf 90' lang='lat' dir='ltr'><strong>oculis</strong></span> <span class='ocrx_word' id='word_1_347' title='bbox 1515 3085 1798 3153; x_wconf 80' lang='lat' dir='ltr'><strong>viderunt;</strong></span> 
     </span>
    </p>
   </div>
   <div class='ocr_carea' id='block_1_48' title="bbox 191 3179 1800 3254">
    <p class='ocr_par' dir='ltr' id='par_1_48' title="bbox 191 3179 1800 3254">
     <span class='ocr_line' id='line_1_48' title="bbox 191 3179 1800 3254; baseline -0.004 -15"><span class='ocrx_word' id='word_1_348' title='bbox 191 3184 412 3254; x_wconf 58' lang='lat' dir='ltr'><strong>aequius</strong></span> <span class='ocrx_word' id='word_1_349' title='bbox 438 3184 493 3238; x_wconf 91' lang='lat' dir='ltr'><strong>in</strong></span> <span class='ocrx_word' id='word_1_350' title='bbox 527 3183 686 3237; x_wconf 83' lang='lat' dir='ltr'><strong>linem</strong></span> <span class='ocrx_word' id='word_1_351' title='bbox 719 3181 904 3238; x_wconf 63' lang='grc' dir='ltr'><strong>επιξυιί</strong></span> <span class='ocrx_word' id='word_1_352' title='bbox 946 3196 1003 3235; x_wconf 88' lang='lat' dir='ltr'><strong>xt</strong></span> <span class='ocrx_word' id='word_1_353' title='bbox 1029 3180 1198 3251; x_wconf 84' lang='lat' dir='ltr'><strong>ipsius</strong></span> <span class='ocrx_word' id='word_1_354' title='bbox 1240 3187 1371 3234; x_wconf 66' lang='lat' dir='ltr'><strong>tetas</strong></span> <span class='ocrx_word' id='word_1_355' title='bbox 1407 3179 1690 3234; x_wconf 75' lang='lat' dir='ltr'><strong>referenda</strong></span> <span class='ocrx_word' id='word_1_356' title='bbox 1723 3179 1800 3233; x_wconf 79' lang='lat' dir='ltr'><strong>vi-</strong></span> 
     </span>
    </p>
   </div>
   <div class='ocr_carea' id='block_1_49' title="bbox 1905 1944 3507 2042">
    <p class='ocr_par' dir='ltr' id='par_1_49' title="bbox 1905 1944 3507 2042">
     <span class='ocr_line' id='line_1_49' title="bbox 1905 1944 3507 2042; baseline 0.02 -44"><span class='ocrx_word' id='word_1_357' title='bbox 1905 1944 2167 2002; x_wconf 89' lang='lat' dir='ltr'><strong>recudere</strong></span> <span class='ocrx_word' id='word_1_358' title='bbox 2208 1949 2434 2008; x_wconf 91' lang='lat' dir='ltr'><strong>nimium</strong></span> <span class='ocrx_word' id='word_1_359' title='bbox 2477 1965 2622 2012; x_wconf 89' lang='lat' dir='ltr'><strong>esset</strong></span> <span class='ocrx_word' id='word_1_360' title='bbox 2653 1959 2959 2018; x_wconf 89' lang='lat' dir='ltr'><strong>molestum.</strong></span> <span class='ocrx_word' id='word_1_361' title='bbox 3005 1965 3148 2023; x_wconf 89' lang='lat' dir='ltr'><strong>Satis</strong></span> <span class='ocrx_word' id='word_1_362' title='bbox 3190 1944 3373 2042; x_wconf 76' lang='lat' dir='ltr'><strong>itaque</strong></span> <span class='ocrx_word' id='word_1_363' title='bbox 3401 1973 3507 2030; x_wconf 91' lang='lat' dir='ltr'><strong>erit</strong></span> 
     </span>
    </p>
   </div>
   <div class='ocr_carea' id='block_1_50' title="bbox 1903 2049 3501 2137">
    <p class='ocr_par' dir='ltr' id='par_1_50' title="bbox 1903 2049 3501 2137">
     <span class='ocr_line' id='line_1_50' title="bbox 1903 2049 3501 2137; baseline 0.023 -48"><span class='ocrx_word' id='word_1_364' title='bbox 1903 2054 2147 2137; x_wconf 65' lang='lat' dir='ltr'><strong>monere,</strong></span> <span class='ocrx_word' id='word_1_365' title='bbox 2176 2058 2298 2114; x_wconf 72' lang='lat' dir='ltr'><strong>qua:</strong></span> <span class='ocrx_word' id='word_1_366' title='bbox 2341 2049 2638 2106; x_wconf 86' lang='lat' dir='ltr'><strong>monachus</strong></span> <span class='ocrx_word' id='word_1_367' title='bbox 2664 2054 2875 2124; x_wconf 73' lang='lat' dir='ltr'><strong>&#39;prtcter</strong></span> <span class='ocrx_word' id='word_1_368' title='bbox 2904 2058 3234 2118; x_wconf 88' lang='lat' dir='ltr'><strong>Coronatum</strong></span> <span class='ocrx_word' id='word_1_369' title='bbox 3280 2067 3501 2137; x_wconf 87' lang='lat' dir='ltr'><strong>adjecit.</strong></span> 
     </span>
    </p>
   </div>
   <div class='ocr_carea' id='block_1_51' title="bbox 1902 2128 3504 2230">
    <p class='ocr_par' dir='ltr' id='par_1_51' title="bbox 1902 2128 3504 2230">
     <span class='ocr_line' id='line_1_51' title="bbox 1902 2128 3504 2230; baseline 0.022 -47"><span class='ocrx_word' id='word_1_370' title='bbox 1902 2128 2286 2230; x_wconf 39' lang='lat' dir='ltr'><strong>Non-Gallieni</strong></span> <span class='ocrx_word' id='word_1_371' title='bbox 2318 2138 2661 2209; x_wconf 89' lang='lat' dir='ltr'><strong>imperatoris</strong></span> <span class='ocrx_word' id='word_1_372' title='bbox 2689 2147 2888 2215; x_wconf 92' lang='lat' dir='ltr'><strong>solum,</strong></span> <span class='ocrx_word' id='word_1_373' title='bbox 2913 2150 3006 2206; x_wconf 86' lang='lat' dir='ltr'><strong>sed</strong></span> <span class='ocrx_word' id='word_1_374' title='bbox 3030 2153 3087 2209; x_wconf 96' lang='grc'><strong>8.</strong></span> <span class='ocrx_word' id='word_1_375' title='bbox 3122 2128 3362 2230; x_wconf 81' lang='lat' dir='ltr'><strong>Dionysii</strong></span> <span class='ocrx_word' id='word_1_376' title='bbox 3391 2161 3504 2217; x_wconf 81' lang='lat' dir='ltr'><strong>Ro-</strong></span> 
     </span>
    </p>
   </div>
   <div class='ocr_carea' id='block_1_52' title="bbox 1905 2225 3500 2311">
    <p class='ocr_par' dir='ltr' id='par_1_52' title="bbox 1905 2225 3500 2311">
     <span class='ocr_line' id='line_1_52' title="bbox 1905 2225 3500 2311; baseline 0.022 -34"><span class='ocrx_word' id='word_1_377' title='bbox 1905 2225 2051 2280; x_wconf 89' lang='lat' dir='ltr'><strong>tnani</strong></span> <span class='ocrx_word' id='word_1_378' title='bbox 2074 2229 2345 2294; x_wconf 84' lang='lat' dir='ltr'><strong>pontiﬁcis</strong></span> <span class='ocrx_word' id='word_1_379' title='bbox 2368 2234 2532 2289; x_wconf 90' lang='lat' dir='ltr'><strong>etiam</strong></span> <span class='ocrx_word' id='word_1_380' title='bbox 2556 2241 2892 2307; x_wconf 81' lang='lat' dir='ltr'><strong>temporibus</strong></span> <span class='ocrx_word' id='word_1_381' title='bbox 2914 2243 3186 2304; x_wconf 89' lang='lat' dir='ltr'><strong>Zenonem</strong></span> <span class='ocrx_word' id='word_1_382' title='bbox 3216 2225 3500 2311; x_wconf 81' lang='lat' dir='ltr'><strong>ﬂorentem</strong></span> 
     </span>
    </p>
   </div>
   <div class='ocr_carea' id='block_1_53' title="bbox 1908 2316 3503 2406">
    <p class='ocr_par' dir='ltr' id='par_1_53' title="bbox 1908 2316 3503 2406">
     <span class='ocr_line' id='line_1_53' title="bbox 1908 2316 3503 2406; baseline 0.022 -37"><span class='ocrx_word' id='word_1_383' title='bbox 1908 2316 2103 2383; x_wconf 79' lang='lat' dir='ltr'><strong>prodit,</strong></span> <span class='ocrx_word' id='word_1_384' title='bbox 2146 2328 2201 2374; x_wconf 91' lang='lat' dir='ltr'><strong>et</strong></span> <span class='ocrx_word' id='word_1_385' title='bbox 2249 2323 2564 2381; x_wconf 86' lang='lat' dir='ltr'><strong>miraculum</strong></span> <span class='ocrx_word' id='word_1_386' title='bbox 2604 2330 2843 2388; x_wconf 81' lang='lat' dir='ltr'><strong>referens</strong></span> <span class='ocrx_word' id='word_1_387' title='bbox 2909 2351 3016 2406; x_wconf 85' lang='lat' dir='ltr'><strong>quo</strong></span> <span class='ocrx_word' id='word_1_388' title='bbox 3049 2339 3166 2395; x_wconf 82' lang='lat' dir='ltr'><strong>ﬁlia</strong></span> <span class='ocrx_word' id='word_1_389' title='bbox 3197 2340 3429 2401; x_wconf 83' lang='lat' dir='ltr'><strong>Gallieni</strong></span> <span class='ocrx_word' id='word_1_390' title='bbox 3469 2363 3503 2404; x_wconf 88' lang='lat' dir='ltr'><strong>a</strong></span> 
     </span>
    </p>
   </div>
   <div class='ocr_carea' id='block_1_54' title="bbox 1904 2410 3507 2499">
    <p class='ocr_par' dir='ltr' id='par_1_54' title="bbox 1904 2410 3507 2499">
     <span class='ocr_line' id='line_1_54' title="bbox 1904 2410 3507 2499; baseline 0.022 -34"><span class='ocrx_word' id='word_1_391' title='bbox 1904 2410 2154 2470; x_wconf 74' lang='lat' dir='ltr'><strong>daemone</strong></span> <span class='ocrx_word' id='word_1_392' title='bbox 2185 2417 2408 2476; x_wconf 84' lang='lat' dir='ltr'><strong>liberata</strong></span> <span class='ocrx_word' id='word_1_393' title='bbox 2441 2421 2561 2491; x_wconf 81' lang='lat' dir='ltr'><strong>fuit,</strong></span> <span class='ocrx_word' id='word_1_394' title='bbox 2603 2429 2859 2484; x_wconf 88' lang='lat' dir='ltr'><strong>nonnulla</strong></span> <span class='ocrx_word' id='word_1_395' title='bbox 2915 2430 3106 2490; x_wconf 78' lang='lat' dir='ltr'><strong>fusiori</strong></span> <span class='ocrx_word' id='word_1_396' title='bbox 3155 2439 3364 2494; x_wconf 91' lang='lat' dir='ltr'><strong>calamo</strong></span> <span class='ocrx_word' id='word_1_397' title='bbox 3410 2443 3507 2499; x_wconf 90' lang='lat' dir='ltr'><strong>ad-</strong></span> 
     </span>
    </p>
   </div>
   <div class='ocr_carea' id='block_1_55' title="bbox 1905 2504 3505 2604">
    <p class='ocr_par' dir='ltr' id='par_1_55' title="bbox 1905 2504 3505 2604">
     <span class='ocr_line' id='line_1_55' title="bbox 1905 2504 3505 2604; baseline 0.023 -47"><span class='ocrx_word' id='word_1_398' title='bbox 1905 2504 2012 2604; x_wconf 79' lang='lat' dir='ltr'><strong>dit,</strong></span> <span class='ocrx_word' id='word_1_399' title='bbox 2045 2509 2125 2604; x_wconf 78' lang='lat' dir='ltr'><strong>uti</strong></span> <span class='ocrx_word' id='word_1_400' title='bbox 2163 2509 2294 2604; x_wconf 87' lang='lat' dir='ltr'><strong>illud</strong></span> <span class='ocrx_word' id='word_1_401' title='bbox 2345 2513 2504 2570; x_wconf 91' lang='lat' dir='ltr'><strong>trium</strong></span> <span class='ocrx_word' id='word_1_402' title='bbox 2541 2518 2806 2588; x_wconf 85' lang='lat' dir='ltr'><strong>piscium,</strong></span> <span class='ocrx_word' id='word_1_403' title='bbox 2836 2539 2970 2593; x_wconf 84' lang='lat' dir='ltr'><strong>quos</strong></span> <span class='ocrx_word' id='word_1_404' title='bbox 3014 2526 3070 2583; x_wconf 92' lang='grc'><strong>8.</strong></span> <span class='ocrx_word' id='word_1_405' title='bbox 3120 2527 3422 2604; x_wconf 89' lang='lat' dir='ltr'><strong>Episcopus</strong></span> <span class='ocrx_word' id='word_1_406' title='bbox 3472 2553 3505 2594; x_wconf 89' lang='lat' dir='ltr'><strong>e</strong></span> 
     </span>
    </p>
   </div>
   <div class='ocr_carea' id='block_1_56' title="bbox 1907 2599 3506 2685">
    <p class='ocr_par' dir='ltr' id='par_1_56' title="bbox 1907 2599 3506 2685">
     <span class='ocr_line' id='line_1_56' title="bbox 1907 2599 3506 2685; baseline 0.021 -34"><span class='ocrx_word' id='word_1_407' title='bbox 1907 2599 2163 2670; x_wconf 86' lang='lat' dir='ltr'><strong>piscando</strong></span> <span class='ocrx_word' id='word_1_408' title='bbox 2201 2603 2393 2672; x_wconf 87' lang='lat' dir='ltr'><strong>redux,</strong></span> <span class='ocrx_word' id='word_1_409' title='bbox 2442 2608 2634 2679; x_wconf 83' lang='lat' dir='ltr'><strong>legatis</strong></span> <span class='ocrx_word' id='word_1_410' title='bbox 2663 2614 2732 2668; x_wconf 92' lang='lat' dir='ltr'><strong>ab</strong></span> <span class='ocrx_word' id='word_1_411' title='bbox 2772 2614 3102 2685; x_wconf 88' lang='lat' dir='ltr'><strong>imperatore</strong></span> <span class='ocrx_word' id='word_1_412' title='bbox 3132 2599 3506 2685; x_wconf 36' lang='lat' dir='ltr'><strong>missis-dono</strong></span> 
     </span>
    </p>
   </div>
   <div class='ocr_carea' id='block_1_57' title="bbox 1906 2689 3504 2782">
    <p class='ocr_par' dir='ltr' id='par_1_57' title="bbox 1906 2689 3504 2782">
     <span class='ocr_line' id='line_1_57' title="bbox 1906 2689 3504 2782; baseline 0.021 -39"><span class='ocrx_word' id='word_1_413' title='bbox 1906 2689 2078 2758; x_wconf 86' lang='lat' dir='ltr'><strong>dedit,</strong></span> <span class='ocrx_word' id='word_1_414' title='bbox 2119 2703 2175 2749; x_wconf 92' lang='lat' dir='ltr'><strong>et</strong></span> <span class='ocrx_word' id='word_1_415' title='bbox 2205 2701 2376 2766; x_wconf 89' lang='lat' dir='ltr'><strong>quarti</strong></span> <span class='ocrx_word' id='word_1_416' title='bbox 2408 2713 2504 2769; x_wconf 89' lang='lat' dir='ltr'><strong>per</strong></span> <span class='ocrx_word' id='word_1_417' title='bbox 2533 2703 2755 2758; x_wconf 84' lang='lat' dir='ltr'><strong>eosdem</strong></span> <span class='ocrx_word' id='word_1_418' title='bbox 2786 2708 3004 2772; x_wconf 87' lang='lat' dir='ltr'><strong>sublati,</strong></span> <span class='ocrx_word' id='word_1_419' title='bbox 3037 2714 3125 2782; x_wconf 88' lang='lat' dir='ltr'><strong>qui</strong></span> <span class='ocrx_word' id='word_1_420' title='bbox 3165 2729 3290 2771; x_wconf 91' lang='lat' dir='ltr'><strong>cum</strong></span> <span class='ocrx_word' id='word_1_421' title='bbox 3337 2730 3504 2776; x_wconf 75' lang='lat' dir='ltr'><strong>ctcte-</strong></span> 
     </span>
    </p>
   </div>
   <div class='ocr_carea' id='block_1_58' title="bbox 1908 2784 3504 2879">
    <p class='ocr_par' dir='ltr' id='par_1_58' title="bbox 1908 2784 3504 2879">
     <span class='ocr_line' id='line_1_58' title="bbox 1908 2784 3504 2879; baseline 0.02 -43"><span class='ocrx_word' id='word_1_422' title='bbox 1908 2784 2168 2879; x_wconf 40' lang='lat' dir='ltr'><strong>t&#39;iS‘COqui</strong></span> <span class='ocrx_word' id='word_1_423' title='bbox 2201 2804 2308 2844; x_wconf 90' lang='lat' dir='ltr'><strong>non</strong></span> <span class='ocrx_word' id='word_1_424' title='bbox 2347 2793 2539 2861; x_wconf 90' lang='lat' dir='ltr'><strong>potuit.</strong></span> <span class='ocrx_word' id='word_1_425' title='bbox 2568 2794 2835 2852; x_wconf 81' lang='lat' dir='ltr'><strong>Mortuum</strong></span> <span class='ocrx_word' id='word_1_426' title='bbox 2868 2799 3032 2857; x_wconf 83' lang='lat' dir='ltr'><strong>ﬂuvio</strong></span> <span class='ocrx_word' id='word_1_427' title='bbox 3061 2805 3346 2879; x_wconf 88' lang='lat' dir='ltr'><strong>abreptum</strong></span> <span class='ocrx_word' id='word_1_428' title='bbox 3377 2811 3504 2868; x_wconf 68' lang='lat' dir='ltr'><strong>vitm</strong></span> 
     </span>
    </p>
   </div>
   <div class='ocr_carea' id='block_1_59' title="bbox 1907 2875 3507 2961">
    <p class='ocr_par' dir='ltr' id='par_1_59' title="bbox 1907 2875 3507 2961">
     <span class='ocr_line' id='line_1_59' title="bbox 1907 2875 3507 2961; baseline 0.018 -29"><span class='ocrx_word' id='word_1_429' title='bbox 1907 2875 2174 2934; x_wconf 87' lang='lat' dir='ltr'><strong>redditum</strong></span> <span class='ocrx_word' id='word_1_430' title='bbox 2211 2895 2494 2952; x_wconf 88' lang='lat' dir='ltr'><strong>memorat,</strong></span> <span class='ocrx_word' id='word_1_431' title='bbox 2528 2887 2681 2958; x_wconf 88' lang='lat' dir='ltr'><strong>cujus</strong></span> <span class='ocrx_word' id='word_1_432' title='bbox 2711 2891 2980 2961; x_wconf 85' lang='lat' dir='ltr'><strong>miraculi,</strong></span> <span class='ocrx_word' id='word_1_433' title='bbox 3016 2912 3043 2949; x_wconf 92' lang='lat' dir='ltr'><strong>a</strong></span> <span class='ocrx_word' id='word_1_434' title='bbox 3073 2875 3346 2957; x_wconf 77' lang='lat' dir='ltr'><strong>Corunato</strong></span> <span class='ocrx_word' id='word_1_435' title='bbox 3378 2902 3507 2961; x_wconf 83' lang='lat' dir='ltr'><strong>licet</strong></span> 
     </span>
    </p>
   </div>
   <div class='ocr_carea' id='block_1_60' title="bbox 1910 2974 3596 3066">
    <p class='ocr_par' dir='ltr' id='par_1_60' title="bbox 1910 2974 3596 3066">
     <span class='ocr_line' id='line_1_60' title="bbox 1910 2974 3596 3066; baseline 0.016 -41"><span class='ocrx_word' id='word_1_436' title='bbox 1910 2974 2285 3042; x_wconf 66' lang='lat' dir='ltr'><strong>praetermissi,</strong></span> <span class='ocrx_word' id='word_1_437' title='bbox 2339 2979 2703 3036; x_wconf 85' lang='lat' dir='ltr'><strong>testimonium</strong></span> <span class='ocrx_word' id='word_1_438' title='bbox 2738 2983 2946 3052; x_wconf 75' lang='lat' dir='ltr'><strong>profert</strong></span> <span class='ocrx_word' id='word_1_439' title='bbox 2995 2989 3313 3062; x_wconf 80' lang='lat' dir='ltr'><strong>Anonymus</strong></span> <span class='ocrx_word' id='word_1_440' title='bbox 3354 2993 3505 3066; x_wconf 81' lang='lat' dir='ltr'><strong>Pipi-</strong></span> <span class='ocrx_word' id='word_1_441' title='bbox 3585 2979 3596 2988; x_wconf 62' lang='grc'><em>’</em></span> 
     </span>
    </p>
   </div>
   <div class='ocr_carea' id='block_1_61' title="bbox 1910 3069 3504 3146">
    <p class='ocr_par' dir='ltr' id='par_1_61' title="bbox 1910 3069 3504 3146">
     <span class='ocr_line' id='line_1_61' title="bbox 1910 3069 3504 3146; baseline 0.016 -27"><span class='ocrx_word' id='word_1_442' title='bbox 1910 3069 2123 3132; x_wconf 88' lang='lat' dir='ltr'><strong>nianus,</strong></span> <span class='ocrx_word' id='word_1_443' title='bbox 2175 3079 2233 3123; x_wconf 90' lang='lat' dir='ltr'><strong>ut</strong></span> <span class='ocrx_word' id='word_1_444' title='bbox 2271 3084 2368 3124; x_wconf 91' lang='lat' dir='ltr'><strong>nos</strong></span> <span class='ocrx_word' id='word_1_445' title='bbox 2418 3087 2486 3127; x_wconf 84' lang='lat' dir='ltr'><strong>ex</strong></span> <span class='ocrx_word' id='word_1_446' title='bbox 2531 3071 2744 3130; x_wconf 89' lang='lat' dir='ltr'><strong>duobus</strong></span> <span class='ocrx_word' id='word_1_447' title='bbox 2789 3093 2921 3133; x_wconf 85' lang='lat' dir='ltr'><strong>mss.</strong></span> <span class='ocrx_word' id='word_1_448' title='bbox 2976 3082 3332 3141; x_wconf 90' lang='lat' dir='ltr'><strong>restituimus.</strong></span> <span class='ocrx_word' id='word_1_449' title='bbox 3366 3087 3504 3146; x_wconf 89' lang='lat' dir='ltr'><strong>Tum</strong></span> 
     </span>
    </p>
   </div>
   <div class='ocr_carea' id='block_1_62' title="bbox 1907 3158 3504 3252">
    <p class='ocr_par' dir='ltr' id='par_1_62' title="bbox 1907 3158 3504 3252">
     <span class='ocr_line' id='line_1_62' title="bbox 1907 3158 3504 3252; baseline 0.017 -39"><span class='ocrx_word' id='word_1_450' title='bbox 1907 3158 2160 3216; x_wconf 78' lang='lat' dir='ltr'><strong>Sanctum</strong></span> <span class='ocrx_word' id='word_1_451' title='bbox 2209 3163 2415 3219; x_wconf 86' lang='lat' dir='ltr'><strong>inducit</strong></span> <span class='ocrx_word' id='word_1_452' title='bbox 2459 3167 2807 3238; x_wconf 88' lang='lat' dir='ltr'><strong>loquentem,</strong></span> <span class='ocrx_word' id='word_1_453' title='bbox 2853 3172 3126 3247; x_wconf 88' lang='lat' dir='ltr'><strong>descripto</strong></span> <span class='ocrx_word' id='word_1_454' title='bbox 3179 3196 3275 3247; x_wconf 86' lang='lat' dir='ltr'><strong>pro</strong></span> <span class='ocrx_word' id='word_1_455' title='bbox 3326 3183 3504 3252; x_wconf 88' lang='lat' dir='ltr'><strong>prima</strong></span> 
     </span>
    </p>
   </div>
   <div class='ocr_carea' id='block_1_63' title="bbox 190 3254 1817 3346">
    <p class='ocr_par' dir='ltr' id='par_1_63' title="bbox 190 3272 1797 3346">
     <span class='ocr_line' id='line_1_63' title="bbox 190 3272 1797 3346; baseline -0.006 -11"><span class='ocrx_word' id='word_1_456' title='bbox 190 3279 380 3335; x_wconf 88' lang='lat' dir='ltr'><strong>detur.</strong></span> <span class='ocrx_word' id='word_1_457' title='bbox 412 3275 541 3332; x_wconf 71' lang='lat' dir='ltr'><strong>Haec</strong></span> <span class='ocrx_word' id='word_1_458' title='bbox 570 3275 788 3346; x_wconf 84' lang='lat' dir='ltr'><strong>quidem</strong></span> <span class='ocrx_word' id='word_1_459' title='bbox 817 3275 924 3331; x_wconf 93' lang='lat' dir='ltr'><strong>dno</strong></span> <span class='ocrx_word' id='word_1_460' title='bbox 956 3272 1209 3330; x_wconf 89' lang='lat' dir='ltr'><strong>monachi</strong></span> <span class='ocrx_word' id='word_1_461' title='bbox 1239 3274 1500 3344; x_wconf 86' lang='lat' dir='ltr'><strong>opuscula</strong></span> <span class='ocrx_word' id='word_1_462' title='bbox 1530 3272 1797 3342; x_wconf 87' lang='lat' dir='ltr'><strong>descripta</strong></span> 
     </span>
    </p>
   </div>
   <div class='ocr_carea' id='block_1_64' title="bbox 1909 3254 3509 3346">
    <p class='ocr_par' dir='ltr' id='par_1_64' title="bbox 1909 3254 3509 3342">
     <span class='ocr_line' id='line_1_64' title="bbox 1909 3254 3509 3342; baseline 0.017 -35"><span class='ocrx_word' id='word_1_463' title='bbox 1909 3254 2167 3311; x_wconf 85' lang='lat' dir='ltr'><strong>concione</strong></span> <span class='ocrx_word' id='word_1_464' title='bbox 2197 3265 2309 3311; x_wconf 81' lang='lat' dir='ltr'><strong>toto</strong></span> <span class='ocrx_word' id='word_1_465' title='bbox 2339 3269 2569 3316; x_wconf 86' lang='lat' dir='ltr'><strong>tractatu</strong></span> <span class='ocrx_word' id='word_1_466' title='bbox 2591 3263 2680 3330; x_wconf 72' lang='grc'><strong>52,</strong></span> <span class='ocrx_word' id='word_1_467' title='bbox 2706 3264 2798 3321; x_wconf 90' lang='lat' dir='ltr'><strong>lib.</strong></span> <span class='ocrx_word' id='word_1_468' title='bbox 2830 3283 2888 3334; x_wconf 89' lang='lat' dir='ltr'><strong>tt,</strong></span> <span class='ocrx_word' id='word_1_469' title='bbox 2920 3279 2973 3323; x_wconf 90' lang='lat' dir='ltr'><strong>et</strong></span> <span class='ocrx_word' id='word_1_470' title='bbox 2995 3271 3509 3342; x_wconf 82' lang='lat' dir='ltr'><strong>lragmentotracta-</strong></span> 
     </span>
    </p>
   </div>
   <div class='ocr_carea' id='block_1_65' title="bbox 194 3367 1801 3446">
    <p class='ocr_par' dir='ltr' id='par_1_65' title="bbox 194 3367 1801 3446">
     <span class='ocr_line' id='line_1_65' title="bbox 194 3367 1801 3446; baseline -0.006 -17"><span class='ocrx_word' id='word_1_471' title='bbox 194 3375 455 3446; x_wconf 84' lang='lat' dir='ltr'><strong>leguntur</strong></span> <span class='ocrx_word' id='word_1_472' title='bbox 480 3388 580 3427; x_wconf 88' lang='lat' dir='ltr'><strong>ms.</strong></span> <span class='ocrx_word' id='word_1_473' title='bbox 613 3371 934 3427; x_wconf 90' lang='lat' dir='ltr'><strong>lectionario</strong></span> <span class='ocrx_word' id='word_1_474' title='bbox 975 3370 1158 3425; x_wconf 79' lang='lat' dir='ltr'><strong>saeculi</strong></span> <span class='ocrx_word' id='word_1_475' title='bbox 1198 3384 1294 3433; x_wconf 77' lang='lat' dir='ltr'><strong>xu,</strong></span> <span class='ocrx_word' id='word_1_476' title='bbox 1326 3367 1468 3437; x_wconf 88' lang='lat' dir='ltr'><strong>quod</strong></span> <span class='ocrx_word' id='word_1_477' title='bbox 1515 3367 1801 3422; x_wconf 87' lang='lat' dir='ltr'><strong>Bartholo-</strong></span> 
     </span>
    </p>
   </div>
   <div class='ocr_carea' id='block_1_66' title="bbox 190 3457 1795 3534">
    <p class='ocr_par' dir='ltr' id='par_1_66' title="bbox 190 3457 1795 3534">
     <span class='ocr_line' id='line_1_66' title="bbox 190 3457 1795 3534; baseline -0.007 -11"><span class='ocrx_word' id='word_1_478' title='bbox 190 3483 371 3524; x_wconf 75' lang='lat' dir='ltr'><strong>utzeus</strong></span> <span class='ocrx_word' id='word_1_479' title='bbox 401 3463 763 3534; x_wconf 85' lang='lat' dir='ltr'><strong>Compagnola</strong></span> <span class='ocrx_word' id='word_1_480' title='bbox 793 3463 852 3518; x_wconf 93' lang='lat' dir='ltr'><strong>S.</strong></span> <span class='ocrx_word' id='word_1_481' title='bbox 893 3462 1124 3517; x_wconf 66' lang='lat' dir='ltr'><strong>Caecilia:</strong></span> <span class='ocrx_word' id='word_1_482' title='bbox 1153 3459 1597 3530; x_wconf 83' lang='lat' dir='ltr'><strong>archipresbyter</strong></span> <span class='ocrx_word' id='word_1_483' title='bbox 1622 3457 1795 3529; x_wconf 82' lang='lat' dir='ltr'><strong>possi-</strong></span> 
     </span>
    </p>
   </div>
   <div class='ocr_carea' id='block_1_67' title="bbox 192 3552 1802 3627">
    <p class='ocr_par' dir='ltr' id='par_1_67' title="bbox 192 3552 1802 3627">
     <span class='ocr_line' id='line_1_67' title="bbox 192 3552 1802 3627; baseline -0.007 -13"><span class='ocrx_word' id='word_1_484' title='bbox 192 3562 311 3616; x_wconf 85' lang='lat' dir='ltr'><strong>det.</strong></span> <span class='ocrx_word' id='word_1_485' title='bbox 342 3557 498 3625; x_wconf 87' lang='lat' dir='ltr'><strong>Quod</strong></span> <span class='ocrx_word' id='word_1_486' title='bbox 534 3559 577 3611; x_wconf 87' lang='lat' dir='ltr'><strong>si</strong></span> <span class='ocrx_word' id='word_1_487' title='bbox 611 3555 758 3612; x_wconf 85' lang='lat' dir='ltr'><strong>Zeno</strong></span> <span class='ocrx_word' id='word_1_488' title='bbox 787 3555 878 3610; x_wconf 89' lang='lat' dir='ltr'><strong>ille</strong></span> <span class='ocrx_word' id='word_1_489' title='bbox 922 3555 1246 3627; x_wconf 66' lang='lat' dir='ltr'><strong>prarpositus</strong></span> <span class='ocrx_word' id='word_1_490' title='bbox 1287 3552 1622 3618; x_wconf 87' lang='lat' dir='ltr'><strong>monasterii,</strong></span> <span class='ocrx_word' id='word_1_491' title='bbox 1653 3565 1802 3620; x_wconf 87' lang='lat' dir='ltr'><strong>quem</strong></span> 
     </span>
    </p>
   </div>
   <div class='ocr_carea' id='block_1_68' title="bbox 193 3642 1803 3724">
    <p class='ocr_par' dir='ltr' id='par_1_68' title="bbox 193 3642 1803 3724">
     <span class='ocr_line' id='line_1_68' title="bbox 193 3642 1803 3724; baseline -0.008 -18"><span class='ocrx_word' id='word_1_492' title='bbox 193 3654 261 3706; x_wconf 85' lang='lat' dir='ltr'><strong>ob</strong></span> <span class='ocrx_word' id='word_1_493' title='bbox 293 3650 560 3724; x_wconf 77' lang='lat' dir='ltr'><strong>religionis</strong></span> <span class='ocrx_word' id='word_1_494' title='bbox 587 3657 634 3704; x_wconf 84' lang='lat' dir='ltr'><strong>et</strong></span> <span class='ocrx_word' id='word_1_495' title='bbox 662 3649 932 3720; x_wconf 73' lang='lat' dir='ltr'><strong>sapientia:</strong></span> <span class='ocrx_word' id='word_1_496' title='bbox 953 3648 1189 3700; x_wconf 85' lang='lat' dir='ltr'><strong>meritum</strong></span> <span class='ocrx_word' id='word_1_497' title='bbox 1221 3645 1552 3701; x_wconf 80' lang='lat' dir='ltr'><strong>Solomoneut</strong></span> <span class='ocrx_word' id='word_1_498' title='bbox 1578 3642 1803 3715; x_wconf 82' lang='lat' dir='ltr'><strong>agnomi-</strong></span> 
     </span>
    </p>
   </div>
   <div class='ocr_carea' id='block_1_69' title="bbox 194 3737 1799 3818">
    <p class='ocr_par' dir='ltr' id='par_1_69' title="bbox 194 3737 1799 3818">
     <span class='ocr_line' id='line_1_69' title="bbox 194 3737 1799 3818; baseline -0.006 -18"><span class='ocrx_word' id='word_1_499' title='bbox 194 3747 390 3800; x_wconf 84' lang='lat' dir='ltr'><strong>nabant</strong></span> <span class='ocrx_word' id='word_1_500' title='bbox 419 3744 499 3818; x_wconf 92' lang='lat' dir='ltr'><strong>(nt</strong></span> <span class='ocrx_word' id='word_1_501' title='bbox 523 3743 576 3798; x_wconf 90' lang='lat' dir='ltr'><strong>in</strong></span> <span class='ocrx_word' id='word_1_502' title='bbox 606 3759 714 3797; x_wconf 91' lang='lat' dir='ltr'><strong>uno</strong></span> <span class='ocrx_word' id='word_1_503' title='bbox 741 3758 772 3798; x_wconf 85' lang='lat' dir='ltr'><strong>e</strong></span> <span class='ocrx_word' id='word_1_504' title='bbox 809 3741 1082 3796; x_wconf 86' lang='lat' dir='ltr'><strong>miraculis</strong></span> <span class='ocrx_word' id='word_1_505' title='bbox 1112 3739 1378 3811; x_wconf 81' lang='lat' dir='ltr'><strong>proditur)</strong></span> <span class='ocrx_word' id='word_1_506' title='bbox 1411 3747 1494 3794; x_wconf 91' lang='lat' dir='ltr'><strong>est</strong></span> <span class='ocrx_word' id='word_1_507' title='bbox 1522 3737 1610 3792; x_wconf 91' lang='lat' dir='ltr'><strong>ille</strong></span> <span class='ocrx_word' id='word_1_508' title='bbox 1640 3738 1799 3792; x_wconf 88' lang='lat' dir='ltr'><strong>Salo-</strong></span> 
     </span>
    </p>
   </div>
   <div class='ocr_carea' id='block_1_70' title="bbox 192 3828 1804 3911">
    <p class='ocr_par' dir='ltr' id='par_1_70' title="bbox 192 3828 1804 3911">
     <span class='ocr_line' id='line_1_70' title="bbox 192 3828 1804 3911; baseline -0.008 -15"><span class='ocrx_word' id='word_1_509' title='bbox 192 3857 353 3906; x_wconf 89' lang='lat' dir='ltr'><strong>mon,</strong></span> <span class='ocrx_word' id='word_1_510' title='bbox 380 3841 473 3911; x_wconf 90' lang='lat' dir='ltr'><strong>qui</strong></span> <span class='ocrx_word' id='word_1_511' title='bbox 502 3838 833 3894; x_wconf 81' lang='lat' dir='ltr'><strong>memoratur</strong></span> <span class='ocrx_word' id='word_1_512' title='bbox 863 3836 916 3890; x_wconf 91' lang='lat' dir='ltr'><strong>in</strong></span> <span class='ocrx_word' id='word_1_513' title='bbox 947 3833 1305 3904; x_wconf 88' lang='lat' dir='ltr'><strong>inscriptione</strong></span> <span class='ocrx_word' id='word_1_514' title='bbox 1342 3831 1581 3887; x_wconf 70' lang='lat' dir='ltr'><strong>basilica:</strong></span> <span class='ocrx_word' id='word_1_515' title='bbox 1608 3830 1665 3886; x_wconf 90' lang='grc'><strong>8.</strong></span> <span class='ocrx_word' id='word_1_516' title='bbox 1702 3828 1804 3884; x_wconf 87' lang='lat' dir='ltr'><strong>Ze-</strong></span> 
     </span>
    </p>
   </div>
   <div class='ocr_carea' id='block_1_71' title="bbox 193 3923 1804 4002">
    <p class='ocr_par' dir='ltr' id='par_1_71' title="bbox 193 3923 1804 4002">
     <span class='ocr_line' id='line_1_71' title="bbox 193 3923 1804 4002; baseline -0.006 -13"><span class='ocrx_word' id='word_1_517' title='bbox 193 3932 361 3989; x_wconf 85' lang='lat' dir='ltr'><strong>nonis</strong></span> <span class='ocrx_word' id='word_1_518' title='bbox 387 3931 596 4002; x_wconf 84' lang='lat' dir='ltr'><strong>sculpta</strong></span> <span class='ocrx_word' id='word_1_519' title='bbox 625 3947 710 3984; x_wconf 88' lang='lat' dir='ltr'><strong>an.</strong></span> <span class='ocrx_word' id='word_1_520' title='bbox 742 3927 901 3995; x_wconf 78' lang='grc'>1178,</span> <span class='ocrx_word' id='word_1_521' title='bbox 927 3943 989 3983; x_wconf 89' lang='lat' dir='ltr'><strong>ac</strong></span> <span class='ocrx_word' id='word_1_522' title='bbox 1013 3927 1114 3983; x_wconf 89' lang='lat' dir='ltr'><strong>sita</strong></span> <span class='ocrx_word' id='word_1_523' title='bbox 1146 3927 1199 3980; x_wconf 92' lang='lat' dir='ltr'><strong>in</strong></span> <span class='ocrx_word' id='word_1_524' title='bbox 1227 3925 1450 3996; x_wconf 90' lang='lat' dir='ltr'><strong>pariete,</strong></span> <span class='ocrx_word' id='word_1_525' title='bbox 1481 3923 1571 3978; x_wconf 89' lang='lat' dir='ltr'><strong>ubi</strong></span> <span class='ocrx_word' id='word_1_526' title='bbox 1592 3923 1804 3994; x_wconf 89' lang='lat' dir='ltr'><strong>insigne</strong></span> 
     </span>
    </p>
   </div>
   <div class='ocr_carea' id='block_1_72' title="bbox 193 4016 1804 4096">
    <p class='ocr_par' dir='ltr' id='par_1_72' title="bbox 193 4016 1804 4096">
     <span class='ocr_line' id='line_1_72' title="bbox 193 4016 1804 4096; baseline -0.006 -17"><span class='ocrx_word' id='word_1_527' title='bbox 193 4043 298 4082; x_wconf 84' lang='lat' dir='ltr'><strong>vas</strong></span> <span class='ocrx_word' id='word_1_528' title='bbox 327 4022 770 4096; x_wconf 79' lang='lat' dir='ltr'><strong>prOphyreticum</strong></span> <span class='ocrx_word' id='word_1_529' title='bbox 813 4031 1096 4087; x_wconf 81' lang='lat' dir='ltr'><strong>servatur;</strong></span> <span class='ocrx_word' id='word_1_530' title='bbox 1129 4021 1352 4091; x_wconf 85' lang='lat' dir='ltr'><strong>sequior</strong></span> <span class='ocrx_word' id='word_1_531' title='bbox 1391 4017 1669 4088; x_wconf 82' lang='lat' dir='ltr'><strong>aliquanto</strong></span> <span class='ocrx_word' id='word_1_532' title='bbox 1701 4016 1804 4071; x_wconf 88' lang='lat' dir='ltr'><strong>ltu-</strong></span> 
     </span>
    </p>
   </div>
   <div class='ocr_carea' id='block_1_73' title="bbox 187 4111 1806 4192">
    <p class='ocr_par' dir='ltr' id='par_1_73' title="bbox 187 4111 1806 4192">
     <span class='ocr_line' id='line_1_73' title="bbox 187 4111 1806 4192; baseline -0.007 -15"><span class='ocrx_word' id='word_1_533' title='bbox 187 4121 288 4192; x_wconf 88' lang='lat' dir='ltr'><strong>jus</strong></span> <span class='ocrx_word' id='word_1_534' title='bbox 333 4118 584 4175; x_wconf 80' lang='lat' dir='ltr'><strong>monachi</strong></span> <span class='ocrx_word' id='word_1_535' title='bbox 631 4126 762 4172; x_wconf 73' lang='lat' dir='ltr'><strong>tetas</strong></span> <span class='ocrx_word' id='word_1_536' title='bbox 791 4114 1106 4172; x_wconf 88' lang='lat' dir='ltr'><strong>collocanda</strong></span> <span class='ocrx_word' id='word_1_537' title='bbox 1151 4122 1315 4171; x_wconf 87' lang='lat' dir='ltr'><strong>esset.</strong></span> <span class='ocrx_word' id='word_1_538' title='bbox 1349 4113 1418 4168; x_wconf 78' lang='lat' dir='ltr'><strong>At</strong></span> <span class='ocrx_word' id='word_1_539' title='bbox 1460 4112 1598 4166; x_wconf 90' lang='lat' dir='ltr'><strong>alius</strong></span> <span class='ocrx_word' id='word_1_540' title='bbox 1645 4127 1672 4164; x_wconf 89' lang='lat' dir='ltr'><strong>a</strong></span> <span class='ocrx_word' id='word_1_541' title='bbox 1704 4111 1806 4166; x_wconf 86' lang='lat' dir='ltr'><strong>Ze-</strong></span> 
     </span>
    </p>
   </div>
   <div class='ocr_carea' id='block_1_74' title="bbox 193 4204 1805 4285">
    <p class='ocr_par' dir='ltr' id='par_1_74' title="bbox 193 4204 1805 4285">
     <span class='ocr_line' id='line_1_74' title="bbox 193 4204 1805 4285; baseline -0.008 -15"><span class='ocrx_word' id='word_1_542' title='bbox 193 4229 350 4270; x_wconf 91' lang='lat' dir='ltr'><strong>none</strong></span> <span class='ocrx_word' id='word_1_543' title='bbox 379 4211 673 4285; x_wconf 68' lang='lat' dir='ltr'><strong>praeposito</strong></span> <span class='ocrx_word' id='word_1_544' title='bbox 701 4205 792 4266; x_wconf 85' lang='lat' dir='ltr'><strong>hic</strong></span> <span class='ocrx_word' id='word_1_545' title='bbox 818 4208 1073 4264; x_wconf 90' lang='lat' dir='ltr'><strong>Salomon</strong></span> <span class='ocrx_word' id='word_1_546' title='bbox 1107 4221 1228 4262; x_wconf 85' lang='lat' dir='ltr'><strong>esse</strong></span> <span class='ocrx_word' id='word_1_547' title='bbox 1251 4214 1456 4276; x_wconf 80' lang='lat' dir='ltr'><strong>potest;</strong></span> <span class='ocrx_word' id='word_1_548' title='bbox 1491 4215 1540 4258; x_wconf 89' lang='lat' dir='ltr'><strong>et</strong></span> <span class='ocrx_word' id='word_1_549' title='bbox 1575 4204 1617 4257; x_wconf 91' lang='lat' dir='ltr'><strong>si</strong></span> <span class='ocrx_word' id='word_1_550' title='bbox 1645 4205 1695 4258; x_wconf 94' lang='lat' dir='ltr'><strong>in</strong></span> <span class='ocrx_word' id='word_1_551' title='bbox 1716 4218 1805 4257; x_wconf 90' lang='lat' dir='ltr'><strong>or-</strong></span> 
     </span>
    </p>
   </div>
   <div class='ocr_carea' id='block_1_75' title="bbox 193 4297 1799 4375">
    <p class='ocr_par' dir='ltr' id='par_1_75' title="bbox 193 4297 1799 4375">
     <span class='ocr_line' id='line_1_75' title="bbox 193 4297 1799 4375; baseline -0.008 -11"><span class='ocrx_word' id='word_1_552' title='bbox 193 4306 388 4364; x_wconf 89' lang='lat' dir='ltr'><strong>dinem</strong></span> <span class='ocrx_word' id='word_1_553' title='bbox 421 4317 724 4375; x_wconf 91' lang='lat' dir='ltr'><strong>temporum</strong></span> <span class='ocrx_word' id='word_1_554' title='bbox 756 4301 1017 4358; x_wconf 87' lang='lat' dir='ltr'><strong>miracula</strong></span> <span class='ocrx_word' id='word_1_555' title='bbox 1039 4299 1108 4354; x_wconf 90' lang='lat' dir='ltr'><strong>ab</strong></span> <span class='ocrx_word' id='word_1_556' title='bbox 1148 4308 1370 4354; x_wconf 90' lang='lat' dir='ltr'><strong>auctore</strong></span> <span class='ocrx_word' id='word_1_557' title='bbox 1399 4297 1606 4367; x_wconf 87' lang='lat' dir='ltr'><strong>prodita</strong></span> <span class='ocrx_word' id='word_1_558' title='bbox 1655 4305 1799 4364; x_wconf 91' lang='lat' dir='ltr'><strong>sunt,</strong></span> 
     </span>
    </p>
   </div>
   <div class='ocr_carea' id='block_1_76' title="bbox 195 4391 1799 4460">
    <p class='ocr_par' dir='ltr' id='par_1_76' title="bbox 195 4391 1799 4460">
     <span class='ocr_line' id='line_1_76' title="bbox 195 4391 1799 4460; baseline -0.008 -2"><span class='ocrx_word' id='word_1_559' title='bbox 195 4404 351 4460; x_wconf 87' lang='lat' dir='ltr'><strong>Zeno</strong></span> <span class='ocrx_word' id='word_1_560' title='bbox 390 4399 643 4457; x_wconf 86' lang='lat' dir='ltr'><strong>Salomon</strong></span> <span class='ocrx_word' id='word_1_561' title='bbox 689 4399 756 4454; x_wconf 86' lang='lat' dir='ltr'><strong>ab</strong></span> <span class='ocrx_word' id='word_1_562' title='bbox 800 4397 902 4453; x_wconf 91' lang='lat' dir='ltr'><strong>hoc</strong></span> <span class='ocrx_word' id='word_1_563' title='bbox 947 4403 1300 4459; x_wconf 88' lang='lat' dir='ltr'><strong>memoratus,</strong></span> <span class='ocrx_word' id='word_1_564' title='bbox 1345 4403 1471 4448; x_wconf 90' lang='lat' dir='ltr'><strong>ante</strong></span> <span class='ocrx_word' id='word_1_565' title='bbox 1512 4407 1601 4446; x_wconf 90' lang='lat' dir='ltr'><strong>an.</strong></span> <span class='ocrx_word' id='word_1_566' title='bbox 1637 4391 1799 4460; x_wconf 67' lang='lat'><strong>1049,</strong></span> 
     </span>
    </p>
   </div>
   <div class='ocr_carea' id='block_1_77' title="bbox 195 4487 1805 4564">
    <p class='ocr_par' dir='ltr' id='par_1_77' title="bbox 195 4487 1805 4564">
     <span class='ocr_line' id='line_1_77' title="bbox 195 4487 1805 4564; baseline -0.01 -10"><span class='ocrx_word' id='word_1_567' title='bbox 195 4513 327 4555; x_wconf 92' lang='lat' dir='ltr'><strong>cum</strong></span> <span class='ocrx_word' id='word_1_568' title='bbox 376 4496 607 4552; x_wconf 68' lang='lat' dir='ltr'><strong>Mantua:</strong></span> <span class='ocrx_word' id='word_1_569' title='bbox 651 4490 851 4547; x_wconf 87' lang='lat' dir='ltr'><strong>Christi</strong></span> <span class='ocrx_word' id='word_1_570' title='bbox 894 4487 1113 4564; x_wconf 86' lang='lat' dir='ltr'><strong>sanguis</strong></span> <span class='ocrx_word' id='word_1_571' title='bbox 1160 4488 1412 4541; x_wconf 90' lang='lat' dir='ltr'><strong>inventus</strong></span> <span class='ocrx_word' id='word_1_572' title='bbox 1457 4495 1563 4550; x_wconf 90' lang='lat' dir='ltr'><strong>est,</strong></span> <span class='ocrx_word' id='word_1_573' title='bbox 1599 4495 1805 4556; x_wconf 90' lang='lat' dir='ltr'><strong>postre-</strong></span> 
     </span>
    </p>
   </div>
   <div class='ocr_carea' id='block_1_78' title="bbox 197 4576 1800 4661">
    <p class='ocr_par' dir='ltr' id='par_1_78' title="bbox 197 4576 1800 4661">
     <span class='ocr_line' id='line_1_78' title="bbox 197 4576 1800 4661; baseline -0.012 -13"><span class='ocrx_word' id='word_1_574' title='bbox 197 4605 462 4661; x_wconf 87' lang='lat' dir='ltr'><strong>mnmque</strong></span> <span class='ocrx_word' id='word_1_575' title='bbox 502 4588 719 4643; x_wconf 83' lang='lat' dir='ltr'><strong>Zenone</strong></span> <span class='ocrx_word' id='word_1_576' title='bbox 765 4582 1136 4640; x_wconf 88' lang='lat' dir='ltr'><strong>intercedente</strong></span> <span class='ocrx_word' id='word_1_577' title='bbox 1187 4578 1502 4634; x_wconf 88' lang='lat' dir='ltr'><strong>miraculum</strong></span> <span class='ocrx_word' id='word_1_578' title='bbox 1549 4576 1800 4647; x_wconf 86' lang='lat' dir='ltr'><strong>contigit,</strong></span> 
     </span>
    </p>
   </div>
   <div class='ocr_carea' id='block_1_79' title="bbox 1910 3347 3507 3428">
    <p class='ocr_par' dir='ltr' id='par_1_79' title="bbox 1910 3347 3507 3428">
     <span class='ocr_line' id='line_1_79' title="bbox 1910 3347 3507 3428; baseline 0.016 -26"><span class='ocrx_word' id='word_1_579' title='bbox 1910 3357 1995 3403; x_wconf 83' lang='lat' dir='ltr'><strong>tus</strong></span> <span class='ocrx_word' id='word_1_580' title='bbox 2019 3347 2092 3403; x_wconf 71' lang='grc'><strong>42</strong></span> <span class='ocrx_word' id='word_1_581' title='bbox 2134 3349 2378 3420; x_wconf 88' lang='lat' dir='ltr'><strong>ejusdem</strong></span> <span class='ocrx_word' id='word_1_582' title='bbox 2429 3354 2574 3422; x_wconf 89' lang='lat' dir='ltr'><strong>libri,</strong></span> <span class='ocrx_word' id='word_1_583' title='bbox 2625 3372 2723 3428; x_wconf 88' lang='lat' dir='ltr'><strong>pro</strong></span> <span class='ocrx_word' id='word_1_584' title='bbox 2764 3362 2998 3418; x_wconf 84' lang='lat' dir='ltr'><strong>secunda</strong></span> <span class='ocrx_word' id='word_1_585' title='bbox 3050 3375 3230 3422; x_wconf 90' lang='lat' dir='ltr'><strong>autem</strong></span> <span class='ocrx_word' id='word_1_586' title='bbox 3265 3369 3419 3425; x_wconf 90' lang='lat' dir='ltr'><strong>initio</strong></span> <span class='ocrx_word' id='word_1_587' title='bbox 3451 3381 3507 3428; x_wconf 89' lang='lat' dir='ltr'><strong>et</strong></span> 
     </span>
    </p>
   </div>
   <div class='ocr_carea' id='block_1_80' title="bbox 1909 3441 3506 3520">
    <p class='ocr_par' dir='ltr' id='par_1_80' title="bbox 1909 3441 3506 3520">
     <span class='ocr_line' id='line_1_80' title="bbox 1909 3441 3506 3520; baseline 0.016 -26"><span class='ocrx_word' id='word_1_588' title='bbox 1909 3441 2016 3498; x_wconf 88' lang='lat' dir='ltr'><strong>line</strong></span> <span class='ocrx_word' id='word_1_589' title='bbox 2044 3453 2303 3500; x_wconf 85' lang='lat' dir='ltr'><strong>tractatus</strong></span> <span class='ocrx_word' id='word_1_590' title='bbox 2342 3446 2375 3502; x_wconf 76' lang='grc' dir='ltr'><strong>ϐ</strong></span> <span class='ocrx_word' id='word_1_591' title='bbox 2407 3447 2501 3502; x_wconf 90' lang='lat' dir='ltr'><strong>lib.</strong></span> <span class='ocrx_word' id='word_1_592' title='bbox 2539 3466 2572 3503; x_wconf 91' lang='grc' dir='ltr'>ι.</span> <span class='ocrx_word' id='word_1_593' title='bbox 2608 3450 2847 3508; x_wconf 84' lang='lat' dir='ltr'><strong>Tandem</strong></span> <span class='ocrx_word' id='word_1_594' title='bbox 2882 3458 3046 3512; x_wconf 90' lang='lat' dir='ltr'><strong>multa</strong></span> <span class='ocrx_word' id='word_1_595' title='bbox 3091 3459 3192 3516; x_wconf 89' lang='lat' dir='ltr'><strong>sub</strong></span> <span class='ocrx_word' id='word_1_596' title='bbox 3222 3462 3343 3518; x_wconf 69' lang='lat' dir='ltr'><strong>vitae</strong></span> <span class='ocrx_word' id='word_1_597' title='bbox 3385 3465 3506 3520; x_wconf 83' lang='lat' dir='ltr'><strong>exi-</strong></span> 
     </span>
    </p>
   </div>
   <div class='ocr_carea' id='block_1_81' title="bbox 1909 3535 3508 3618">
    <p class='ocr_par' dir='ltr' id='par_1_81' title="bbox 1909 3535 3508 3618">
     <span class='ocr_line' id='line_1_81' title="bbox 1909 3535 3508 3618; baseline 0.016 -31"><span class='ocrx_word' id='word_1_598' title='bbox 1909 3541 2019 3588; x_wconf 87' lang='lat' dir='ltr'><strong>tum</strong></span> <span class='ocrx_word' id='word_1_599' title='bbox 2048 3535 2115 3589; x_wconf 88' lang='lat' dir='ltr'><strong>ab</strong></span> <span class='ocrx_word' id='word_1_600' title='bbox 2141 3552 2208 3591; x_wconf 90' lang='lat' dir='ltr'><strong>eo</strong></span> <span class='ocrx_word' id='word_1_601' title='bbox 2228 3537 2296 3592; x_wconf 90' lang='lat' dir='ltr'><strong>ad</strong></span> <span class='ocrx_word' id='word_1_602' title='bbox 2324 3554 2451 3593; x_wconf 91' lang='lat' dir='ltr'><strong>suos</strong></span> <span class='ocrx_word' id='word_1_603' title='bbox 2479 3540 2617 3596; x_wconf 92' lang='lat' dir='ltr'><strong>dicta</strong></span> <span class='ocrx_word' id='word_1_604' title='bbox 2645 3543 2762 3598; x_wconf 80' lang='lat' dir='ltr'><strong>fuse</strong></span> <span class='ocrx_word' id='word_1_605' title='bbox 2786 3559 3198 3618; x_wconf 88' lang='lat' dir='ltr'><strong>commemorat,</strong></span> <span class='ocrx_word' id='word_1_606' title='bbox 3229 3555 3508 3612; x_wconf 81' lang='lat' dir='ltr'><strong>eumdem-</strong></span> 
     </span>
    </p>
   </div>
   <div class='ocr_carea' id='block_1_82' title="bbox 1908 3631 3502 3719">
    <p class='ocr_par' dir='ltr' id='par_1_82' title="bbox 1908 3631 3502 3719">
     <span class='ocr_line' id='line_1_82' title="bbox 1908 3631 3502 3719; baseline 0.018 -38"><span class='ocrx_word' id='word_1_607' title='bbox 1908 3644 2034 3697; x_wconf 87' lang='lat' dir='ltr'><strong>que,</strong></span> <span class='ocrx_word' id='word_1_608' title='bbox 2057 3644 2214 3700; x_wconf 84' lang='lat' dir='ltr'><strong>quem</strong></span> <span class='ocrx_word' id='word_1_609' title='bbox 2244 3631 2491 3690; x_wconf 89' lang='lat' dir='ltr'><strong>Gallieno</strong></span> <span class='ocrx_word' id='word_1_610' title='bbox 2512 3651 2801 3706; x_wconf 86' lang='lat' dir='ltr'><strong>supparem</strong></span> <span class='ocrx_word' id='word_1_611' title='bbox 2833 3641 2978 3705; x_wconf 76' lang='lat' dir='ltr'><strong>fecit,</strong></span> <span class='ocrx_word' id='word_1_612' title='bbox 3003 3643 3208 3703; x_wconf 89' lang='lat' dir='ltr'><strong>ohiisse</strong></span> <span class='ocrx_word' id='word_1_613' title='bbox 3239 3649 3416 3719; x_wconf 90' lang='lat' dir='ltr'><strong>prodit</strong></span> <span class='ocrx_word' id='word_1_614' title='bbox 3437 3669 3502 3709; x_wconf 89' lang='lat' dir='ltr'><strong>ex</strong></span> 
     </span>
    </p>
   </div>
   <div class='ocr_carea' id='block_1_83' title="bbox 1909 3720 3509 3808">
    <p class='ocr_par' dir='ltr' id='par_1_83' title="bbox 1909 3720 3509 3808">
     <span class='ocr_line' id='line_1_83' title="bbox 1909 3720 3509 3808; baseline 0.016 -33"><span class='ocrx_word' id='word_1_615' title='bbox 1909 3720 2145 3777; x_wconf 91' lang='lat' dir='ltr'><strong>editione</strong></span> <span class='ocrx_word' id='word_1_616' title='bbox 2175 3722 2452 3781; x_wconf 74' lang='lat' dir='ltr'><strong>Malfriana</strong></span> <span class='ocrx_word' id='word_1_617' title='bbox 2505 3731 2673 3798; x_wconf 78' lang='lat' dir='ltr'><strong>pridie</strong></span> <span class='ocrx_word' id='word_1_618' title='bbox 2713 3731 2842 3788; x_wconf 78' lang='lat' dir='ltr'><strong>ldus</strong></span> <span class='ocrx_word' id='word_1_619' title='bbox 2887 3735 3082 3808; x_wconf 80' lang='lat' dir='ltr'><strong>Aprilis</strong></span> <span class='ocrx_word' id='word_1_620' title='bbox 3127 3757 3264 3797; x_wconf 83' lang='lat' dir='ltr'><strong>anno</strong></span> <span class='ocrx_word' id='word_1_621' title='bbox 3296 3741 3509 3800; x_wconf 86' lang='lat' dir='ltr'><strong>Domini</strong></span> 
     </span>
    </p>
   </div>
   <div class='ocr_carea' id='block_1_84' title="bbox 1908 3818 3505 3895">
    <p class='ocr_par' dir='ltr' id='par_1_84' title="bbox 1908 3818 3505 3895">
     <span class='ocr_line' id='line_1_84' title="bbox 1908 3818 3505 3895; baseline 0.019 -29"><span class='ocrx_word' id='word_1_622' title='bbox 1908 3818 2256 3871; x_wconf 86' lang='lat' dir='ltr'><strong>tercentesimo</strong></span> <span class='ocrx_word' id='word_1_623' title='bbox 2284 3820 2494 3888; x_wconf 86' lang='lat' dir='ltr'><strong>primo;</strong></span> <span class='ocrx_word' id='word_1_624' title='bbox 2531 3839 2651 3892; x_wconf 67' lang='lat' dir='ltr'><strong>quae</strong></span> <span class='ocrx_word' id='word_1_625' title='bbox 2691 3834 2869 3884; x_wconf 88' lang='lat' dir='ltr'><strong>tamen</strong></span> <span class='ocrx_word' id='word_1_626' title='bbox 2910 3831 3037 3886; x_wconf 91' lang='lat' dir='ltr'><strong>anni</strong></span> <span class='ocrx_word' id='word_1_627' title='bbox 3067 3836 3344 3892; x_wconf 89' lang='lat' dir='ltr'><strong>anu0tatio</strong></span> <span class='ocrx_word' id='word_1_628' title='bbox 3380 3852 3505 3895; x_wconf 89' lang='lat' dir='ltr'><strong>cum</strong></span> 
     </span>
    </p>
   </div>
   <div class='ocr_carea' id='block_1_85' title="bbox 1908 3907 3508 3993">
    <p class='ocr_par' dir='ltr' id='par_1_85' title="bbox 1908 3907 3508 3993">
     <span class='ocr_line' id='line_1_85' title="bbox 1908 3907 3508 3993; baseline 0.015 -31"><span class='ocrx_word' id='word_1_629' title='bbox 1908 3907 1960 3963; x_wconf 92' lang='lat' dir='ltr'><strong>in</strong></span> <span class='ocrx_word' id='word_1_630' title='bbox 1991 3910 2178 3967; x_wconf 90' lang='lat' dir='ltr'><strong>codice</strong></span> <span class='ocrx_word' id='word_1_631' title='bbox 2206 3911 2584 3972; x_wconf 74' lang='lat' dir='ltr'><strong>Bartholomzei</strong></span> <span class='ocrx_word' id='word_1_632' title='bbox 2616 3916 2993 3993; x_wconf 82' lang='lat' dir='ltr'><strong>Compagnola:</strong></span> <span class='ocrx_word' id='word_1_633' title='bbox 3025 3941 3232 3982; x_wconf 91' lang='lat' dir='ltr'><strong>necnon</strong></span> <span class='ocrx_word' id='word_1_634' title='bbox 3285 3930 3338 3984; x_wconf 90' lang='lat' dir='ltr'><strong>in</strong></span> <span class='ocrx_word' id='word_1_635' title='bbox 3387 3929 3508 3986; x_wconf 81' lang='lat' dir='ltr'><strong>Mu-</strong></span> 
     </span>
    </p>
   </div>
   <div class='ocr_carea' id='block_1_86' title="bbox 1908 4000 3506 4092">
    <p class='ocr_par' dir='ltr' id='par_1_86' title="bbox 1908 4000 3506 4092">
     <span class='ocr_line' id='line_1_86' title="bbox 1908 4000 3506 4092; baseline 0.016 -38"><span class='ocrx_word' id='word_1_636' title='bbox 1908 4000 2136 4058; x_wconf 89' lang='lat' dir='ltr'><strong>selliano</strong></span> <span class='ocrx_word' id='word_1_637' title='bbox 2163 4002 2325 4070; x_wconf 89' lang='lat' dir='ltr'><strong>desit,</strong></span> <span class='ocrx_word' id='word_1_638' title='bbox 2355 4005 2407 4061; x_wconf 92' lang='lat' dir='ltr'><strong>in</strong></span> <span class='ocrx_word' id='word_1_639' title='bbox 2431 4005 2745 4079; x_wconf 88' lang='lat' dir='ltr'><strong>Pompeiani</strong></span> <span class='ocrx_word' id='word_1_640' title='bbox 2773 4023 2950 4070; x_wconf 89' lang='lat' dir='ltr'><strong>autem</strong></span> <span class='ocrx_word' id='word_1_641' title='bbox 2991 4020 3232 4088; x_wconf 85' lang='lat' dir='ltr'><strong>margine</strong></span> <span class='ocrx_word' id='word_1_642' title='bbox 3258 4022 3506 4092; x_wconf 84' lang='lat' dir='ltr'><strong>apposita</strong></span> 
     </span>
    </p>
   </div>
   <div class='ocr_carea' id='block_1_87' title="bbox 1913 4096 3508 4181">
    <p class='ocr_par' dir='ltr' id='par_1_87' title="bbox 1913 4096 3508 4181">
     <span class='ocr_line' id='line_1_87' title="bbox 1913 4096 3508 4181; baseline 0.014 -33"><span class='ocrx_word' id='word_1_643' title='bbox 1913 4096 2194 4162; x_wconf 88' lang='lat' dir='ltr'><strong>posteriori</strong></span> <span class='ocrx_word' id='word_1_644' title='bbox 2226 4113 2385 4153; x_wconf 87' lang='lat' dir='ltr'><strong>manu</strong></span> <span class='ocrx_word' id='word_1_645' title='bbox 2419 4099 2650 4171; x_wconf 90' lang='lat' dir='ltr'><strong>legatur,</strong></span> <span class='ocrx_word' id='word_1_646' title='bbox 2702 4120 2824 4160; x_wconf 87' lang='lat' dir='ltr'><strong>eam</strong></span> <span class='ocrx_word' id='word_1_647' title='bbox 2855 4124 2958 4162; x_wconf 92' lang='lat' dir='ltr'><strong>non</strong></span> <span class='ocrx_word' id='word_1_648' title='bbox 2989 4110 3058 4165; x_wconf 90' lang='lat' dir='ltr'><strong>ab</strong></span> <span class='ocrx_word' id='word_1_649' title='bbox 3089 4110 3208 4181; x_wconf 90' lang='lat' dir='ltr'><strong>ipso</strong></span> <span class='ocrx_word' id='word_1_650' title='bbox 3238 4115 3508 4171; x_wconf 90' lang='lat' dir='ltr'><strong>monacho</strong></span> 
     </span>
    </p>
   </div>
   <div class='ocr_carea' id='block_1_88' title="bbox 1909 4193 3511 4281">
    <p class='ocr_par' dir='ltr' id='par_1_88' title="bbox 1909 4193 3511 4281">
     <span class='ocr_line' id='line_1_88' title="bbox 1909 4193 3511 4281; baseline 0.016 -39"><span class='ocrx_word' id='word_1_651' title='bbox 1909 4195 2131 4244; x_wconf 89' lang='lat' dir='ltr'><strong>auctore</strong></span> <span class='ocrx_word' id='word_1_652' title='bbox 2160 4193 2439 4262; x_wconf 89' lang='lat' dir='ltr'><strong>scriptam,</strong></span> <span class='ocrx_word' id='word_1_653' title='bbox 2474 4194 2568 4250; x_wconf 91' lang='lat' dir='ltr'><strong>sed</strong></span> <span class='ocrx_word' id='word_1_654' title='bbox 2597 4212 2660 4252; x_wconf 89' lang='lat' dir='ltr'><strong>ex</strong></span> <span class='ocrx_word' id='word_1_655' title='bbox 2690 4201 2934 4270; x_wconf 89' lang='lat' dir='ltr'><strong>margine</strong></span> <span class='ocrx_word' id='word_1_656' title='bbox 2967 4202 3018 4257; x_wconf 93' lang='lat' dir='ltr'><strong>in</strong></span> <span class='ocrx_word' id='word_1_657' title='bbox 3053 4213 3263 4260; x_wconf 77' lang='lat' dir='ltr'><strong>textum</strong></span> <span class='ocrx_word' id='word_1_658' title='bbox 3296 4208 3511 4281; x_wconf 90' lang='lat' dir='ltr'><strong>aliquo-</strong></span> 
     </span>
    </p>
   </div>
   <div class='ocr_carea' id='block_1_89' title="bbox 1911 4286 3504 4373">
    <p class='ocr_par' dir='ltr' id='par_1_89' title="bbox 1911 4286 3504 4373">
     <span class='ocr_line' id='line_1_89' title="bbox 1911 4286 3504 4373; baseline 0.014 -35"><span class='ocrx_word' id='word_1_659' title='bbox 1911 4300 2028 4339; x_wconf 82' lang='lat' dir='ltr'><strong>tum</strong></span> <span class='ocrx_word' id='word_1_660' title='bbox 2057 4300 2186 4341; x_wconf 86' lang='lat' dir='ltr'><strong>mss.</strong></span> <span class='ocrx_word' id='word_1_661' title='bbox 2221 4286 2506 4357; x_wconf 79' lang='lat' dir='ltr'><strong>irrepsisse</strong></span> <span class='ocrx_word' id='word_1_662' title='bbox 2537 4293 2669 4348; x_wconf 89' lang='lat' dir='ltr'><strong>satis</strong></span> <span class='ocrx_word' id='word_1_663' title='bbox 2695 4293 2957 4350; x_wconf 88' lang='lat' dir='ltr'><strong>credibile</strong></span> <span class='ocrx_word' id='word_1_664' title='bbox 2977 4307 3080 4357; x_wconf 86' lang='lat' dir='ltr'><strong>est.</strong></span> <span class='ocrx_word' id='word_1_665' title='bbox 3114 4300 3191 4354; x_wconf 91' lang='lat' dir='ltr'><strong>uti</strong></span> <span class='ocrx_word' id='word_1_666' title='bbox 3226 4300 3420 4373; x_wconf 86' lang='lat' dir='ltr'><strong>legitur</strong></span> <span class='ocrx_word' id='word_1_667' title='bbox 3450 4305 3504 4361; x_wconf 94' lang='lat' dir='ltr'><strong>in</strong></span> 
     </span>
    </p>
   </div>
   <div class='ocr_carea' id='block_1_90' title="bbox 1909 4377 3506 4454">
    <p class='ocr_par' dir='ltr' id='par_1_90' title="bbox 1909 4377 3506 4454">
     <span class='ocr_line' id='line_1_90' title="bbox 1909 4377 3506 4454; baseline 0.014 -23"><span class='ocrx_word' id='word_1_668' title='bbox 1909 4390 1977 4432; x_wconf 89' lang='lat' dir='ltr'><strong>eo</strong></span> <span class='ocrx_word' id='word_1_669' title='bbox 2002 4392 2107 4447; x_wconf 90' lang='lat' dir='ltr'><strong>quo</strong></span> <span class='ocrx_word' id='word_1_670' title='bbox 2136 4377 2380 4436; x_wconf 80' lang='lat' dir='ltr'><strong>Mall&#39;cius</strong></span> <span class='ocrx_word' id='word_1_671' title='bbox 2408 4390 2494 4437; x_wconf 90' lang='lat' dir='ltr'><strong>est</strong></span> <span class='ocrx_word' id='word_1_672' title='bbox 2537 4399 2688 4451; x_wconf 90' lang='lat' dir='ltr'><strong>usus,</strong></span> <span class='ocrx_word' id='word_1_673' title='bbox 2740 4401 2948 4442; x_wconf 87' lang='lat' dir='ltr'><strong>necnon</strong></span> <span class='ocrx_word' id='word_1_674' title='bbox 2975 4389 3026 4443; x_wconf 91' lang='lat' dir='ltr'><strong>in</strong></span> <span class='ocrx_word' id='word_1_675' title='bbox 3064 4389 3322 4449; x_wconf 83' lang='lat' dir='ltr'><strong>Vaticano</strong></span> <span class='ocrx_word' id='word_1_676' title='bbox 3344 4396 3506 4454; x_wconf 75' lang='grc'>1255.</span> 
     </span>
    </p>
   </div>
   <div class='ocr_carea' id='block_1_91' title="bbox 1911 4470 3510 4551">
    <p class='ocr_par' dir='ltr' id='par_1_91' title="bbox 1911 4470 3510 4551">
     <span class='ocr_line' id='line_1_91' title="bbox 1911 4470 3510 4551; baseline 0.016 -27"><span class='ocrx_word' id='word_1_677' title='bbox 1911 4470 2010 4526; x_wconf 91' lang='lat' dir='ltr'><strong>Hic</strong></span> <span class='ocrx_word' id='word_1_678' title='bbox 2054 4487 2184 4528; x_wconf 90' lang='lat' dir='ltr'><strong>vero</strong></span> <span class='ocrx_word' id='word_1_679' title='bbox 2221 4483 2486 4531; x_wconf 90' lang='lat' dir='ltr'><strong>annotare</strong></span> <span class='ocrx_word' id='word_1_680' title='bbox 2535 4477 2713 4533; x_wconf 88' lang='lat' dir='ltr'><strong>obiter</strong></span> <span class='ocrx_word' id='word_1_681' title='bbox 2762 4479 2913 4548; x_wconf 90' lang='lat' dir='ltr'><strong>libet,</strong></span> <span class='ocrx_word' id='word_1_682' title='bbox 2963 4481 3104 4551; x_wconf 87' lang='lat' dir='ltr'><strong>quod</strong></span> <span class='ocrx_word' id='word_1_683' title='bbox 3144 4485 3188 4539; x_wconf 88' lang='lat' dir='ltr'><strong>si</strong></span> <span class='ocrx_word' id='word_1_684' title='bbox 3233 4488 3396 4544; x_wconf 90' lang='lat' dir='ltr'><strong>etiam</strong></span> <span class='ocrx_word' id='word_1_685' title='bbox 3439 4491 3510 4549; x_wconf 90' lang='lat' dir='ltr'><strong>ab</strong></span> 
     </span>
    </p>
   </div>
   <div class='ocr_carea' id='block_1_92' title="bbox 1910 4566 3512 4646">
    <p class='ocr_par' dir='ltr' id='par_1_92' title="bbox 1910 4566 3512 4646">
     <span class='ocr_line' id='line_1_92' title="bbox 1910 4566 3512 4646; baseline 0.014 -28"><span class='ocrx_word' id='word_1_686' title='bbox 1910 4566 2030 4622; x_wconf 87' lang='lat' dir='ltr'><strong>aliis</strong></span> <span class='ocrx_word' id='word_1_687' title='bbox 2059 4566 2173 4622; x_wconf 68' lang='lat' dir='ltr'><strong>haec</strong></span> <span class='ocrx_word' id='word_1_688' title='bbox 2199 4570 2481 4624; x_wconf 86' lang='lat' dir='ltr'><strong>annotatio</strong></span> <span class='ocrx_word' id='word_1_689' title='bbox 2517 4572 2726 4638; x_wconf 86' lang='lat' dir='ltr'><strong>adjecta</strong></span> <span class='ocrx_word' id='word_1_690' title='bbox 2761 4573 2881 4639; x_wconf 83' lang='lat' dir='ltr'><strong>fuit,</strong></span> <span class='ocrx_word' id='word_1_691' title='bbox 2911 4586 2968 4631; x_wconf 94' lang='lat' dir='ltr'><strong>ut</strong></span> <span class='ocrx_word' id='word_1_692' title='bbox 2999 4578 3331 4646; x_wconf 89' lang='lat' dir='ltr'><strong>probabilius</strong></span> <span class='ocrx_word' id='word_1_693' title='bbox 3358 4583 3512 4640; x_wconf 87' lang='lat' dir='ltr'><strong>vide-</strong></span> 
     </span>
    </p>
   </div>
   <div class='ocr_carea' id='block_1_93' title="bbox 199 4661 3510 4745">
    <p class='ocr_par' dir='ltr' id='par_1_93' title="bbox 199 4661 3510 4745">
     <span class='ocr_line' id='line_1_93' title="bbox 199 4661 3510 4745; baseline 0.008 -38"><span class='ocrx_word' id='word_1_694' title='bbox 199 4685 390 4740; x_wconf 58' lang='lat' dir='ltr'><strong>vivere</strong></span> <span class='ocrx_word' id='word_1_695' title='bbox 412 4679 614 4737; x_wconf 45' lang='lat' dir='ltr'><strong>debuit.</strong></span> <span class='ocrx_word' id='word_1_696' title='bbox 650 4677 757 4734; x_wconf 69' lang='lat' dir='ltr'><strong>Sed</strong></span> <span class='ocrx_word' id='word_1_697' title='bbox 799 4677 867 4732; x_wconf 72' lang='lat' dir='ltr'><strong>de</strong></span> <span class='ocrx_word' id='word_1_698' title='bbox 896 4672 1148 4730; x_wconf 66' lang='lat' dir='ltr'><strong>monachi</strong></span> <span class='ocrx_word' id='word_1_699' title='bbox 1174 4680 1331 4726; x_wconf 44' lang='lat' dir='ltr'><strong>“me</strong></span> <span class='ocrx_word' id='word_1_700' title='bbox 1361 4670 1515 4726; x_wconf 48' lang='lat' dir='ltr'><strong>satis,</strong></span> <span class='ocrx_word' id='word_1_701' title='bbox 1551 4668 1803 4724; x_wconf 69' lang='lat' dir='ltr'><strong>Tmnsla-</strong></span> <span class='ocrx_word' id='word_1_702' title='bbox 1833 4673 1887 4734; x_wconf 79' lang='grc' dir='ltr'>ι)</span> <span class='ocrx_word' id='word_1_703' title='bbox 1915 4669 2018 4727; x_wconf 90' lang='lat' dir='ltr'><strong>tur,</strong></span> <span class='ocrx_word' id='word_1_704' title='bbox 2046 4671 2100 4715; x_wconf 91' lang='lat' dir='ltr'><strong>et</strong></span> <span class='ocrx_word' id='word_1_705' title='bbox 2129 4661 2181 4715; x_wconf 92' lang='lat' dir='ltr'><strong>in</strong></span> <span class='ocrx_word' id='word_1_706' title='bbox 2203 4661 2328 4718; x_wconf 88' lang='lat' dir='ltr'><strong>aliis</strong></span> <span class='ocrx_word' id='word_1_707' title='bbox 2354 4662 2517 4718; x_wconf 79' lang='lat' dir='ltr'><strong>etiam</strong></span> <span class='ocrx_word' id='word_1_708' title='bbox 2541 4662 2768 4720; x_wconf 86' lang='lat' dir='ltr'><strong>aliorum</strong></span> <span class='ocrx_word' id='word_1_709' title='bbox 2791 4666 3062 4724; x_wconf 72' lang='lat' dir='ltr'><strong>inferioris</strong></span> <span class='ocrx_word' id='word_1_710' title='bbox 3093 4673 3269 4729; x_wconf 74' lang='lat' dir='ltr'><strong>tctatis</strong></span> <span class='ocrx_word' id='word_1_711' title='bbox 3291 4676 3510 4745; x_wconf 90' lang='lat' dir='ltr'><strong>quidem</strong></span> 
     </span>
    </p>
   </div>
   <div class='ocr_carea' id='block_1_94' title="bbox 201 4764 1802 4836">
    <p class='ocr_par' dir='ltr' id='par_1_94' title="bbox 201 4764 1802 4836">
     <span class='ocr_line' id='line_1_94' title="bbox 201 4764 1802 4836; baseline -0.011 -1"><span class='ocrx_word' id='word_1_712' title='bbox 201 4779 369 4836; x_wconf 88' lang='lat' dir='ltr'><strong>tionis</strong></span> <span class='ocrx_word' id='word_1_713' title='bbox 415 4775 656 4832; x_wconf 73' lang='lat' dir='ltr'><strong>historia:</strong></span> <span class='ocrx_word' id='word_1_714' title='bbox 701 4783 886 4827; x_wconf 89' lang='lat' dir='ltr'><strong>auctor</strong></span> <span class='ocrx_word' id='word_1_715' title='bbox 924 4771 1087 4824; x_wconf 89' lang='lat' dir='ltr'><strong>vitam</strong></span> <span class='ocrx_word' id='word_1_716' title='bbox 1132 4766 1192 4824; x_wconf 94' lang='lat' dir='ltr'><strong>S.</strong></span> <span class='ocrx_word' id='word_1_717' title='bbox 1233 4765 1472 4821; x_wconf 88' lang='lat' dir='ltr'><strong>Zenonis</strong></span> <span class='ocrx_word' id='word_1_718' title='bbox 1521 4764 1802 4836; x_wconf 80' lang='lat' dir='ltr'><strong>praemisit,</strong></span> 
     </span>
    </p>
   </div>
   <div class='ocr_carea' id='block_1_95' title="bbox 201 4860 1804 4944">
    <p class='ocr_par' dir='ltr' id='par_1_95' title="bbox 201 4860 1804 4944">
     <span class='ocr_line' id='line_1_95' title="bbox 201 4860 1804 4944; baseline -0.009 -18"><span class='ocrx_word' id='word_1_719' title='bbox 201 4887 326 4944; x_wconf 73' lang='lat' dir='ltr'><strong>qua:</strong></span> <span class='ocrx_word' id='word_1_720' title='bbox 348 4885 381 4924; x_wconf 91' lang='lat' dir='ltr'><strong>e</strong></span> <span class='ocrx_word' id='word_1_721' title='bbox 402 4869 679 4923; x_wconf 72' lang='lat' dir='ltr'><strong>Coronato</strong></span> <span class='ocrx_word' id='word_1_722' title='bbox 699 4863 920 4920; x_wconf 84' lang='lat' dir='ltr'><strong>Notario</strong></span> <span class='ocrx_word' id='word_1_723' title='bbox 937 4861 991 4918; x_wconf 89' lang='lat' dir='ltr'><strong>in</strong></span> <span class='ocrx_word' id='word_1_724' title='bbox 1018 4867 1223 4933; x_wconf 87' lang='lat' dir='ltr'><strong>partem</strong></span> <span class='ocrx_word' id='word_1_725' title='bbox 1250 4860 1543 4914; x_wconf 76' lang='lat' dir='ltr'><strong>maximam</strong></span> <span class='ocrx_word' id='word_1_726' title='bbox 1567 4865 1804 4928; x_wconf 85' lang='lat' dir='ltr'><strong>sumpta,</strong></span> 
     </span>
    </p>
   </div>
   <div class='ocr_carea' id='block_1_96' title="bbox 201 4951 1808 5023">
    <p class='ocr_par' dir='ltr' id='par_1_96' title="bbox 201 4951 1808 5023">
     <span class='ocr_line' id='line_1_96' title="bbox 201 4951 1808 5023; baseline -0.008 -5"><span class='ocrx_word' id='word_1_727' title='bbox 201 4966 257 5019; x_wconf 90' lang='lat' dir='ltr'><strong>in</strong></span> <span class='ocrx_word' id='word_1_728' title='bbox 293 4977 426 5017; x_wconf 92' lang='lat' dir='ltr'><strong>mss.</strong></span> <span class='ocrx_word' id='word_1_729' title='bbox 467 4959 528 5017; x_wconf 91' lang='lat' dir='ltr'><strong>S.</strong></span> <span class='ocrx_word' id='word_1_730' title='bbox 561 4957 818 5023; x_wconf 79' lang='lat' dir='ltr'><strong>Zenonis,</strong></span> <span class='ocrx_word' id='word_1_731' title='bbox 847 4965 903 5011; x_wconf 94' lang='lat' dir='ltr'><strong>et</strong></span> <span class='ocrx_word' id='word_1_732' title='bbox 923 4956 976 5010; x_wconf 92' lang='lat' dir='ltr'><strong>in</strong></span> <span class='ocrx_word' id='word_1_733' title='bbox 999 4956 1170 5008; x_wconf 86' lang='lat' dir='ltr'><strong>sacris</strong></span> <span class='ocrx_word' id='word_1_734' title='bbox 1200 4951 1393 5008; x_wconf 71' lang='lat' dir='ltr'><strong>officiis</strong></span> <span class='ocrx_word' id='word_1_735' title='bbox 1417 4967 1514 5020; x_wconf 88' lang='lat' dir='ltr'><strong>pro</strong></span> <span class='ocrx_word' id='word_1_736' title='bbox 1549 4951 1808 5007; x_wconf 81' lang='lat' dir='ltr'><strong>Coronati</strong></span> 
     </span>
    </p>
   </div>
   <div class='ocr_carea' id='block_1_97' title="bbox 203 5042 1808 5118">
    <p class='ocr_par' dir='ltr' id='par_1_97' title="bbox 203 5042 1808 5118">
     <span class='ocr_line' id='line_1_97' title="bbox 203 5042 1808 5118; baseline -0.008 -7"><span class='ocrx_word' id='word_1_737' title='bbox 203 5054 331 5111; x_wconf 78' lang='lat' dir='ltr'><strong>Vita</strong></span> <span class='ocrx_word' id='word_1_738' title='bbox 357 5055 535 5110; x_wconf 90' lang='lat' dir='ltr'><strong>locum</strong></span> <span class='ocrx_word' id='word_1_739' title='bbox 569 5051 682 5106; x_wconf 77' lang='lat' dir='ltr'><strong>fere</strong></span> <span class='ocrx_word' id='word_1_740' title='bbox 728 5047 1029 5118; x_wconf 85' lang='lat' dir='ltr'><strong>occupavit.</strong></span> <span class='ocrx_word' id='word_1_741' title='bbox 1062 5045 1279 5112; x_wconf 79' lang='lat' dir='ltr'><strong>Legitur</strong></span> <span class='ocrx_word' id='word_1_742' title='bbox 1309 5042 1515 5098; x_wconf 83' lang='lat' dir='ltr'><strong>scilicet</strong></span> <span class='ocrx_word' id='word_1_743' title='bbox 1541 5044 1725 5098; x_wconf 88' lang='lat' dir='ltr'><strong>multis</strong></span> <span class='ocrx_word' id='word_1_744' title='bbox 1756 5045 1808 5098; x_wconf 90' lang='lat' dir='ltr'><strong>itt</strong></span> 
     </span>
    </p>
   </div>
   <div class='ocr_carea' id='block_1_98' title="bbox 202 5133 1810 5218">
    <p class='ocr_par' dir='ltr' id='par_1_98' title="bbox 202 5133 1810 5218">
     <span class='ocr_line' id='line_1_98' title="bbox 202 5133 1810 5218; baseline -0.009 -15"><span class='ocrx_word' id='word_1_745' title='bbox 202 5165 338 5204; x_wconf 85' lang='lat' dir='ltr'><strong>mss.</strong></span> <span class='ocrx_word' id='word_1_746' title='bbox 377 5156 501 5218; x_wconf 88' lang='lat' dir='ltr'><strong>post</strong></span> <span class='ocrx_word' id='word_1_747' title='bbox 521 5156 804 5199; x_wconf 87' lang='lat' dir='ltr'><strong>sermones</strong></span> <span class='ocrx_word' id='word_1_748' title='bbox 824 5136 1030 5214; x_wconf 76' lang='lat' dir='ltr'><strong>[CLVIII]</strong></span> <span class='ocrx_word' id='word_1_749' title='bbox 1062 5137 1120 5194; x_wconf 87' lang='lat' dir='ltr'><strong>S.</strong></span> <span class='ocrx_word' id='word_1_750' title='bbox 1151 5135 1388 5192; x_wconf 86' lang='lat' dir='ltr'><strong>Zenonis</strong></span> <span class='ocrx_word' id='word_1_751' title='bbox 1418 5136 1470 5190; x_wconf 93' lang='lat' dir='ltr'><strong>in</strong></span> <span class='ocrx_word' id='word_1_752' title='bbox 1494 5133 1810 5191; x_wconf 83' lang='lat' dir='ltr'><strong>Toleutina-</strong></span> 
     </span>
    </p>
   </div>
   <div class='ocr_carea' id='block_1_99' title="bbox 205 5227 1804 5310">
    <p class='ocr_par' dir='ltr' id='par_1_99' title="bbox 205 5227 1804 5310">
     <span class='ocr_line' id='line_1_99' title="bbox 205 5227 1804 5310; baseline -0.01 -13"><span class='ocrx_word' id='word_1_753' title='bbox 205 5251 278 5310; x_wconf 93' lang='lat' dir='ltr'><strong>te,</strong></span> <span class='ocrx_word' id='word_1_754' title='bbox 301 5239 646 5296; x_wconf 89' lang='lat' dir='ltr'><strong>Zenoniano.</strong></span> <span class='ocrx_word' id='word_1_755' title='bbox 666 5234 1016 5306; x_wconf 84' lang='lat' dir='ltr'><strong>Pompeiano,</strong></span> <span class='ocrx_word' id='word_1_756' title='bbox 1042 5247 1104 5288; x_wconf 88' lang='lat' dir='ltr'><strong>ac</strong></span> <span class='ocrx_word' id='word_1_757' title='bbox 1128 5232 1179 5287; x_wconf 88' lang='lat' dir='ltr'><strong>itt</strong></span> <span class='ocrx_word' id='word_1_758' title='bbox 1208 5231 1417 5287; x_wconf 89' lang='lat' dir='ltr'><strong>duobus</strong></span> <span class='ocrx_word' id='word_1_759' title='bbox 1439 5231 1564 5286; x_wconf 91' lang='lat' dir='ltr'><strong>item</strong></span> <span class='ocrx_word' id='word_1_760' title='bbox 1595 5227 1804 5283; x_wconf 77' lang='lat' dir='ltr'><strong>Vatica-</strong></span> 
     </span>
    </p>
   </div>
   <div class='ocr_carea' id='block_1_100' title="bbox 204 5324 1805 5401">
    <p class='ocr_par' dir='ltr' id='par_1_100' title="bbox 204 5324 1805 5401">
     <span class='ocr_line' id='line_1_100' title="bbox 204 5324 1805 5401; baseline -0.008 -10"><span class='ocrx_word' id='word_1_761' title='bbox 204 5338 292 5392; x_wconf 90' lang='lat' dir='ltr'><strong>nis</strong></span> <span class='ocrx_word' id='word_1_762' title='bbox 325 5333 470 5390; x_wconf 72' lang='lat'><strong>1255</strong></span> <span class='ocrx_word' id='word_1_763' title='bbox 497 5339 554 5387; x_wconf 86' lang='lat' dir='ltr'><strong>et</strong></span> <span class='ocrx_word' id='word_1_764' title='bbox 579 5329 736 5398; x_wconf 69' lang='lat' dir='ltr'><strong>125i,</strong></span> <span class='ocrx_word' id='word_1_765' title='bbox 765 5345 992 5401; x_wconf 91' lang='lat' dir='ltr'><strong>quorum</strong></span> <span class='ocrx_word' id='word_1_766' title='bbox 1019 5326 1266 5382; x_wconf 88' lang='lat' dir='ltr'><strong>notitiam</strong></span> <span class='ocrx_word' id='word_1_767' title='bbox 1297 5339 1470 5392; x_wconf 87' lang='lat' dir='ltr'><strong>nuper</strong></span> <span class='ocrx_word' id='word_1_768' title='bbox 1497 5324 1805 5389; x_wconf 85' lang='lat' dir='ltr'><strong>habuimus,</strong></span> 
     </span>
    </p>
   </div>
   <div class='ocr_carea' id='block_1_101' title="bbox 203 5413 1809 5498">
    <p class='ocr_par' dir='ltr' id='par_1_101' title="bbox 203 5413 1809 5498">
     <span class='ocr_line' id='line_1_101' title="bbox 203 5413 1809 5498; baseline -0.008 -14"><span class='ocrx_word' id='word_1_769' title='bbox 203 5444 269 5484; x_wconf 86' lang='lat' dir='ltr'><strong>ac</strong></span> <span class='ocrx_word' id='word_1_770' title='bbox 301 5436 576 5498; x_wconf 65' lang='lat' dir='ltr'><strong>pra&#39;terea</strong></span> <span class='ocrx_word' id='word_1_771' title='bbox 604 5422 658 5477; x_wconf 84' lang='lat' dir='ltr'><strong>in</strong></span> <span class='ocrx_word' id='word_1_772' title='bbox 687 5440 812 5477; x_wconf 89' lang='lat' dir='ltr'><strong>mss.</strong></span> <span class='ocrx_word' id='word_1_773' title='bbox 832 5422 1054 5477; x_wconf 88' lang='lat' dir='ltr'><strong>alterius</strong></span> <span class='ocrx_word' id='word_1_774' title='bbox 1079 5432 1294 5491; x_wconf 82' lang='lat' dir='ltr'><strong>generis</strong></span> <span class='ocrx_word' id='word_1_775' title='bbox 1325 5415 1661 5479; x_wconf 70' lang='lat' dir='ltr'><strong>Muselliano,</strong></span> <span class='ocrx_word' id='word_1_776' title='bbox 1691 5413 1809 5470; x_wconf 87' lang='lat' dir='ltr'><strong>Sai-</strong></span> 
     </span>
    </p>
   </div>
   <div class='ocr_carea' id='block_1_102' title="bbox 203 5509 1811 5586">
    <p class='ocr_par' dir='ltr' id='par_1_102' title="bbox 203 5509 1811 5586">
     <span class='ocr_line' id='line_1_102' title="bbox 203 5509 1811 5586; baseline -0.01 -7"><span class='ocrx_word' id='word_1_777' title='bbox 203 5524 452 5586; x_wconf 87' lang='lat' dir='ltr'><strong>banteo,</strong></span> <span class='ocrx_word' id='word_1_778' title='bbox 504 5516 824 5582; x_wconf 79' lang='lat' dir='ltr'><strong>Mall&#39;eiano,</strong></span> <span class='ocrx_word' id='word_1_779' title='bbox 874 5524 972 5582; x_wconf 92' lang='lat' dir='ltr'><strong>et,</strong></span> <span class='ocrx_word' id='word_1_780' title='bbox 1023 5525 1080 5568; x_wconf 92' lang='lat' dir='ltr'><strong>ut</strong></span> <span class='ocrx_word' id='word_1_781' title='bbox 1137 5513 1415 5567; x_wconf 86' lang='lat' dir='ltr'><strong>mittamus</strong></span> <span class='ocrx_word' id='word_1_782' title='bbox 1454 5509 1595 5564; x_wconf 88' lang='lat' dir='ltr'><strong>alios</strong></span> <span class='ocrx_word' id='word_1_783' title='bbox 1659 5510 1811 5563; x_wconf 83' lang='lat' dir='ltr'><strong>eodi-</strong></span> 
     </span>
    </p>
   </div>
   <div class='ocr_carea' id='block_1_103' title="bbox 204 5600 1812 5682">
    <p class='ocr_par' dir='ltr' id='par_1_103' title="bbox 204 5600 1812 5682">
     <span class='ocr_line' id='line_1_103' title="bbox 204 5600 1812 5682; baseline -0.013 -6"><span class='ocrx_word' id='word_1_784' title='bbox 204 5634 318 5682; x_wconf 89' lang='lat' dir='ltr'><strong>ces,</strong></span> <span class='ocrx_word' id='word_1_785' title='bbox 358 5618 414 5670; x_wconf 92' lang='lat' dir='ltr'><strong>in</strong></span> <span class='ocrx_word' id='word_1_786' title='bbox 445 5610 762 5667; x_wconf 83' lang='lat' dir='ltr'><strong>lectionario</strong></span> <span class='ocrx_word' id='word_1_787' title='bbox 799 5607 1179 5665; x_wconf 83' lang='lat' dir='ltr'><strong>Bartholomaei</strong></span> <span class='ocrx_word' id='word_1_788' title='bbox 1208 5604 1604 5675; x_wconf 72' lang='lat' dir='ltr'><strong>Campagnolze,</strong></span> <span class='ocrx_word' id='word_1_789' title='bbox 1651 5615 1714 5656; x_wconf 91' lang='lat' dir='ltr'><strong>ac</strong></span> <span class='ocrx_word' id='word_1_790' title='bbox 1757 5600 1812 5655; x_wconf 89' lang='lat' dir='ltr'><strong>in</strong></span> 
     </span>
    </p>
   </div>
   <div class='ocr_carea' id='block_1_104' title="bbox 203 5695 1811 5766">
    <p class='ocr_par' dir='ltr' id='par_1_104' title="bbox 203 5695 1811 5766">
     <span class='ocr_line' id='line_1_104' title="bbox 203 5695 1811 5766; baseline -0.009 -1"><span class='ocrx_word' id='word_1_791' title='bbox 203 5711 385 5764; x_wconf 86' lang='lat' dir='ltr'><strong>altero</strong></span> <span class='ocrx_word' id='word_1_792' title='bbox 456 5701 766 5758; x_wconf 88' lang='lat' dir='ltr'><strong>monialium</strong></span> <span class='ocrx_word' id='word_1_793' title='bbox 837 5703 896 5758; x_wconf 91' lang='lat' dir='ltr'><strong>S.</strong></span> <span class='ocrx_word' id='word_1_794' title='bbox 963 5701 1142 5756; x_wconf 68' lang='lat' dir='ltr'><strong>Maria:</strong></span> <span class='ocrx_word' id='word_1_795' title='bbox 1199 5699 1269 5754; x_wconf 90' lang='lat' dir='ltr'><strong>de</strong></span> <span class='ocrx_word' id='word_1_796' title='bbox 1341 5711 1533 5766; x_wconf 88' lang='lat' dir='ltr'><strong>campo</strong></span> <span class='ocrx_word' id='word_1_797' title='bbox 1599 5695 1811 5750; x_wconf 87' lang='lat' dir='ltr'><strong>Martio.</strong></span> 
     </span>
    </p>
   </div>
   <div class='ocr_carea' id='block_1_105' title="bbox 204 5789 1819 5869">
    <p class='ocr_par' dir='ltr' id='par_1_105' title="bbox 204 5789 1819 5869">
     <span class='ocr_line' id='line_1_105' title="bbox 204 5789 1819 5869; baseline -0.009 -12"><span class='ocrx_word' id='word_1_798' title='bbox 204 5801 262 5856; x_wconf 87' lang='lat' dir='ltr'><strong>In</strong></span> <span class='ocrx_word' id='word_1_799' title='bbox 296 5794 632 5855; x_wconf 84' lang='lat' dir='ltr'><strong>lectiouario</strong></span> <span class='ocrx_word' id='word_1_800' title='bbox 658 5794 1050 5869; x_wconf 70' lang='lat' dir='ltr'><strong>Campagnoltc,</strong></span> <span class='ocrx_word' id='word_1_801' title='bbox 1091 5809 1211 5848; x_wconf 88' lang='lat' dir='ltr'><strong>cum</strong></span> <span class='ocrx_word' id='word_1_802' title='bbox 1256 5790 1322 5846; x_wconf 93' lang='lat' dir='ltr'><strong>ad</strong></span> <span class='ocrx_word' id='word_1_803' title='bbox 1354 5789 1650 5860; x_wconf 89' lang='lat' dir='ltr'><strong>marginem</strong></span> <span class='ocrx_word' id='word_1_804' title='bbox 1696 5798 1819 5843; x_wconf 90' lang='lat' dir='ltr'><strong>octo</strong></span> 
     </span>
    </p>
   </div>
   <div class='ocr_carea' id='block_1_106' title="bbox 203 5885 1820 5957">
    <p class='ocr_par' dir='ltr' id='par_1_106' title="bbox 203 5885 1820 5957">
     <span class='ocr_line' id='line_1_106' title="bbox 203 5885 1820 5957; baseline -0.008 -3"><span class='ocrx_word' id='word_1_805' title='bbox 203 5890 433 5954; x_wconf 87' lang='lat' dir='ltr'><strong>numeri</strong></span> <span class='ocrx_word' id='word_1_806' title='bbox 484 5887 710 5957; x_wconf 75' lang='lat' dir='ltr'><strong>appositi</strong></span> <span class='ocrx_word' id='word_1_807' title='bbox 761 5899 1070 5957; x_wconf 88' lang='lat' dir='ltr'><strong>cernantur,</strong></span> <span class='ocrx_word' id='word_1_808' title='bbox 1121 5887 1235 5944; x_wconf 80' lang='lat' dir='ltr'><strong>Vita</strong></span> <span class='ocrx_word' id='word_1_809' title='bbox 1293 5888 1344 5941; x_wconf 94' lang='lat' dir='ltr'><strong>in</strong></span> <span class='ocrx_word' id='word_1_810' title='bbox 1381 5894 1505 5941; x_wconf 91' lang='lat' dir='ltr'><strong>octo</strong></span> <span class='ocrx_word' id='word_1_811' title='bbox 1560 5885 1820 5942; x_wconf 82' lang='lat' dir='ltr'><strong>lcetiones</strong></span> 
     </span>
    </p>
   </div>
   <div class='ocr_carea' id='block_1_107' title="bbox 1909 4754 3512 4836">
    <p class='ocr_par' dir='ltr' id='par_1_107' title="bbox 1909 4754 3512 4836">
     <span class='ocr_line' id='line_1_107' title="bbox 1909 4754 3512 4836; baseline 0.012 -30"><span class='ocrx_word' id='word_1_812' title='bbox 1909 4762 2188 4809; x_wconf 87' lang='lat' dir='ltr'><strong>auctorum</strong></span> <span class='ocrx_word' id='word_1_813' title='bbox 2216 4754 2495 4811; x_wconf 90' lang='lat' dir='ltr'><strong>codicibus</strong></span> <span class='ocrx_word' id='word_1_814' title='bbox 2514 4771 2634 4811; x_wconf 92' lang='lat' dir='ltr'><strong>eam</strong></span> <span class='ocrx_word' id='word_1_815' title='bbox 2649 4771 2749 4813; x_wconf 92' lang='lat' dir='ltr'><strong>nos</strong></span> <span class='ocrx_word' id='word_1_816' title='bbox 2770 4758 2963 4830; x_wconf 70' lang='lat' dir='ltr'><strong>legisse</strong></span> <span class='ocrx_word' id='word_1_817' title='bbox 2978 4765 3323 4819; x_wconf 89' lang='lat' dir='ltr'><strong>meminimus</strong></span> <span class='ocrx_word' id='word_1_818' title='bbox 3341 4769 3438 4836; x_wconf 84' lang='lat' dir='ltr'><strong>(uti</strong></span> <span class='ocrx_word' id='word_1_819' title='bbox 3458 4769 3512 4826; x_wconf 93' lang='lat' dir='ltr'><strong>in</strong></span> 
     </span>
    </p>
   </div>
   <div class='ocr_carea' id='block_1_108' title="bbox 1911 4849 3515 4921">
    <p class='ocr_par' dir='ltr' id='par_1_108' title="bbox 1911 4849 3515 4921">
     <span class='ocr_line' id='line_1_108' title="bbox 1911 4849 3515 4921; baseline 0.01 -19"><span class='ocrx_word' id='word_1_820' title='bbox 1911 4861 2077 4917; x_wconf 91' lang='lat' dir='ltr'><strong>opere</strong></span> <span class='ocrx_word' id='word_1_821' title='bbox 2106 4865 2205 4903; x_wconf 88' lang='lat' dir='ltr'><strong>ms.</strong></span> <span class='ocrx_word' id='word_1_822' title='bbox 2253 4849 2542 4906; x_wconf 87' lang='lat' dir='ltr'><strong>Saibanteo</strong></span> <span class='ocrx_word' id='word_1_823' title='bbox 2581 4849 2708 4915; x_wconf 79' lang='grc'>658.</span> <span class='ocrx_word' id='word_1_824' title='bbox 2744 4853 2887 4921; x_wconf 85' lang='lat' dir='ltr'><strong>quod</strong></span> <span class='ocrx_word' id='word_1_825' title='bbox 2917 4853 3127 4911; x_wconf 86' lang='lat' dir='ltr'><strong>Blasius</strong></span> <span class='ocrx_word' id='word_1_826' title='bbox 3157 4857 3418 4916; x_wconf 79' lang='lat' dir='ltr'><strong>Rossctus</strong></span> <span class='ocrx_word' id='word_1_827' title='bbox 3449 4863 3515 4918; x_wconf 84' lang='lat' dir='ltr'><strong>de</strong></span> 
     </span>
    </p>
   </div>
   <div class='ocr_carea' id='block_1_109' title="bbox 1914 4941 3516 5022">
    <p class='ocr_par' dir='ltr' id='par_1_109' title="bbox 1914 4941 3516 5022">
     <span class='ocr_line' id='line_1_109' title="bbox 1914 4941 3516 5022; baseline 0.012 -28"><span class='ocrx_word' id='word_1_828' title='bbox 1914 4941 2186 5013; x_wconf 81' lang='lat' dir='ltr'><strong>EpiscOpis</strong></span> <span class='ocrx_word' id='word_1_829' title='bbox 2219 4941 2602 5000; x_wconf 84' lang='lat' dir='ltr'><strong>Veronensibus</strong></span> <span class='ocrx_word' id='word_1_830' title='bbox 2631 4945 2697 5000; x_wconf 87' lang='lat' dir='ltr'><strong>ad</strong></span> <span class='ocrx_word' id='word_1_831' title='bbox 2730 4945 2950 5002; x_wconf 88' lang='lat' dir='ltr'><strong>Petrum</strong></span> <span class='ocrx_word' id='word_1_832' title='bbox 2991 4947 3384 5022; x_wconf 87' lang='lat' dir='ltr'><strong>Lippotnanum</strong></span> <span class='ocrx_word' id='word_1_833' title='bbox 3429 4955 3516 5013; x_wconf 87' lang='lat' dir='ltr'><strong>in-</strong></span> 
     </span>
    </p>
   </div>
   <div class='ocr_carea' id='block_1_110' title="bbox 1914 5034 3514 5124">
    <p class='ocr_par' dir='ltr' id='par_1_110' title="bbox 1914 5034 3514 5124">
     <span class='ocr_line' id='line_1_110' title="bbox 1914 5034 3514 5124; baseline 0.012 -35"><span class='ocrx_word' id='word_1_834' title='bbox 1914 5034 2153 5105; x_wconf 82' lang='lat' dir='ltr'><strong>scripsit,</strong></span> <span class='ocrx_word' id='word_1_835' title='bbox 2183 5035 2271 5091; x_wconf 91' lang='lat' dir='ltr'><strong>ubi</strong></span> <span class='ocrx_word' id='word_1_836' title='bbox 2319 5038 2372 5091; x_wconf 91' lang='lat' dir='ltr'><strong>in</strong></span> <span class='ocrx_word' id='word_1_837' title='bbox 2423 5037 2646 5096; x_wconf 90' lang='lat' dir='ltr'><strong>Zenone</strong></span> <span class='ocrx_word' id='word_1_838' title='bbox 2699 5039 2814 5097; x_wconf 70' lang='lat' dir='ltr'><strong>lucc</strong></span> <span class='ocrx_word' id='word_1_839' title='bbox 2856 5041 3061 5098; x_wconf 86' lang='lat' dir='ltr'><strong>habet:</strong></span> <span class='ocrx_word' id='word_1_840' title='bbox 3096 5045 3236 5101; x_wconf 82' lang='lat' dir='ltr'><strong>Obiit</strong></span> <span class='ocrx_word' id='word_1_841' title='bbox 3279 5055 3514 5124; x_wconf 83' lang='lat' dir='ltr'><strong>egregius</strong></span> 
     </span>
    </p>
   </div>
   <div class='ocr_carea' id='block_1_111' title="bbox 1915 5129 3516 5215">
    <p class='ocr_par' dir='ltr' id='par_1_111' title="bbox 1915 5129 3516 5215">
     <span class='ocr_line' id='line_1_111' title="bbox 1915 5129 3516 5215; baseline 0.014 -37"><span class='ocrx_word' id='word_1_842' title='bbox 1915 5129 2147 5198; x_wconf 77' lang='lat' dir='ltr'><strong>ponti/ea;</strong></span> <span class='ocrx_word' id='word_1_843' title='bbox 2175 5137 2223 5182; x_wconf 85' lang='lat' dir='ltr'><strong>et</strong></span> <span class='ocrx_word' id='word_1_844' title='bbox 2251 5138 2396 5199; x_wconf 82' lang='lat' dir='ltr'><strong>pater</strong></span> <span class='ocrx_word' id='word_1_845' title='bbox 2424 5133 2606 5200; x_wconf 76' lang='lat' dir='ltr'><strong>patria:</strong></span> <span class='ocrx_word' id='word_1_846' title='bbox 2634 5133 2719 5188; x_wconf 80' lang='lat' dir='ltr'><strong>die</strong></span> <span class='ocrx_word' id='word_1_847' title='bbox 2747 5135 2967 5201; x_wconf 80' lang='lat' dir='ltr'><strong>sabbati,</strong></span> <span class='ocrx_word' id='word_1_848' title='bbox 3003 5139 3172 5207; x_wconf 80' lang='lat' dir='ltr'><strong>pridie</strong></span> <span class='ocrx_word' id='word_1_849' title='bbox 3194 5139 3325 5197; x_wconf 77' lang='lat' dir='ltr'><strong>ldus</strong></span> <span class='ocrx_word' id='word_1_850' title='bbox 3357 5146 3516 5215; x_wconf 77' lang='lat' dir='ltr'><strong>Apri-</strong></span> 
     </span>
    </p>
   </div>
   <div class='ocr_carea' id='block_1_112' title="bbox 1915 5218 3515 5309">
    <p class='ocr_par' dir='ltr' id='par_1_112' title="bbox 1915 5218 3515 5309">
     <span class='ocr_line' id='line_1_112' title="bbox 1915 5218 3515 5309; baseline 0.016 -37"><span class='ocrx_word' id='word_1_851' title='bbox 1915 5218 1979 5273; x_wconf 82' lang='lat' dir='ltr'><strong>iis</strong></span> <span class='ocrx_word' id='word_1_852' title='bbox 2003 5236 2139 5275; x_wconf 81' lang='lat' dir='ltr'><strong>anno</strong></span> <span class='ocrx_word' id='word_1_853' title='bbox 2169 5237 2201 5275; x_wconf 87' lang='lat' dir='ltr'><strong>a</strong></span> <span class='ocrx_word' id='word_1_854' title='bbox 2224 5220 2426 5277; x_wconf 87' lang='lat' dir='ltr'><strong>Christo</strong></span> <span class='ocrx_word' id='word_1_855' title='bbox 2452 5234 2574 5279; x_wconf 83' lang='lat' dir='ltr'><strong>nato</strong></span> <span class='ocrx_word' id='word_1_856' title='bbox 2594 5241 2732 5290; x_wconf 84' lang='lat' dir='ltr'><strong><em>CCCI,</em></strong></span> <span class='ocrx_word' id='word_1_857' title='bbox 2759 5237 2813 5284; x_wconf 94' lang='lat' dir='ltr'><strong>et</strong></span> <span class='ocrx_word' id='word_1_858' title='bbox 2835 5231 3088 5288; x_wconf 82' lang='lat' dir='ltr'><strong>similiter</strong></span> <span class='ocrx_word' id='word_1_859' title='bbox 3131 5235 3182 5289; x_wconf 90' lang='lat' dir='ltr'><strong>in</strong></span> <span class='ocrx_word' id='word_1_860' title='bbox 3207 5238 3515 5309; x_wconf 88' lang='lat' dir='ltr'><strong>antiquiore</strong></span> 
     </span>
    </p>
   </div>
   <div class='ocr_carea' id='block_1_113' title="bbox 1913 5315 3516 5392">
    <p class='ocr_par' dir='ltr' id='par_1_113' title="bbox 1913 5315 3516 5392">
     <span class='ocr_line' id='line_1_113' title="bbox 1913 5315 3516 5392; baseline 0.013 -27"><span class='ocrx_word' id='word_1_861' title='bbox 1913 5327 2018 5366; x_wconf 79' lang='lat' dir='ltr'><strong>ms.</strong></span> <span class='ocrx_word' id='word_1_862' title='bbox 2048 5316 2365 5372; x_wconf 69' lang='lat' dir='ltr'><strong>monasterii</strong></span> <span class='ocrx_word' id='word_1_863' title='bbox 2397 5316 2454 5372; x_wconf 89' lang='lat' dir='ltr'><strong>S.</strong></span> <span class='ocrx_word' id='word_1_864' title='bbox 2490 5315 2724 5374; x_wconf 85' lang='lat' dir='ltr'><strong>Zenonis</strong></span> <span class='ocrx_word' id='word_1_865' title='bbox 2755 5319 2958 5392; x_wconf 89' lang='lat' dir='ltr'><strong>scripto</strong></span> <span class='ocrx_word' id='word_1_866' title='bbox 2996 5324 3137 5380; x_wconf 91' lang='lat' dir='ltr'><strong>circa</strong></span> <span class='ocrx_word' id='word_1_867' title='bbox 3167 5327 3404 5384; x_wconf 87' lang='lat' dir='ltr'><strong>medium</strong></span> <span class='ocrx_word' id='word_1_868' title='bbox 3441 5347 3516 5386; x_wconf 89' lang='lat' dir='ltr'><strong>xv</strong></span> 
     </span>
    </p>
   </div>
   <div class='ocr_carea' id='block_1_114' title="bbox 1912 5409 3512 5487">
    <p class='ocr_par' dir='ltr' id='par_1_114' title="bbox 1912 5409 3512 5487">
     <span class='ocr_line' id='line_1_114' title="bbox 1912 5409 3512 5487; baseline 0.009 -22"><span class='ocrx_word' id='word_1_869' title='bbox 1912 5409 2200 5474; x_wconf 59' lang='lat' dir='ltr'><strong>saxulum,</strong></span> <span class='ocrx_word' id='word_1_870' title='bbox 2234 5410 2286 5465; x_wconf 90' lang='lat' dir='ltr'><strong>in</strong></span> <span class='ocrx_word' id='word_1_871' title='bbox 2313 5411 2560 5482; x_wconf 81' lang='lat' dir='ltr'><strong>catalogo</strong></span> <span class='ocrx_word' id='word_1_872' title='bbox 2589 5413 2687 5471; x_wconf 90' lang='lat' dir='ltr'><strong>SS.</strong></span> <span class='ocrx_word' id='word_1_873' title='bbox 2713 5415 3089 5487; x_wconf 85' lang='lat' dir='ltr'><strong>episcoporum</strong></span> <span class='ocrx_word' id='word_1_874' title='bbox 3118 5419 3512 5480; x_wconf 83' lang='lat' dir='ltr'><strong>Veronensium</strong></span> 
     </span>
    </p>
   </div>
   <div class='ocr_carea' id='block_1_115' title="bbox 1916 5503 3510 5586">
    <p class='ocr_par' dir='ltr' id='par_1_115' title="bbox 1916 5503 3510 5586">
     <span class='ocr_line' id='line_1_115' title="bbox 1916 5503 3510 5586; baseline 0.008 -26"><span class='ocrx_word' id='word_1_875' title='bbox 1916 5507 2030 5562; x_wconf 73' lang='lat' dir='ltr'><strong>haec</strong></span> <span class='ocrx_word' id='word_1_876' title='bbox 2076 5503 2302 5560; x_wconf 90' lang='lat' dir='ltr'><strong>alterius</strong></span> <span class='ocrx_word' id='word_1_877' title='bbox 2345 5505 2660 5573; x_wconf 87' lang='lat' dir='ltr'><strong>posterioris</strong></span> <span class='ocrx_word' id='word_1_878' title='bbox 2713 5525 2905 5566; x_wconf 86' lang='lat' dir='ltr'><strong>manus</strong></span> <span class='ocrx_word' id='word_1_879' title='bbox 2950 5513 3228 5566; x_wconf 86' lang='lat' dir='ltr'><strong>annotatio</strong></span> <span class='ocrx_word' id='word_1_880' title='bbox 3281 5514 3510 5586; x_wconf 90' lang='lat' dir='ltr'><strong>legitur:</strong></span> 
     </span>
    </p>
   </div>
   <div class='ocr_carea' id='block_1_116' title="bbox 1923 5596 3514 5673">
    <p class='ocr_par' dir='ltr' id='par_1_116' title="bbox 1923 5596 3514 5673">
     <span class='ocr_line' id='line_1_116' title="bbox 1923 5596 3514 5673; baseline 0.009 -24"><span class='ocrx_word' id='word_1_881' title='bbox 1923 5596 2146 5653; x_wconf 80' lang='lat' dir='ltr'><strong>Moritur</strong></span> <span class='ocrx_word' id='word_1_882' title='bbox 2188 5613 2275 5651; x_wconf 86' lang='lat' dir='ltr'><strong>an.</strong></span> <span class='ocrx_word' id='word_1_883' title='bbox 2328 5596 2454 5663; x_wconf 76' lang='grc'>501,</span> <span class='ocrx_word' id='word_1_884' title='bbox 2485 5601 2632 5670; x_wconf 82' lang='lat' dir='ltr'><strong>cujus</strong></span> <span class='ocrx_word' id='word_1_885' title='bbox 2663 5616 2847 5672; x_wconf 84' lang='lat' dir='ltr'><strong>corpus</strong></span> <span class='ocrx_word' id='word_1_886' title='bbox 2877 5603 3143 5673; x_wconf 79' lang='lat' dir='ltr'><strong>requiescit</strong></span> <span class='ocrx_word' id='word_1_887' title='bbox 3189 5605 3242 5660; x_wconf 83' lang='lat' dir='ltr'><strong>in</strong></span> <span class='ocrx_word' id='word_1_888' title='bbox 3271 5622 3353 5673; x_wconf 86' lang='lat' dir='ltr'><strong>ea,</strong></span> <span class='ocrx_word' id='word_1_889' title='bbox 3407 5625 3514 5668; x_wconf 88' lang='lat' dir='ltr'><strong>non</strong></span> 
     </span>
    </p>
   </div>
   <div class='ocr_carea' id='block_1_117' title="bbox 1923 5671 3581 5763">
    <p class='ocr_par' dir='ltr' id='par_1_117' title="bbox 1923 5671 3581 5763">
     <span class='ocr_line' id='line_1_117' title="bbox 1923 5671 3581 5763; baseline 0.012 -21"><span class='ocrx_word' id='word_1_890' title='bbox 1923 5693 2141 5746; x_wconf 89' lang='lat' dir='ltr'><strong>omnino</strong></span> <span class='ocrx_word' id='word_1_891' title='bbox 2171 5701 2428 5748; x_wconf 88' lang='lat' dir='ltr'><strong>constans</strong></span> <span class='ocrx_word' id='word_1_892' title='bbox 2461 5692 2622 5763; x_wconf 81' lang='lat' dir='ltr'><strong>igitur</strong></span> <span class='ocrx_word' id='word_1_893' title='bbox 2664 5696 2870 5748; x_wconf 75' lang='lat' dir='ltr'><strong>exstitit</strong></span> <span class='ocrx_word' id='word_1_894' title='bbox 2899 5671 2965 5749; x_wconf 87' lang='lat' dir='ltr'><strong>de</strong></span> <span class='ocrx_word' id='word_1_895' title='bbox 2991 5706 3149 5750; x_wconf 68' lang='lat' dir='ltr'><strong>(etate</strong></span> <span class='ocrx_word' id='word_1_896' title='bbox 3178 5699 3235 5756; x_wconf 93' lang='lat' dir='ltr'><strong>S.</strong></span> <span class='ocrx_word' id='word_1_897' title='bbox 3279 5671 3520 5762; x_wconf 87' lang='lat' dir='ltr'><strong>Zenonis</strong></span> <span class='ocrx_word' id='word_1_898' title='bbox 3561 5671 3581 5691; x_wconf 53' lang='grc'><strong><em>⁸</em></strong></span> 
     </span>
    </p>
   </div>
   <div class='ocr_carea' id='block_1_118' title="bbox 1925 5781 3522 5864">
    <p class='ocr_par' dir='ltr' id='par_1_118' title="bbox 1925 5781 3522 5864">
     <span class='ocr_line' id='line_1_118' title="bbox 1925 5781 3522 5864; baseline 0.006 -26"><span class='ocrx_word' id='word_1_899' title='bbox 1925 5781 2151 5839; x_wconf 83' lang='lat' dir='ltr'><strong>Gallieni</strong></span> <span class='ocrx_word' id='word_1_900' title='bbox 2196 5785 2481 5854; x_wconf 89' lang='lat' dir='ltr'><strong>ituperium</strong></span> <span class='ocrx_word' id='word_1_901' title='bbox 2531 5785 2847 5856; x_wconf 86' lang='lat' dir='ltr'><strong>attingentis</strong></span> <span class='ocrx_word' id='word_1_902' title='bbox 2903 5789 3204 5854; x_wconf 77' lang='lat' dir='ltr'><strong>sententia,</strong></span> <span class='ocrx_word' id='word_1_903' title='bbox 3249 5795 3376 5864; x_wconf 90' lang='lat' dir='ltr'><strong>quin</strong></span> <span class='ocrx_word' id='word_1_904' title='bbox 3425 5797 3522 5857; x_wconf 83' lang='lat' dir='ltr'><strong>alii</strong></span> 
     </span>
    </p>
   </div>
   <div class='ocr_carea' id='block_1_119' title="bbox 1929 5876 3522 5953">
    <p class='ocr_par' dir='ltr' id='par_1_119' title="bbox 1929 5876 3522 5953">
     <span class='ocr_line' id='line_1_119' title="bbox 1929 5876 3522 5953; baseline 0.013 -24"><span class='ocrx_word' id='word_1_905' title='bbox 1929 5876 2082 5930; x_wconf 75' lang='lat' dir='ltr'><strong>alitrr</strong></span> <span class='ocrx_word' id='word_1_906' title='bbox 2103 5879 2390 5934; x_wconf 71' lang='lat' dir='ltr'><strong>senserint.</strong></span> <span class='ocrx_word' id='word_1_907' title='bbox 2441 5878 2573 5933; x_wconf 88' lang='lat' dir='ltr'><strong>llinc</strong></span> <span class='ocrx_word' id='word_1_908' title='bbox 2601 5880 2761 5934; x_wconf 88' lang='lat' dir='ltr'><strong>etiam</strong></span> <span class='ocrx_word' id='word_1_909' title='bbox 2797 5879 2849 5934; x_wconf 87' lang='lat' dir='ltr'><strong>itt</strong></span> <span class='ocrx_word' id='word_1_910' title='bbox 2884 5894 2986 5935; x_wconf 84' lang='lat' dir='ltr'><strong>tus.</strong></span> <span class='ocrx_word' id='word_1_911' title='bbox 3029 5879 3377 5946; x_wconf 69' lang='lat' dir='ltr'><strong>Bibliotheca:</strong></span> <span class='ocrx_word' id='word_1_912' title='bbox 3403 5891 3522 5953; x_wconf 59' lang='lat' dir='ltr'><strong>Mus</strong></span> 
     </span>
    </p>
   </div>
  </div>
