3960 6330
454 292 556 354 105

1832 284 2369 364 enoceconeui.

3631 301 3722 360 ilio

451 408 713 476 scllianae,
750 406 839 479 qui
868 406 1008 462 inter
1030 412 1224 483 caetera
1266 405 1477 463 Ferreti
1529 420 1764 463 carmen.
1795 404 2055 471 continet,
2087 411 2135 467 Α
2163 402 2435 459 Zenonem
2459 402 2759 476 pertineat,
2788 404 3149 477 fragmentum
3177 408 3329 477 illud,
3351 412 3487 485 quod
3510 416 3601 473 tria
3625 420 3724 476 ha-c

451 500 593 569 quod
618 498 815 555 exinde
838 499 888 554 in
917 498 1115 554 Rerum
1141 497 1447 557 Italicarum
1482 507 1612 554 tom.
1631 515 1685 556 ιι
1712 497 1915 554 editum
1943 507 2048 564 est,

452 594 508 650 S.
556 593 705 651 Zeno
729 593 1063 650 Veronensis
1091 593 1350 650 Ecclesia:
1381 595 1651 667 episcopus
1683 603 1889 647 octavus
1915 592 2054 645 circa

452 705 646 744 annum
677 688 782 745 32?.
811 687 1010 744 vixisse
1038 687 1268 745 traditur
1298 688 1365 747 ab
1387 698 1610 745 auctore
1646 687 1848 757 operis,
1886 684 2053 760 [eux]

452 786 593 856 quod
622 786 976 842 ducentarum
1005 785 1216 841 urbium
1249 785 1470 849 brevem
1517 783 1765 851 notitiam
1796 780 2055 848 exhibet;

454 879 541 934 nhi
566 894 688 934 cum
734 877 925 935 lrenaei
955 877 1172 953 Pacifici
1206 878 1336 949 (non
1370 878 1515 935 illius
1544 877 1744 933 veteris
1785 874 2056 933 archidia-

450 972 596 1037 coni,
647 982 707 1026 ut
754 970 1001 1027 nonnulli
1056 969 1426 1037 crediderunt,
1474 968 1571 1029 sed
1610 967 1840 1027 alterius
1884 966 2055 1023 multo

452 1063 792 1136 posterioris,
822 1080 983 1136 quem
1009 1064 1415 1121 mansionm‘ium
1446 1060 1690 1120 Ecclesia:
1716 1060 1928 1133 majoris
1967 1058 2057 1117 νοτ

453 1172 596 1211 roma
621 1156 879 1228 appellat)
915 1150 1155 1212 chicon
1181 1154 1473 1230 quoddam,
1507 1164 1562 1212 et
1585 1153 1899 1219 Cltronicon
1924 1152 2058 1209 alle-

450 1258 642 1321 gatur;
675 1260 785 1305 tum
836 1264 971 1306 vero
1018 1265 1126 1307 non
1175 1249 1306 1305 satis
1338 1249 1666 1321 perspicitur
1715 1257 1894 1311 utrum
1936 1262 2057 1318 qua:

454 1341 523 1399 dc
549 1341 771 1401 Zenone
794 1342 1078 1399 traduntur
1103 1341 1169 1399 ad
1192 1343 1361 1416 ipsius
1385 1344 1748 1409 testimonium
1773 1358 1837 1411 ex
1857 1340 2057 1409 Lexico

453 1436 651 1493 ibidem
683 1436 966 1493 recitatum
997 1438 1323 1510 pertineant,
1373 1452 1565 1495 necne.
1622 1437 1890 1497 Prtcterea
1919 1435 2058 1517 duos

455 1528 640 1587 saeculi
661 1548 725 1586 xv
750 1541 1001 1588 auctores
1029 1531 1352 1611 reperimus,
1369 1532 1461 1603 qui
1481 1531 1538 1588 8.
1564 1530 1840 1597 Ζεηοιιβηι
1864 1539 2059 1602 quarto

456 1624 659 1680 saeculo
698 1625 997 1694 viventem,
1042 1632 1097 1680 rt
1141 1624 1419 1685 Ambrosii
1460 1639 1703 1681 coaevum
1744 1622 2055 1696 prodidere,

456 1718 710 1773 nimirum
751 1716 994 1773 Flavium
1046 1718 1336 1785 Blandum,
1374 1717 1467 1790 qui
1507 1719 1559 1775 in
1590 1719 1741 1785 Italia
1786 1718 2058 1777 lllustrala

2158 495 2419 552 miracula
2449 498 2709 571 continet,
2732 500 3098 572 suhjiciemus.
3119 502 3261 578 [cu]
3295 504 3442 571 Hunc
3465 511 3742 568 autemJa-'

2155 589 2349 646 cobum
2370 591 2742 665 presbyterum
2764 602 3038 655 auctorem
3071 611 3193 655 esse
3220 600 3387 667 seculi
3411 617 3475 657 xv
3496 603 3728 671 manifes-

2157 692 2269 739 tum
2303 684 2362 738 lit
2383 701 2450 739 ex
2472 686 2734 753 secundo,
2790 688 2930 759 quod
2955 688 3306 767 ati'erremus,
3342 692 3627 767 miraculo,
3649 699 3726 755 ubi

2159 777 2489 833 mentionem
2518 777 2648 835 facit
2676 780 2809 849 litis,
2832 797 2995 853 quam
3017 784 3237 854 quidam
3266 786 3582 857 Veronensis
3605 791 3728 865 apud

2157 870 2413 927 Senatum
2447 871 2710 931 Venetam
2739 887 3082 953 prosecutus,
3109 879 3161 935 in
3189 893 3254 938 ea
3308 882 3577 949 victoriam
3605 886 3730 945 obti-

2157 965 2314 1021 nuit:
2350 963 2476 1021 hinc
2505 966 2653 1023 enim
2690 966 2962 1027 Veronam
2989 970 3101 1042 jam
3130 971 3182 1029 id
3223 976 3481 1046 temporis
3522 978 3615 1034 sub
3647 979 3731 1035 Ve-

2154 1066 2293 1115 neta:
2351 1059 2697 1131 Reipublicae
2750 1062 2957 1123 ditione
3010 1064 3179 1123 fuisse
3226 1066 3427 1139 liquet,
3470 1070 3605 1140 quod
3638 1088 3730 1130 non

2159 1151 2262 1209 nisi
2291 1155 2492 1211 smculo
2524 1170 2590 1215 xv
2626 1157 2844 1215 accidit.
2885 1158 2967 1216 Ex
3012 1159 3098 1218 his
3137 1162 3300 1219 etiam
3347 1164 3538 1236 conjici
3580 1177 3735 1236 potest

2158 1244 2509 1302 Benedictum
2556 1256 2611 1305 et
2658 1246 3009 1309 Cathariuam
3069 1251 3418 1322 Saracenam,
3463 1271 3592 1328 quos
3642 1267 3734 1316 ter-

2160 1342 2294 1397 tium
2346 1341 2665 1399 miraculum
2715 1352 3023 1414 memorat,
3065 1362 3188 1405 esse
3222 1359 3492 1421 parentes,
3523 1352 3600 1407 vel
3623 1367 3737 1409 con-

2159 1436 2487 1507 sanguineos
2519 1437 2639 1510 ejus
2668 1438 2893 1496 Antonii
2923 1440 3158 1502 Zenonis
3199 1443 3474 1511 Saraceni,
3506 1462 3654 1517 quem
3679 1464 3735 1503 cx

2161 1526 2459 1585 Veronensi
2485 1529 2687 1586 clerico
2717 1531 2900 1590 Sixtus
2928 1549 2982 1589 tv
3007 1535 3451 1601 archidiaconum
3480 1538 3631 1611 elegit
3657 1556 3733 1609 an.

2160 1619 2320 1687 1475,
2346 1637 2409 1678 ex
2437 1627 2761 1683 documento
2778 1626 2917 1696 apud
2943 1625 3251 1698 Ugbellium
3273 1645 3393 1703 pag.
3427 1631 3547 1689 945.
3576 1631 3738 1688 Jacobi

2160 1728 2320 1785 porro
2345 1715 2615 1787 integrum
2644 1733 2863 1775 carmen
2905 1732 3160 1778 constans
3189 1736 3257 1778 ex
3286 1724 3523 1787 versibus
3549 1723 3665 1793 244,
3695 1725 3739 1782 in

455 1811 675 1883 regione
703 1810 737 1867 9
776 1811 922 1867 illius
951 1811 1149 1881 scripta
1197 1811 1613 1877 Ambrosianum,
1642 1828 1798 1884 quam
1819 1810 2052 1867 imitatus
2086 1798 2128 1867 Β
2161 1808 2343 1865 tabula
2373 1810 2687 1887 inscriptum
2710 1812 2836 1873 olim
2867 1814 3203 1883 fuerat;tum
3228 1830 3259 1870 a
3283 1815 3443 1872 Patre
3462 1816 3742 1875 Cherubino

456 1914 553 1969 est,
581 1904 924 1977 eloquentiam
952 1905 1238 1960 redolentia
1269 1906 1604 1976 pronuntiat,
1634 1914 1688 1961 et
1727 1906 1784 1960 S.
1821 1904 2053 1961 Bernar—

457 1996 640 2052 dinum
692 1996 1013 2065 Senensem,
1059 1999 1149 2068 qui
1200 2011 1367 2053 serm.
1430 1997 1520 2061 47,
1571 2006 1677 2052 art.
1718 1995 1776 2063 2,
1832 2012 1952 2068 cap.
2002 1996 2058 2063 ὅ,

459 2104 577 2161 pag.
608 2087 717 2144 254
749 2098 879 2145 tom.
932 2104 971 2157 t,
1006 2089 1140 2145 edit.
1165 2087 1471 2161 Lugdun.”
1499 2087 1736 2160 lepidum
1790 2087 2062 2161 quoddam

455 2183 763 2255 exemplum
795 2184 1052 2247 recitatis,
1077 2182 1220 2255 quod
1262 2182 1321 2239 8.
1352 2182 1555 2238 Zenoni
1603 2182 1877 2248 attribuit,
1917 2181 2063 2249 hunc

459 2278 521 2335 S.
553 2278 809 2335 Ambrosii
826 2280 1072 2339 clericum
1098 2277 1173 2348 (a)
1198 2289 1324 2335 ante
1342 2279 1712 2349 episc0patum
1733 2285 1888 2333 vocat
1908 2294 1920 2330 :
1943 2292 2063 2348 quae

455 2370 562 2425 dtto
588 2372 896 2428 testimonia
926 2371 1027 2429 etsi
1056 2371 1332 2429 Zenonem
1362 2387 1521 2443 quam
1556 2386 1653 2443 par
1678 2379 1763 2427 cst
1785 2370 2061 2439 iuniorem

455 2465 722 2533 efﬁciant;
749 2466 817 2523 ad
839 2466 1237 2523 ostendendum
1262 2476 1466 2533 tamen,
1489 2464 1676 2522 smculi
1696 2479 1765 2523 xv
1789 2463 1857 2519 de
1881 2463 1938 2521 S.
1966 2462 2065 2523 Ze-

461 2556 619 2614 nonis
652 2568 811 2616 aetate
851 2560 1173 2616 sententiam
1209 2574 1316 2615 non
1363 2574 1482 2615 eam
1523 2556 1711 2625 fuisse,
1760 2572 1883 2627 quae
1910 2556 2062 2613 illum

460 2646 707 2707 Gallieno
735 2651 1037 2721 imperante
1066 2651 1263 2707 vixisse
1290 2650 1572 2721 prmdicat,
1610 2650 1838 2715 multum
1878 2648 2066 2705 confe-

461 2754 605 2799 runt.
646 2742 754 2800 Sed
782 2752 839 2799 ut
860 2743 926 2799 ad
951 2742 1321 2800 Zenonianum
1347 2742 1674 2799 monachum
1703 2748 2062 2808 revertamur,

457 2837 501 2893 si
535 2838 654 2907 quis
677 2854 764 2905 ea,
797 2855 915 2908 qua:
949 2837 1108 2907 paulo
1139 2845 1262 2894 ante
1292 2834 1670 2904 indicavimus,
1713 2848 1767 2893 et
1793 2836 1932 2905 apud
1960 2834 2065 2890 Co-

459 2938 709 2986 r0natum
757 2916 1165 3000 non-leguntur,
1196 2943 1366 3000 penes
1411 2928 1587 2998 ipsum
1627 2926 1950 2993 monachum
1984 2927 2062 2985 le-

457 3039 587 3095 gere
624 3022 827 3094 cupiat,
874 3021 1025 3077 adire
1073 3020 1273 3090 poterit
1311 3020 1603 3075 llistoriam
1655 3019 2063 3089 Diplotuaticam

463 3113 658 3171 Malfeii
686 3115 897 3172 nostri:
932 3114 1019 3186 qui
1056 3115 1218 3184 hujus
1250 3115 1499 3170 monachi
1533 3112 1855 3184 opusculum
1884 3112 2062 3169 Zeno-

2166 1902 2499 1961 Lazzaronio
2528 1905 2731 1963 editum
2762 1906 2817 1963 in
2850 1906 3013 1977 libro,
3044 1911 3131 1967 cui
3165 1909 3354 1967 titulus
3385 1907 3571 1968 Pastor
3603 1911 3743 1968 Vero-

2167 1998 2362 2063 nensis,
2384 2014 2593 2055 necnon
2624 2000 2692 2056 ab
2714 2000 3055 2059 ﬂeuschenio
3089 2012 3220 2059 tom.
3255 2019 3291 2059 tt
3312 2003 3525 2075 Aprilis,
3543 2020 3653 2076 pag.
3666 2005 3741 2060 76.

2242 2092 2305 2148 V.
2338 2092 2432 2155 llis
2464 2097 2831 2153 monumentis
2859 2095 2926 2151 ad
2955 2096 3119 2153 vitam
3149 2103 3205 2153 ct
3225 2097 3485 2155 miracula
3510 2097 3563 2156 S.
3595 2097 3747 2155 Zeno-

2167 2189 2252 2247 nis
2284 2190 2688 2263 pertinentibus
2719 2190 3073 2266 subjicicmus
3098 2191 3295 2251 Missas
3325 2202 3382 2252 et
3405 2194 3507 2251 alia
3533 2194 3594 2250 ad
3620 2194 3747 2250 diur-

2170 2298 2298 2337 num
2335 2294 2772 2358 nocturnumque
2797 2285 3034 2342 ofﬁcium
3064 2286 3391 2356 spectantia,
3422 2303 3540 2363 qua:
3564 2285 3617 2344 S.
3654 2285 3744 2343 Ze-

2170 2377 2329 2431 nonis
2359 2377 2577 2445 propria
2610 2378 2662 2432 in
2694 2376 2961 2450 liturgicis
2990 2377 3143 2435 libris
3171 2377 3510 2459 reperimus,
3540 2377 3604 2437 de
3639 2378 3745 2449 qui.

2170 2465 2273 2523 bus
2303 2468 2542 2527 indicare
2581 2471 2827 2545 quaedam
2850 2476 2853 2479 ’
2875 2488 3101 2531 necesse
3132 2481 3237 2530 est.
3267 2471 3456 2531 Missas
3495 2486 3585 2533 sex
3626 2470 3749 2527 nacti

2170 2576 2377 2620 smnus.
2413 2564 2595 2621 Prima
2641 2565 2843 2637 legitur
2873 2567 2928 2623 in
2975 2567 3149 2625 tribus
3179 2581 3314 2623 mss.
3357 2568 3580 2624 vetustis
3620 2564 3751 2620 libris

2170 2652 2649 2715 Sacramentorum
2696 2656 3026 2716 Veronensis
3070 2659 3338 2716 Ecclesiae
3384 2660 3437 2716 in
3486 2656 3752 2731 Capitulari

2172 2745 2500 2809 bibliotheca
2549 2751 2854 2816 custoditis,
2903 2766 3133 2823 quorum
3175 2767 3319 2810 unus
3371 2752 3509 2808 inter
3552 2760 3751 2808 cmtcros

2171 2839 2379 2910 integer
2406 2850 2461 2897 et
2482 2840 2867 2914 perdiligenter
2909 2844 3253 2915 elaboratus,
3288 2860 3411 2911 cum
3443 2846 3494 2903 in
3534 2843 3741 2916 quadam

2168 2933 2418 2991 elatione
2448 2933 2642 3005 Regem
2675 2946 2905 2994 nostrum
2937 2935 3193 2994 Othonem
3220 2940 3500 3011 nominet,
3530 2948 3647 2995 ante
3670 2953 3755 2993 un-

2172 3025 2444 3087 decimum
2494 3030 2753 3085 sarculum
2796 3030 3031 3101 scriptus
3056 3031 3401 3104 agnoscitur,
3450 3032 3754 3103 missamquc

2170 3119 2229 3175 S.
2256 3119 2494 3177 Zenonis
2514 3121 2692 3195 primo
2716 3123 2858 3190 loco,
2880 3130 2938 3181 et
2965 3125 3146 3183 aureis
3162 3125 3363 3183 litteris
3381 3124 3753 3201 elegantissime

461 3207 545 3262 llis”
573 3207 746 3263 Vitam
790 3222 853 3262 ac
901 3207 1316 3264 translationem
1354 3205 1742 3277 complectens,
1792 3205 1935 3263 inter
1964 3204 2062 3259 ali-
2088 3193 2134 3259 C
2166 3212 2494 3284 descriptam
2517 3193 2765 3272 Exhibet,
2792 3215 2995 3273 Eadem
3022 3217 3210 3284 missa,
3231 3226 3290 3274 ιιι
3314 3219 3436 3277 sine
3464 3193 3752 3290 ῥτκῖίιιίοηο

463 3310 598 3373 quot
626 3307 976 3357 monumenta
1007 3300 1272 3370 integrum
1304 3298 1494 3367 edidit,
1525 3297 1743 3353 omissis
1771 3297 2060 3370 postremis

464 3394 738 3450 miraculis
790 3410 911 3467 quae
939 3393 1008 3450 ab
1040 3391 1385 3449 ch'schenio
1431 3408 1500 3446 ex
1526 3391 1669 3448 Petri
1694 3389 1827 3446 Caio
1860 3390 2061 3447 collec—

461 3488 641 3546 taueis
680 3489 820 3544 edita
868 3487 1103 3543 fuerant.
1133 3487 1243 3543 Nos
1286 3486 1456 3542 solam
1499 3485 1869 3541 translationis
1894 3484 2060 3541 histo-

460 3582 621 3655 riam,
653 3596 772 3655 qum
805 3579 857 3635 in
886 3580 1158 3639 Coronato
1188 3577 1364 3646 deest,
1394 3593 1515 3633 cum
1541 3576 1754 3637 duobus
1786 3591 1916 3633 mss.
1951 3577 2063 3631 lliu-

458 3647 688 3729 selliano
719 3681 773 3727 et
819 3671 1151 3741 Pompeiano
1191 3671 1442 3726 collatam
1471 3679 1524 3726 et
1576 3670 1881 3741 suppletam
1910 3667 2063 3725 dabi-

462 3783 601 3820 tnus.
653 3766 728 3821 De
769 3763 869 3820 hac
910 3763 1264 3819 translatione
1314 3762 1483 3821 fusius
1523 3761 1728 3817 dictum
1781 3762 1935 3818 nobis
1978 3769 2063 3817 est

455 3860 586 3921 diss.
628 3875 708 3926 ιιι,
739 3875 857 3931 cap.
889 3860 945 3923 5,
979 3857 1069 3915 ubi
1101 3856 1395 3913 monachus
1434 3856 1723 3927 antiquiori
1756 3857 1936 3926 aliquo
1965 3856 2062 3913 do-

455 3965 713 4011 cumento
736 3968 893 4010 usum
922 3951 1277 4024 coniecimus,
1309 3949 1411 4006 etsi
1434 3949 1690 4005 nonnulla
1714 3949 1895 4019 minus
1940 3963 2058 4004 cre-

456 4047 641 4104 dibilia
671 4046 753 4103 vel
787 4045 1027 4101 fabulosa
1058 4060 1121 4099 ex
1152 4043 1295 4117 vulgi
1333 4032 1471 4098 fama
1516 4041 1799 4114 adjecerit,
1828 4041 1901 4096 uti
1930 4040 2059 4097 illud

456 4141 524 4196 de
553 4139 782 4206 merula,
816 4138 903 4195 cui
925 4137 1136 4194 fabellae
1161 4136 1502 4192 occasionem
1533 4133 1750 4190 dedisse
1781 4132 2057 4204 antiquam

454 4233 802 4290 christianam
834 4231 1110 4288 lucernam
1162 4245 1229 4286 ex
1270 4228 1511 4297 metallo,
1554 4227 1606 4282 in
1654 4212 1919 4285 columbae
1949 4228 2058 4283 for‘

454 4343 596 4384 ruant
631 4326 685 4381 in
715 4324 1070 4382 subterraneo
1103 4324 1440 4379 Melsinensis
1467 4323 1718 4379 ecclesiae
1762 4332 2057 4391 servatam,

450 4421 517 4476 de
558 4436 662 4493 qua
707 4420 897 4491 vulgus
945 4418 1123 4474 adhuc
1154 4417 1360 4473 fabulas
1414 4416 1602 4481 nectit,
1640 4413 1886 4485 marcltio
1928 4414 2062 4470 Maf-

451 4510 592 4569 fetus
622 4515 753 4568 satis
780 4511 1127 4583 probabiliter
1155 4510 1371 4583 collegit
1396 4525 1521 4584 pag.
1547 4502 1691 4566 319.7

524 4604 616 4662 ιγ.
641 4602 775 4659 Cum
805 4618 968 4674 porro
988 4613 1111 4674 post
1131 4601 1506 4659 Zeuonianum
1540 4600 1861 4659 Monachum
1887 4599 2054 4656 Mira-
2085 4588 2138 4650 Ι)

446 4698 566 4775 cuia
598 4698 659 4755 S.
694 4695 918 4752 Zenonis
946 4696 1262 4753 hexametro
1285 4695 1537 4773 carmine
1567 4693 1803 4754 Jacobus
1830 4696 2061 4775 presby-

453 4803 538 4849 ter
567 4792 872 4864 scripserit,
924 4790 977 4845 in
1019 4790 1214 4860 quibus
1263 4798 1459 4862 praeter
1505 4805 1589 4859 ea,
1616 4805 1737 4861 qua:
1759 4790 1827 4845 ab
1866 4790 2060 4869 eodem

450 4889 716 4944 Monacho
755 4894 1134 4954 recensentur,
1168 4882 1443 4940 adduntur
1472 4882 1575 4938 alia
1605 4883 1729 4953 tria,
1759 4899 1880 4961 qua:
1926 4884 2057 4940 sub-

447 4979 575 5037 inde
620 4986 951 5046 eveneruut;
987 4992 1054 5034 ne
1092 4976 1223 5049 quid
1267 4975 1573 5035 desiderari
1598 4985 1780 5047 queat,
1815 4976 1958 5046 quod
1988 4978 2054 5034 ad

521 5116 601 5191 (a)
630 5115 935 5191 Bernardini
963 5112 1116 5191 verba
1148 5112 1230 5168 hic
1270 5110 1582 5191 apponmda
1634 5112 1904 5191 ducimus,
1923 5129 2053 5191 cum

447 5184 741 5260 cxéiaplum
769 5188 917 5253 nullo
944 5186 1050 5241 alio
1081 5185 1421 5260 (ιοοιιηριξηέο.Δ
1440 5184 1578 5260 quod
1611 5184 1841 5260 sciamus
1865 5224 1881 5250 ,
1916 5184 2058 5260 indi.

443 5254 618 5318 catum
648 5263 911 5332 proferant
942 5274 1092 5332 :_non
1119 5256 1258 5332 quod
1284 5257 1365 5332 ei,
1396 5255 1542 5332 [alue
1565 5254 1747 5332 saltem
1773 5256 1854 5332 _de
1887 5255 2052 5332 disci-

445 5336 629 5406 putata
648 5325 1000 5406 'Sa'Ambrosii
1031 5325 1297 5406 ngp'otlzesi
1322 5326 1525 5393 innixa,
1547 5325 1673 5406 ﬁdes
1698 5325 1933 5406 habentia
1959 5327 2048 5395 sit,

444 5398 538 5460 sed
560 5420 622 5459 ne
647 5404 791 5474 quid,
821 5401 958 5471 quod
978 5402 1047 5454 ad
1070 5398 1135 5456 S.
1165 5398 1422 5474 Zenone!!!
1441 5398 1679 5474 pertinet,
1711 5400 1773 5452 ab
1802 5399 1921 5474 aliis
1945 5414 2052 5454 me-

445 5468 701 5535 moratum
752 5468 1221 5546 prouermittamus.
1274 5470 1334 5546 S_.
1369 5468 1519 5546 Zeno
1548 5471 1848 5546 episcopus
1880 5469 2048 5527 Vero-

446 5552 653 5615 nensis,
699 5541 894 5619 inquit,
936 5560 1057 5603 cum
1099 5554 1246 5601 esset
1286 5542 1350 5597 Β.
1402 5542 1670 5619 Ambrosii
1719 5541 1951 5619 clericus
1991 5553 2047 5599 et

445 5611 888 5677 adolescentulus
914 5625 1131 5672 sanctus
1161 5626 1213 5669 et
1243 5630 1426 5684 purus,
1460 5612 1783 5684 beatumque
1810 5611 2047 5668 Ambro-

448 5694 588 5748 sium
618 5700 938 5764 sequeretur
985 5703 1080 5764 per
1117 5682 1423 5764 civitatem,
1473 5700 1601 5764 cum
1639 5682 2044 5764 esset-morum

444 5756 712 5834 gravitate
735 5756 1001 5834 maturus,
1030 5758 1246 5834 insolita
1274 5757 1496 5813 levitate
1519 5756 1689 5834 risum
1720 5756 1865 5812 fecit.
1891 5756 2046 5825 Quod

448 5829 571 5893 cum
624 5834 929 5892 adverteret
958 5832 1015 5889 S.
1052 5831 1328 5901 Antistes,
1359 5837 1414 5889 et
1459 5829 1771 5899 miraretur,
1825 5844 2045 5885 causam

2165 3315 2222 3360 et
2250 3306 2499 3363 oratione
2542 3306 2751 3373 ultima,
2785 3308 3055 3365 invenitur
3083 3311 3247 3369 etiam
3282 3313 3337 3367 in
3368 3311 3475 3368 alio
3503 3311 3634 3377 libro
3658 3309 3744 3367 Sn-

2164 3408 2569 3455 cramentorum
2617 3398 2899 3470 cujusdam
2936 3401 3142 3458 scholae
3184 3402 3244 3460 8.
3275 3384 3459 3461 Mariae
3496 3398 3563 3461 de
3603 3401 3752 3458 Domo

2166 3501 2510 3562 nuncupataz,
2540 3507 2660 3565 pag.
2681 3508 2796 3561 cut,
2824 3493 2913 3552 die
2935 3494 3255 3567 quprilis,
3277 3499 3370 3569 qui
3395 3498 3531 3554 liber
3555 3513 3616 3554 ex
3634 3510 3754 3551 nou-

2166 3587 2333 3647 nullis
2388 3587 2796 3645 characteribus
2849 3597 3107 3649 exaratus
3155 3598 3390 3662 apparet
3443 3591 3639 3661 saeculo
3684 3603 3749 3644 ιι.

2166 3678 2380 3736 Etenim
2413 3695 2534 3751 pag.
2558 3696 2595 3735 tt
2615 3679 2947 3737 describitur
2972 3683 3248 3754 paschalis
3278 3683 3485 3751 tabula,
3518 3699 3630 3757 quze
3646 3695 3750 3738 cum

2166 3771 2392 3842 incipiat
2418 3773 2487 3827 ab
2510 3788 2654 3829 anno
2689 3772 2851 3839 106t,
2881 3775 3029 3831 circa
3058 3775 3313 3832 eumdem
3344 3791 3544 3833 annum
3575 3776 3754 3846 scripta

2164 3865 2375 3921 censeri
2426 3874 2604 3938 potest
2635 3884 2648 3921 :
2706 3875 2765 3924 ut
2808 3869 2971 3937 simili
3006 3870 3217 3928 ratione
3250 3870 3574 3928 venerabilis
3599 3865 3754 3924 cardi—

2168 3957 2305 4012 nalis
2333 3956 2660 4017 Thomasius
2692 3974 2810 4031 pag.
2844 3959 2917 4022 40
2946 3971 3161 4033 tempus
3198 3963 3505 4031 constituit,
3536 3976 3636 4033 quo
3663 3972 3754 4015 ms.

2170 4048 2624 4118 Antiphonarium
2654 4049 3001 4128 bibliotheca:
3045 4052 3326 4125 Angelicre
3353 4052 3756 4126 Augustiniano-

2168 4156 2290 4195 rum
2338 4140 2681 4198 lucubratum
2715 4142 2839 4198 fuit.
2872 4142 3138 4214 Equidem
3174 4147 3226 4200 in
3259 4145 3506 4218 margine
3534 4142 3754 4217 ejusdem

2171 4233 2384 4306 paginae
2430 4234 2722 4290 recentiori
2755 4237 3075 4292 charactere
3100 4236 3385 4292 adnotatio
3425 4237 3660 4311 apposita
3689 4234 3755 4291 le-

2165 4325 2309 4395 gitur
2338 4324 2393 4380 in
2423 4341 2529 4397 qua
2574 4325 2633 4381 ﬁt
2677 4328 2884 4383 mentio
2930 4324 3244 4399 Pecorarii,
3293 4329 3388 4401 qui
3420 4330 3518 4384 fuit
3549 4328 3754 4383 Verona:

2168 4428 2409 4491 potestas
2440 4433 2580 4474 anno
2616 4418 2776 4488 12%,
2808 4414 2892 4477 his
2914 4421 3096 4476 verbis
3122 4439 3134 4474 :
3163 4422 3297 4477 Anni
3330 4420 3543 4476 Domini
3571 4415 3756 4474 ducenti

2168 4512 2307 4569 mille
2328 4522 2477 4566 erunt
2500 4512 2679 4586 viginti
2708 4521 2756 4567 et
2776 4522 2902 4582 tres,
2927 4529 3041 4568 cum
3068 4513 3158 4567 ilic
3182 4514 3315 4587 regit
3345 4512 3620 4579 Veronam.
3646 4510 3755 4565 Haec

2166 4620 2380 4676 quoque
2424 4607 2584 4660 inissa
2637 4607 2946 4662 continetur
2976 4607 3094 4663 sine
3134 4605 3458 4679 praefatione
3487 4606 3681 4678 pariter
3708 4611 3757 4658 et

2168 4697 2287 4754 sine
2317 4698 2503 4752 ultima
2534 4700 2781 4756 oratione
2802 4698 2856 4753 in
2885 4700 2991 4754 alio
3026 4699 3225 4755 Missali
3248 4701 3472 4769 capituli
3496 4698 3755 4755 Veronen-

2167 4791 2242 4847 sis
2280 4792 2483 4861 scripto
2509 4791 2612 4846 sub
2652 4794 2812 4847 tinem
2855 4791 3039 4849 saeculi
3070 4808 3166 4857 xu,
3198 4798 3255 4849 et
3292 4793 3515 4863 ponitur
3552 4791 3637 4847 die
3672 4802 3756 4843 vui

2168 4882 2484 4939 Decembris
2514 4884 2614 4940 sub
2641 4881 2745 4941 hoc
2773 4883 2931 4940 titulo
2963 4902 2976 4940 :
3004 4883 3275 4941 Dedicatio
3308 4882 3373 4942 S.
3404 4883 3645 4950 Zenonis,
3667 4894 3756 4937 nec

2165 4980 2217 5036 in
2248 4995 2314 5036 eo
2342 4978 2548 5036 Missali
2576 4979 2696 5034 alia:
2732 4967 2911 5035 Missae
2940 4978 3067 5035 alibi
3114 4981 3325 5053 uspiam
3367 4979 3437 5039 de
3460 4980 3517 5037 8.
3550 4978 3752 5036 Zenone

2157 5115 2392 5170 levitatis
2419 5114 2689 5184 qnteslvit.
2732 5112 2831 5170 Cui
2863 5114 3127 5175 innocens
3169 5117 3608 5176 adolescentulus
3644 5115 3755 5172 ait:

2161 5187 2278 5243 Vidi
2297 5227 2314 5255 ,
2337 5185 2521 5254 Pater,
2551 5185 2863 5263 daemonem
2882 5204 3046 5263 super
3068 5190 3295 5263 caudam
3328 5193 3479 5263 illius
3498 5190 3747 5253 mulieris,

2154 5274 2275 5336 qua:
2302 5254 2415 5336 nos
2463 5257 2788 5336 antecessit,
2833 5254 3213 5336 d_or_mientem.
3271 5254 3528 5336 Dumque
3555 5262 3660 5330 illa,
3693 5271 3753 5313 ne

2155 5330 2208 5384 in
2243 5329 2467 5383 transitu
2500 5329 2593 5384 illo
2639 5330 2816 5385 lutoso
2862 5330 3196 5397 inficeretur,
3243 5329 3476 5390 caudat'n
3522 5335 3749 5393 levaret,

2153 5400 2365 5455 daemon
2407 5396 2686 5456 dormiens
2715 5403 2769 5473 in
2802 5401 2975 5463 lutum
3002 5403 3285 5461 devolutus
3311 5416 3432 5473 est,
3484 5416 3749 5470 totumqnc

2153 5474 2560 5543 coinquinatum
2584 5472 3004 5542 prospiciteum.
3018 5475 3170 5544 Quod
3191 5478 3548 5537 considerans
3568 5474 3750 5535 S.Am-

2154 5544 2388 5619 brosius,
2414 5544 2732 5599 munditiam
2756 5545 2935 5601 cordis
2956 5555 3012 5619 et
3033 5548 3419 5619 perspicaciam
3451 5549 3747 5606 intellectus

2150 5615 2203 5693 in
2232 5615 2435 5670 clerico
2451 5629 2936 5693 suopngnoscens,
2963 5615 3077 5693 pet;
3098 5615 3299 5691 gratias
3323 5623 3456 5693 egit,
3485 5626 3745 5693 sequela-

2151 5687 2254 5758 lem
2288 5684 2673 5758 perspicaciani
2708 5688 2760 5742 iu
2790 5684 3024 5745 videndo
3040 5684 3483 5748 da}..th
3507 5684 3750 5749 habuisse

2152 5757 2454 5837 humiliter.
2474 5760 2812 5837 recognovit.
2857 5759 3000 5837 [fine
3047 5766 3184 5837 forte
3222 5764 3287 5822 S.
3319 5765 3593 5837 episcopus
3620 5760 3752 5822 Zeno

2150 5830 2341 5887 ridenti
2372 5828 2511 5885 uultu
2539 5830 2762 5902 insculpi
2788 5840 2835 5887 et
2860 5832 3001 5906 pingi
3018 5828 3172 5891 solet.
