3960 6330
197 341 297 405 10⁷

1083 343 1148 404 ΙΝ
1195 339 1627 405 MONUMEN‘I’A
1689 339 1778 406 DE
1828 339 1886 408 βο
1939 338 2212 405 ΖΕΝΟΝΕ
2243 337 2642 402 ADMONlTlO.

3401 342 3503 402 ittt'l

194 458 562 529 reperiuntur,
592 469 881 528 promeres
930 456 1071 527 quod
1114 472 1234 516 cum
1279 457 1393 512 hmc
1423 456 1539 512 dies
1569 472 1620 511 vt
1659 453 1786 512 ldus
1816 469 1864 528 Α
1887 453 2142 522 jicientur
2168 454 2374 526 reliqua
2406 455 2458 509 in
2485 452 2660 511 MiSslS
2687 451 2937 522 dicenda,
2967 468 3086 526 quas
3111 469 3177 512 ex
3208 470 3309 512 ms.
3337 457 3496 516 toties

195 553 510 610 Decembris
541 551 710 622 prima
739 553 810 605 sit
835 565 902 606 ex
935 551 1042 606 illis
1071 550 1243 608 tribus
1265 592 1279 618 ,
1319 567 1439 621 que
1485 549 1542 604 5.
1586 548 1791 606 Zenoni

193 656 526 702 consecratae
555 653 682 704 sunt
703 646 722 717 (
742 643 954 702 Missale
1001 644 1145 706 enim
1178 643 1365 715 incipit
1392 644 1462 702 ab
1493 641 1793 714 Adventu),

196 737 313 792 have
367 735 560 796 eadem
615 735 780 792 missa
829 734 951 792 aliis
995 751 1210 806 quoque
1252 735 1445 798 diebus
1495 735 1794 805 legebatur.

199 831 389 886 Exsul
419 844 638 900 quoque
677 828 886 886 Missalc
921 844 1024 886 ms.
1056 828 1242 884 saeculi
1277 845 1369 883 xw
1397 829 1635 894 circiter,
1671 842 1794 897 pcr-

204 925 382 979 tinens
410 923 477 977 ad
527 923 919 978 monasterium
963 922 1023 978 5.
1062 920 1294 978 ZenOnis
1323 923 1562 992 majoris,
1612 921 1797 992 inquo

199 1025 432 1085 quatuor
462 1013 646 1071 missa:
677 1013 919 1084 ejusdem
951 1012 1131 1070 Sancti
1164 1013 1509 1080 exhibentur,
1540 1013 1796 1080 nimirum

205 1117 316 1163 tres
342 1122 441 1178 pro
464 1107 641 1162 tribus
659 1106 850 1163 diebus
866 1105 1040 1181 festis,
1064 1121 1166 1162 una
1191 1121 1288 1176 pro
1315 1107 1401 1162 die
1422 1105 1797 1177 depositionis,

197 1203 370 1255 altera
401 1215 503 1273 pro
535 1199 624 1256 die
655 1199 1042 1268 translationis,
1078 1201 1234 1256 tertia
1263 1215 1359 1271 pro
1384 1200 1470 1254 die
1501 1199 1798 1255 ordinatio-

197 1295 300 1359 nis,
331 1303 528 1365 quarta
563 1309 690 1350 vero
717 1295 849 1351 nulli
881 1293 1022 1350 festo
1048 1298 1342 1366 assignata,
1376 1297 1680 1352 communis
1709 1311 1798 1352 sa.

191 1390 262 1444 tis
300 1389 572 1460 proditur.
617 1388 672 1444 In
721 1388 824 1443 hoc
859 1397 1036 1444 autem
1083 1389 1256 1460 prima
1313 1390 1429 1443 hrec
1479 1388 1640 1442 missa
1690 1387 1799 1443 diei

196 1483 558 1553 depositionis
607 1481 919 1538 attribuitur
949 1497 1070 1538 cum
1102 1483 1256 1537 titulo
1315 1480 1582 1553 Depositio
1609 1482 1670 1538 S.
1704 1481 1800 1535 Ze-

199 1579 366 1631 nonis.
401 1577 592 1646 Itaque
615 1577 738 1632 haec
779 1575 952 1648 prima
992 1577 1155 1632 Missa
1201 1576 1581 1645 manuscriptls
1619 1575 1673 1629 in
1703 1589 1800 1630 sex

197 1669 352 1724 libris
384 1669 864 1724 Sacramentorum
900 1667 1228 1724 Veronensis
1264 1667 1528 1724 Ecclesia}
1555 1667 1798 1724 contine-

199 1773 302 1830 tur,
337 1778 402 1818 ac
431 1762 661 1833 proinde
702 1763 794 1818 illa
825 1777 944 1817 esse
970 1763 1336 1832 cognoscitur,
1363 1778 1481 1832 qua:
1507 1761 1799 1816 universim

1900 546 2120 604 laudato
2151 547 2467 604 Zenoniano
2500 548 2669 604 tribus
2713 548 2984 620 prioribus
3010 548 3191 606 Missis
3216 549 3458 620 subjecta
3481 592 3496 618 ,

1901 641 2092 697 iisdem
2126 640 2376 697 videntur
2413 641 2578 696 fuisse
2619 643 2947 698 communia.
2989 642 3061 701 At
3108 646 3496 702 monachorum

1900 742 2166 803 apparent
2201 735 2448 804 propria;
2485 733 2724 789 Ecclesia
2755 734 2899 790 enim
2936 734 3264 792 Veronensis
3289 737 3394 792 alio
3419 738 3501 794 itt-

1903 826 2090 890 troitu,
2123 836 2258 894 etc.,
2307 842 2400 881 usa
2429 828 2774 898 cognoscitur
2805 844 2868 883 ex
2901 826 3106 900 Carpso
3138 830 3341 900 plnries
3379 847 3494 887 me-

1900 927 2134 983 morato,
2168 920 2256 989 qui
2286 919 2350 974 ad
2383 921 2524 974 diem
2549 920 2902 992 depositionis
2932 922 3047 976 hznc
3072 921 3233 978 habet
3264 941 3276 978 :
3314 923 3392 978 Ad
3419 924 3502 978 in-

1906 1015 2134 1069 troitum.
2162 1032 2212 1069 a.
2242 1015 2318 1084 (id
2343 1027 2423 1070 est
2445 1015 2736 1084 antiphona
2765 1014 2783 1086 )
2825 1013 3105 1072 Protexisti
3139 1033 3216 1072 me
3241 1015 3501 1072 Domine:

1903 1123 1956 1176 p.
1989 1106 2060 1174 (id
2090 1114 2174 1161 est
2205 1106 2483 1177 psalmus)
2509 1107 2717 1164 Exaudi
2743 1126 2819 1164 or.
2846 1126 2958 1162 cum
2982 1109 3248 1179 deprecor
3277 1128 3290 1164 :
3323 1110 3415 1166 all.
3441 1110 3504 1166 de

1906 1200 2296 1256 resurrectione.
2345 1201 2442 1256 all.
2486 1201 2578 1255 all.
2657 1203 2728 1270 ti}.
2775 1202 3263 1275 (responstirium)
3317 1205 3506 1260 Sancte

1905 1297 2166 1364 confessor
2187 1293 2327 1350 Zeno
2368 1297 2504 1367 :off.
2532 1295 2550 1368 (
2579 1295 2913 1354 oll‘ertorium
2958 1297 2976 1369 )
3003 1297 3232 1354 Posuisti
3264 1298 3506 1357 Domine.

1906 1405 1987 1441 co.
2043 1389 2450 1463 (communio)
2505 1390 2793 1446 Lcetabitur
2835 1394 3032 1464 justus.
3095 1393 3220 1448 lla‘c
3277 1396 3509 1466 excipiet

1909 1481 2068 1537 Missa
2128 1482 2523 1552 Ambrosiana,
2574 1502 2736 1556 quam
2779 1487 3149 1559 excerpsimus
3197 1503 3260 1541 cx
3305 1488 3506 1544 Missali

1905 1573 2268 1631 Ambrosiano
2293 1579 2440 1633 edito
2463 1594 2490 1632 a
2523 1578 2728 1634 Jacoho
2759 1580 3016 1648 Pamelio,
3053 1590 3184 1635 tom.
3219 1598 3232 1635 ι
3267 1581 3503 1654 Liturgi-

1906 1684 2007 1725 con
2037 1671 2291 1728 Ecclesiae
2316 1672 2524 1729 Latium
2577 1690 2696 1745 pag.
2734 1673 2862 1742 458,
2909 1692 3118 1730 necnon
3151 1692 3214 1732 ex
3264 1677 3386 1731 aliis
3419 1679 3510 1732 tri-

1908 1763 2010 1820 bus
2058 1765 2364 1821 Missalibus
2398 1769 2773 1823 Atnbrosianis
2801 1768 2962 1824 editis
3003 1786 3092 1824 an.
3144 1769 3315 1838 1.3322,
3348 1772 3510 1836 1548,

199 1857 249 1911 in
272 1865 458 1911 nostra
491 1855 732 1911 Ecclesia
764 1854 1001 1910 adhibita
1030 1854 1147 1910 iuit.
1182 1853 1398 1910 Missam
1429 1855 1721 1910 secundam
1745 1855 1799 1908 in
1833 1876 1881 1937 B
1907 1866 1961 1912 et
1990 1858 2150 1913 1560.
2179 1859 2236 1912 Ρ.
2261 1859 2530 1929 Josephus
2563 1861 2937 1928 Blanchinius,
2957 1862 3047 1934 qui
3076 1878 3173 1933 pro
3194 1879 3290 1918 sua
3314 1866 3509 1920 eximia

196 1947 564 2004 Translatione
589 1948 647 2004 S.
677 1945 900 2006 Zenonis
919 1947 969 2001 in
995 1946 1113 2002 solo
1133 1961 1236 2001 ms.
1263 1947 1458 2000 Missoli
1489 1947 1803 2003 monasterii

197 2041 495 2098 Zenoniani
520 2041 841 2112 reperimus.
861 2041 1016 2095 Missa
1032 2055 1161 2095 vero
1181 2041 1333 2094 tertia
1353 2039 1404 2093 itt
1428 2040 1805 2094 Sacramenta-

199 2138 275 2190 rio
303 2136 495 2192 saeculi
520 2152 573 2200 x,
604 2134 820 2191 Othone
846 2149 995 2204 rege,
1019 2141 1078 2190 ut
1106 2142 1262 2188 antea
1289 2123 1547 2199 diximus,
1578 2135 1798 2205 scripto,

198 2241 245 2284 et
275 2231 365 2285 die
410 2230 635 2300 quidem
664 2245 716 2286 γι
740 2228 861 2284 Idus
891 2228 1207 2284 Decembris
1250 2228 1465 2298 legitur,
1521 2227 1685 2302 [cui]
1719 2229 1804 2282 cui

200 2325 500 2396 prteiigitur
552 2321 880 2394 inscriptio:
935 2337 984 2376 γι
1035 2319 1163 2376 Idus
1213 2319 1526 2386 Decembris,
1596 2319 1808 2376 Natalis

202 2417 260 2470 8.
290 2416 710 2484 Zenonis;cum
757 2426 932 2470 tamen
975 2429 1039 2470 ea
1071 2415 1158 2469 die
1204 2415 1256 2468 in
1295 2411 1616 2469 Calcudario
1668 2429 1802 2486 prte-

203 2511 372 2566 tuisso
404 2518 701 2565 auuotetur
729 2524 742 2561 :
798 2507 860 2562 8.
892 2505 1114 2562 Zenonis
1157 2509 1464 2578 confessoris
1495 2517 1539 2562 et
1577 2505 1806 2577 episcopi

201 2605 476 2658 dedicatio.
517 2603 804 2674 Reperitur
835 2603 994 2658 etiam
1025 2603 1196 2658 multo
1225 2601 1560 2657 etneudatior
1605 2604 1655 2657 in
1689 2602 1802 2658 lau-

200 2699 324 2752 dato
349 2697 556 2754 Missali
591 2698 904 2753 monasterii
936 2695 994 2752 S.
1026 2695 1264 2753 Zenonis
1292 2711 1415 2752 cum
1453 2697 1552 2751 hac
1577 2697 1806 2768 inscrip-

203 2797 344 2847 t'one
378 2790 486 2846 :ln
513 2796 643 2864 festo
672 2789 734 2848 S.
778 2790 1001 2848 Zenonis
1041 2792 1096 2846 in
1136 2791 1365 2846 Adventu
1395 2790 1601 2845 Dontini
1645 2793 1806 2846 nostri

201 2885 322 2943 Jesu
351 2884 569 2943 Christi.
613 2885 739 2942 Haec
768 2886 958 2942 eadem
1007 2886 1170 2942 Missa
1217 2901 1312 2957 per
1340 2902 1580 2942 errorem
1615 2903 1646 2941 γ
1678 2885 1806 2940 ldus

203 3002 296 3054 pro
326 3000 380 3037 vr
411 2982 546 3038 ldus
576 2980 874 3038 Decembris
901 2983 1194 3052 assignata,
1250 2981 1442 3037 eodem
1491 2982 1641 3036 titulo
1697 2997 1806 3053 quo

205 3081 254 3133 in
297 3077 598 3149 Capitulari
638 3076 1034 3146 manuscripto,
1088 3076 1316 3153 habetur
1340 3075 1500 3130 etiam
1534 3075 1586 3129 iu
1618 3074 1806 3130 Codice

207 3171 645 3237 \‘aticat103806,
670 3171 911 3242 quiauro
940 3169 1214 3240 minioque
1242 3169 1602 3240 conscriptus,
1626 3168 1803 3238 ntiju-

1911 1950 1962 2006 in
1989 1951 2279 2010 Patronem
2304 1960 2545 2008 nostrum
2572 1953 2767 2024 pietate
2784 1955 2836 2010 itt
2863 1956 3218 2026 procurandis
3237 1957 3514 2014 transmit-

1911 2043 2194 2112 tendiSque
2247 2046 2310 2099 ad
2357 2061 2456 2102 nos
2506 2048 2670 2102 variis
2722 2048 3065 2106 documentis
3124 2066 3191 2106 es
3238 2051 3514 2110 nonnullis

1907 2138 2077 2194 sacris
2117 2139 2422 2205 codicibus,
2453 2141 2710 2197 Romanis
2743 2145 3041 2212 praesertim
3067 2185 3083 2211 ,
3120 2143 3329 2200 naviter
3359 2144 3513 2200 labo-

1908 2232 2070 2298 ravit,
2113 2233 2250 2289 hanc
2299 2245 2506 2290 sextam
2562 2236 2777 2312 Missam
2829 2237 3059 2307 reperiri
3113 2238 3435 2306 signiﬁcavit
3463 2239 3516 2292 in

1911 2344 2011 2384 ms.
2039 2327 2298 2384 Vaticano
2322 2329 2570 2384 Palatino
2593 2330 2698 2386 506
2723 2332 2925 2400 scripto
2947 2333 3090 2386 circa
3111 2332 3369 2387 smculum
3395 2348 3511 2400 xnt,

1909 2425 1994 2478 cui
2020 2423 2108 2478 hic
2133 2433 2215 2479 est
2247 2423 2433 2480 titulus
2461 2445 2472 2477 ;
2508 2423 2722 2480 Missale
2748 2425 2946 2496 yemale
2974 2435 3023 2482 et
3049 2427 3277 2482 wstivum
3301 2427 3516 2482 Ambro-

1908 2519 2112 2571 sianum
2140 2517 2207 2572 ad
2231 2519 2475 2573 honorem
2506 2519 2637 2573 beati
2668 2517 2932 2586 Mauritii,
2965 2520 3055 2590 qui
3080 2521 3296 2576 natione
3319 2518 3512 2578 Medio-

1914 2609 2189 2675 lanensis,
2247 2609 2304 2665 S.
2358 2608 2630 2666 Ambrosii
2693 2611 2985 2681 discipulus
3044 2610 3211 2667 fuisse
3263 2610 3510 2670 traditur.

1912 2698 2067 2754 llunc
2090 2710 2268 2756 autem
2293 2700 2532 2758 codicem
2568 2702 2898 2772 pertinuisse
2918 2701 2983 2760 ad
3011 2701 3308 2758 Ecclesiam
3335 2702 3517 2760 Ande-

1909 2810 2199 2866 garcnscm
2246 2797 2350 2850 duo
2389 2796 2638 2852 suadent.
2681 2797 2919 2854 Primum
2964 2797 3016 2852 in
3065 2797 3288 2867 praefixo
3323 2795 3520 2858 Calen-

1909 2887 2063 2942 dario
2119 2888 2206 2944 die
2243 2888 2306 2942 15
2361 2888 2700 2957 Septembris
2760 2890 2877 2944 haec
2927 2888 3220 2959 leguntur:
3254 2887 3521 2957 Depositio

1911 2984 1975 3039 S.
2006 2981 2246 3038 Mauritii
2277 2983 2506 3054 episcOpi
2531 2993 2576 3038 et
2603 2984 2930 3055 confessoris.
2970 2982 3034 3038 Et
3048 2985 3189 3056 jacet
3221 2983 3271 3037 in
3303 2980 3520 3037 Cicitate

1909 3077 2284 3148 Andegatvensi,
2317 3092 2432 3144 qua:
2461 3086 2533 3131 est
2575 3077 2627 3131 in
2659 3076 2946 3147 conﬁnibus
2986 3077 3118 3154 inter
3159 3073 3444 3132 Franziam
3471 3085 3519 3132 et

1911 3169 2226 3235 Britaneum,
2253 3174 2404 3244 cujus
2427 3182 2500 3226 est
2529 3173 2667 3227 istud
2693 3171 2930 3227 Missale.
2981 3171 3111 3227 Dein
3147 3172 3198 3226 in
3222 3173 3370 3228 calce
3400 3171 3522 3228 libri

204 3269 432 3334 dicatur,
463 3267 669 3323 szeculo
698 3266 914 3322 circiter
939 3282 1017 3330 ιχ,
1051 3265 1188 3321 hanc
1231 3264 1636 3334 inscriptionem
1667 3279 1802 3333 prse-
1830 3272 1872 3334 (ζ
1907 3263 2201 3320 recentiori
2239 3281 2398 3320 manu
2452 3265 2571 3321 haec
2617 3267 2896 3320 annotatio
2949 3265 3198 3338 apposita
3225 3276 3347 3322 est:
3409 3264 3522 3337 Ego

207 3361 347 3417 fert:
383 3359 535 3416 Liber
580 3341 1033 3415 Sacramentbrum
1082 3357 1346 3426 expositus
1392 3373 1423 3409 a
1468 3357 1528 3412 S.
1561 3354 1806 3426 Gregorio
1891 3357 2168 3427 presbyter
2198 3354 2475 3411 Cervasius
2531 3356 2595 3411 de
2635 3356 2879 3412 Bruzano
2936 3355 3285 3428 Cappellanus
3336 3355 3520 3429 [cun]

205 3472 337 3524 papa
371 3451 613 3508 Romano
637 3494 649 3516 ,
694 3451 858 3506 editus
897 3467 961 3506 ex
988 3451 1278 3504 authentico
1323 3447 1639 3505 bibliotheca:
1667 3446 1806 3502 cubi-

209 3549 340 3601 culi:
365 3546 589 3601 ethunc
616 3545 856 3600 codicem
884 3561 1004 3600 eum
1035 3543 1200 3600 fuisse
1221 3543 1494 3600 credimus
1542 3557 1649 3614 quo
1679 3557 1806 3597 usus

211 3649 283 3693 est
328 3638 570 3710 Angelus
603 3637 803 3702 Rocca,
835 3652 960 3692 cum
997 3635 1476 3692 sat-ramentarium
1515 3635 1806 3704 Gregoriu-

213 3749 334 3786 num
377 3747 448 3789 ex
486 3731 904 3801 antiquissimo,
939 3732 1012 3786 uti
1063 3737 1252 3794 vocat,
1289 3745 1389 3784 ms.
1449 3728 1708 3786 Vaticano
1755 3728 1804 3782 itt

213 3825 452 3881 lttunana
480 3825 538 3882 S.
571 3825 820 3896 Gregorii
867 3823 1107 3880 editione
1151 3823 1486 3894 publicarit,
1541 3821 1631 3876 ubi
1678 3837 1808 3876 sane

211 3919 398 3973 eodem
448 3933 637 3973 errore
673 3919 860 3973 eadem
894 3917 951 3973 S.
998 3915 1232 3971 Zenonis
1272 3914 1430 3970 Missa
1474 3931 1502 3968 ν
1542 3912 1669 3968 Idus
1700 3912 1806 3967 De-

209 4013 422 4066 cembris
449 4010 650 4083 legitur
682 4019 812 4066 tom.
849 4027 900 4076 ν,
933 4025 1055 4081 pag.
1087 4009 1217 4065 265.
1253 4007 1389 4064 Hine
1421 4023 1583 4078 porro
1607 4007 1810 4078 colligi-

212 4116 314 4171 tur,
343 4107 483 4162 hanc
510 4106 752 4170 Missam,
794 4105 1070 4160 erroribus
1093 4103 1216 4159 licet
1240 4102 1514 4158 nonnullis
1546 4103 1805 4165 vitiatam,

212 4202 363 4257 valde
394 4200 673 4272 antiquam
693 4215 838 4262 esse.
870 4207 926 4256 et
953 4199 1020 4256 ab
1049 4198 1168 4253 aliis
1199 4198 1361 4254 etiam
1387 4197 1647 4256 Ecclesiis
1668 4238 1682 4262 ,
1716 4197 1808 4254 ulti

210 4298 265 4352 5.
295 4297 444 4351 Zeno
468 4295 764 4361 colebatur,
809 4293 974 4349 fuisse
999 4301 1329 4362 susceptam.
1380 4291 1438 4346 lu
1487 4291 1587 4352 hac
1629 4299 1807 4346 autem

212 4392 364 4445 Slissa
407 4389 775 4444 annotandum
819 4389 1090 4460 praecipue
1133 4397 1236 4454 est,
1283 4385 1422 4456 quod
1466 4386 1525 4442 S.
1575 4385 1810 4441 Zenonis

212 4483 552 4554 pontiﬁcatus
579 4491 932 4546 memoratur,
963 4497 1025 4536 ac
1052 4481 1097 4538 si
1129 4496 1190 4536 ea
1219 4480 1307 4536 die
1337 4481 1394 4536 5.
1439 4479 1691 4552 Episcopi
1719 4495 1811 4533 or-

210 4579 414 4633 dinatio
444 4577 833 4634 celebraretur.
859 4577 1114 4644 Quartam
1151 4575 1367 4630 Missam
1401 4575 1638 4644 suppetit
1667 4573 1806 4628 idem

1909 3447 2156 3504 Ecclesice
2199 3449 2259 3504 S.
2317 3448 2575 3514 Manritii,
2631 3462 2676 3505 et
2719 3449 3042 3506 Moziconius
3093 3451 3298 3505 Sancta:
3339 3450 3525 3506 Mariae

1912 3541 2135 3613 Majoris
2186 3541 2375 3596 devovo
2419 3542 2512 3596 ltoc
2562 3558 2731 3596 meum
2787 3540 3005 3598 Missale
3054 3543 3300 3599 Ecclesia:
3341 3543 3525 3600 Sancti

1912 3635 2148 3690 Mauritii
2193 3653 2284 3706 pro
2334 3635 2554 3690 utilitate
2601 3637 2820 3692 canendi
2851 3637 3102 3708 Missam,
3145 3655 3202 3693 eo
3232 3649 3438 3710 tenore,
3468 3648 3526 3694 ut

1911 3728 2163 3798 ofﬁciales
2216 3730 2496 3801 presbyteri
2557 3730 2713 3800 hujus
2773 3730 2999 3786 ecclesite
3055 3748 3254 3803 semper
3307 3731 3526 3787 habeant

1911 3823 2210 3879 memoriam
2257 3823 2351 3880 hoc
2379 3839 2562 3892 parum
2589 3823 2890 3893 beneﬁcium
2917 3828 3113 3895 factum
3155 3842 3186 3882 α
3218 3842 3316 3892 me,
3348 3834 3394 3882 et
3420 3841 3525 3881 non

1910 3916 1976 3968 sit
2027 3916 2232 3969 licentia
2279 3916 2437 3969 alicui
2473 3916 2737 3987 episcopo,
2783 3917 3072 3980 sacerdoti,
3108 3934 3199 3971 nec
3228 3919 3406 3972 vicinis
3431 3919 3526 3972 do-

1911 4006 2096 4072 nandi,
2128 4007 2399 4074 vendendi,
2433 4007 2730 4079 pignorarc.
2761 4025 2852 4064 nec
2899 4019 3264 4075 transmittare,
3293 4017 3423 4077 etc,
3457 4025 3523 4065 ex

1911 4103 2108 4172 quibus
2137 4103 2190 4158 in
2237 4119 2337 4158 usu
2372 4103 2620 4172 ejusdem
2669 4103 3074 4176 Andegavensis
3111 4104 3369 4162 Ecclesia:
3419 4105 3524 4162 hoc

1914 4196 2126 4253 Missalc
2157 4198 2324 4255 fuisse
2347 4197 2580 4254 videtur.
2619 4199 2715 4256 Hic
2749 4209 2930 4257 autem
2959 4199 3088 4256 illud
3141 4209 3398 4272 praeterea
3429 4216 3522 4257 au-

1916 4303 2110 4347 notare
2140 4291 2293 4355 libet,
2326 4293 2462 4348 duas
2487 4292 2689 4364 primas
2721 4293 2879 4364 hujus
2911 4305 3083 4352 sextae
3105 4295 3291 4351 Missae
3319 4296 3526 4351 oratio-

1915 4400 2012 4439 nes
2040 4384 2142 4456 lcgi
2177 4386 2227 4440 in
2261 4385 2541 4441 Breviario
2583 4387 2942 4442 Ambrosiano
2971 4389 3096 4444 anni
3132 4387 3293 4444 1549.
3340 4387 3524 4445 Adde-

1915 4491 2036 4532 mus
2091 4478 2308 4535 tandem
2365 4479 2640 4536 orationes
2712 4489 2844 4552 tres,
2889 4496 3012 4551 quae
3052 4482 3104 4550 in
3159 4481 3332 4538 tribus
3374 4481 3526 4540 festis

1916 4571 1974 4626 S.
2030 4571 2265 4630 Zenonis
2319 4573 2369 4627 in
2433 4571 2676 4644 Collegio
2729 4572 3127 4630 Cauonicorum
3171 4573 3522 4646 Regularium

211 4671 420 4724 albente
447 4668 764 4724 monasterii
791 4668 848 4724 5.
880 4665 1138 4732 Zenonis,
1163 4683 1284 4737 quae
1310 4665 1616 4721 mttttnunis
1643 4666 1808 4720 luisse
1836 4671 1890 4732 D
1915 4662 1974 4719 S.
2008 4665 2290 4738 Augustini
2319 4665 2660 4731 Reicltenhatl
2688 4676 3003 4736 nuncupata
3027 4682 3169 4723 nunc
3191 4682 3408 4738 quoque
3437 4684 3527 4724 re—

210 4764 594 4834 cognoscitur;
629 4771 741 4817 turn
767 4761 908 4833 quod
942 4759 1091 4814 nullo
1123 4758 1278 4812 titulo
1306 4767 1625 4828 praenotata,
1676 4757 1808 4811 nulli

212 4858 313 4914 diei
361 4855 609 4928 nullique
661 4853 802 4910 festo
846 4851 1221 4922 adjudicatur,
1274 4858 1388 4906 tum
1449 4851 1613 4908 etiam
1667 4849 1808 4921 quod

214 4941 384 5021 prima
406 4950 527 5019 ejus
554 4948 732 5005 oratio
760 4946 1054 5018 Propitiare
1080 4947 1132 5002 iu
1156 4944 1263 4999 alio
1295 4959 1398 4999 ms.
1423 4943 1666 5012 ejusdem
1695 4960 1813 4999 mo-

215 5045 433 5099 na~terii
465 5045 522 5100 S.
557 5041 819 5113 Lupicino
847 5042 1105 5111 episcopo
1135 5039 1431 5095 Veronensi
1463 5037 1515 5092 in
1545 5038 1601 5094 5.
1636 5037 1812 5094 Zeno-

213 5141 292 5194 nis
340 5137 562 5193 basilica
608 5135 824 5209 sepulto
875 5134 1216 5198 attribuitur;
1266 5142 1320 5190 et
1364 5133 1416 5189 in
1463 5149 1566 5190 ms.
1597 5131 1807 5202 capitu-

217 5231 310 5287 lari
342 5247 440 5286 snt
467 5230 676 5296 saeculi,
701 5228 794 5300 qui
819 5228 1103 5295 lectiones,
1129 5227 1425 5292 orationes,
1469 5234 1524 5282 et
1549 5226 1805 5296 antipho-

218 5340 312 5377 n:-.s
349 5327 420 5379 de
466 5322 685 5379 Sanctis
729 5329 787 5377 et
830 5335 926 5392 per
970 5335 1169 5376 annum
1215 5320 1519 5376 recitandas
1560 5320 1807 5387 exhibet,

217 5418 399 5472 eadem
455 5416 628 5472 oratio
674 5413 871 5488 legitur
921 5423 1047 5471 ante
1091 5429 1378 5472 commune
1429 5411 1811 5470 Confessorum

217 5527 333 5566 cum
368 5512 468 5565 hac
501 5509 856 5580 inscriptione
891 5526 903 5562 :
931 5507 994 5566 S.
1026 5506 1251 5566 Zenonis
1275 5507 1353 5563 vel
1379 5507 1591 5563 alterius
1619 5508 1806 5563 oratio.

217 5603 412 5672 Quinta
455 5603 617 5658 missa
649 5603 703 5658 in
734 5617 843 5657 uno
871 5616 972 5657 ms.
1005 5601 1206 5658 scholae
1235 5600 1294 5658 S.
1329 5600 1508 5656 Maria:
1547 5603 1615 5657 de
1643 5602 1813 5656 Domo

221 5697 356 5752 inter
379 5709 596 5753 sanctos
622 5697 934 5753 Decembris
955 5695 1244 5770 descripta,
1273 5706 1516 5767 spectare
1537 5696 1817 5770 cognosci-

222 5799 302 5843 tur
331 5790 396 5846 ad
423 5791 568 5847 diem
613 5799 860 5847 octavam
902 5789 1144 5859 ejusdem
1184 5791 1406 5850 mensis.
1451 5791 1755 5862 Antequam
1785 5807 1813 5846 a

227 5879 552 5941 Veronensis
579 5882 846 5940 Ecclesize
879 5881 1056 5940 Missis
1084 5880 1151 5939 ad
1191 5883 1297 5939 alia
1328 5881 1620 5940 transimus
1641 5924 1656 5952 ,
1689 5883 1814 5942 sub-

1915 4757 2172 4823 citantur,
2199 4766 2253 4810 el.
2274 4773 2340 4812 ex
2363 4758 2597 4827 antiquis
2627 4757 2937 4814 Missalibus
2965 4757 3216 4816 videntur
3235 4771 3524 4833 excerpta),

1917 4861 1974 4908 ut
2001 4851 2102 4908 dis.
2138 4853 2353 4921 Ill,cap.
2381 4851 2440 4919 6,
2471 4850 2499 4923 §
2532 4851 2586 4915 5,
2621 4853 2952 4907 monuimus.

1988 4943 2080 4998 Vl.
2117 4945 2192 4998 De
2215 4942 2391 4997 Missis
2423 4942 2705 4998 hactenus.
2736 4943 2816 4998 Ad
2846 4943 3084 5000 ofﬁcium
3116 4961 3246 5001 vero
3271 4945 3416 5016 quod
3444 4953 3529 5002 at-

1915 5035 2072 5102 tinet,
2099 5036 2336 5105 primum
2367 5034 2621 5091 dabimus
2651 5036 2978 5106 antiphonas
3001 5053 3124 5092 cum
3159 5041 3526 5109 reSponsoriis

1915 5145 1982 5185 ex
2009 5143 2112 5184 ms.
2153 5127 2449 5198 Capitulari
2497 5128 2684 5183 saeculi
2728 5128 2947 5185 circiter
2975 5145 3173 5200 x,qu:e
3217 5130 3426 5188 easdem
3473 5132 3526 5187 in

1920 5238 2024 5279 ms.
2049 5221 2230 5278 szeculi
2265 5237 2333 5276 xv
2364 5221 2676 5278 Mouialium
2710 5221 2766 5278 S.
2797 5222 2980 5278 Marite
3010 5223 3076 5280 de
3095 5223 3305 5298 Campo
3334 5227 3530 5284 Martio

1921 5317 2288 5380 continentur,
2322 5315 2744 5388 iridicanturque
2771 5318 2933 5372 etiam
2965 5317 3018 5372 in
3048 5315 3258 5390 Carpso
3287 5337 3300 5374 :
3331 5321 3382 5374 in
3409 5319 3531 5392 qui-

1921 5409 2047 5479 bus,
2082 5410 2124 5467 si
2157 5409 2284 5480 quid
2329 5409 2434 5465 erit
2482 5409 2779 5473 diversum,
2829 5411 2881 5468 in
2919 5411 3178 5482 subjectis
3226 5413 3530 5468 adnotatio-

1922 5504 2082 5561 nibus
2125 5505 2402 5562 innuetur.
2448 5504 2582 5562 Dein
2612 5521 2679 5562 ex
2723 5506 2832 5562 alio
2863 5523 2944 5564 ms
2971 5509 3254 5580 capitulari
3282 5510 3466 5566 saeculi
3495 5526 3529 5565 χ
3609 5536 3625 5545 -

1922 5599 2114 5656 breves
2160 5601 2424 5656 lectiones
2466 5609 2523 5656 et
2574 5599 2807 5673 hymnos
2847 5601 2984 5659 duos
3029 5602 3087 5660 S.
3139 5601 3372 5658 Zenonis
3405 5617 3533 5672 pro-

1921 5697 2091 5772 prios,
2108 5706 2366 5756 acuostra
2390 5697 2441 5752 in
2469 5696 2719 5767 Ecclesia
2744 5698 2970 5754 usitatos
2993 5697 3363 5772 subjiciemtts.
3389 5697 3527 5758 Tum

1922 5806 1990 5849 ex
2019 5807 2123 5850 ms.
2152 5791 2476 5850 monasterii
2506 5791 2565 5850 S.
2597 5791 2835 5848 Zenonis
2881 5790 3067 5848 saeculi
3097 5773 3167 5847 iw
3215 5798 3328 5849 tres
3373 5791 3530 5866 hym-

1924 5900 2025 5944 nos
2047 5885 2347 5954 addemus;
2373 5886 2464 5958 qui
2493 5885 2862 5944 Benedictinis
2889 5884 3163 5946 Monachis
3187 5887 3307 5944 usui
3336 5886 3487 5946 luere
3512 5929 3527 5958 ,
