3960 6330
533 306 640 364 199

1987 300 2498 360 l’llOLEGOMENA
2511 340 2524 356 .
3671 305 3758 363 θοι)

520 435 575 481 ct
606 426 658 480 hi
687 434 827 492 sunt,
861 424 948 494 qui
981 423 1165 493 paucis
1197 421 1414 478 mutatis
1443 423 1665 478 nuncin
1699 421 2002 477 Veronensi
2034 421 2114 474 ot-
2146 428 2200 486 Α
2224 431 2398 482 cctur,
2445 433 2511 474 ex
2541 416 2650 473 alio
2693 425 2872 473 tamen
2919 431 3022 473 ms.
3071 414 3378 485 Capitulari,
3416 417 3498 489 qui
3526 420 3759 477 orationes

519 517 643 573 licio
683 517 1008 572 adhibemur
1039 533 1051 569 :
1087 513 1308 571 tertium
1340 530 1474 570 vero
1502 531 1532 571 e
1560 515 1770 570 duobus
1811 529 1942 570 mss.
1988 513 2120 568 Bre-

519 607 705 664 viariis
749 606 1061 662 lllonialium
1108 606 1166 663 8.
1211 605 1395 662 Lucize
1439 605 1547 677 jam
1601 607 2000 677 promulgatum
2050 593 2118 660 ab

518 691 830 756 Editoribus
847 698 1270 769 Veronensibus,
1289 697 1567 753 codicibus
1585 707 1908 754 tractatuum
1933 698 1990 753 8.
2018 697 2117 754 Ze~

517 794 672 850 nonis
703 795 1043 862 praemissum
1076 793 1327 849 Barthius
1353 794 1633 866 perperam
1666 794 1895 850 credidit
1926 794 2020 848 lib.
2056 810 2115 861 ιι,

517 888 747 945 Advers.
781 902 903 958 cap.
939 887 1027 952 12,
1057 900 1110 944 et
1142 887 1234 942 lib.
1271 903 1379 952 xw,
1409 902 1529 954 cap.
1562 886 1653 942 ‘20.
1686 887 1861 942 Alium
1891 885 2118 944 subinde

516 984 740 1039 edemus
792 984 1074 1055 hymnum,
1104 982 1194 1054 qui
1229 985 1280 1037 in
1313 996 1417 1037 ms.
1464 981 1724 1037 Vaticano
1765 980 1903 1037 1255
1933 980 1991 1038 8.
2021 980 2110 1037 Ze-

515 1080 674 1133 nonis
707 1076 1024 1133 tractatibus
1055 1076 1334 1148 subjectus
1361 1077 1580 1148 legitur.
1611 1075 1923 1132 Orationem
1955 1092 2119 1148 porro

515 1170 569 1227 in
602 1171 928 1227 Veronensis
967 1169 1224 1226 Ecclesia:
1265 1169 1443 1226 ol'licio
1475 1169 1690 1225 recitari
1731 1169 1942 1225 solitam
1975 1168 2119 1225 haud

516 1264 800 1330 dabimus;
833 1265 946 1320 haec
977 1264 1123 1320 enim
1155 1262 1258 1319 etsi
1289 1263 1342 1318 in
1375 1262 1602 1318 laudatis
1637 1277 1770 1317 mss.
1836 1279 1942 1318 non
1975 1262 2117 1318 indi-

2223 512 2289 568 ad
2319 512 2482 568 horas
2510 511 2773 575 continet,
2804 517 2860 565 et
2898 527 2965 565 ex
3005 508 3380 580 Martyrologio
3404 508 3677 567 Monialinm
3701 513 3757 569 de

2223 605 2428 676 Campo
2467 605 2658 661 Martio
2699 603 2973 675 colligitur
3003 601 3168 657 fuisse
3197 601 3364 657 oratio
3403 601 3530 657 Deus
3556 605 3632 671 qui
3654 621 3758 673 nos,

2222 716 2342 771 quae
2373 700 2427 754 in
2457 703 2625 766 prima
2654 696 2815 754 Missa
2843 695 3082 752 secundo
3109 695 3227 751 loco
3257 695 3577 751 describitur.
3605 695 3758 752 Mona-

2223 794 2357 851 chos
2384 809 2512 850 vero
2550 792 2891 848 Zenonianos
2943 791 3169 863 primam
3213 793 3498 846 oralionem
3543 793 3762 862 cujusque

2224 890 2398 946 Missae
2417 890 2520 959 ἰιι-ο
2541 905 2752 961 quoque
2781 888 2917 944 l'csto
2947 887 3215 959 propriam
3245 886 3379 941 inter
3403 885 3565 942 ofﬁcia
3593 886 3762 943 dixisse

2223 983 2599 1054 cognoscimus
2626 1001 2690 1038 ex
2718 983 2926 1038 duobus
2956 997 3085 1037 mss.
3111 981 3200 1050 qui
3231 980 3295 1035 ad
3317 979 3482 1035 ofﬁcia
3513 997 3646 1036 sacra
3668 997 3762 1035 mo-

2224 1075 2449 1152 nasterii
2477 1074 2772 1130 Zenoniani
2818 1083 3080 1144 spectant.
3117 1072 3353 1128 Tandem
3397 1071 3622 1128 dabimus
3648 1072 3761 1126 anti.

2225 1185 2330 1240 qua
2360 1168 2608 1238 sull'ragia
2656 1170 2724 1224 de
2754 1167 2811 1224 8.
2845 1167 3082 1234 Zenone,
3124 1182 3186 1221 ac
3214 1165 3317 1220 alia
3350 1166 3619 1231 nonnulla;
3671 1181 3767 1236 qua!

2227 1262 2370 1320 unde
2392 1271 2605 1334 sumpta
2633 1262 2852 1329 fuerint,
2879 1277 2978 1318 suo
3005 1262 3124 1316 loco
3153 1259 3408 1316 dicemus.

533 1397 3765 1426 Μρᾙ

649 1495 858 1570 [ει-κιαι
932 1488 1340 1574 SERMO
1398 1489 2116 1574 VENERABILI

2242 1488 2860 1576 CORONATI
2918 1484 3412 1573 NOTARII

1019 1637 1021 1640 ⁴
1424 1646 1568 1718 DE
1621 1647 1892 1719 VITA
1958 1647 2372 1721 SANCTI
2424 1647 2921 1722 ZENONIS.

580 1926 622 1983 l.
654 1923 710 1980 ln
732 1923 923 1982 diebus
945 1923 1052 1980 illis
1081 1923 1159 1996 (a)
1203 1922 1257 1979 in
1287 1922 1566 1995 provincia
1590 1921 1665 1996 (b)
1695 1923 1868 1990 ltalia,
1903 1924 1955 1978 in
1987 1921 2119 1978 civi-
2148 1927 2196 1988 B
2225 1933 2278 1978 et
2310 1923 2433 1980 idco
2459 1924 2581 1995 quia
2614 1924 2664 1978 in
2706 1939 2922 1981 omnem
2956 1933 3156 1980 terram
3183 1926 3316 1981 exiit
3343 1941 3505 1982 sonus
3531 1942 3780 1984 conversa-

514 2031 625 2077 tate
647 2019 886 2085 Verona,
921 2020 972 2075 in
1014 2035 1116 2088 qua
1145 2019 1284 2074 beati
1335 2019 1573 2076 Zenonis
1620 2031 1741 2074 acta
1783 2021 2116 2086 claruerunt,

516 2113 591 2188 (ε)
640 2113 945 2169 evolvimus
996 2113 1130 2168 tanti
1173 2113 1274 2169 viri
1320 2115 1570 2170 virtutes.
1601 2114 1691 2169 Sic
1731 2114 1875 2169 enim
1909 2124 1993 2170 est
2019 2115 2120 2168 ltu-

517 2224 672 2264 mana
713 2222 869 2262 mens
896 2206 962 2262 ad
996 2206 1398 2278 inveStigandas
1430 2207 1754 2264 Sanctorum
1783 2209 1942 2273 vitas,
1978 2218 2120 2262 tam-

422 2319 424 2322 ν
514 2316 676 2372 quam
706 2300 827 2372 quis
871 2300 963 2356 ille
1007 2299 1199 2356 sitiens
1245 2299 1441 2355 ardore
1471 2300 1603 2356 solis
1648 2302 1891 2363 adustus,
1923 2315 2121 2355 concu-

516 2394 684 2463 piscat
731 2391 960 2448 fontium
1014 2392 1237 2460 ﬂuenta,
1291 2400 1385 2447 aut
1431 2395 1552 2463 quis
1596 2391 2119 2449 desideratissimum

514 2487 759 2543 nuntium
810 2487 999 2544 audire
1046 2489 1263 2556 cupiat,
1311 2489 1395 2544 vel
1422 2492 1588 2544 etiam
1632 2489 1755 2559 quis
1803 2487 2120 2544 deliciarum

513 2583 685 2654 epulis
728 2584 1023 2650 enutritus,
1049 2584 1103 2640 in
1149 2582 1384 2655 quodam
1426 2583 1719 2654 longinquo
1752 2584 1947 2638 itinere
1977 2583 2123 2655 posi-

515 2685 622 2739 tus,
653 2675 721 2732 ad
751 2692 863 2732 rem
896 2676 1182 2748 pervenire
1209 2691 1320 2732 sua:
1348 2676 1547 2733 mentis
1574 2677 1880 2732 satietatem
1914 2677 2118 2747 cupiat.

513 2767 591 2825 lta
623 2779 676 2826 et
701 2786 800 2842 ego
830 2770 963 2825 tanti
1010 2770 1132 2836 viri,
1156 2770 1402 2840 quamvis
1438 2768 1504 2824 ad
1545 2769 1725 2825 omnia
1755 2785 1984 2840 quasque
2013 2769 2123 2840 egit

513 2864 599 2920 vel
641 2865 694 2920 in
721 2864 1164 2930 conversatione,
1194 2863 1278 2918 vel
1300 2861 1463 2918 etiam
1491 2863 1541 2916 in
1574 2861 1869 2928 miraculis,
1900 2862 2122 2931 esplere

515 2973 624 3015 non
669 2958 871 3023 valeo;
918 2965 1157 3013 attamen
1199 2966 1458 3027 quantum
1509 2956 1778 3026 attingere
1826 2972 1923 3026 pro
1967 2967 2123 3026 parte

517 3067 758 3122 possum,
805 3066 1063 3107 enarrare
1109 3067 1217 3106 non
1266 3050 1491 3117 desisto,
1542 3064 1612 3105 ne
1653 3050 1775 3118 quis
1824 3049 1914 3105 ille
1950 3049 2122 3105 lector

514 3147 768 3219 deroget,
799 3155 893 3201 aut
921 3145 1148 3202 audiens
1194 3147 1463 3217 legentem
1510 3145 1785 3200 desidioso
1813 3143 1998 3201 animo
2021 3145 2120 3201 de-

515 3241 713 3307 trahat,
745 3255 866 3296 cum
911 3249 1168 3312 scriptum
1201 3241 1309 3294 sit:
1344 3239 1449 3306 Qui
1480 3239 1764 3294 retribuunt
1810 3238 1937 3293 mihi
1983 3239 2121 3294 mala

2227 2018 2389 2074 tinnis
2440 2018 2580 2089 ejus,
2627 2031 2682 2074 et
2731 2021 2990 2076 sanctitas
3039 2021 3262 2076 emicuit
3306 2038 3319 2074 :
3375 2021 3588 2078 audiant
3629 2019 3780 2093 populi

2223 2129 2434 2181 omnes,
2464 2117 2554 2185 qui
2585 2114 2704 2183 ejus
2731 2116 2952 2185 cupiunt
2979 2115 3260 2172 miracula.

2295 2207 2341 2262 ll
2389 2207 2520 2263 Erat
2547 2208 2690 2262 enim
2737 2209 2931 2264 sedens
2976 2209 3025 2262 in
3071 2208 3141 2280 (e)
3186 2210 3533 2277 monasterio,
3557 2209 3605 2264 i‘n
3631 2223 3782 2264 secre-

2223 2300 2347 2356 tiori
2373 2310 2550 2370 parte,
2581 2302 2632 2356 in
2661 2302 2862 2372 Oppido
2884 2301 3201 2366 Veronensi,
3226 2303 3498 2359 continuis
3517 2303 3718 2372 jejuniis
3742 2311 3784 2357 ct

2225 2397 2430 2452 crebris
2459 2397 2794 2451 orationibus
2819 2413 2846 2451 a
2898 2395 3126 2452 Domino
3158 2407 3369 2468 petens,
3411 2406 3466 2452 ut
3502 2397 3597 2453 sibi
3625 2397 3782 2467 digna-

2225 2499 2376 2546 retur
2397 2490 2599 2545 aditum
2633 2491 3028 2562 przcdicationis
3057 2491 3108 2546 in
3144 2492 3376 2562 populos
3400 2491 3626 2562 aperire.
3655 2490 3786 2544 Deni-

2224 2599 2329 2656 que
2358 2583 2426 2639 ad
2456 2583 2850 2638 convertendus
2883 2585 2932 2638 in
2959 2583 3161 2639 Christi
3206 2600 3449 2640 amorem
3494 2583 3687 2636 animos
3709 2581 3788 2634 lto-

2227 2679 2429 2733 minutn
2472 2677 2541 2733 de
2571 2677 2658 2734 die
2690 2679 2741 2732 in
2774 2677 2918 2733 diem
2950 2679 3166 2734 deditus
3203 2689 3342 2734 erat.
3380 2680 3581 2735 Revera
3611 2678 3718 2747 quia
3746 2675 3789 2729 in

2225 2772 2342 2842 ipso
2375 2772 2607 2841 Spiritus
2634 2781 2852 2829 sanctus
2883 2772 3073 2828 doctor
3117 2780 3266 2837 erat,
3311 2775 3448 2828 sicut
3481 2773 3590 2844 ipsa
3620 2769 3789 2824 veritas

2225 2883 2322 2938 per
2349 2882 2407 2922 se
2429 2867 2664 2938 loquitur
2685 2867 2870 2924 dicens
2906 2884 2918 2921 :
2957 2886 2974 2920 ί
3005 2867 3122 2922 Non
3146 2871 3292 2923 enim
3325 2883 3424 2923 vos
3467 2867 3597 2922 estis
3623 2865 3701 2931 qui
3729 2863 3792 2917 lo-

2225 2961 2482 3032 quimini,
2531 2963 2624 3018 sed
2665 2962 2888 3031 spiritus
2934 2962 3099 3033 patris
3150 2963 3342 3029 vestri,
3373 2964 3462 3034 qui
3511 2959 3788 3032 loquiturin

2226 3055 2440 3127 vobis.)
2472 3055 2533 3110 Et
2562 3055 2725 3110 illud:
2763 3073 2782 3107 ι
2810 3054 2924 3126 Ego
2945 3072 3063 3110 sum
3085 3067 3272 3126 pa5tor
3289 3057 3486 3121 bonus,
3515 3066 3566 3110 et
3588 3055 3793 3109 animam

2227 3165 2400 3203 meam
2427 3163 2571 3219 pono
2598 3164 2694 3220 pro
2723 3149 2914 3204 ovibus
2944 3150 3099 3204 meis.
3139 3167 3156 3202 ι
3181 3148 3264 3218 lta
3313 3165 3447 3222 ergo
3494 3148 3546 3203 in
3577 3158 3794 3202 sermone

2225 3240 2454 3297 affabilis
2479 3251 2616 3308 erat,
2648 3253 2703 3298 et
2733 3243 2782 3296 in
2806 3242 3242 3307 mansuetudine,
3277 3245 3409 3298 etin
3444 3241 3627 3297 habitu
3657 3240 3795 3307 mitis,

515 3353 610 3409 pro
637 3337 805 3402 bonis,
830 3335 1106 3392 detrahunt
1133 3335 1279 3391 mihi.
1305 3334 1374 3390 Et
1401 3335 1524 3406 quia
1555 3334 1669 3403 ipse
1701 3333 1958 3388 Dominus
1987 3332 2120 3389 dixit
2146 3322 2191 3386 C
2225 3345 2280 3390 ut
2311 3335 2450 3412 Deus
2477 3339 2529 3389 in
2555 3334 2672 3406 ipso
2692 3334 3094 3392 collaudaretnr
3109 3335 3177 3388 ab
3199 3335 3461 3391 omnibus
3493 3331 3797 3389 venientibus

516 3431 653 3486 bona
685 3432 1077 3496 operantibus:
1111 3429 1424 3500 Priusquam
1462 3437 1510 3484 te
1554 3431 1830 3500 formarem
1875 3428 1929 3482 in
1973 3437 2119 3482 utero

520 3525 637 3579 ιιουὶ
662 3534 728 3589 te,
753 3534 800 3578 et
818 3523 1280 3594 amcquamexires
1301 3523 1365 3576 de
1394 3531 1565 3577 ventre
1582 3522 1899 3592 sanctiﬁcavi
1929 3531 1996 3576 te.
2026 3521 2119 3578 llle

516 3619 661 3675 enim
691 3633 721 3672 a
749 3617 1033 3674 cunabulis
1064 3615 1266 3689 [cum]
1298 3614 1637 3683 benedictus,
1663 3626 1717 3670 et
1748 3617 1828 3687 (ά)
1859 3633 1886 3669 a
1926 3625 2120 3672 ventre

514 3710 882 3767 sanetiticatus
909 3718 1059 3777 erat,
1092 3720 1150 3765 et
1191 3709 1259 3765 ad
1301 3709 1405 3764 hoc
1451 3709 1758 3780 pertingere
1789 3709 2006 3775 meruit,
2061 3717 2119 3763 ut

516 3819 614 3875 per
641 3804 807 3859 vitam
835 3810 1076 3859 sanctam
1105 3813 1294 3873 pastor
1322 3800 1376 3856 in
1410 3801 1607 3871 populo
1637 3815 1760 3857 eSSe
1785 3811 2117 3868 mereretur;

589 3966 666 4040 (a)
707 3966 790 4024 Ab
822 3966 926 4023 hoc
952 3963 1227 4040 discrepat
1266 3962 1524 4040 prologus
1547 3959 1689 4033 apud
1718 3959 2021 4040 Ughellium
2061 3968 2120 4040 et

518 4031 918 4096 Heusclienium
942 4080 957 4105 ,
1001 4038 1089 4109 qui
1123 4031 1443 4109 postr'etmts'
1475 4031 1746 4109 observat.
1779 4031 2030 4109 eumdem
2062 4033 2115 4087 in

518 4110 792 4182 plerisque
819 4103 952 4166 mss.
976 4103 1190 4165 diversa
1220 4105 1547 4182 phbasi,_sed
1577 4104 1781 4182 absque
1806 4103 1917 4182 ullo
1947 4104 2118 4182 bisao-

517 4175 613 4237 ria:
661 4175 985 4238 detrimento
1017 4175 1264 4249 proponi.
1298 4178 1486 4235 Lectio
1517 4175 1723 4248 prohi3i
1777 4177 1916 4249 apud
1949 4175 2117 4231 Mom-

517 4253 736 4310 britium
767 4254 832 4308 ad
862 4270 965 4308 ms.
992 4248 1314 4308 Remensem
1346 4251 1662 4320 plerumqqe
1689 4248 1920 4303 accedit.

591 4323 667 4394 (b)
697 4325 854 4394 Apud
885 4325 1247 4379 Mombritium
1278 4318 1810 4394 perperamTuscite.

592 4390 662 4468 (ε)
693 4390 869 4458 Cave,
915 4411 984 4451 ne
1019 4412 1080 4451 ex
1124 4396 1222 4450 hac
1250 4390 1391 4468 voce
1420 4393 1695 4468 coaluimus
1726 4394 1986 4468 scriptum
2016 4390 2113 4468 ali-

516 4463 653 4538 quid
685 4478 810 4524 ante
853 4468 1182 4523 Coronatum
1230 4465 1508 4522 existimes
1550 4465 1616 4538 de
1648 4463 1882 4538 Zenonis
1911 4463 2112 4534 gestis,

519 4533 660 4594 unde
685 4540 752 4606 is,
785 4557 905 4611 qua:
933 4539 1128 4611 litteris
1149 4537 1503 4609 consignavit,
1537 4536 1786 4611 ebiberit_.
1816 4533 2115 4611 Namprae-

518 4605 765 4683 tAerquam
804 4605 952 4681 aliud
1001 4611 1264 4683 incertum
1295 4605 1398 4683 ,ᾔει
1441 4625 1508 4664 an
1543 4608 1630 4663 hic
1664 4607 1916 4683 prologus
1946 4605 2117 4683 ipsius

516 4677 772 4738 Coronati
822 4677 911 4748 sit,
963 4695 1086 4736 cum
1131 4681 1185 4735 in
1231 4680 1350 4734 aliis
1398 4696 1528 4734 mss.
1569 4690 1624 4735 et
1652 4678 1812 4734 editis
1847 4677 1979 4732 nihil
2009 4678 2116 4733 tale

516 4753 744 4822 legatur.
781 4753 1056 4809 coaluimus
1097 4769 1194 4821 pro
1221 4753 1584 4822 descripsimus
1625 4767 1686 4805 ex
1722 4751 1951 4804 barbaro
1981 4765 2116 4817 quo-

2221 3427 2286 3482 ad
2316 3443 2408 3493 se;
2450 3435 2505 3482 et
2545 3428 2613 3482 ita
2657 3427 2858 3494 alacer,
2904 3436 2963 3482 ut
3008 3443 3134 3483 mox
3173 3428 3386 3483 relictis
3415 3427 3572 3483 idolis
3605 3425 3801 3481 Domino

2221 3522 2347 3579 .lesu
2373 3520 2590 3576 Christo
2624 3521 2934 3577 crederent.

2296 3615 2381 3670 lll.
2431 3614 2534 3670 Per
2575 3613 2716 3670 idem
2759 3629 2890 3669 vero
2936 3621 3150 3685 tempus
3193 3629 3321 3670 cum
3359 3615 3517 3685 juvta
3563 3614 3802 3669 civitatem

2225 3708 2518 3773 Veronam,
2557 3723 2678 3777 quae
2707 3707 2761 3761 in
2811 3706 3117 3778 propinquo
3165 3717 3290 3763 erat
3322 3709 3538 3776 itinere,
3583 3717 3633 3763 et
3675 3717 3804 3773 egre-

2224 3801 2405 3857 diente
2449 3799 2639 3856 eodem
2687 3799 2805 3855 viro
2844 3816 2874 3855 a
2919 3801 3286 3869 monasterio,
3335 3801 3393 3857 in
3441 3801 3606 3857 ﬂuvio
3644 3794 3808 3854 Athesi

2222 3977 2357 4024 mus,
2389 3977 2542 4033 quam
2569 3961 2735 4016 tacitis
2777 3959 3048 4033 virtutibus
3072 3961 3183 4027 eius
3201 4002 3215 4023 ,
3250 3962 3392 4016 unde
3419 3961 3675 4033 quondam
3703 3955 3811 4033 satis

2224 4028 2491 4095 micuerat,
2521 4032 2825 4104 ignorantia:
2848 4032 3064 4087 tenebris
3103 4033 3357 4087 habeatur
3398 4028 3662 4088 obscurus.
3707 4028 3810 4104 Sci:

2224 4121 2336 4160 mus
2381 4098 2590 4175 quippe,
2639 4118 2754 4158 eum
2803 4104 3114 4159 Sanctorum
3161 4106 3318 4160 coetui
3350 4108 3482 4175 jure
3526 4103 3707 4166 deberi,
3735 4098 3812 4175 sed

2222 4172 2581 4246 multomagis
2609 4176 2851 4248 humanis
2876 4175 3128 4248 obsequiis
3158 4172 3440 4241 honorari,
3473 4195 3589 4231 cum
3621 4172 3815 4248 populo-

2222 4265 2336 4301 rum
2364 4248 2642 4302 intellectui
2668 4249 2783 4318 ejus
2827 4247 2967 4318 facta
2995 4246 3190 4319 scripta
3220 4248 3446 4319 fuerint,
3479 4265 3595 4318 aure
3623 4246 3814 4300 debeant

2222 4320 2448 4373 recitari.

2292 4392 2376 4460 (ά)
2431 4390 2559 4446 Haec
2601 4389 2738 4460 apud
2781 4389 3083 4460 Ughellium
3135 4391 3342 4447 desunt
3379 4411 3391 4446 :
3426 4392 3626 4447 similia
3659 4399 3814 4440 tamen

2217 4463 2357 4534 apud
2391 4463 2526 4534 alios
2577 4463 2847 4530 leguntur,
2880 4479 3000 4534 qua:
3047 4464 3248 4519 nemini
3303 4465 3476 4521 docto
3522 4472 3814 4534 persuasum

2221 4533 2283 4588 iri
2317 4533 2658 4588 conﬁdimus.

2292 4606 2361 4672 (e)
2391 4603 2770 4678 Monasterium
2804 4604 2927 4673 hoc,
2959 4605 3026 4662 de
3056 4623 3162 4678 quo
3189 4607 3403 4676 pluries
3435 4606 3660 4663 inferius
3691 4618 3820 4678 men-

2222 4677 2295 4732 tio
2325 4678 2436 4738 liet,
2467 4679 2509 4730 si
2539 4673 2814 4732 CorOnato
2841 4673 3168 4734 credendum
3190 4673 3302 4742 sit,
3338 4680 3534 4734 multis
3560 4673 3818 4733 monachis

2221 4765 2323 4802 una
2351 4763 2472 4802 cum
2503 4749 2559 4801 8.
2599 4746 2866 4818 Episcopo
2893 4748 3228 4819 degentibus
3262 4755 3530 4818 l‘requcns
3561 4760 3695 4804 erat.
3729 4747 3822 4799 .lloo

517 4819 642 4881 dam
672 4825 921 4896 loquendi
951 4819 1152 4896 genuere
1177 4819 1407 4896 positum
1435 4823 1666 4886 videtur,
1694 4832 1751 4876 ut
1769 4831 2115 4896 est-ontexm
2146 4819 2194 4878 D
2222 4821 2456 4896 basteria
2484 4826 2672 4896 autem
2686 4836 2806 4875 cum
2835 4836 2940 4875 non
2968 4822 3066 4876 nisi
3091 4825 3523 4896 quartosaaculo
3551 4821 3818 4892 coeperint,

517 4897 697 4968 colligi
730 4891 926 4966 potest.
954 4891 1222 4952 Caeterum
1255 4893 1308 4948 in
1344 4895 1606 4968 protemio
1640 4893 1781 4960 apud
1806 4891 2113 4968 Ughellium

519 4965 909 5023 tomfv’ltalize
953 4970 1157 5030 Sacrae,
1191 4981 1308 5035 pag.
1351 4965 1478 5027 680,
1507 4965 1608 5018 alia
1643 4979 1868 5034 prorsus
1907 4967 2115 5019 ratione

520 5039 652 5093 nihil
681 5039 940 5101 scriptum
975 5039 1149 5108 palam
1180 5036 1447 5108 proditur,
1481 5036 1581 5108 nisi
1625 5037 1677 5090 in
1709 5037 1890 5105 populi
1921 5035 2115 5108 menti-

521 5110 640 5172 bus,
674 5125 704 5164 e
728 5111 920 5180 quibus
946 5106 1154 5163 tantum
1178 5106 1350 5172 eruta,
1393 5106 1592 5180 seu(u_t
1622 5119 1919 5180 memorato
1948 5107 2113 5180 verbo

519 5174 760 5251 utamurj
793 5179 1304 5251 euoiutaapparent.
1342 5195 1462 5250 quae
1492 5174 1542 5232 in
1573 5178 1712 5233 banc
1743 5177 1913 5251 Vitam
1936 5174 2110 5251 Coro-

518 5261 675 5308 natns
701 5248 952 5320 coniecit.
1001 5248 1213 5320 Integra
1239 5248 1370 5321 ejus
1393 5253 1634 5320 pronunti
1687 5248 1847 5304 verba
1885 5248 1980 5321 hic
2017 5263 2116 5317 ap-

519 5325 828 5394 pendimus.
858 5339 978 5379 cum
1008 5320 1421 5391 prteterca’satis
1447 5322 1739 5394 insinuent,
1762 5320 2114 5394 confirment-

515 5391 644 5467 que,
670 5411 790 5466 qua:
815 5395 940 5449 alibi
964 5394 1218 5467 diximus,
1245 5395 1377 5450 nihil
1399 5393 1466 5448 de
1489 5393 1546 5448 8.
1572 5392 1805 5447 Zenonis
1829 5391 2114 5467 virtutibus

519 5461 788 5537 proditum
823 5469 1009 5534 fuisse,
1039 5466 1135 5521 sed
1164 5467 1231 5521 de
1259 5467 1532 5520 miraculis
1560 5471 1791 5527 tmtum,
1823 5461 1901 5537 de_
1919 5464 2114 5537 quibus

521 5532 700 5595 tamen
747 5540 858 5609 ipsa
889 5532 1004 5594 sola
1033 5537 1208 5609 populi
1242 5537 1502 5592 memoria
1530 5545 1829 5609 supererat.
1861 5532 2112 5609 B_.'Zeuo-

520 5611 597 5664 nis
634 5605 997 5665 Veronutsinm
1037 5605 1312 5669 Praesulis,
1343 5609 1459 5661 licet
1500 5607 1672 5660 onmia
1700 5605 1970 5665 miracula,
1999 5607 2112 5674 qui-

518 5679 610 5735 bus
635 5682 844 5743 ciaruit.
885 5679 1057 5737 idonei
1089 5697 1190 5735 non
1233 5679 1552 5734 inueniamur
1583 5694 1729 5749 posse
1755 5677 1895 5749 vobis
1922 5689 2109 5730 narra-

521 5752 652 5806 tione
689 5754 886 5808 tradere
915 5753 1238 5824 competenti,
1275 5751 1435 5821 mugis
1461 5765 1636 5824 tamen,
1670 5760 1723 5802 ut
1750 5748 2112 5824 videreturbra-

520 5831 626 5876 tum
667 5834 759 5892 est,
794 5835 843 5878 ut
872 5819 1118 5881 sermonis
1146 5819 1520 5891 alienati—serie,
1567 5821 1743 5891 aliqua
1782 5836 1844 5876 ca:
1872 5836 1930 5875 co
1969 5819 2110 5874 dica-

2221 4891 2447 4964 Gallieni
2482 4891 2711 4964 imperio
2743 4908 2847 4946 non
2878 4893 3229 4949 conveniunt.
3265 4893 3466 4964 Neque
3499 4891 3700 4950 vero’tv
3727 4903 3819 4944 ειυ-

2219 4963 2343 5035 culo
2390 4964 2446 5018 8.
2496 4963 2767 5018 Zenonem
2818 4965 2868 5018 in
2923 4968 3256 5020 monasterio
3289 4966 3519 5035 degisse
3569 4974 3820 5035 putamus.

2218 5033 2370 5090 Licet
2400 5037 2542 5088 enim
2580 5035 2864 5089 mulierum
2898 5037 3290 5091 monasterium
3345 5033 3582 5092 νενομιιέ
3626 5036 3674 5091 id
3707 5044 3824 5087 tem-

2221 5109 2367 5174 poris
2395 5120 2492 5177 per
2520 5105 2792 5177 Zenonem
2819 5105 2978 5162 fuerit
3004 5109 3308 5164 conditum.
3337 5109 3420 5164 uti
3452 5106 3828 5166 disSertatione

2219 5193 2297 5243 ιιι,
2323 5175 2442 5245 cap.
2479 5193 2517 5240 ι,
2551 5175 2660 5248 §5.
2719 5179 3053 5233 ostendimus
3085 5197 3098 5232 :
3130 5179 3265 5233 nihil
3315 5191 3505 5237 tamen
3535 5187 3604 5236 de.
3632 5191 3828 5233 monas-

2219 5256 2355 5304 terto
2398 5250 2636 5304 virorum
2685 5249 2946 5324 traditum
2972 5253 3300 5324 accepimus
3337 5271 3352 5304 :
3396 5267 3504 5308 nec
3545 5251 3828 5324 Episcopus

2222 5328 2494 5391 tamquam
2541 5320 2850 5393 nnmasterii
2888 5321 3148 5377 Abbatetn
3177 5337 3234 5377 se
3263 5326 3543 5393 gessisse,
3585 5320 3679 5378 sed
3721 5335 3830 5374 cum

2219 5408 2318 5447 suo
2363 5393 2509 5446 clero
2557 5391 2623 5446 ad
2652 5408 2920 5447 smmnum
2969 5394 3244 5464 exstitisse
3274 5391 3394 5449 dici
3426 5405 3629 5464 potest.
3661 5394 3831 5455 Neque

2216 5475 2453 5534 opponat
2483 5465 2624 5532 quis,
2660 5465 2711 5518 in
2744 5465 2893 5519 Actis
2925 5463 3024 5522 SS.
3057 5465 3222 5520 Firmi
3248 5477 3307 5520 et
3339 5461 3560 5522 Rustici
3591 5472 3833 5520 monastc'

2218 5535 2283 5588 rii
2310 5549 2431 5590 esse
2484 5535 2832 5594 mentionem.
2869 5538 2919 5590 in
2946 5552 3054 5605 quo
3097 5536 3155 5593 S.
3201 5537 3482 5593 Proculus
3514 5539 3575 5595 8.
3611 5534 3835 5593 Zenonis

2221 5605 2589 5676 prmdecesstir
2619 5609 2719 5660 sub
2743 5607 2911 5676 ipsam
2941 5607 3262 5664 Diocletiani
3287 5621 3344 5664 et
3377 5609 3694 5666 Maximiani
3723 5619 3835 5673 per-

2218 5679 2550 5733 secutiOnem
2582 5678 2824 5734 latitasse
2849 5680 3094 5748 proditttr
3128 5699 3140 5734 :
3176 5696 3303 5735 nam
3339 5681 3416 5738 ibt
3449 5679 3835 5739 Ilionasterlum

2222 5749 2396 5822 locum
2448 5757 2716 5804 remotum
2764 5750 3049 5820 signiﬁcat,
3084 5751 3136 5807 in
3181 5767 3294 5822 quo
3341 5768 3491 5808 unus
3539 5753 3834 5810 Solitariam

2222 5820 2382 5875 vitam
2435 5821 2683 5892 exigebat
2731 5840 2744 5877 :
2805 5840 2963 5894 quam
3019 5820 3305 5896 antiquam
3375 5825 3837 5898 signiﬁcationem
