3894 6322
482 351 593 407 9.θῖ

424 444 437 461 ’
481 478 643 537 quam
672 460 845 533 capite
874 471 973 517 suo
1019 450 1300 526 gestabat,
1332 454 1521 503 sancto
1559 441 1841 501 Sacerdoti
1872 440 2072 497 obtulit

484 536 669 614 dicens
695 570 707 608 :
738 550 855 609 Tali
883 549 1111 613 medico,
1140 544 1230 618 qui
1258 556 1444 597 sanam
1471 540 1680 594 unicam
1709 536 1871 592 tiliam
1897 547 2074 590 meam

482 650 738 715 restituit,
773 644 928 701 nullis
961 638 1078 698 aliis
1110 634 1428 695 muneribus
1458 632 1671 703 placere
1700 641 1939 701 possum,
1972 624 2076 679 nisi

480 743 530 799 ei
572 742 772 812 ipsam,
831 750 989 808 quam
1031 731 1241 797 habeo,
1294 740 1549 784 coronam
1595 718 1769 779 meam
1827 718 2073 775 offerant.

477 810 629 901 Quod
671 829 867 884 factmn
904 826 1031 881 dum
1080 828 1386 896 gereretur,
1432 817 1621 873 videns
1664 810 1951 870 multitudo
1985 825 2080 881 po-

477 924 612 997 puli,
644 924 733 994 qui
758 919 826 977 ad
849 918 1106 992 palatium
1131 920 1488 979 convenerat,
1514 910 1581 965 ab
1609 922 1793 964 errore
1816 918 2074 961 conversa

475 996 660 1087 gentili
710 1008 1059 1069 crediderunt
1112 1008 1167 1063 in
1221 1005 1495 1063 Christum
1552 1000 1735 1058 Jesum
1790 996 2076 1053 Dominum

478 1118 747 1173 nostrum,
780 1113 1027 1176 petentes
1058 1097 1408 1159 Sacerdotem
1439 1094 1637 1149 Christi
1670 1101 1726 1146 ut
1751 1090 2080 1146 docerentur

476 1202 618 1258 viam
647 1201 859 1267 salutis,
888 1207 943 1253 et
986 1195 1313 1267 baptismum
1343 1192 1396 1248 in
1426 1187 1802 1245 remissionem
1833 1182 2080 1255 percipe-

474 1306 600 1352 rent
629 1302 993 1366 peccatorum.
1047 1293 1111 1345 At
1145 1288 1237 1344 ubi
1275 1285 1540 1343 Sacerdos
1581 1281 1791 1352 accepit
1820 1290 2075 1334 coronam

476 1386 842 1457 imperatoris,
874 1384 1055 1439 statim
1086 1379 1357 1436 distribuit
1390 1374 1715 1448 pauperibus
1758 1371 1986 1427 dicens:
2021 1368 2077 1426 Si

476 1478 739 1535 Dominus
766 1485 1023 1549 operatur
1065 1472 1309 1535 excelsa.
1350 1472 1453 1541 ipsi
1494 1467 1757 1524 referatur
1799 1475 1852 1520 et
1882 1463 2074 1535 gloria.

544 1569 657 1627 VII.
711 1568 806 1625 llis
835 1569 909 1624 ita
939 1567 1104 1639 gestis
1138 1564 1290 1635 petiit
1314 1561 1663 1618 beatissimus
1702 1556 1878 1622 Zeno,
1930 1562 1989 1609 ut
2026 1551 2077 1607 ei

475 1663 691 1720 licentia
722 1662 1070 1729 tribueretur,
1124 1657 1303 1715 omnia
1350 1654 1492 1710 idola
1537 1648 1874 1717 destruendi,
1920 1657 1975 1705 et
2020 1645 2074 1701 in

394 1756 399 1761 ’
475 1757 674 1813 Christi
718 1754 943 1813 nomine
970 1752 1226 1810 ecclesias
1264 1745 1580 1805 fabricandi.
1610 1744 1778 1815 Cujus
1821 1739 2075 1813 precibus

477 1848 701 1923 [cum]
730 1846 846 1922 (17)
880 1845 1152 1918 adquievit
1178 1845 1472 1911 imperator
1493 1836 1778 1901 omnibus,
1813 1831 1927 1905 (l8)
1958 1845 2077 1902 qua:

474 1943 565 1998 Hie
584 1949 930 2014 poposcerat.
956 1937 1085 1993 Post
1098 1936 1216 1993 hare
1230 1936 1503 2005 ingressus
1523 1929 1793 1988 Sacerdos
1808 1926 2075 1982 Veronam

471 2039 744 2094 civitatem
775 2034 1081 2105 intrepidus
1138 2029 1468 2102 praedicabat
1516 2024 1568 2080 in
1610 2021 1815 2079 Christi
1855 2020 2076 2075 nomine

470 2130 718 2195 verbum,
749 2138 809 2183 ut
835 2126 1036 2182 diaboli
1069 2123 1209 2180 idola
1236 2122 1672 2182 destruercntur,
1706 2124 1761 2170 et
1792 2114 1844 2167 in
1871 2111 2075 2167 Christi

474 2223 694 2278 nomine
735 2225 1181 2275 construerentttr
1211 2212 1478 2269 ecclesiae.
1512 2210 1631 2275 Quo
1665 2206 1807 2260 facto
1838 2202 2078 2259 multitu-

474 2316 545 2372 do
570 2315 749 2387 populi
782 2327 1117 2385 paganorum
1148 2308 1379 2364 saeviens
1408 2306 1747 2360 incessanter
1775 2299 1988 2370 agebat,
2020 2305 2077 2352 ut

471 2400 920 2479 impedimentum
963 2402 1163 2459 Christi
1195 2400 1424 2455 famulus
1456 2404 1750 2469 pateretur.
1793 2392 1901 2448 Sed
1932 2392 2073 2463 vigi-

473 2501 593 2556 lans
629 2500 684 2555 in
727 2498 839 2554 suis
878 2496 1050 2553 servis
1096 2493 1346 2549 Christus
1392 2489 1649 2545 vincebat
1699 2485 2071 2552 mendacium,

471 2593 617 2665 quod
640 2607 771 2664 pura
798 2591 934 2648 ﬁdes
959 2589 1177 2646 tenebat
1229 2584 1281 2641 in
1313 2584 1477 2642 corde
1511 2581 1644 2659 (sic).

545 2686 679 2743 Vlll.
722 2683 984 2742 Perfeetis
1017 2683 1179 2754 igitur
1208 2678 1292 2735 his
1315 2679 1508 2749 agebat
1552 2675 1808 2732 salutaria
1843 2688 1939 2744 pro
1970 2687 2069 2742 po-

470 2783 579 2855 puli
613 2781 1036 2844 intercessione,
1070 2773 1212 2847 quod
1259 2773 1326 2830 ab
1358 2774 1576 2828 ineunte
1604 2778 1763 2826 aetate
1793 2769 1846 2824 in
1869 2765 2073 2823 Christi

468 2891 656 2933 amore
706 2874 896 2931 solitus
945 2880 1081 2927 erat.
1121 2870 1221 2936 Qui
1254 2868 1379 2923 dum
1422 2866 1529 2922 hoc
1558 2866 1821 2920 instanter
1851 2869 2069 2934 ageret,

476 2970 569 3025 Dei
616 2967 895 3023 voluntate
924 2978 1031 3019 nou
1065 2962 1234 3018 multo
1278 2969 1401 3031 post
1432 2970 1682 3026 receptus
1710 2957 1762 3012 in
1803 2971 1933 3026 pace
1962 2964 2068 3012 est.

473 3063 541 3118 Et
569 3062 690 3133 quia
719 3060 772 3115 in
802 3055 1077 3112 miraculis
1104 3054 1251 3108 omni
1282 3052 1485 3123 populo
1516 3051 1710 3107 claruit
1736 3093 1749 3117 ,
1784 3050 1836 3103 in
1866 3048 2071 3105 honore

474 3157 569 3213 Dei
601 3163 655 3212 et
700 3154 750 3208 iu
784 3152 956 3223 ipsius
1008 3150 1181 3204 saneti
1237 3145 1549 3204 Sacerdotis
1578 3143 1694 3217 (i9)
1732 3143 1947 3216 quidam
1997 3157 2067 3197 ex

479 3262 676 3325 genere
704 3247 938 3306 Gallieni
977 3245 1103 3303 fecit
1136 3254 1324 3300 sancto
1353 3241 1555 3297 nomini
1589 3239 1758 3311 ipsius
1792 3236 2069 3293 basilicam

472 3344 614 3400 haud
644 3340 834 3414 procul
879 3356 908 3396 a
958 3337 1141 3404 ﬂuvio,
1191 3336 1281 3393 ubi
1312 3351 1452 3391 nttne
1479 3343 1720 3390 sanctum
1751 3330 1917 3403 ipsius
1945 3345 2069 3386 cor—

472 3453 573 3511 pus
614 3435 924 3510 requiescit,
950 3432 1229 3505 quietiam
1255 3427 1585 3485 venerabilis
1612 3424 1761 3482 locus
1790 3426 1841 3480 in
1871 3422 2070 3480 Christi

471 3534 692 3590 nomine
712 3529 989 3587 miraculis
1014 3535 1283 3583 coruscat.

544 3624 638 3682 IX.
672 3624 802 3680 Post
832 3637 962 3678 vero
993 3619 1205 3691 aliquod
1253 3630 1463 3689 tempus
1501 3614 1643 3687 apud
1689 3613 1933 3672 eamdem
1968 3611 2070 3669 Vc—

472 3731 763 3775 ronensem
811 3713 1000 3769 urbem
1046 3726 1169 3767 cum
1206 3708 1321 3782 (20)
1353 3709 1440 3763 die
1494 3706 1681 3765 Sancti
1728 3707 1954 3761 uatalitii
1987 3706 2068 3776 ip-

476 3813 590 3869 sius
617 3809 815 3866 devote
846 3806 1078 3877 populus
1104 3818 1208 3858 una
1239 3817 1362 3857 cum
1394 3801 1542 3856 clero
1568 3801 1651 3854 vel
1696 3798 2074 3855 sacerdotibus

475 3903 550 3960 ad
571 3901 855 3957 Missarum
882 3887 1146 3952 solemnia
1175 3893 1582 3956 convenissent,
1603 3888 1797 3944 ﬂuvius
1828 3888 2070 3954 Athesis,

474 3997 563 4052 ubi
592 4007 757 4065 super
796 3990 969 4060 ripam
1024 3986 1145 4058 ejus
1189 3983 1527 4040 reconditum
1572 3995 1693 4037 esse
1740 3977 2076 4051 dignoscitur

473 4104 671 4159 corpus
698 4127 711 4149 .
759 4083 938 4140 subito
985 4088 1129 4135 tanta
1162 4076 1515 4133 inundatione
1542 4074 1819 4140 excrevit,
1848 4084 1910 4127 ut
1936 4086 2076 4143 aqua

471 4179 709 4239 ﬂuminis
732 4191 909 4249 usque
946 4174 1013 4229 ad
1040 4171 1343 4235 fenestras,
1387 4169 1473 4225 vel
1505 4177 1703 4224 tectum
1735 4165 2070 4222 ascenderet.

470 4372 621 4434 bant,
670 4363 739 4421 de
783 4375 893 4431 quo
931 4357 1051 4415 vide
1080 4354 1350 4411 laudatam
1394 4353 1828 4411 dissertationem
1860 4368 1897 4421 ι,
1944 4367 2063 4423 cap.

513 4437 673 4585 ’(gt'i‘).
705 4505 1065 4585 Ethnicumno
1116 4501 1524 4585 imperatorem,
1549 4497 1673 4552 huic
1728 4480 1817 4551 rei
1850 4495 2069 4585 acquie:

473 4564 617 4640 vis‘se
643 4564 915 4636 leredibile
943 4578 1066 4632 est?
1116 4564 1373 4629 Fabulam
1425 4569 1619 4637 eodem
1666 4564 1999 4640 paragrapho
2031 4564 2067 4622 4

475 4653 831 4713 ostendimus.

548 4722 663 4798 (ts)
707 4719 950 4798 Itaupud
981 4715 1377 4798 lltinsclienium
1409 4711 1795 4798 :‘in'Remensi
1823 4711 1980 4798 quod.

546 4783 661 4869 (19)
705 4783 927 4869 Quidum
969 4805 1032 4843 ex
1076 4787 1381 4869 Mombritio
1406 4795 1457 4839 et
1488 4783 1830 4869 He'ns'ehenio
1856 4783 2057 4869 addere

476 4855 864 4927 necesse'l'nit;
893 4876 1120 4929 quorum
1166 4867 1468 4929 postremus
1512 4856 1577 4909 ad
1618 4855 1732 4910 h-t-e
1765 4856 2055 4929 veritatiu-

475 4923 553 4996 tat
586 4957 598 4993 :
639 4958 657 4991 ο
699 4937 770 4991 Ita
803 4923 1055 5006 plenaque
1082 4923 1213 5006 mss.
1245 4927 1469 4993 Quidum
1498 4942 1779 5006 eag‘genere
1815 4923 2057 4991 Gult’ieni,

477 5022 588 5077 aut,
646 4998 867 5077 Quidum
918 4998 1098 5058 timens
1153 4999 1314 5053 Deum
1367 5014 1493 5077 cuin
1541 4998 1876 5077 hlettbri‘tnn,
1920 5004 2057 5077 aut,

477 5065 699 5149 Quidam
727 5077 1073 5149 nobilissimus
1122 5088 1184 5125 ea:
1219 5068 1696 5149 generenG-uilieni.
1724 5070 1815 5149 ᾼι.
1835 5065 2059 5149 Ugltellii

473 5137 755 5223 exemplar
783 5161 837 5204 et
870 5148 1082 5201 unicum
1119 5137 1239 5198 ιιιε.⁷
1263 5158 1353 5196 νεῖν
1402 5138 1669 5223 Galli-enus
1718 5139 1834 5221 fecit
1864 5137 2062 5223 βωλᾶς.

471 5208 602 5279 cant.
620 5208 974 5286 {ﬂuuntque
998 5227 1176 5270 autem
1210 5228 1457 5286 paratque
1486 5208 1823 5286 l'alsnnt,sive
1844 5209 1912 5265 de
1937 5208 2062 5286 Gal-

470 5296 616 5351 lieno
644 5280 990 5359 imperatore,
1008 5287 1118 5359 sive
1147 5280 1223 5341 de
1243 5280 1433 5359 aliquo
1451 5282 1694 5353 ejusdem
1715 5280 2060 5359 Imperatoris

471 5351 877 5435 Consanguineo
917 5351 986 5414 id
1012 5358 1211 5435 factum
1269 5351 1531 5435 accipiqs,
1571 5369 1694 5435 eum
1728 5367 1918 5435 ontttes
1945 5351 2060 5435 ejus

476 5422 757 5510 propinqui
792 5436 909 5510 ipso
937 5433 1202 5510 exstincto
1232 5422 1407 5481 necati
1453 5424 1683 5493 fuerint,
1718 5434 1776 5479 ut
1808 5422 2061 5479 Aurelius

477 5500 658 5565 Victor
685 5500 963 5561 mettiOriae
993 5500 1244 5571 prodidit.

540 5581 656 5654 ('20)
696 5565 1032 5654 Membritius
1079 5570 1446 5654 etrUghe‘llius
1489 5569 1571 5623 die
1619 5578 1795 5623 sancto
1832 5565 2053 5654 Notati,

473 5640 845 5707 lle‘nschenitts
875 5647 958 5701 die
1011 5653 1188 5700 sancto
1220 5640 1491 5696 Natalium
1538 5654 1557 5695 :
1610 5655 1762 5694 error
1814 5648 2052 5707 apertus,

472 5742 592 5778 ('lltlt
675 5724 901 5778 Sanctus
962 5717 1257 5786 Episcopus
1322 5714 1533 5786 obterit»
1567 5710 1656 5766 die
1700 5710 1766 5765 i2
1810 5708 2049 5786 Aprilis,

473 5797 573 5849 hoc
602 5804 781 5848 autem
824 5781 1138 5847 miraculum
1162 5781 1366 5842 'mense
1395 5784 1601 5841 octobri
1632 5781 1952 5853 contigerit,
1985 5781 2053 5837 de

469 5882 575 5938 quo
626 5865 777 5936 plura
825 5862 878 5916 iu
924 5860 1137 5915 dissert.
1169 5859 1237 5925 ὅ,
1279 5873 1397 5927 cap.
1448 5856 1500 5924 l,
1535 5854 1562 5927 θ
1595 5852 1651 5910 4.
1700 5850 1756 5910 In
1787 5850 2050 5925 'margine

1836 318 2376 384 PROLEGOMENA.

3639 310 3713 369 ΞΜ

2100 440 2147 499 Α
2175 434 2338 506 Cujus
2363 432 2610 491 ecclesize
2635 430 2762 487 dum
2778 436 2959 487 essent
2979 429 3158 501 janure
3176 434 3398 499 apertae,
3423 439 3550 497 aqua
3568 424 3614 482 in
3630 444 3712 482 eam

2166 526 2403 581 minime
2430 524 2677 587 intravit,
2708 524 2897 593 sicque
2925 531 3076 576 stans
3101 534 3238 591 aqua
3266 519 3511 575 ecclesize
3545 517 3709 589 jauuant

2181 618 2409 685 clausit,
2440 632 2505 674 ac
2535 617 2580 673 si
2606 614 2738 672 illud
2776 614 3102 671 elementum
3145 610 3409 682 liquidum
3443 607 3496 664 io
3534 610 3714 665 solidita-

2183 723 2289 770 tem
2318 710 2545 783 parietis
2582 709 2774 766 fuisset
2814 710 3177 764 immutatum.
3206 700 3363 771 Quod
3395 703 3548 758 etiam
3572 700 3714 758 laetum

2181 806 2371 863 videns
2414 805 2643 877 pepulus
2668 802 3029 860 admiratione
3056 796 3516 872 comprehensus,
3542 797 3615 865 qui
3641 796 3715 852 illic

2181 902 2248 959 ad
2306 903 2568 958 honorem
2598 900 2696 958 Dei
2745 909 2800 957 et
2844 899 3017 956 sancti
3061 895 3375 955 Sacerdotis
3412 906 3715 963 convenerat,

2182 996 2324 1053 fame
2367 996 2566 1067 sitique
2593 1011 2652 1052 se
2681 996 2862 1067 perire
2887 992 3243 1052 acclamabat.
3283 992 3418 1048 Cum
3447 1004 3566 1061 ergo
3588 998 3717 1046 essent

2183 1090 2338 1147 multi
2367 1090 2599 1147 interius
2646 1088 2886 1156 inventi,
2940 1096 2996 1144 et
3026 1100 3286 1159 aquarum
3327 1080 3640 1140 multitudine
3658 1096 3720 1138 ec-

2181 1184 2348 1239 clesia
2392 1183 2569 1237 onmis
2614 1180 2983 1248 circumdata,
3018 1189 3073 1236 et
3122 1178 3224 1249 ipsi
3278 1179 3332 1234 in
3381 1192 3537 1250 quam
3566 1182 3720 1249 possint

2183 1283 2392 1345 partem
2424 1273 2605 1345 egredi
2630 1288 2739 1329 non
2767 1271 3064 1337 haberent,
3098 1270 3281 1343 ibique
3315 1285 3375 1326 se
3420 1269 3504 1325 siti
3543 1279 3589 1324 et
3619 1267 3720 1325 fame

2182 1366 2415 1424 deficere
2445 1365 2805 1423 formidarent
2830 1380 2845 1433 ;
2880 1364 2946 1421 ad
2971 1366 3217 1422 ecclesia:
3243 1364 3466 1435 januam
3496 1363 3721 1419 veniebant

2180 1463 2248 1519 ad
2280 1462 2595 1530 bibendum,
2626 1461 2949 1518 hauriebant
2978 1476 3172 1532 aquam
3194 1502 3209 1526 ,
3235 1472 3360 1531 qua:
3383 1501 3400 1527 ,
3431 1466 3485 1513 ut
3511 1457 3718 1529 praedixi,

2181 1572 2351 1630 usque
2377 1557 2444 1613 ad
2474 1555 2741 1613 fenestras
2772 1564 3120 1619 excreverat,
3153 1562 3206 1609 et
3233 1563 3412 1608 tamen
3449 1552 3576 1606 intra
3596 1549 3721 1605 eccle

2180 1653 2315 1708 siam
2365 1651 2511 1708 nullo
2541 1650 2703 1707 modo
2730 1649 3031 1706 difﬂuebat.
3084 1646 3296 1703 Ilauriri
3330 1648 3507 1719 itaque
3546 1654 3596 1700 ut
3616 1660 3714 1711 aqua

2180 1754 2424 1818 poterat,
2467 1745 2560 1800 sed
2606 1743 2857 1800 diflluere
2902 1751 2960 1798 ut
3010 1757 3150 1815 aqua
3199 1758 3303 1796 non
3338 1749 3561 1809 poterat.
3600 1738 3719 1793 Stans

2109 1824 2153 1891 B
2184 1848 2364 1895 autem
2396 1846 2522 1894 ante
2547 1837 2769 1908 januam
2801 1834 2870 1892 ad
2912 1833 3307 1891 ostendendum
3359 1833 3561 1889 cunctis
3600 1830 3722 1886 meri-

2180 1944 2295 1989 tum
2334 1932 2679 1989 Confessoris
2706 1973 2720 1997 ,
2771 1939 2824 1987 et
2870 1946 3006 2003 aqua
3058 1939 3177 1985 erat
3226 1927 3294 1983 ad
3339 1925 3723 1999 adjutoriutn,et

2180 2024 2333 2094 quasi
2366 2040 2502 2096 aqua
2534 2039 2640 2078 non
2668 2033 2784 2079 erat
2822 2022 2889 2077 ad
2922 2019 3284 2077 invadendum
3314 2020 3507 2075 locum.
3542 2018 3599 2073 Et
3631 2014 3722 2070 dum

2179 2127 2325 2174 tanta
2354 2126 2498 2174 esset
2519 2115 2805 2173 inundatio
2834 2131 3010 2187 aqum,
3046 2116 3195 2171 velut
3225 2130 3414 2170 murus
3441 2113 3722 2183 circumqua-

2177 2225 2282 2281 que
2312 2209 2559 2265 ecclesia:
2588 2216 2803 2265 erectus
2830 2217 2949 2264 erat
2971 2250 2985 2274 ,
3020 2216 3077 2263 et
3102 2208 3248 2263 intus
3270 2221 3413 2278 aqua
3451 2202 3722 2260 minimeinc

2176 2302 2545 2375 gredicbatur.
2591 2303 2802 2371 Quanta
2834 2304 2979 2358 enim
3026 2312 3278 2373 putamus
3307 2300 3477 2355 virtus
3515 2297 3724 2354 orationis

2179 2394 2426 2471 [CLXVIII]
2481 2395 2650 2467 ipsius
2701 2395 2844 2467 apud
2892 2394 3062 2453 Deum
3094 2395 3345 2453 obtinere
3377 2401 3721 2465 poterat,ctun

2177 2497 2233 2545 et
2260 2504 2396 2560 aqua
2426 2488 2478 2543 in
2516 2490 2697 2561 specie
2731 2489 2865 2544 muri
2897 2497 3076 2544 erecta
3101 2500 3247 2555 erat,
3281 2498 3337 2545 et
3364 2486 3564 2558 ingredi
3592 2486 3723 2541 locum

2176 2584 2545 2639 venerabilem
2572 2599 2677 2638 non
2701 2582 2957 2638 audebat.
2983 2580 3139 2638 Unde
3155 2582 3401 2638 adcrevit
3422 2580 3673 2637 veneratio
3686 2588 3724 2632 et

2178 2675 2338 2731 timor
2385 2674 2530 2730 circa
2575 2672 2778 2730 Christi
2824 2671 3213 2741 Sacerdotem,
3274 2682 3333 2728 ut
3380 2673 3536 2729 etiam
3573 2668 3615 2726 sl
3647 2668 3724 2726 title

2176 2767 2385 2841 exigat,
2416 2767 2617 2825 inﬁrmi
2666 2763 3310 2834 curentur,'da:moniaci
3343 2768 3581 2833 veniant,
3616 2773 3659 2818 et
3680 2762 3724 2818 li-

2177 2860 2455 2917 bereutnr.
2492 2861 2560 2915 Et
2604 2860 2646 2915 si
2675 2859 2797 2931 quis
2845 2876 2908 2915 ex
2940 2874 3068 2915 vera
3109 2857 3216 2916 ﬁde
3252 2867 3497 2915 sanctum
3527 2858 3629 2927 ejus
3649 2870 3721 2910 no-

2176 2968 2299 3009 men
2344 2952 2707 3020 invneaverit,
2742 2953 2862 3010 sine
2898 2952 3065 3009 dubio
3090 2953 3206 3025 ejus
3233 2950 3477 3023 petitioni
3501 2951 3720 3006 annuitur.

2175 3044 2323 3100 Multi
2355 3046 2553 3102 etenim
2582 3044 2651 3101 de
2679 3046 2987 3117 longinquis
3016 3043 3331 3117 regionibus
3367 3046 3629 3100 venientes
3653 3040 3723 3096 ob-

2175 3152 2323 3193 sessa
2354 3137 2668 3194 infirmitate
2695 3140 2925 3209 corpora
2956 3137 3023 3193 ad
3058 3136 3175 3210 ejus
3216 3138 3558 3209 sepulchrum
3581 3135 3723 3206 jacen-

2097 3223 2143 3287 C
2176 3236 2259 3285 tes
2289 3244 2384 3300 per
2410 3229 2583 3300 ipsius
2622 3229 3078 3287 intercessionem
3126 3230 3194 3285 ad
3238 3230 3454 3301 propria
3480 3238 3590 3286 eum
3617 3225 3722 3283 sani-

2178 3330 2286 3376 tate
2314 3331 2370 3378 et
2396 3322 2592 3394 gaudio
2628 3332 2997 3389 revertuntur,
3049 3322 3166 3397 (‘21)
3214 3331 3502 3394 prtestante
3546 3320 3723 3376 Domino

2178 3423 2364 3471 nostro
2409 3413 2541 3472 .lesu
2571 3416 2816 3485 Christo,
2849 3417 2935 3471 cui
2965 3426 3051 3473 est
3090 3415 3264 3474 honor
3293 3425 3349 3474 et
3370 3417 3533 3490 gloria
3570 3417 3615 3471 in
3644 3428 3723 3470 sa:-

2174 3508 2296 3565 cula
2327 3510 2670 3566 stimulorum.
2700 3509 2898 3567 Amen.

2372 3692 2576 3767 [ccxxx]
2606 3690 2994 3751 RHYTHMUS
3046 3690 3137 3750 DE
3190 3693 3249 3751 S.
3303 3692 3567 3752 ΖΕΝΟΝΕ

2396 3835 2483 3893 Ea:
2527 3837 2701 3893 codice
2721 3835 3014 3910 Capitutari
3041 3838 3221 3894 διεσαιὶ
3251 3839 3455 3894 circiter
3486 3850 3555 3895 ιι.

2253 3976 2491 4033 Audiant
2515 3978 2599 4051 (1)
2624 3976 2913 4049 principes,
2950 3977 3170 4033 audiant
3196 3976 3415 4049 pepuli,

2321 4072 2533 4140 Quanta
2569 4082 2782 4142 peracta
2814 4081 2939 4128 sunt
2969 4071 3036 4127 de
3073 4072 3275 4130 Sancto
3305 4070 3549 4137 homine.

2323 4165 2536 4233 Quanta
2572 4164 2713 4220 Deus
2739 4164 2992 4220 concedit
3017 4162 3100 4235 (2)
3132 4164 3188 4218 in
3208 4179 3272 4220 se
3290 4162 3636 4220 credentibus.

2172 4367 2335 4422 porro
2368 4368 2467 4407 ms.
2500 4351 2783 4408 Remensls
2827 4352 2893 4407 ad
2920 4358 2923 4359 ⁷
2948 4353 3087 4408 hanc
3127 4353 3373 4411 miraculi
3400 4351 3716 4410 narrationem

2172 4421 2256 4479 ha:
2287 4434 2394 4479 tres
2425 4424 2620 4479 litterae
2659 4428 2917 4494 apposita:
2946 4435 3244 4481 cernuntur
3284 4444 3297 4479 :
3330 4426 3397 4482 (ὲ.
3432 4422 3496 4480 Ρ.
3526 4421 3580 4478 C.
3609 4424 3715 4494 linea

2172 4497 2395 4567 singulis
2437 4489 2759 4565 superducta
2804 4496 3331 4567 :quarnm_du:thus
3382 4489 3718 4567 primis

2173 4514 2395 4567 smgutts
2437 4514 2759 4565 superducta
2804 4514 2816 4548 :
2850 4514 3081 4566 quarum
3121 4514 3331 4553 (manus
3420 4514 3564 4553 rtmts
3586 4514 3642 4549 ιι.
3671 4514 3718 4544 r-

2173 4567 2477 4635 Gregorium
2522 4567 2724 4639 Pupam
2774 4561 3243 4639 significari'nihil
3295 4514 3604 4639 amﬁigimus
3638 4561 3722 4639 (de

2089 4669 2145 4728 D
2173 4639 2327 4728 tertia
2357 4636 2801 4728 alii'conjiciant)
2832 4636 2967 4722 cum
3013 4655 3081 4694 ex
3110 4639 3229 4710 ejus
3257 4636 3481 4728 dialogis
3534 4636 3719 4728 totidem

2130 4710 2315 4783 :satpe
2360 4710 2535 4764 verbis
2583 4726 2644 4783 ea
2701 4712 2938 4763 narratio
2983 4725 3243 4783 expressa
3291 4710 3720 4781 deprehendatur;

2160 4797 2286 4853 qum
2318 4792 2497 4854 tamen
2533 4781 2695 4837 verba
2721 4793 3035 4854 ._quatettus
3062 4781 3177 4854 aMS.
3215 4782 3476 4854 Gregorio
3509 4787 3715 4854 sumpta,

2163 4844 2286 4910 cum
2315 4853 2380 4908 ab
2425 4851 2545 4907 aliis
2582 4868 2711 4907 mss.
2745 4844 3052 4919 Hotnbritii,
3084 4844 3421 4924 Ughelliivet
3448 4844 3724 4924 lleuschgnii

2163 4924 2421 4990 absint,in
2449 4924 2703 4979 Coronati
2746 4932 2949 4995 textum
2982 4919 3183 4979 iutrusa
3211 4927 3379 4981 videri
3406 4919 3726 4995 possuntlia-

2164 4997 2286 5051 dem
2304 5006 2481 5051 tamen
2514 4995 2716 5049 additio
2744 4994 2933 5049 iisdem
2960 4997 3116 5063 plane
3140 4996 3318 5051 verbis
3351 4991 3546 5053 inserta
3568 4991 3726 5062 pariter

2166 5069 2362 5136 legitur
2405 5069 2454 5120 in
2498 5068 2719 5134 antiquo
2752 5062 3105 5122 Lectionario'
3128 5068 3372 5124 ecclesia:
3400 5066 3725 5136 Tridentiuat.

2166 5139 2259 5210 qui
2279 5138 2526 5195 eamdem
2550 5137 2806 5192 Coronati
2840 5139 3004 5192 vitam
3045 5140 3097 5194 in
3137 5155 3332 5195 novem
3362 5143 3608 5197 lectiones
3634 5135 3723 5190 αἱς·

2168 5209 2414 5280 pertitant
2443 5209 2681 5280 exhibet.

2239 5280 2352 5353 (2|)
2394 5280 2565 5353 Apud
2596 5279 2958 5353 Momhritipm
2981 5322 2995 5343 ,
3031 5278 3338 5352 Ughellium
3360 5324 3377 5349 ,
3410 5292 3465 5339 et
3488 5276 3723 5353 Hettschg-

2167 5346 2477 5428 nium'haec
2503 5351 2774 5428 adduntur
2805 5368 2818 5404 :
2853 5350 2990 5428 [Ecce
3032 5346 3104 5428 de
3144 5354 3320 5428 multis
3351 5346 3461 5428 ejus
3501 5346 3721 5408 miraculis

2167 5441 2256 5494 ego
2288 5424 2486 5478 inutilis
2531 5421 2819 5478 Coronatus
2853 5421 3142 5490 Notarius,
3173 5425 3313 5494 quod
3342 5421 3722 5494 compertunttc‘

2165 5492 2287 5561 niti,
2337 5497 2390 5548 in
2422 5511 2578 5563 parvo
2622 5494 2890 5561 conclusi,
2922 5511 2984 5549 ue
3016 5492 3295 5566 legentibus
3337 5499 3415 5552 vel
3441 5492 3721 5551 audientibus

2166 5566 2433 5639 fastidium
2459 5581 2777 5639 generarent.

2238 5631 2548 5692 ltuvrttuils.
2583 5667 2654 5677 -—-
2685 5636 2766 5710 (i)
2808 5635 2902 5692 Ms.
2953 5638 3175 5695 Audient
3219 5638 3484 5709 Principes
3505 5684 3519 5707 ,
3546 5631 3720 5710 audient

2164 5710 2359 5777 pepuli.
2408 5704 2709 5764 Coronatns
2748 5704 2815 5783 "in
2870 5710 2973 5783 line
3003 5726 3151 5766 num.
3194 5711 3213 5765 1
3242 5753 3258 5780 ,
3292 5704 3513 5767 Audierit
3540 5704 3720 5783 populi,

2160 5783 2246 5851 qui
2290 5783 2403 5851 ejus
2458 5783 2668 5851 cupiunt
2700 5780 2970 5835 miracula.

2232 5849 2324 5923 (at)
2356 5853 2451 5907 Ms.
2488 5849 2748 5907 ctmdedit.
