3960 6330
460 358 565 415 9.07

1870 306 2403 379 PROLECOMENA.

3634 299 3727 356 208

457 412 3715 529 _____q________._———————————-¥—-——-——

868 627 1408 711 HISTORIA
1463 613 2366 697 TRANSLATIONIS
2433 608 2832 685 SANCTI
2907 602 3371 678 ZENONIS

1072 804 1417 867 SUBJECTA
1462 797 1651 858 ΥΙΤᾸΞ
1690 793 2001 855 EIUSDEM
2041 791 2309 861 SANCTI,
2351 791 2441 848 AB
2481 787 2815 849 ANONYMO
2854 786 3169 845 SCRIPTA.

543 1108 696 1166 Nunc
727 1091 1095 1158 necessarium
1141 1084 1297 1143 nobis
1331 1078 1544 1136 videtur
1584 1067 1976 1130 Translationis
2007 1065 2069 1120 Β.
2101 1069 2156 1131 Α
2181 1065 2450 1136 paululum
2474 1083 2561 1122 vos
2582 1065 2880 1132 subsequar.
2905 1062 3024 1118 Mox
3048 1061 3144 1135 (al.
3175 1057 3324 1130 Post)
3346 1056 3613 1113 mdiculam
3635 1057 3749 1113 om.

472 1202 711 1263 Zenonis
737 1195 934 1254 seriem
959 1185 1258 1247 notiticare,
1285 1177 1408 1249 quia
1435 1175 1489 1229 in
1520 1168 1765 1243 gestione
1798 1161 1956 1232 hujus
1982 1174 2080 1215 ne-

473 1297 606 1370 gotii
629 1288 876 1364 quaedam
899 1286 1200 1338 memoratu
1220 1272 1383 1343 digna
1399 1256 1867 1325 claruerunt.qu
1881 1255 2082 1309 Trans.

470 1352 605 1447 luatio
631 1352 748 1442 acta
772 1391 852 1437 eat
878 1419 894 1445 ,
924 1390 1047 1433 cum
1078 1365 1375 1447 Rotaldus,
1403 1362 1485 1415 vir
1534 1352 1804 1412 attributis
1835 1360 2083 1420 personae

481 1482 979 1563 praestantissimus,
1009 1444 1336 1545 pastoralem
1369 1475 1553 1519 curam
1581 1455 1809 1511 Veronae
1831 1447 2083 1563 gerebat,

478 1538 794 1647 ἔέῖἷριῆιᾷε
839 1538 1181 1636 ι’θιξίὶιιιόιί
1224 1554 1398 1627 Magni
1431 1551 1594 1612 ﬁlius,
1638 1560 1796 1617 quem
1820 1538 2090 1647 adrianus

483 1633 989 1743 Dapa'baptizavit',
1018 1658 1263 1726 Regnum
1290 1646 1533 1705 Italicum
1558 1636 1796 1711 regebat.
1821 1633 2092 1743 Rex|vero

486 1722 756 1823 Veronam
787 1754 956 1827 regali
977 1722 1126 1807 tsitu'
1145 1742 1425 1816 praeditam
1459 1735 1580 1807 plus
1629 1726 1839 1785 caeteris
1872 1722 2094 1779 urbibus

812 1813 877 1906 et
895 1861 1021 1904 cum
1047 1813 1305 1913 episcopo
1331 1831 1434 1888 sibi
1476 1827 1675 1883 dilecto
1705 1821 1961 1929 frequens
1985 1813 2097 1929 euol-

753 1909 1019 2001 habebat:
1038 1909 1285 2024 qui‘dum
1312 1923 1543 1999 quadam
1568 1920 1658 2024 die
1684 1916 1884 2024 pariter
1913 1910 1972 1967 S.
1998 1909 2098 1964 Ze-

492 2002 652 2102 nolnis
679 2038 851 2096 tndem
883 2002 1293 2101 ingrederentur
1321 2061 1334 2085 ,
1360 2027 1416 2073 et
1438 2026 1544 2069 tam
1572 2012 1641 2066 de
1670 2007 1867 2062 auditis
1894 2045 1909 2070 ,
1937 2014 2097 2073 quam

489 2138 560 2195 de
587 2134 718 2190 visis
742 2096 1082 2184 mirabilibus
1101 2118 1221 2188 ejus
1239 2115 1592 2183 loquerentur
1616 2146 1629 2167 ,
1660 2096 2056 2156 rationabiliter
2083 2135 2097 2156 ,

493 2241 548 2287 et
574 2228 738 2298 digne
761 2185 1194 2294 proposuerunt,
1225 2216 1284 2261 ut
1309 2212 1559 2271 magnum
1587 2185 2104 2256 thesaurutnhumi-

496 2325 603 2380 lius
633 2280 809 2390 vquain
857 2280 1137 2382 oporteret
1169 2299 1403 2373 positum
1431 2335 1445 2361 ,
1503 2287 1783 2347 decentius
1822 2294 1876 2339 et
1931 2280 2102 2337 subli-

497 2416 641 2473 mins
658 2371 933 2470 locarent,
956 2408 1014 2458 et
1034 2371 1283 2453 ecclesia:
1305 2386 1603 2460 angustiam
1627 2380 1935 2436 dilatarent.
1951 2371 2105 2430 IEdi—

499 2508 724 2565 ﬁcantcs
751 2513 882 2568 ergo
910 2490 1197 2551 ecclesiam
1223 2494 1239 2552 ’,
1270 2494 1484 2540 antrum
1535 2489 1762 2548 opacum
1790 2512 1805 2536 ,
1838 2464 2106 2526 columnis
2136 2498 2185 2559 Β

494 2600 819 2661 subnixum,
870 2600 925 2648 et
984 2585 1252 2657 lapidibus
1301 2580 1724 2654 pavimentatum
1783 2574 2107 2624 construxe-

502 2703 629 2751 runt
653 2708 669 2757 ;
702 2689 791 2746 ubi
814 2684 1146 2742 eminentem
1169 2674 1419 2748 aggerem
1443 2687 1508 2726 ex
1532 2666 1715 2740 politis
1745 2659 2109 2719 marmoribus

501 2747 826 2845 ediderunt,
859 2791 1021 2849 quem
1057 2747 1386 2828 sacrosancti
1445 2759 1652 2817 tumulo
1696 2757 1792 2829 (al.
1825 2747 2112 2819 tumulum)

505 2878 751 2952 corporis
779 2875 1135 2930 devoverant.
1176 2860 1381 2918 Deinde
1412 2872 1505 2912 rex
1535 2868 1658 2910 cum
1690 2849 1942 2922 prmsule,
1975 2859 2111 2900 con-

506 2935 742 3049 gregatis
782 2963 1151 3023 sacerdotibus
1178 2998 1192 3024 ,
1221 2964 1276 3009 et
1317 2949 1437 3005 aliis
1477 2945 1651 3003 sacris
1699 2940 2005 3002 ordinibus,
2057 2935 2111 2990 in

1190 3048 1195 3049 ⁷
1290 3046 1301 3049 ’
1714 3044 1725 3049 -
1934 3028 2084 3049 δμηιιξ

506 3028 702 3141 quibus
730 3067 1034 3131 respectum
1076 3046 1336 3107 bonitatis
1380 3044 1770 3113 speraverant,
1801 3049 1898 3106 per
1932 3028 2118 3085 multi-

514 3122 704 3218 :nodas
732 3122 1008 3210 orationes
1045 3146 1300 3202 Sanctum
1333 3136 1481 3208 prius
1507 3131 1882 3189 demulcentes
1909 3168 1923 3193 ,
1955 3138 2023 3180 ne
2052 3122 2120 3179 ab

519 3256 599 3327 (in
640 3249 848 3305 duobus
890 3255 1025 3300 mss.
1071 3237 1136 3292 ab
1194 3233 1370 3301 deest)
1398 3227 1504 3283 illis
1549 3232 1726 3280 motus
1753 3222 2118 3281 irasceretur,

518 3308 642 3402 cum
674 3338 876 3412 ingenti
911 3335 1110 3391 timore
1135 3324 1444 3386 cubiculum
1468 3324 1799 3391 aperuerunt
1826 3332 1838 3367 :
1867 3311 1958 3383 qui
1988 3308 2124 3365 adeo

520 3447 648 3496 sunt
696 3408 1109 3506 perterrefacti,
1140 3432 1200 3477 ut
1236 3417 1415 3475 nullus
1468 3413 1598 3470 tanti
1645 3408 1861 3479 collegii
1906 3414 2128 3476 tangere

528 3548 652 3591 ossa
674 3498 860 3586 sancta
912 3522 1305 3594 praesumeret;
1357 3525 1478 3566 nam
1539 3505 1781 3562 divinum
1832 3498 2127 3572 quiddam,

532 3589 589 3685 et
616 3623 773 3679 valde
820 3589 1120 3676 timendum
1162 3606 1445 3664 videbatur
1476 3601 1604 3657 inde
1656 3597 1914 3656 exhalare
1937 3634 1952 3662 ,
1988 3589 2131 3665 quod

533 3723 820 3777 horrorem
889 3708 1293 3779 inspiraverat,
1352 3706 1409 3753 ct
1458 3708 1648 3750 omnes
1721 3690 2135 3745 circumstantes

537 3808 964 3869 exauimaverat.
993 3798 1117 3854 Mox
1144 3790 1460 3849 claudentes
1506 3784 1815 3854 sepulcrum
1866 3779 2135 3834 abierunt.

541 3906 699 3964 Tunc
718 3913 840 3957 cum
866 3895 981 3951 Rex
1008 3899 1065 3947 et
1091 3883 1333 3944 Pontifex
1364 3880 1490 3953 quid
1542 3875 1715 3932 acturi
1753 3880 1936 3930 essent
1966 3868 2136 3925 ambi-
2166 3895 2213 3959 ε

540 4005 848 4074 gerent,ex
881 3986 1064 4044 multis
1112 3993 1246 4051 quas
1286 3972 1617 4032 ventilabant
1650 3965 1998 4037 conjecturis,
2026 3960 2141 4015 lucc

1178 4072 1189 4074 A
1297 4070 1307 4074 “
1453 4066 1483 4074 ’⁵
1600 4072 1607 4074 -
1725 4061 1735 4071 ⁹
1808 4059 1818 4074 ¹
1879 4059 1891 4074 Ι
1931 4056 1945 4074 Ι
1960 4072 1974 4074 -
1990 4070 2033 4074 Α-
2047 4071 2061 4074 -
2082 4053 2136 4074 .I-

543 4053 779 4167 placuit],
807 4093 869 4142 ut
911 4095 1007 4153 per
1053 4070 1407 4147 quadraginta
1433 4066 1551 4121 dies
1597 4072 1679 4118 ter
1725 4061 1779 4115 in
1808 4053 2142 4113 hebdomada

543 4146 722 4242 omnis
763 4146 1210 4237 ordo-utriusque
1238 4175 1400 4218 sexus
1430 4155 1727 4217 szecularis,
1775 4159 1829 4206 et
1856 4146 2147 4206 ecclesias—

546 4280 705 4342 ticus,
729 4286 851 4328 cum
873 4268 991 4339 ipso
1021 4275 1167 4332 rege,
1191 4264 1248 4314 et
1275 4255 1542 4325 Episcopo
1572 4249 1638 4304 ad
1656 4261 1874 4318 specum
1898 4251 2146 4298 sanctum

546 4336 860 4427 reverenter
885 4336 907 4427 ,’
927 4373 992 4415 ac
1038 4351 1358 4411 solemniter
1379 4343 1751 4411 convenirent,
1793 4348 1847 4395 et
1871 4336 1962 4391 Dei
1990 4342 2151 4403 atque

551 4455 890 4521 Confessoris
930 4445 1273 4508 clementiam
1316 4456 1424 4497 uno
1477 4445 1605 4493 voto
1644 4433 2007 4503 efﬂagitarent
2032 4469 2047 4493 ,
2094 4433 2154 4482 ut

556 4558 644 4613 cui
676 4563 784 4609 tam
816 4544 1115 4606 reverenda
1155 4539 1321 4596 motio
1360 4533 1716 4594 conveniret,
1748 4525 2058 4583 instillaret.

626 4649 763 4705 Dum
805 4644 923 4698 h:ec
960 4636 1205 4708 diligenti
1237 4646 1365 4688 cura
1394 4635 1686 4700 agerentur
1712 4664 1727 4691 ,
1775 4620 1918 4676 fama
1966 4613 2151 4686 cujus-

554 4745 677 4801 dam
704 4735 933 4796 solitarii
964 4734 1083 4793 viri,
1113 4724 1453 4784 herbusculis
1475 4731 1530 4777 et
1557 4734 1694 4790 aqua
1716 4728 1994 4787 paucoque
2017 4723 2154 4781 pane

555 4829 890 4910 pasti,Begi
939 4820 1214 4886 innotuit;
1246 4815 1390 4889 quod
1440 4813 1565 4869 dum
1614 4809 1867 4865 alacriter
1906 4803 2151 4867 audivit,

555 4894 886 5000 Episcopum
907 4916 1118 4973 vocavit
1138 4910 1407 4967 celeriter.
1437 4906 1728 4974 Elegerunt
1750 4900 1909 4971 igitur
1937 4894 2154 4951 nuntios

556 4987 854 5076 industrios
884 5012 977 5083 (al.
1012 5000 1317 5072 industres)
1362 5008 1417 5054 et
1462 4994 1712 5067 providos‘
1738 5034 1751 5056 ,
1785 4991 1981 5062 quibus
2014 4987 2155 5042 hanc

554 5122 740 5166 curam
770 5078 1325 5163 committerentmui
1372 5088 1653 5145 venientes
1697 5083 1763 5137 ad
1814 5082 1988 5137 lacum
2017 5122 2031 5145 ,
2064 5078 2152 5149 qui

556 5202 803 5257 Benacus
830 5192 1025 5249 dicitur
1051 5231 1066 5255 ,
1095 5186 1163 5243 ad
1203 5183 1393 5240 remoti
1443 5178 1544 5233 viri
1588 5175 1869 5231 latibulum
1919 5172 1971 5227 in
2023 5169 2156 5225 emi-

557 5292 709 5352 nenti
735 5286 954 5360 specula
983 5284 1146 5338 situm
1173 5321 1187 5345 ,
1217 5286 1446 5348 angusto
1478 5282 1532 5328 ct
1562 5270 1869 5342 periculoso
1908 5265 2043 5320 calle
2070 5278 2158 5318 as-

553 5358 821 5461 pirarunt.
848 5381 1120 5436 lntuentes
1151 5382 1330 5428 autem
1362 5369 1535 5423 virum
1568 5365 1866 5432 Benignum
1896 5358 2113 5414 nomine
2145 5398 2160 5424 ,

555 5451 610 5539 et
640 5476 962 5547 discipulum
988 5483 1108 5539 ejus
1132 5507 1146 5532 ,
1171 5466 1260 5535 qui
1281 5461 1453 5517 Carus
1484 5457 1779 5513 vocabatur
1801 5496 1814 5521 ,
1838 5451 2010 5525 gavisi
2035 5459 2165 5504 sunt

557 5573 754 5646 gaudio
777 5542 998 5638 magno.
1028 5560 1219 5617 Audita
1253 5555 1523 5628 legatione
1555 5550 1695 5621 regis
1722 5557 1776 5604 et
1795 5546 2061 5618 episcopi,
2087 5542 2168 5598 ait

557 5656 1166 5739 legatiszRevertiminit'u
1186 5647 1672 5725 pace,resalutantes
1684 5636 2165 5713 dominos[c1.xxm]

559 5771 745 5813 vestros
781 5754 887 5824 (al.
917 5752 1197 5808 Dominum
1241 5738 1511 5813 vestrum),
1551 5736 1940 5807 carissimizego
1958 5750 2059 5787 non
2073 5748 2169 5802 pa-

561 5865 672 5904 rum
692 5845 939 5917 tripudio,
958 5842 1094 5912 quod
1114 5841 1182 5896 ad
1200 5838 1358 5915 illam
1386 5831 1757 5890 solemnitatem
1785 5844 1959 5898 vocor,
1979 5835 2026 5882 et
2057 5832 2171 5897 post

2185 1160 2293 1215 culi
2324 1159 2598 1232 ingressus
2622 1202 2636 1225 ,
2668 1157 2927 1214 auxilium
2959 1155 3201 1210 divinum
3225 1150 3554 1222 imploravit;
3579 1149 3749 1206 deinde

2187 1255 2253 1310 ad
2296 1255 2506 1311 itineris
2530 1254 2849 1310 exercitium
2895 1266 2955 1306 se
2995 1248 3288 1319 expedivit.
3321 1244 3452 1301 Cum
3498 1244 3587 1317 (al.
3611 1238 3748 1315 Dum)

2188 1356 2367 1403 autem
2401 1362 2507 1401 non
2553 1346 2710 1417 longe
2736 1360 2767 1399 a
2797 1343 2989 1401 cellula
3020 1338 3438 1411 progrederetur
3459 1378 3472 1403 ,
3500 1351 3619 1393 ecce
3656 1351 3753 1392 me-

2191 1442 2305 1498 rula
2337 1443 2434 1496 alis
2455 1442 2619 1511 cmpit
2645 1450 2908 1510 strepere,
2941 1451 3075 1491 voce
3101 1432 3395 1499 zinzulare,
3417 1441 3471 1488 et
3489 1432 3754 1502 smpissitnc

2192 1536 2381 1591 callem
2409 1534 2789 1590 trausvolitare
2810 1573 2825 1597 ,
2852 1541 2905 1586 et
2950 1528 3100 1600 quasi
3133 1526 3414 1583 sinistrum
3441 1540 3591 1580 omen
3616 1524 3759 1595 signi-

2195 1628 2387 1695 ﬁcare,
2413 1636 2471 1683 ut
2513 1628 2687 1682 virum
2716 1625 2810 1680 Dei
2848 1625 2918 1679 ab
2963 1623 3198 1692 incmpto
3245 1630 3538 1675 revocaret.
3577 1616 3672 1672 Sed
3699 1617 3762 1671 vir

2197 1724 2287 1779 ille
2308 1740 2412 1778 non
2442 1723 2695 1793 ignorans
2723 1720 2825 1774 hoc
2851 1731 2972 1773 esse
3000 1724 3321 1784 apparatum
3350 1709 3600 1766 daemonis
3625 1750 3638 1774 ,
3667 1722 3763 1763 me-

2201 1817 2371 1873 rulam
2419 1815 2720 1887 adjuravit,
2744 1820 2805 1868 ut
2842 1811 3049 1866 nullum
3093 1817 3300 1864 motum
3348 1807 3580 1868 iaceret,
3618 1803 3765 1857 donec

2200 1911 2315 1981 ipse
2344 1908 2566 1965 rediret.
2603 1907 2676 1962 lbi
2707 1905 2911 1962 merula
2936 1904 3087 1960 stetit
3114 1899 3416 1959 immobilis
3440 1940 3455 1965 ,
3487 1895 3622 1952 velut
3647 1900 3770 1949 esset

2203 2002 2555 2059 insensibilis.
2592 1998 2726 2056 Cum
2760 2009 2938 2054 autem
2966 1994 3448 2066 appropinquaret,
3481 1998 3533 2043 et
3560 2003 3644 2043 rex
3665 2001 3766 2040 cum

2203 2097 2459 2167 episcopo
2484 2102 2537 2149 et
2560 2091 2804 2149 ltoneSIis
2831 2089 2961 2145 viris
2985 2088 3059 2142 illi
3081 2083 3346 2150 obviaret,
3371 2079 3655 2137 honoriﬁce
3673 2091 3772 2133 sus-

2205 2201 2393 2257 ceptus
2419 2230 2432 2252 ,
2463 2186 2586 2258 quid
2630 2201 2723 2241 rex
2763 2184 2924 2239 vellet
2952 2179 3187 2242 audivit;
3215 2187 3346 2232 tunc
3373 2175 3446 2230 ait
3479 2174 3640 2228 :Cum
3666 2180 3770 2226 vota

2207 2290 2382 2338 vestra
2413 2298 2443 2335 a
2469 2281 2616 2350 justo
2652 2279 2926 2350 proposito
2980 2271 3289 2345 pendeant,
3315 2269 3483 2326 Deum
3517 2264 3767 2321 invenietis

2209 2372 2525 2445 placabilem
2549 2415 2562 2440 ,
2594 2379 2649 2427 et
2679 2382 2988 2426 successum
3018 2367 3177 2421 bona:
3205 2362 3481 2434 petitionis
3511 2357 3657 2432 (alias
3683 2358 3776 2429 api-

2211 2465 2403 2536 nionis)
2459 2463 2742 2519 ferentem.
2776 2460 2931 2516 Tunc
2961 2458 3063 2529 ipsi
3095 2471 3220 2512 cum
3268 2452 3456 2509 electis
3481 2452 3669 2506 aditum
3712 2449 3778 2504 iu-

2215 2567 2487 2615 lrocnntes
2514 2601 2528 2625 ,
2554 2556 2786 2626 lapidem
2820 2557 3191 2608 removerunt.
3240 2545 3429 2602 Nullus
3475 2542 3776 2598 orationibus

2213 2656 2507 2728 parcebat,
2536 2664 2590 2708 ct
2629 2667 2816 2707 eorum
2861 2650 2950 2719 qui
3000 2649 3147 2703 intus
3185 2644 3456 2710 aderant,
3479 2651 3533 2697 et
3577 2638 3656 2710 qui
3692 2650 3782 2706 pra:

2216 2750 2423 2805 foribus
2448 2754 2780 2801 manserant.
2816 2742 2923 2798 Sed
2948 2739 3219 2797 heremita
3245 2735 3494 2809 quamvis
3519 2731 3626 2789 suis
3648 2726 3784 2783 meri-

2217 2841 2286 2896 tis
2312 2882 2326 2906 ,
2357 2848 2413 2895 et
2452 2839 2692 2893 omnium
2723 2835 2939 2906 adjutus
2968 2831 3221 2903 precibus
3245 2871 3259 2896 ,
3292 2837 3471 2883 tamen
3504 2821 3779 2880 tremebun-

2219 2933 2670 2999 dusintravit,et
2713 2944 2836 2986 ossa
2878 2925 3203 2984 beatissima
3245 2920 3547 2993 bajulavit,
3573 2913 3780 2987 atquein

2222 3026 2583 3083 mundissimo
2612 3022 2809 3080 locello
2833 3021 2929 3076 tali
2959 3017 3078 3074 usui
3112 3032 3212 3088 pra
3229 3023 3417 3088 parato
3443 3009 3639 3081 singula
3667 3004 3787 3063 ordi-

2225 3120 2476 3175 nabiliter
2504 3118 2699 3189 posuit.
2729 3115 2885 3170 Tunc
2906 3122 3056 3167 tanta
3084 3112 3161 3166 vis
3189 3108 3376 3165 odoris
3400 3106 3725 3176 fragraverat,
3746 3104 3790 3152 ut

2228 3228 2386 3268 nemo
2432 3213 2641 3266 illormn
2685 3218 2790 3263 tam
2834 3220 3056 3263 suavem
3086 3211 3210 3258 ante
3267 3197 3612 3272 persenserit.
3665 3190 3791 3248 Tunc

2229 3323 2322 3362 rex
2347 3320 2442 3361 sua
2474 3313 2530 3359 et
2554 3316 2772 3357 suorum
2796 3297 3136 3369 instigatione
3161 3300 3441 3365 permotus
3480 3287 3786 3359 reliquiarum

2230 3396 2430 3469 aliquid
2479 3393 2808 3468 postulavit,
2836 3388 2981 3464 quod
3033 3389 3325 3460 episcopus
3360 3383 3474 3439 ﬁeri
3522 3372 3790 3447 denegavit.

2234 3493 2302 3545 At
2333 3505 2425 3544 rex
2460 3487 2627 3558 magis
2655 3501 2719 3541 ac
2748 3481 2919 3552 magis
2945 3480 3201 3536 insistere
3227 3519 3241 3540 ,
3277 3486 3332 3531 et
3369 3486 3567 3543 magna
3604 3477 3795 3524 munera
3884 3472 3885 3479 ‘

2235 3580 2399 3650 C(Bpil
2425 3580 2760 3650 promittere.
2795 3572 3038 3629 Tandem
3072 3568 3270 3641 praesul
3314 3565 3422 3622 non
3453 3562 3627 3636 paucis
3653 3568 3797 3627 neque

2238 3673 2414 3745 parvis
2437 3672 2608 3726 victus
2634 3667 2889 3739 precibus
2908 3663 3199 3736 acquievit,
3226 3658 3536 3731 integritate
3564 3652 3798 3711 membro-

2241 3784 2360 3825 rum
2408 3774 2638 3830 servata,
2673 3776 2983 3826 nervorum,
3015 3767 3070 3813 et
3118 3754 3320 3811 cineris
3348 3796 3362 3821 ,
3391 3768 3454 3809 ac
3493 3749 3798 3806 vestimento-

2245 3876 2364 3915 rum
2406 3855 2695 3929 particulas
2730 3853 2952 3918 tribuit;
2982 3849 3086 3904 alia
3126 3855 3309 3903 autem
3361 3845 3582 3901 lirmitcr
3609 3839 3803 3896 circum-

2245 3962 2396 4023 septa
2418 3992 2434 4019 ,
2463 3950 2773 4019 annuloque
2801 3946 3030 4018 sigillata
3058 3986 3073 4009 ,
3103 3940 3365 3997 condidit.

2320 4043 2401 4099 Ad
2434 4058 2617 4098 vocem
2648 4032 2992 4112 psallentium
3018 4034 3240 4091 Athesis
3263 4033 3414 4089 littus
3443 4028 3706 4091 resonuit,
3744 4023 3806 4076 in-

2250 4145 2473 4195 tonuere
2517 4132 2867 4205 Campestria,
2910 4139 2965 4185 et
3007 4130 3178 4198 ipsam
3220 4125 3401 4181 aulam
3451 4113 3807 4191 Omnipotentis

2252 4230 2522 4286 credimus
2553 4243 2673 4284 esse
2714 4224 2972 4297 gavisam.
3013 4221 3149 4275 Dum
3187 4218 3333 4274 circa
3362 4214 3636 4273 ecclesiam
3663 4214 3809 4280 gesta-

2255 4333 2404 4380 rctnr
2430 4365 2444 4390 ,
2472 4331 2531 4376 ut
2558 4321 2673 4377 lieri
2703 4318 2874 4399 solet,
2897 4312 3153 4388 praedicta
3176 4310 3447 4383 praeconia
3477 4302 3806 4362 resultabant.
3854 4331 3862 4342 ·

2256 4418 2411 4475 multi
2434 4418 2719 4487 languores
2730 4392 2960 4483 corpora
2987 4409 3078 4465 diu
3103 4407 3325 4463 obsessa
3350 4392 3803 4472 relinquebanttal.

2256 4484 2592 4585 reliquerutit)
2622 4553 2636 4576 ,
2666 4508 2859 4580 ingens
2880 4503 3064 4560 laetitia
3096 4508 3209 4556 orta
3242 4508 3326 4556 est
3353 4499 3407 4553 in
3442 4495 3530 4552 die
3555 4492 3660 4553 illa,
3679 4484 3810 4583 cuius

2260 4606 2495 4663 similem
2527 4602 2706 4658 nullus
2736 4600 2880 4655 illius
2916 4593 3176 4667 temporis
3217 4589 3468 4645 viderat:
3516 4584 3637 4657 quia
3667 4572 3815 4634 omnis

2259 4713 2517 4772 genarum
2545 4695 2882 4752 curationum
2905 4701 3103 4761 genera
3135 4684 3281 4741 brevi
3303 4691 3421 4737 acta
3444 4685 3567 4734 sunt
3586 4679 3810 4741 tempore,

2261 4771 2315 4851 et
2341 4792 2600 4866 prolixior
2619 4789 2754 4845 facta
2779 4783 3054 4858 processio
3075 4778 3173 4834 fuit
3195 4792 3291 4846 pro
3320 4775 3530 4830 visione
3548 4771 3813 4839 signoruni.

2261 4858 2366 4944 Sed
2394 4900 2484 4941 rex
2514 4893 2568 4940 et
2594 4882 2881 4952 episcopus
2910 4887 3071 4944 atque
3100 4869 3247 4941 rupis
3276 4865 3478 4931 incola,
3512 4858 3678 4932 pavidi
3706 4866 3813 4908 san-

2262 4992 2345 5039 cta
2397 4978 2635 5035 membra
2681 4971 3117 5032 introduxerunt,
3167 4971 3221 5019 et
3258 4959 3312 5015 in
3356 4966 3542 5029 parato
3578 4945 3817 5007 mausoleo

2265 5079 2578 5145 posuerunt.
2629 5066 2918 5135 Postquam
2978 5056 3218 5130 pontifex
3271 5052 3489 5107 missam
3547 5044 3819 5101 reverenter

2264 5128 2577 5227 celebravit,
2605 5174 2699 5214 rex
2734 5128 2859 5210 dote
2888 5128 3055 5207 nobili
3088 5148 3183 5202 Dei
3213 5155 3468 5215 sponsam
3495 5134 3696 5193 ditavit.
3734 5128 3818 5223 De:

2264 5257 2344 5311 dit
2385 5256 2434 5310 ei
2482 5248 2837 5323 proprietario
2875 5244 2998 5316 jure
3028 5235 3414 5295 monasterium
3458 5230 3513 5285 S.
3546 5211 3819 5323 Petritqtti

2267 5343 2556 5404 Mauratica
2584 5341 2799 5403 dicitur,
2839 5350 2963 5391 cum
2992 5329 3245 5389 oumibus
3272 5317 3692 5396 possessionibus
3710 5305 3821 5404 inibi

2268 5435 2678 5511 pertinentibus.
2704 5394 3003 5486 Ecclesium
3026 5434 3240 5495 quoque
3349 5394 3820 5510 Andreteaposloli.

2268 5548 2388 5604 qua:
2417 5528 2591 5585 lncavi
2626 5520 2841 5598 (lncaﬁ)
2892 5522 3257 5585 nuncupatur,
3285 5522 3407 5564 cum
3440 5498 3666 5563 familiis,
3692 5502 3823 5604 moti-

2272 5583 2300 5604 ἰ
2330 5583 2383 5586 ⁷⁷⁷
2418 5583 2451 5585 ““
2488 5583 2496 5584 ί
2632 5583 2645 5598 \
2781 5583 2790 5592 υ
2824 5583 2834 5592 ι
3082 5583 3091 5585 _
3785 5583 3794 5592 .

2271 5633 2434 5697 libus,
2472 5637 2525 5686 ct
2552 5626 2718 5691 silvis,
2754 5617 2944 5693 pratis,
2977 5623 3035 5672 et
3066 5611 3259 5675 vineis,
3294 5604 3460 5669 arvis,
3502 5607 3556 5654 et
3577 5583 3821 5697 sationalt-

2272 5726 2369 5781 bus
2395 5681 2434 5788 ,ν
2461 5731 2516 5778 et
2561 5681 2773 5776 cunctis
2814 5704 3234 5783 appendicibus;
3286 5710 3388 5753 nec
3434 5704 3539 5747 non
3573 5681 3823 5771 ecclesiam

2270 5816 2327 5874 S.
2357 5811 2610 5889 latronis,
2645 5823 2765 5880 qua:
2790 5778 2943 5876 juxta
2970 5800 3146 5855 lacum
3178 5790 3349 5864 posita
3374 5789 3510 5867 erat,
3539 5790 3655 5833 euut
3682 5778 3825 5825 omiu-
