3960 6330
248 261 350 317 209

1135 252 1453 320 HISTORIA
1498 261 2050 328 TRANSLATIONIS
2092 265 2341 324 SANCTI
2380 268 2690 329 ZENONIS.

3420 280 3548 340 ,210

247 381 341 435 bus
368 381 637 438 reditibus
666 383 894 452 subjecit
918 402 935 450 ;
967 383 1156 439 silvam
1187 398 1400 455 quoque
1425 382 1656 438 Mantico
1679 379 1841 436 tradi-
1869 380 1922 444 Α
1951 395 2264 450 Spumosqu
2292 399 2353 439 os
2383 402 2490 441 non
2515 387 2786 445 hominem
2818 391 3078 461 sonabat,
3109 400 3163 447 et
3192 394 3394 464 apertis
3415 409 3547 449 ocu-

246 474 317 529 dit
346 494 359 541 ;
391 492 648 532 vasorum
697 489 1099 550 argenteorum,
1126 487 1179 533 et
1220 492 1506 532 aureorum
1545 474 1846 547 anaglyplta

245 568 861 643 plurima,Evangelium
882 586 1242 645 gemmarum,
1262 580 1423 642 atque
1434 571 1847 641 margaritarum

241 664 629 732 compositura,
663 676 716 720 et
742 666 989 737 Speciosa
1022 665 1137 719 auri
1165 663 1416 720 caelatura
1440 664 1643 720 editum
1680 664 1849 718 dona-

243 754 355 820 vit,
402 764 461 811 et
503 757 606 812 alia
638 758 838 829 quibus
869 758 1064 829 regalis
1111 758 1346 828 dignitas
1378 756 1651 812 alﬁuebat.
1684 756 1848 827 Cujus

242 847 475 916 exempli
502 864 766 920 sequaces
788 850 959 906 nostri
981 850 1338 921 imperatores
1364 849 1642 920 przcl'atttm
1669 851 1843 906 locum

241 953 459 1010 semper
488 941 822 1009 dilexerunt,
854 959 917 999 ac
942 959 1037 999 sua
1068 960 1294 1000 munera
1326 945 1659 1000 obtulerunt.

308 1033 1070 1110 [custv]liotaldusPr:£sul,
1091 1038 1247 1093 dives
1279 1037 1704 1107 possessionum,
1734 1040 1846 1095 suis

238 1129 486 1184 omnibus
500 1131 788 1188 ecclesiam
806 1132 1095 1187 hmrcdavit
1115 1152 1128 1200 ;
1150 1147 1271 1186 nam
1286 1131 1616 1188 etrtobilium
1629 1133 1843 1203 plurimi

239 1237 458 1292 magnas
484 1223 768 1293 portiones
795 1240 1014 1281 suarum
1044 1226 1355 1280 facultatum
1393 1228 1637 1281 certatim
1692 1226 1843 1283 adhi-

237 1313 468 1369 buerunt
500 1314 566 1388 (f.
595 1315 998 1388 adtribuerunt),
1051 1317 1193 1372 unde
1214 1327 1501 1389 antequam
1525 1318 1606 1373 sol
1625 1334 1843 1375 occum-

236 1407 420 1470 beret.
463 1409 558 1463 illa
599 1410 833 1467 ecclesia
875 1411 1137 1467 ditissima
1180 1411 1319 1467 facta
1365 1422 1469 1467 est.
1512 1414 1581 1468 At
1623 1414 1707 1468 vir
1748 1415 1841 1471 Dei

235 1496 420 1564 avidus
450 1499 714 1578 redeundi
737 1501 803 1557 ad
831 1502 1136 1571 heremum,
1167 1504 1271 1560 iter
1294 1519 1450 1559 suum
1473 1506 1835 1561 accelerabat.

235 1589 325 1646 Hic
351 1590 484 1647 dum
516 1593 798 1650 domicilio
828 1598 1308 1667 appropinquaret,
1333 1597 1465 1652 vidit
1496 1599 1759 1654 merulam
1786 1599 1839 1655 in

231 1685 456 1755 praecisa
498 1701 637 1758 rupe
680 1687 974 1757 jacentem,
1026 1705 1186 1761 quam
1234 1699 1382 1745 ratus
1434 1693 1737 1763 quiescere,
1783 1704 1839 1748 et

1960 474 2027 530 lis
2058 490 2164 532 non
2220 478 2436 535 videbat
2465 498 2479 547 ;
2513 482 2577 537 ad
2601 498 2738 555 quos
2766 500 2887 540 cum
2922 486 3025 558 (al.
3057 486 3220 561 dum)
3250 487 3420 543 hostis
3445 505 3551 545 sa:—

1953 569 2104 625 viens
2126 571 2403 639 evolabat,
2450 577 2775 647 sanguineos
2814 578 3110 649 reddebat,
3152 591 3206 637 et
3232 569 3545 639 horribiles.

1953 661 2172 719 Occulta
2197 664 2472 723 hominum
2503 667 2797 738 fatebatur,
2829 682 2883 729 et
2913 674 3077 730 multa
3104 716 3119 741 ,
3152 691 3272 746 qua:
3301 662 3551 732 humani-

1953 756 2081 811 tatis
2112 772 2216 812 non
2243 770 2418 829 erant,
2461 764 2821 832 operabatur:
2868 776 2986 822 erat
3025 769 3273 824 omnibus
3301 769 3548 825 mirabile

1951 853 2339 920 Spectaculum.
2392 855 2561 922 Quem
2590 857 2717 913 dum
2769 859 3072 931 presbyter,
3125 871 3184 915 ut
3229 863 3395 917 moris
3440 872 3546 930 est,

1951 944 2221 1015 adjuravit
2241 990 2254 1015 ,
2277 948 2495 1005 dmmon
2525 952 2833 1007 eunuchum
2860 954 3010 1009 illum
3043 955 3369 1025 appellavit,
3400 954 3545 1027 quod

1948 1040 2138 1095 vitium
2182 1042 2416 1098 nondum
2464 1054 2649 1100 notum
2697 1053 2816 1101 erat
2854 1046 3346 1103 circumstantibus.
3390 1047 3543 1106 Tunc

1949 1132 2042 1187 ille
2058 1132 2385 1202 turpitudine
2407 1135 2504 1209 (al.
2533 1136 2927 1210 turpitudinem)
2950 1137 3076 1193 illati
3093 1137 3543 1209 impmperiieru-

1949 1222 2083 1291 bttit,
2100 1233 2153 1280 ct
2169 1225 2499 1282 rxivit.Eccc
2517 1228 2736 1300 quidam
2756 1228 3017 1285 diaconus
3036 1231 3334 1286 daemonem
3352 1231 3547 1300 adivit,

1947 1327 2001 1371 et
2030 1317 2183 1387 quasi
2213 1319 2276 1373 ad
2306 1319 2565 1375 ultionem
2593 1322 2898 1395 presbyteri
2931 1321 3151 1396 [cnxxv]
3179 1337 3300 1379 eum
3326 1326 3543 1394 gravius

1945 1406 2231 1477 adjuravit.
2267 1411 2416 1468 Hunc
2436 1413 2649 1469 daemon
2673 1419 2826 1486 quasi
2856 1417 3197 1471 notissimum
3222 1418 3462 1488 agnovit,
3489 1428 3545 1474 et

1944 1517 2007 1556 ex
2055 1517 2122 1558 eo
2157 1506 2375 1561 nomine
2416 1499 2653 1575 vocavit,
2698 1516 2753 1564 et
2789 1509 3050 1566 ridiculus
3092 1511 3333 1581 proditor
3364 1512 3535 1582 plura,

1943 1610 2063 1665 qtttc
2104 1595 2262 1651 levita
2295 1599 2666 1669 commiserat,
2712 1601 3002 1657 iudicavit:
3043 1602 3185 1658 unde
3208 1604 3408 1675 aliquot
3437 1604 3539 1660 sibi

1943 1689 2148 1743 conscii
2186 1704 2293 1743 non
2343 1689 2613 1746 audebant
2663 1692 2961 1758 accedere;
3010 1693 3089 1749 sic
3132 1692 3344 1749 dtemon
3386 1696 3540 1764 quasi

230 1792 378 1832 suum
408 1778 704 1835 adventum
730 1783 1031 1852 praestolari
1058 1826 1073 1850 ,
1102 1784 1331 1840 accessit
1359 1795 1414 1840 ut
1441 1784 1704 1841 excitaret
1727 1830 1741 1855 ,
1780 1799 1832 1844 et
1864 1784 1911 1843 Β
1939 1781 2258 1839 victoriosus
2286 1799 2382 1839 sua
2412 1784 2643 1842 ludibria
2666 1787 2954 1843 excitabat.
2985 1787 3105 1843 Mox
3136 1788 3352 1860 quidam
3382 1788 3530 1844 Zeno

230 1869 385 1924 eundi
420 1871 699 1928 licentiam
728 1873 883 1928 daret
910 1892 923 1927 :
970 1886 1024 1929 at
1053 1874 1139 1929 illa
1169 1876 1281 1945 jam
1313 1877 1701 1947 exSpiraverat.
1736 1876 1833 1935 Vir

227 1961 393 2019 bonus
437 1966 780 2037 compatiens
819 1966 867 2023 ei
912 1966 1081 2023 dixit:
1136 1967 1260 2024 Haec
1306 1970 1512 2026 avicula
1561 1969 1833 2029 Dacmonis

225 2057 482 2114 instinctu
510 2059 760 2131 deliquit,
786 2071 839 2118 et
863 2063 985 2133 quia
1016 2063 1402 2119 irrationabilis
1429 2074 1568 2131 erat,
1598 2074 1652 2121 et
1679 2064 1833 2136 igno-

224 2158 401 2206 ranter
431 2151 659 2209 oﬁ'endit
677 2196 693 2221 ,
717 2156 871 2209 venia
891 2198 906 2221 ,
934 2171 1040 2211 non
1066 2167 1241 2212 morte
1265 2156 1425 2230 digna
1455 2157 1574 2214 fttit.
1603 2159 1713 2215 llac
1736 2173 1831 2216 oc-

222 2243 438 2300 casione
467 2245 826 2319 quadraginta
869 2246 986 2303 dies
1028 2248 1390 2304 aretissitnttm
1428 2251 1692 2322 jejunium
1726 2251 1829 2307 sibi

218 2340 434 2404 indixit,
461 2336 605 2396 unde
630 2356 780 2397 antea
814 2344 989 2414 imago
1017 2343 1240 2398 merula:
1268 2342 1409 2399 fusili
1442 2354 1558 2400 arte
1584 2344 1721 2400 facta
1753 2347 1826 2402 ibi

220 2432 498 2506 hucusque
520 2434 812 2506 dependet.

289 2528 551 2584 Videntes
581 2538 761 2584 autem
812 2545 906 2587 rex
946 2538 997 2586 et
1050 2529 1294 2601 pontifex
1326 2527 1553 2588 virtutes
1582 2532 1823 2590 Zenonis

218 2618 650 2687 increbrescere,
665 2634 720 2679 et
740 2637 829 2680 res
856 2623 973 2695 ejus
1000 2624 1152 2681 velut
1180 2640 1394 2680 amnem
1428 2626 1713 2696 liquefacta
1744 2630 1825 2683 ni-

215 2726 278 2767 ve
303 2726 583 2779 crescere,
616 2722 673 2768 ut
701 2724 909 2771 tutores
938 2726 988 2770 et
1019 2716 1143 2771 ﬁdei
1177 2726 1581 2787 procuratores,
1611 2735 1821 2776 summa

215 2819 315 2875 ope
341 2805 679 2873 nitebantur,
711 2823 779 2865 ne
801 2808 952 2864 locus
984 2808 1288 2865 fortunatus
1318 2811 1497 2881 copia,
1525 2811 1678 2867 ﬁeret
1707 2827 1821 2867 ma-

215 2897 444 2953 cilentus
474 2899 740 2954 orationis
764 2900 961 2969 inopia.
1001 2899 1146 2972 Ergo
1174 2902 1288 2972 pari
1329 2912 1477 2969 voto,
1519 2914 1570 2956 ttt
1600 2903 1820 2974 gemelli

212 2987 405 3045 fratres
426 3031 443 3055 ,
478 2990 871 3046 monasterium
898 2992 1028 3048 olim
1057 3004 1273 3049 auctum
1305 2995 1398 3066 (al.
1452 2995 1644 3066 actum)
1668 3037 1681 3062 ,
1721 3010 1820 3049 au-

214 3098 340 3153 gere
378 3093 700 3140 sanxerunt.
753 3086 878 3141 Erat
916 3085 1027 3142 illis
1064 3088 1370 3142 communis
1404 3103 1531 3143 cura
1575 3088 1815 3160 probata:

1940 1875 2260 1944 przl'posilus
2284 1877 2619 1945 monasterii,
2654 1894 2812 1947 quem
2844 1879 2914 1935 ob
2937 1880 3215 1950 religionis
3237 1890 3292 1935 et
3318 1880 3539 1951 sapien-

1934 1967 2024 2022 tite
2056 1971 2306 2023 meritum
2334 1968 2682 2026 Salomoncm
2712 1972 3133 2042 agnominahant
3154 2014 3169 2041 ,
3203 1987 3310 2028 non
3347 1972 3528 2031 ferens

1939 2060 2201 2115 daemonis
2222 2062 2553 2131 superbiam,
2574 2062 2764 2119 dolens
2787 2063 3105 2135 proditionis
3120 2067 3532 2136 contumeliam,

1933 2145 2056 2216 plus
2092 2146 2254 2199 etiam
2304 2147 2473 2202 invasi
2516 2149 2795 2219 plasmatis
2836 2150 3108 2219 injuriam,
3158 2165 3309 2208 aram
3352 2157 3529 2210 sancti

1934 2237 2169 2295 Zenonis
2213 2240 2536 2313 amplexus,
2574 2242 2874 2298 visceribus
2911 2252 3248 2313 commotus,
3280 2245 3534 2319 lacrymis

1935 2333 2524 2405 irrigatus,‘orationem
2552 2337 2707 2404 fttdit,
2732 2352 2799 2393 ne
2815 2339 3112 2394 daemonica
3134 2340 3413 2395 insultatio
3432 2340 3536 2395 im-

1933 2429 2117 2498 punita
2141 2430 2412 2485 transiret.
2438 2429 2694 2485 Protinus
2716 2431 2927 2487 daemon
2963 2433 3071 2487 vim
3101 2433 3363 2490 orationis
3406 2449 3531 2505 per-

1930 2521 2119 2589 sensit,
2144 2531 2199 2576 et
2220 2535 2312 2575 vas
2324 2520 2413 2577 diu
2442 2521 2751 2592 injuriatttm
2771 2524 2970 2578 invitus
2986 2524 3221 2596 reliquit.
3248 2524 3419 2581 Homo
3438 2525 3530 2580 ille

1930 2614 2175 2685 ingentes
2200 2624 2254 2669 et
2279 2615 2519 2671 illustres
2542 2615 2654 2670 Deo
2674 2630 2737 2670 ac
2780 2624 2968 2671 sancto
2993 2615 3197 2673 Zenoni
3217 2619 3420 2689 gratias
3447 2633 3522 2675 re-

1926 2705 2129 2773 ferens,
2173 2706 2495 2763 damnosum
2525 2708 2791 2778 hospitem
2821 2708 3057 2780 fugatum
3090 2725 3213 2766 esse
3241 2694 3528 2781 gaudebat.

1998 2800 2265 2857 Praeterea
2289 2801 2621 2869 Willclmus,
2639 2803 2821 2858 aridus
2843 2812 2899 2859 et
2913 2813 3246 2868 contractus,
3267 2805 3357 2875 qui
3383 2806 3526 2861 sicut

1924 2894 2236 2966 quadrupes
2264 2909 2489 2967 pronus,
2518 2896 2766 2951 manibus
2789 2906 2987 2952 terram
3010 2899 3338 2964 calcaverat,
3371 2909 3518 2970 post-

1923 3004 2083 3059 quam
2115 2993 2383 3061 praeconia
2411 2993 2723 3064 multiplicis
2748 3003 3021 3050 curatura:
3051 2996 3291 3063 audivit,
3328 2997 3518 3053 lectica

1923 3083 2051 3137 illuc
2082 3099 2141 3138 se
2168 3087 2366 3140 vehere
2393 3086 2619 3157 rogavit.
2672 3084 2807 3140 Dum
2857 3090 3316 3159 appropinquaret
3356 3089 3523 3145 vesti—

214 3176 335 3230 rita
356 3178 657 3235 mattachos
690 3178 764 3233 ibi
794 3178 1102 3236 habitantes
1130 3181 1195 3236 ad
1226 3181 1448 3237 meliora
1480 3182 1816 3252 provehere;
1847 3179 1894 3243 C
1926 3177 2052 3234 bttlo
2079 3180 2263 3250 templi
2291 3222 2305 3244 ,
2348 3180 2537 3236 alienis
2568 3190 2850 3252 susceptus
2882 3181 3023 3238 ulnis
3052 3184 3198 3238 humi
3241 3184 3520 3255 depositus

213 3273 352 3327 sicut
380 3271 578 3329 artifex
603 3288 864 3330 coronam
893 3284 1111 3331 acturus
1136 3318 1150 3338 ,
1182 3284 1501 3346 praestantes
1528 3292 1771 3346 gemmas
1794 3320 1808 3343 ,

212 3381 272 3421 ac
286 3366 615 3437 margaritas
634 3369 1092 3440 exornat,quibus
1119 3384 1254 3438 opus
1281 3380 1513 3440 emptum
1544 3369 1811 3440 perficiat.

214 3457 327 3513 Non
356 3459 528 3514 multo
551 3468 676 3528 post
698 3460 889 3516 eodem
914 3461 1011 3530 (al.
1040 3459 1170 3532 Deo)
1196 3458 1405 3515 clavum
1428 3460 1762 3531 gubernante
1797 3506 1812 3530 ,

215 3553 458 3607 seniores
480 3551 603 3607 illos
628 3567 752 3607 cum
784 3552 992 3608 Abbate
1022 3552 1211 3608 eadem
1237 3552 1522 3618 institutio,
1557 3561 1610 3608 et
1639 3569 1817 3608 mora-

216 3643 275 3697 lis
293 3642 536 3713 gravitas
571 3642 705 3699 tales
728 3641 996 3709 exhibuit,
1029 3644 1224 3713 quibus
1245 3641 1669 3713 gubernaculum
1699 3659 1815 3700 cce.

218 3735 448 3790 nobialis
476 3734 680 3805 regula:
706 3735 934 3790 miriﬁce
961 3744 1271 3790 servaretur
1296 3776 1309 3800 ,
1357 3743 1410 3790 et
1439 3736 1663 3790 formula
1694 3736 1714 3808 (
1742 3735 1813 3790 al.

217 3829 499 3900 fortunae),
523 3839 687 3901 atque
713 3829 991 3899 speculum
1034 3829 1356 3901 sequacibus
1401 3840 1608 3896 essent,
1658 3839 1713 3885 et
1760 3826 1851 3885 ut'

216 3922 337 3976 boni
364 3934 545 3992 patres
570 3923 740 3978 bonos
763 3922 1007 3979 hacrcdes
1028 3921 1329 3979 efficerent.
1347 3920 1679 3977 .locundatttr
1698 3938 1814 3989 rex,

213 4014 541 4084 jocundatur
587 4014 915 4085 episcopus,
968 4013 1279 4084 pttllulantis
1330 4014 1531 4085 segetis
1587 4013 1811 4070 uberem

219 4107 447 4163 fructum
470 4119 805 4177 spectantes.
832 4108 992 4173 Urbs,
1028 4118 1083 4164 ct
1110 4107 1416 4162 suburbana
1449 4110 1817 4163 eomtnuuiter

220 4202 525 4273 bnjusntodi
566 4205 927 4260 contubernio
952 4202 1299 4274 gaudebant:
1334 4205 1476 4258 unde
1504 4204 1686 4273 plures
1718 4202 1815 4257 fal-

220 4296 347 4351 laris
374 4298 565 4354 saeculi
595 4298 936 4354 umbratilem
951 4312 1136 4352 auram
1167 4298 1813 4365 vitantes,utcontermiui

220 4395 323 4463 (al.
357 4393 659 4464 canterini)
716 4403 985 4449 tantorum
1037 4394 1275 4449 virorum
1330 4392 1564 4460 ﬁerent,
1614 4403 1818 4466 satage-

222 4484 386 4552 bant;
417 4502 557 4557 quos
588 4502 693 4541 non
724 4487 948 4556 penuria
985 4486 1036 4541 id
1070 4488 1247 4541 facere
1277 4486 1529 4557 cogebat,
1570 4487 1665 4542 sed
1693 4503 1817 4543 esu-

1920 3278 2024 3327 est.
2076 3272 2271 3328 Pectus
2298 3273 2493 3343 pugnis
2519 3274 2779 3330 tundebat
2804 3317 2820 3341 ,
2865 3291 3050 3332 vocem
3080 3277 3404 3347 singultibus
3426 3279 3525 3332 im-

1917 3365 2127 3435 plebat,
2161 3367 2397 3421 deterius
2430 3367 2647 3437 dignum
2674 3383 2733 3423 se
2762 3384 2883 3424 esse
2912 3369 3144 3426 dicebat.
3178 3371 3329 3427 Tunc
3354 3373 3511 3427 lumi—

1919 3458 2065 3512 naria
2092 3457 2188 3528 (al.
2209 3458 2390 3532 jussit)
2432 3457 2558 3514 fecit
2581 3460 2901 3522 accendere.
2928 3472 2980 3516 et
3010 3477 3210 3518 curvus
3237 3473 3293 3516 ttt
3318 3463 3515 3530 bestia,

1918 3553 2043 3621 quia
2072 3562 2252 3607 rectus
2281 3567 2384 3607 nou
2417 3552 2650 3619 valebat,
2680 3553 2907 3624 genibus
2936 3564 2991 3610 et
3017 3555 3208 3624 palmis
3229 3556 3516 3612 adversum

1920 3642 2088 3699 altare
2120 3643 2284 3713 coepit
2309 3658 2520 3713 repere.
2554 3644 2803 3699 Protinus
2834 3645 3013 3700 divina
3043 3647 3212 3702 virtus
3242 3658 3294 3703 et
3318 3663 3439 3704 ossa
3465 3659 3520 3704 et

1922 3751 2116 3791 nervos
2130 3736 2247 3807 ejus
2274 3737 2538 3807 ingressa,
2571 3738 2897 3793 artetiticum
2935 3740 3183 3795 morbum
3204 3741 3396 3813 tetigit.
3422 3741 3520 3798 Ille

1920 3830 2068 3885 velut
2092 3830 2353 3897 exanimis
2380 3832 2430 3885 in
2455 3839 2652 3888 terram
2680 3832 2906 3899 corruit,
2946 3842 2999 3889 et
3026 3832 3229 3889 diutius
3256 3835 3411 3905 quasi
3440 3837 3515 3890 si-

1922 3941 1989 3981 ne
2009 3926 2195 3995 spiritu
2215 3926 2403 3995 jacuit,
2436 3936 2491 3980 ttt
2513 3927 2622 3996 jam
2646 3928 2958 3983 crederetur
2983 3938 3246 3983 mortuus.
3270 3927 3518 3997 Repente

1920 4017 2251 4074 consolidata
2282 4028 2406 4073 sunt
2436 4019 2761 4075 lineamenta
2785 4021 3057 4089 corporis,
3101 4029 3157 4075 et
3180 4021 3421 4087 ﬂexurtr,
3463 4029 3519 4075 et

1921 4111 2079 4167 bases
2098 4154 2111 4175 ,
2146 4111 2382 4181 uodique
2409 4126 2598 4167 omnes
2627 4112 2883 4167 restituti.
2933 4112 3227 4182 Confestim
3256 4111 3514 4183 erigitur,

1921 4213 1976 4259 et
1996 4204 2061 4259 ad
2083 4218 2230 4257 aram
2253 4204 2362 4258 cito
2385 4204 2764 4273 proﬁciscitur.
2789 4204 2875 4259 Fit
2895 4219 3189 4260 concursus
3210 4205 3519 4275 popularis:

1923 4296 1983 4351 ﬁt
2021 4298 2137 4351 laus
2176 4311 2239 4353 ac
2274 4296 2527 4366 jubilatio
2556 4296 2829 4367 spiritalis.
2864 4297 2975 4352 Deo
3003 4296 3239 4353 refertur
3261 4295 3434 4368 gloria
3459 4305 3517 4353 et

1921 4391 2333 4462 omnipotentis,
2367 4399 2423 4447 et
2458 4390 2658 4463 inclyto
2688 4390 2891 4447 Zenoni
2915 4391 3200 4447 clementia
3228 4400 3282 4446 et
3310 4391 3515 4463 magni-

1924 4483 2153 4539 ﬁcet'ttia.

221 4580 312 4634 riri
363 4590 423 4636 et
475 4582 565 4635 siti
622 4592 822 4637 sanetae
873 4581 1299 4637 conversationis
1348 4578 1649 4649 inhiantes,
1704 4566 1842 4637 non:

1994 4576 2126 4632 Cum
2175 4575 2314 4631 fama
2366 4575 2583 4631 virtutis
2633 4577 2817 4631 nuntia
2859 4575 3280 4649 circumquaque
3323 4578 3518 4646 abiret,

223 4674 469 4728 minimas
494 4689 630 4744 Qpes
658 4673 863 4729 Zenoni
896 4673 1153 4740 ferentes,
1184 4674 1539 4729 mOttasticum
1573 4673 1815 4730 habitum

226 4766 514 4821 induebant
545 4767 656 4837 (al.
701 4765 1038 4839 induerunt).
1075 4766 1186 4822 Hoc
1213 4766 1378 4822 modo
1406 4766 1557 4823 l0t‘us
1590 4767 1679 4823 ille
1708 4767 1816 4823 for-

225 4861 455 4915 lunatior
492 4870 549 4915 et
594 4859 902 4929 religiosior
929 4860 1100 4914 factus
1123 4902 1138 4925 ,
1167 4862 1269 4915 sub
1299 4859 1560 4931 cujusque
1582 4858 1818 4916 Caesaris

225 4954 318 5009 alis
343 4963 622 5023 protectus
649 4962 752 5008 est.
795 4952 903 5009 Sed
937 4953 1283 5009 beatissimus
1308 4954 1591 5007 confessor
1620 4954 1761 5007 vires
1786 4968 1816 5008 a

228 5047 448 5103 Domino
476 5047 632 5102 data»;
662 5061 824 5117 quam
851 5060 998 5116 saepe
1025 5046 1291 5105 excitans.
1325 5045 1489 5114 multa
1516 5054 1818 5100 memoratur

226 5138 375 5209 digna
408 5139 718 5210 perficiens,
742 5155 809 5195 ex
835 5138 1136 5209 longinquis
1151 5138 1390 5208 partibus
1407 5136 1569 5211 (ututs
1595 5154 1694 5193 ms.
1720 5156 1821 5192 na-

228 5234 463 5302 tionibus,
478 5235 547 5287 at.
566 5232 882 5306 regionibus)
898 5232 1078 5301 plures
1095 5242 1399 5293 vocaverat,
1417 5231 1551 5284 alios
1565 5231 1823 5299 religione

228 5338 420 5393 motos,
451 5328 588 5383 alios
609 5326 946 5397 :egritttdinis
966 5326 1287 5382 necessitate
1312 5332 1548 5381 coactos.
1610 5325 1676 5379 Et
1718 5322 1812 5396 (al.

227 5418 356 5493 Sed)
383 5435 453 5476 ne
483 5408 873 5489 pratereamus
900 5417 1080 5473 omnia
1101 5458 1117 5485 ,
1146 5431 1365 5472 suorum
1397 5434 1492 5488 per
1517 5416 1625 5472 hoc
1656 5432 1821 5487 opus-

228 5516 403 5571 culum
433 5516 772 5571 disseramus
801 5513 975 5583 aliqua
1005 5512 1410 5567 miraculorum.

292 5607 589 5675 Quemdam
646 5604 1020 5660 Tridentitttnn
1077 5605 1290 5660 daemon
1337 5606 1645 5674 ingressus,
1704 5618 1826 5659 cor-

231 5702 372 5769 poris
418 5714 473 5758 et
532 5702 700 5755 animi
777 5700 880 5756 sibi
950 5702 1096 5758 vires
1158 5700 1485 5765 vindicavit;
1534 5716 1655 5755 nam
1709 5699 1825 5755 ttul-

233 5792 337 5847 lum
392 5794 763 5855 membrorum
814 5791 1052 5847 ofﬁcium
1109 5809 1268 5850 suum
1320 5793 1637 5857 exercebat,
1672 5794 1825 5863 cujus

1926 4671 2162 4742 undique
2188 4671 2340 4725 turba
2372 4684 2477 4725 non
2505 4668 2726 4725 minima
2754 4670 3079 4737 maturabat,
3111 4685 3211 4726 ceu
3236 4685 3427 4742 greges
3450 4669 3518 4725 ad

1925 4779 2110 4835 agrum
2133 4777 2513 4833 compascuum
2544 4763 2803 4819 ubertatis
2830 4763 3048 4834 plenum
3072 4765 3269 4821 solent.
3295 4763 3410 4819 Duo
3434 4764 3517 4817 vi-

1925 4861 1994 4923 ri,
2026 4872 2163 4913 unus
2186 4867 2303 4914 erat
2322 4856 2584 4923 Joannes,
2613 4859 2750 4914 alter
2771 4868 2885 4914 erat
2906 4859 3126 4924 Calvus,
3158 4861 3264 4914 huc
3285 4856 3514 4923 devecti,

1923 4951 2206 5024 paralytici
2224 4950 2476 5023 jacebant
2501 4993 2515 5016 ,
2554 4951 2684 5006 socii
2718 4950 2930 5005 itineris
2958 4993 2971 5016 ,
3013 4950 3147 5005 socii
3177 4951 3442 5021 passionis
3465 4961 3521 5005 et

1923 5046 2241 5108 curationis,
2288 5059 2423 5115 quos
2472 5043 2674 5100 diutina
2721 5058 2869 5099 mora
2914 5044 3024 5115 jam
3074 5054 3232 5099 notos
3278 5043 3522 5114 pluribus

1925 5137 2360 5211 commendabat.
2409 5136 2469 5191 lli
2516 5137 2717 5192 assidui
2754 5138 2947 5207 januas
2982 5137 3226 5194 ecclesiae
3262 5138 3523 5193 observa-
3576 5196 3579 5199 ,

1930 5230 2079 5298 bant,
2108 5240 2163 5287 et
2181 5229 2240 5288 S.
2274 5230 2508 5286 Zenonis
2537 5245 2678 5285 nunc
2707 5230 3107 5295 communibus,
3134 5246 3279 5288 nunc
3301 5230 3525 5286 alternis
3603 5237 3611 5247 ‘

1931 5327 2180 5397 precibus
2229 5325 2484 5381 auxilium
2531 5322 2910 5395 implorabant.
2968 5325 3094 5380 Illos
3139 5325 3266 5380 dum
3310 5340 3419 5379 nox
3470 5330 3526 5377 et

1932 5433 2182 5473 somnum
2219 5416 2574 5487 opprimeret,
2628 5403 2833 5488 pariter
2867 5417 3115 5473 viderunt
3155 5431 3340 5472 senem
3378 5430 3527 5485 aSpe

1930 5526 2053 5570 etus
2083 5513 2456 5584 pulcherrimi,
2488 5494 2686 5568 coloris
2712 5512 2898 5580 vividi,
2921 5528 3081 5585 quem
3108 5511 3333 5567 canities
3356 5511 3529 5567 instar

1934 5610 2073 5664 nivis
2104 5609 2427 5673 illustrabat,
2450 5623 2511 5663 ex
2539 5608 2812 5664 interioris
2841 5606 3028 5676 templi
3049 5606 3195 5661 aditu
3213 5614 3524 5671 exeuntem,

1934 5705 2244 5774 virgamque
2276 5703 2325 5757 in
2360 5717 2520 5757 manu
2555 5699 2840 5765 ferentem,
2877 5715 3036 5770 quam
3079 5699 3270 5762 ert-xit,
3306 5699 3526 5754 ambos-

1903 5808 2037 5870 \tpu-
2065 5798 2314 5866 pulsavit,
2341 5805 2395 5851 et
2421 5797 2522 5850 ait:
2559 5816 2574 5846 ι
2606 5794 2749 5850 Satis
2774 5793 2864 5847 ditt
2897 5793 2947 5847 in
2982 5791 3064 5847 his
3085 5791 3348 5847 cubiculis
3372 5794 3539 5858 intui-
