3960 6330
469 238 569 295 att
1880 214 2425 289 ruontioonsun.
3638 233 3729 290 an

471 356 592 420 stis,
639 355 877 423 surgite,
915 361 970 408 et
1014 352 1182 408 Deum
1223 349 1559 407 Salvatorem
1604 345 1838 403 laudate.
1872 366 1892 399 ι
1948 344 2068 399 Mox
2100 347 2152 406 Α
2176 360 2337 410 rare;
2373 344 2567 415 palmis
2600 343 2798 400 erectis
2826 345 2883 399 in
2914 358 3042 399 aera
3083 358 3271 399 omnes
3295 360 3398 400 uno
3427 359 3518 401 ore
3542 389 3556 412 ,
3593 346 3733 403 Auri-

471 448 623 505 abiir.
672 447 1001 519 Evigilanles
1066 453 1246 503 mutua
1290 442 1603 498 narratione
1642 439 1786 511 quod
1823 439 2072 493 viderant
2177 435 2303 490 (iure
2335 434 2494 495 Deus.
2525 435 2849 491 clamarent.
2878 436 3069 493 Nullus
3100 444 3261 493 tantm
3288 436 3625 494 multitudinis
3651 440 3735 496 lut-

472 542 704 599 iuvicem
729 538 1101 595 conferebant.
1145 534 1441 593 Confestim
1482 548 1542 589 se
1580 531 1796 587 sanitati
1832 530 2071 586 redditos
2170 527 2409 600 jusmodi
2432 528 2594 584 studii
2617 528 2944 584 abstinebat.
2968 527 3192 584 Videres
3211 528 3344 586 alios
3367 544 3556 601 pronos
3574 546 3730 602 orare,

397 609 400 612 i
471 638 883 690 consenserunt.
924 628 1180 684 Pretinns
1214 624 1476 683 velociter
1512 632 1820 696 surgentes.
1858 620 2073 694 grandi-
2174 622 2311 679 alios
2337 622 2760 679 misericorditer
2790 624 3005 695 plorare
3028 666 3042 689 ,
3078 624 3217 679 alios
3242 626 3545 680 sacerdotes
3576 626 3636 681 ad
3662 626 3730 683 nf-

470 728 620 783 sonis
656 724 903 780 laudibus
937 723 1050 778 Deo
1075 721 1415 793 jnbilarunt:
1458 717 1549 788 qui
1580 717 1864 782 timentes,
1896 715 1939 770 si
1961 718 2071 770 cito
2174 711 2353 768 ficium
2391 713 2681 785 instigare,
2715 730 2820 786 qua
2853 716 3217 772 commotione
3248 717 3419 771 omnis
3447 719 3581 788 regia
3609 718 3729 773 into-

470 818 733 882 redirent,
767 831 836 871 ne
868 817 1007 871 Deus
1030 813 1136 869 illis
1157 811 1598 885 ingratitudiuem
1628 810 1938 880 imputaret,
1958 805 2073 862 die-
2177 806 2313 861 nuit.
2366 806 2665 863 Confestim
2718 806 2911 863 fortior
2953 818 3193 865 armatus
3222 811 3403 877 venit,
3445 819 3499 866 et
3537 825 3566 865 a
3599 810 3737 870 domo

469 914 571 972 bus
591 911 798 982 aliquot
818 916 1222 975 remanserunt,
1246 904 1474 977 etquod
1500 903 1606 960 illis
1630 909 1909 971 evenerat,
1943 899 2074 958 fide-
2174 900 2393 971 propria
2414 901 2636 960 abusive
2663 901 2979 959 eliminavit.
3006 902 3050 960 Ο
3073 903 3286 960 dzemon
3304 918 3423 960 eum
3451 914 3637 976 quanto
3659 904 3739 962 do-

468 1003 595 1062 liter
622 1001 992 1058 notificahaut.
2175 994 2289 1049 lore
2307 1002 2361 1051 et
2373 1010 2535 1067 quam
2552 1010 2747 1066 magno
2762 996 3006 1054 clamore
3018 1006 3073 1053 et
3089 1013 3252 1070 quam
3266 998 3552 1070 sulphureo
3576 999 3741 1059 foetore

541 1096 653 1152 Nec
672 1093 941 1166 quoddam
975 1089 1331 1148 memorabile
1364 1085 1952 1162 prasteribimus,quod
1979 1085 2074 1141 ΑΙ·
2175 1088 2357 1160 lapsus
2377 1091 2490 1145 est!
2520 1089 2679 1148 Stetit
2697 1092 2749 1146 in
2778 1092 2957 1146 medio
2980 1091 3162 1163 populi
3190 1092 3387 1162 puella,
3411 1091 3616 1163 pallida,
3637 1109 3741 1162 per-

470 1190 629 1249 berto
651 1188 955 1245 Ceuedensi
975 1186 1219 1257 contigit.
1244 1184 1399 1242 Hunc
1422 1183 1552 1239 dum
1589 1182 1796 1237 feroces
1816 1187 2075 1251 caperent
2176 1179 2390 1248 territa,
2412 1181 2666 1249 tremula,
2681 1181 2919 1254 fatigata.
2946 1182 3162 1238 Vixfari
3187 1192 3419 1255 poterat,
3440 1200 3553 1256 qua:
3568 1184 3741 1241 dudum

474 1284 661 1339 hostes
684 1296 791 1337 non
814 1290 1055 1351 capturas
1084 1280 1324 1335 contenti
1345 1279 1514 1350 gloria
1532 1317 1547 1341 ,
1568 1290 1670 1332 nec
1695 1272 1933 1348 [cum]
1952 1273 2073 1329 aliis
2176 1288 2366 1329 omnes
2387 1288 2519 1329 voce
2544 1275 2866 1345 superabat;
2903 1274 3132 1347 pedibus
3163 1283 3220 1332 et
3249 1276 3494 1333 omnibus
3518 1277 3744 1335 membris

475 1375 657 1434 satiati
695 1374 932 1445 flagitiis,
965 1381 1151 1429 contra
1176 1372 1265 1442 jus
1308 1382 1362 1427 et
1389 1371 1468 1426 fas
1500 1370 1693 1436 illatis,
1726 1369 1897 1440 ignito
1926 1367 2074 1425 ferro
2177 1366 2832 1438 vacillabat,qu:edudum
2851 1366 3016 1424 fortes
3032 1370 3177 1425 viros
3191 1368 3460 1441 fatigabat.
3477 1369 3744 1426 Aberitille

476 1470 676 1525 lumina
690 1464 1507 1523 combusseruut.Orbatusluce
1525 1462 1816 1518 sedebatin
1834 1459 2074 1517 tenebris
2177 1459 2268 1531 qui
2297 1460 2530 1527 vexavit,
2554 1469 2609 1516 et
2639 1460 2782 1517 vires
2806 1461 3049 1532 ingentes
3078 1461 3379 1533 inspiravit.
3405 1461 3449 1516 0
3472 1476 3621 1533 quam
3653 1478 3746 1518 ma-

476 1558 778 1629 repentinte
796 1556 1405 1627 privatinnisquerulus,
1420 1556 1764 1626 importunus
1789 1562 1947 1608 nocte
1961 1552 2076 1608 die-
2176 1567 2280 1624 gua
2308 1554 2422 1609 laus
2453 1554 2718 1625 etgloria,
2745 1563 2803 1610 et
2829 1563 3030 1626 quanta
3058 1556 3130 1611 ibi
3155 1556 3301 1613 edita
3330 1564 3449 1612 aunt
3476 1544 3743 1628 praecdnia!

474 1667 580 1721 que
617 1650 789 1707 Deum
816 1648 1055 1719 judicem
1093 1647 1356 1719 plorando
1389 1647 1731 1718 implorabat.
1768 1646 1905 1701 Dum
1939 1662 2071 1702 con-
2250 1645 2658 1720 [cnsxvn]Cum
2680 1647 3444 1719 illeiniquusspiritusabiret,
3461 1647 3747 1705 circumiens

477 1744 706 1799 suctudo
738 1742 862 1797 mali
908 1741 1019 1812 jam
1058 1739 1440 1796 verecundiam
1472 1741 1759 1803 minueret,
1792 1754 1823 1794 a
1863 1739 2083 1796 latebris
2112 1745 2160 1806 B
2188 1756 2347 1811 quem
2361 1739 2754 1806 devoret,videt
2770 1742 3092 1796 monachum
3108 1740 3746 1814 manentemjuxtacelsatu

483 1838 699 1907 prodire
731 1836 918 1905 cmpit,
947 1834 1125 1888 alieno
1150 1832 1346 1889 ductus
1374 1832 1662 1903 regimine,
1696 1841 1751 1886 et
1786 1845 1895 1886 non
1923 1845 2088 1903 parvo
2192 1834 2403 1900 turrim,
2427 1849 2549 1904 quae
2580 1841 2707 1889 tunc
2737 1832 3103 1889 aedificabatur
3128 1875 3142 1900 ,
3174 1849 3341 1906 super
3366 1849 3521 1905 quem
3555 1833 3615 1890 de
3637 1835 3751 1890 emi-

481 1940 725 1999 tempore
763 1942 920 1984 suum
968 1923 1300 1997 sequebatur
1333 1924 1549 1981 ducem.
1591 1923 1711 1979 Jam
1751 1934 1868 1979 erat
1907 1925 2089 1995 gravis
2190 1926 2337 1983 nenti
2366 1926 2531 1997 pinna
2559 1924 2792 1996 lapidem
2840 1925 3101 1995 devolvit,
3132 1934 3187 1982 et
3228 1925 3283 1982 in
3312 1926 3509 1983 veitice
3547 1926 3751 1995 graviter

478 2031 640 2092 atque
665 2020 884 2077 odibilis
911 2018 1049 2087 suis,
1079 2027 1133 2073 et
1154 2032 1301 2088 saepe
1333 2018 1502 2073 Deum
1526 2017 1772 2087 rogabat,
1800 2025 1857 2071 ut
1879 2015 1981 2071 sibi
2010 2017 2091 2071 iu-
2191 2020 2496 2079 vulneravit
2522 2036 2537 2077 :
2569 2020 2694 2076 inde
2723 2020 2877 2092 quasi
2924 2030 3172 2078 mortuus
3216 2035 3248 2075 a
3287 2020 3536 2079 fratribus
3572 2029 3647 2078 est
3678 2035 3751 2077 su-

479 2113 693 2171 felicem
727 2114 890 2167 vitam
935 2118 1232 2167 truncaret.
1273 2108 1372 2164 Cui
1418 2120 1645 2180 repente
1683 2107 1784 2163 fuit
1827 2108 1978 2163 cordi
2022 2108 2089 2165 ad
2191 2113 2394 2179 blatus,
2444 2112 2629 2170 ethoc
2657 2111 2886 2171 habetur
2912 2116 3251 2183 memoriale,
3280 2114 3423 2186 quod
3465 2126 3563 2171 tam
3591 2126 3754 2187 patens

478 2207 538 2263 S.
560 2205 794 2264 Zenonis
822 2203 1136 2274 prtesidium
1178 2201 1437 2258 festinare
1464 2219 1477 2255 :
1527 2209 1654 2256 tunc
1681 2216 1710 2255 a
1740 2201 2007 2271 cognatis,
2036 2208 2092 2257 ct
2193 2208 2391 2264 vulnus
2420 2221 2527 2262 non
2575 2207 2674 2262 luit
2703 2208 2945 2264 exitiale.
2977 2206 3235 2264 Protinus
3263 2209 3411 2264 velut
3431 2209 3611 2280 sagitta
3638 2222 3754 2279 pra:-

483 2300 673 2356 amicis
694 2296 996 2354 subsidium
1024 2294 1237 2351 itineris
1262 2293 1535 2365 exigebat.
1568 2295 1638 2349 At
1660 2292 1735 2348 illi
1759 2309 1882 2349 eum
1906 2308 2092 2350 amcn-
2193 2298 2443 2370 cipitavit
2465 2313 2525 2356 se
2551 2300 2604 2354 in
2636 2314 2876 2355 mensam
2903 2299 3184 2371 cujusdam
3228 2302 3522 2372 indigeam,
3550 2310 3603 2357 ει
3625 2300 3755 2369 quid.

484 2403 594 2449 tem
636 2391 923 2456 vocabant,
965 2396 1019 2444 et
1064 2388 1113 2444 ei
1161 2402 1262 2457 pro
1310 2386 1402 2442 tali
1447 2386 1709 2457 petitione
1733 2385 2090 2442 insnltabaut.
2194 2390 2324 2462 quid
2354 2397 2549 2447 eratin
2592 2406 2678 2458 ea,
2706 2392 2939 2457 eminus,
2975 2392 3120 2447 velut
3148 2393 3428 2450 nimbosus
3470 2392 3633 2457 turbo,
3660 2391 3754 2448 dis-

487 2483 719 2541 Omissis
746 2481 992 2553 reliquis,
1029 2481 1292 2549 praevium
1335 2493 1517 2546 suum.
1552 2476 1680 2533 olim
1710 2479 1812 2533 sibi
1843 2477 2095 2550 pwdago-
2197 2487 2386 2558 pcrsit.
2413 2486 2618 2543 Deinde
2661 2487 2820 2568 citius
2866 2487 3010 2544 dicto
3051 2489 3204 2544 irruit
3250 2488 3303 2543 in
3340 2488 3621 2559 plaustrum
3643 2501 3756 2542 onu-

485 2591 635 2647 gum,
663 2573 1091 2631 misericorditer
1112 2571 1341 2643 rogavit,
1369 2578 1429 2625 ut
1454 2570 1569 2626 suis
1590 2571 1784 2641 emptis
1807 2579 2090 2628 annueret.
2197 2589 2339 2638 5mm
2367 2580 2563 2651 spinis,
2585 2580 2729 2652 quod
2772 2595 2873 2637 nec
2912 2582 3081 2638 unum
3128 2584 3331 2643 animal
3370 2585 3646 2648 ωονεικιι,
3674 2595 3757 2639 nec

488 2671 610 2728 Μοκ
643 2670 734 2726 ille
759 2669 933 2740 Pam“
953 2709 967 2733 ι
1000 2673 1055 2722 θῑ
1086 2664 1229 2737 fl“0d
1269 2663 1433 2720 herus
1461 2678 1594 2719 5W5
1623 2663 1782 2719 νθηθῐ
1802 2704 1818 2732 ο
1858 2678 1918 2719 se
1946 2673 2096 2720 δοιὼ
2198 2680 2343 2735 venti
2371 2678 2476 2734 ulla
2503 2681 2584 2734 vis
2612 2674 2751 2735 erat.
2794 2677 2930 2736 Tum
2967 2693 3255 2749 perversos
3293 2682 3475 2752 auriga
3518 2676 3615 2732 huc
3638 2686 3757 2732 rota-

489 2782 610 2822 rum
637 2764 952 2835 apopoudit.
999 2761 1194 2831 Incipit
1228 2760 1330 2817 iter
1370 2760 1598 2816 hilaris:
1642 2764 1736 2817 sed
1766 2762 1858 2818 alii
1886 2778 1953 2819 ex
1981 2761 2053 2818 su?

2198 2770 2312 2837 bat,
2343 2769 2473 2828 illuc
2492 2773 2818 2843 exagitabat,
2847 2787 2914 2828 ac
2940 2772 2984 2828 si
3029 2770 3239 2829 feroces
3270 2774 3409 2830 tauri
3433 2785 3483 2830 et
3512 2772 3756 2835 indomiti,

494 2861 803 2917 humaniter
832 2867 1086 2930 agentes,
1133 2871 1315 2912 secum
1347 2854 1574 2926 profecti
1606 2864 1748 2910 sunt.
1784 2856 1983 2911 Ductus
2014 2865 2098 2912 est
2196 2864 2369 2935 juncti
2405 2864 2534 2937 jugo
2576 2865 2772 2922 forent.
2808 2866 2901 2923 His
2928 2866 3063 2923 actis
3104 2866 3355 2925 ludibriis
3397 2867 3536 2924 illico
3580 2865 3759 2938 impulit

492 2953 558 3008 ad
591 2962 829 3017 animi“.
861 2952 913 3006 ίη
943 2965 1052 3022 quo
1084 2950 1232 3021 Prius
1262 2948 1410 3006 Ζθηο
1438 2949 1660 3021 quievit.
1694 2948 1908 3005 δῑτίὶῑυδ
1945 2949 2095 3006 humi
2199 2960 2621 3031 gubernatorem
2651 2959 2806 3015 navis
2837 2960 3235 3018 transvelteutis
3262 2961 3463 3032 lapides
3496 2961 3558 3018 ad
3581 2974 3755 3032 specta-

494 3047 763 3104 llebilibus
789 3046 965 3102 modis
995 3047 1249 3113 invocat,
1296 3045 1362 3100 ad
1390 3060 1547 3116 quem
1581 3055 1836 3114 venerat,
1880 3055 1938 3101 ut
1964 3062 2058 3102 con

2200 3053 2308 3111 bile
2335 3052 2621 3109 aedificium
2652 3052 2710 3107 S.
2748 3053 3003 3120 Zenonis,
3034 3065 3181 3112 ratus
3221 3064 3280 3112 et
3317 3056 3579 3112 hominem
3604 3054 3653 3110 in
3676 3054 3756 3108 llu-

494 3150 665 3196 sueta:
708 3138 988 3195 medicinae
1026 3138 1280 3208 juvamcn
1331 3138 1617 3209 praeberet.
1669 3139 1804 3194 Cum
1856 3138 2101 3195 Miserere
2125 3133 2172 3199 C
2207 3146 2352 3202 mine
2390 3144 2728 3216 demergere,
2757 3155 2812 3203 et
2838 3147 3015 3201 navim
3060 3144 3404 3219 naufragare.
3432 3150 3499 3204 At
3526 3148 3611 3205 ille
3645 3145 3757 3202 infra

498 3234 811 3304 frequenter
858 3232 1100 3298 iteraret,
1150 3231 1427 3303 inapinate
1474 3233 1888 3291 circumstantes
1946 3233 2094 3289 vidit.
2206 3239 2424 3309 puppim
2474 3238 2599 3306 ruit,
2653 3245 2706 3294 et
2754 3236 2904 3292 navis
2951 3238 3071 3295 sine
3105 3239 3317 3311 jactura
3364 3250 3568 3313 portum
3598 3240 3759 3296 tenuit.

504 3328 745 3396 Repente
766 3343 826 3383 se
850 3326 1034 3383 videre
1056 3326 1330 3407 clamavit.
1355 3324 1600 3396 Cumque
1621 3325 1712 3397 qui
1735 3342 1918 3407 secum
1936 3342 2101 3383 vene-
2204 3332 2407 3389 Eodem
2429 3338 2705 3389 momento
2732 3330 2801 3388 ab
2823 3330 3010 3388 Athesi
3058 3331 3126 3387 ad
3167 3347 3405 3399 amnem,
3435 3333 3525 3406 qui
3572 3333 3761 3390 Flulsius

501 3433 767 3488 rant,nou
788 3404 1487 3487 crederent,alteralternm
1506 3402 1889 3489 pnesentabat,
1908 3431 1958 3474 et
1981 3422 2102 3490 quis
2206 3426 2280 3497 (id
2327 3433 2412 3484 est
2455 3422 2639 3480 Fibius
2665 3424 2862 3496 amnis)
2892 3424 3110 3491 dicitur,
3150 3442 3211 3482 se
3258 3402 3470 3496 intulit,
3494 3426 3761 3485 aratoribus

502 3522 664 3578 esset,
689 3522 744 3568 et
764 3510 890 3583 quid
920 3511 1186 3579 indueret,
1212 3510 1546 3581 explorabat.
1577 3510 1710 3566 Dum
1740 3511 1897 3567 index
1929 3511 2103 3583 inqui—
2207 3535 2376 3593 prope
2396 3533 2665 3577 ammnam
2689 3520 2862 3589 ripam
2892 3519 3342 3589 lacrimantibus;
3370 3523 3455 3579 ubi
3499 3522 3617 3579 dum
3644 3520 3763 3590 μω-

503 3607 731 3660 sitorum
760 3612 941 3668 esset,
982 3617 1172 3661 omnes
1200 3611 1482 3673 creperum
1514 3602 1802 3672 plaudere,
1847 3615 1898 3658 et
1929 3604 2101 3661 Dcittn
2208 3614 2307 3671 εἶρε
2329 3630 2422 3669 sua
2447 3621 2760 3679 tractarent,
2784 3611 3023 3682 nihilque
3054 3613 3292 3670 rixarum
3323 3615 3459 3687 apud
3487 3615 3601 3671 illos
3622 3622 3760 3677 esset,

506 3709 563 3756 et
588 3699 799 3755 fidelem
830 3698 950 3767 ejus
978 3695 1248 3756 Zenonem
1278 3696 1521 3752 laudare.
1546 3697 1660 3752 Hoc
1682 3698 1964 3756 audientes
1993 3710 2105 3757 tor-
2207 3708 2375 3765 Satan
2405 3705 2618 3761 illorum
2649 3704 2942 3772 praecordia
2969 3703 3184 3760 titillare
3204 3706 3393 3776 cmpit,
3414 3706 3551 3762 unde
3576 3706 3761 3777 quidam

509 3803 653 3849 tores
682 3790 844 3857 illius,
870 3790 1014 3846 ducti
1050 3788 1391 3859 preuitentia,
1412 3805 1534 3845 eum
1569 3790 1828 3849 audacter
1854 3797 2095 3865 aggressi
2207 3801 2423 3856 illorum
2457 3797 2756 3853 insolenter
2781 3797 2942 3853 locuti
2969 3806 3023 3853 et
3049 3810 3390 3870 arroganter,
3422 3802 3591 3857 socios
3619 3811 3662 3856 et
3705 3799 3765 3854 fa-

507 3893 653 3951 Slln'i
687 3890 746 3938 ιιι
784 3895 881 3952 PFO
908 3879 1026 3952 eius
1064 3894 1250 3935 ³⁸³³01⁵⁸
1278 3880 1384 3938 ίηίε
1405 3880 1558 3936 darei
1585 3882 1817 3951 Veniam.
1861 3902 1891 3939 a
1918 3902 2024 3958 quo
2052 3897 2109 3944 et
2209 3895 2450 3951 miliares
2476 3892 2681 3949 amicos
2723 3890 2791 3949 ad
2819 3892 3199 3949 contumeliam
3233 3895 3399 3951 verba
3441 3895 3761 3966 exagitaruut.

505 3982 624 4052 ipse
667 3986 995 4036 consecutus
1020 3986 1106 4034 est
1143 3977 1592 4035 misericordiam.
1630 3979 1722 4036 llle
1763 3981 1991 4054 impiger
2020 4001 2109 4058 pe-
2210 3986 2493 4056 Extemplo
2521 3984 2789 4040 hostiliter
2817 3983 3035 4039 animati
3057 3984 3261 4041 baculis
3291 3987 3523 4058 graviter
3543 3986 3767 4043 conflixe-

508 4072 683 4145 percit
701 4071 935 4142 culpam,
957 4069 1270 4140 nullamque
1295 4070 1503 4142 recepit
1530 4070 1806 4129 mulctam.
1844 4075 2106 4133 Abbatem
2210 4090 2356 4146 runt,
2406 4089 2462 4135 et
2506 4079 2550 4134 si
2601 4078 2858 4134 militaria
2897 4093 3045 4134 arma
3093 4090 3294 4149 praesto
3344 4080 3555 4145 forent.
3609 4088 3767 4137 mutua

507 4169 566 4227 S.
600 4168 838 4229 Zenonis
861 4166 996 4223 adiit
1021 4173 1075 4222 et
1107 4165 1330 4223 loricam
1383 4165 1441 4222 S.
1475 4166 1775 4237 Benedicti,
1803 4168 1985 4242 ibique
2012 4188 2109 4244 per
2208 4183 2389 4245 strage
2409 4172 2667 4241 perirent.
2695 4171 2801 4228 Sed
2841 4170 2978 4228 forte
2999 4171 3311 4229 sacerdotes
3338 4174 3412 4229 ibi
3441 4175 3670 4243 adet-aut,
3692 4172 3767 4243 qui

511 4277 743 4339 quatuor
772 4264 938 4319 lustra
962 4260 1195 4316 ﬁdeliter
1222 4258 1490 4315 mililaVil-
2211 4264 2521 4323 mediastiui
2566 4264 2826 4320 atrociter
2860 4264 3075 4319 saucios
3114 4263 3454 4323 dirimeruut.
3496 4267 3550 4323 lu
3592 4283 3649 4324 se
3697 4282 3769 4322 re-

582 4359 769 4429 Neque
814 4366 869 4413 te
897 4353 1103 4419 silebo,
1148 4349 1378 4409 Wezilla
1419 4351 1668 4410 daemone
1703 4364 1883 4427 capta,
1933 4358 2111 4417 adhuc
2212 4359 2352 4417 versi
2381 4358 2518 4415 alter
2543 4356 2770 4413 alterius
2795 4355 3016 4413 vulnera
3041 4355 3219 4413 adhuc
3238 4359 3518 4428 stillantia,
3549 4375 3659 4433 qua:
3683 4359 3769 4431 ipsi

512 4453 711 4526 puella,
737 4464 844 4522 quo
866 4447 968 4504 sub
994 4446 1195 4503 teneris
1224 4444 1485 4501 membris
1507 4446 1667 4503 modo
1693 4448 1915 4516 latente,
1945 4451 2107 4508 modo
2131 4523 2171 4528 _
2213 4452 2489 4518 fecerant,
2522 4450 2794 4518 lavabant,
2822 4459 2876 4509 et
2914 4467 2983 4507 ex
3017 4453 3259 4510 vestibus
3300 4455 3551 4527 ligaturas
3604 4455 3768 4528 praeei-

509 4523 723 4602 furente
744 4542 883 4599 facta
908 4549 993 4598 est
1008 4538 1318 4611 juvencula.
1353 4537 1481 4595 Haec
1502 4541 1815 4610 parentibus
1841 4543 2105 4603 debuerat
2130 4523 2186 4585 D
2210 4550 2421 4615 dentes,
2443 4562 2568 4603 cum
2594 4546 2856 4604 cbaritate
2882 4556 2937 4604 et
2966 4548 3218 4621 lacrymis
3245 4523 3428 4623 plagas
3474 4523 3766 4608 vinciebant.

506 4653 630 4696 esse
647 4632 1034 4701 solatium,sed
1050 4631 2100 4706 eratillisinconsolabilespectaculum:
2213 4638 2416 4697 Deinde
2458 4639 2596 4695 clunt
2628 4639 2820 4709 magis,
2852 4655 3010 4710 quam
3058 4642 3235 4713 palam
3281 4645 3472 4701 artifex
3515 4645 3655 4701 dirus
3690 4657 3770 4699 no-

506 4747 645 4806 quos
670 4731 884 4786 daemon
914 4741 1059 4797 saepe
1089 4724 1387 4793 fefellerat,
1423 4741 1484 4782 se
1509 4728 1781 4784 exiturum
1802 4729 1991 4800 jurans
2010 4775 2024 4800 ,
2055 4736 2104 4791 si
2209 4733 2447 4805 cuit,qui
2471 4732 2639 4805 magis
2662 4732 2802 4789 dolis
2816 4743 2871 4789 et
2893 4733 3126 4802 tet-huis,
3147 4752 3308 4805 quam
3334 4739 3534 4795 viribus
3552 4737 3766 4794 coritldit.

508 4826 577 4882 ad
623 4824 766 4881 illius
794 4832 885 4877 aut
913 4820 1057 4879 illius
1084 4816 1266 4875 Sancti
1291 4817 1580 4875 duceretur
1607 4834 1780 4875 aram.
1814 4820 1905 4879 Sic
1934 4825 2104 4881 multo
2211 4830 2463 4887 Protinus
2492 4826 2801 4885 sacerdotes
2830 4829 3030 4898 apertis
3057 4829 3268 4887 insidiis
3297 4830 3461 4891 Satan
3491 4833 3625 4888 inter
3651 4829 3768 4886 filios

506 4930 753 4991 tempore
780 4929 932 4987 spem
964 4913 1177 4969 illorum
1221 4910 1464 4979 luserat,
1510 4919 1563 4967 et
1586 4925 1776 4971 eorum
1805 4915 2103 4974 studiosam
2210 4921 2304 4979 Dei
2333 4920 2546 4978 venisse
2574 4929 2961 4989 cognoverunt.

507 5028 692 5068 curam
730 5010 1064 5080 fatigaverat.
1115 5003 1224 5060 Sed
1249 5018 1311 5059 ea
1345 5010 1669 5075 tempestate
1695 5046 1710 5072 ,
1751 5021 1853 5077 qua
1882 5011 2103 5082 sanguis

409 5111 422 5123 '
507 5102 714 5162 Christi
738 5101 967 5158 Mantua:
987 5098 1241 5154 inventus
1269 5111 1390 5153 esse
1420 5095 1696 5154 ferebatur
1714 5139 1729 5166 ,
1767 5099 1894 5155 dum
1920 5101 2044 5159 illuc
2071 5118 2104 5159 a
2278 5100 2652 5176 Fragmentum
2681 5099 2927 5155 carminis
2956 5098 3019 5155 de
3045 5100 3305 5156 miraculis
3327 5102 3489 5157 sancti
3518 5098 3720 5157 Zenonis

506 5194 826 5270 parentibus
878 5191 1167 5248 duceretur
1202 5231 1217 5256 ,
1281 5187 1676 5259 digressionem
1743 5190 1812 5246 ad
1868 5191 2104 5251 Zenonis
2599 5191 2778 5262 scripti
2807 5209 2840 5248 α
2868 5189 3064 5247 Iacobo
3090 5191 3411 5265 presbytero.

506 5289 681 5347 αἰδοίη
711 5287 975 5343 Ῐθθθτωιιο
1017 5283 1163 5384 Dum.
1182 5280 1554 5384 ίῗετθάθίξθίω
1573 5322 1589 5349 ’
1618 5282 1834 5384 dam?"
1865 5286 2105 5344 “meum
2266 5330 2353 5384 Vir
2376 5327 2554 5384 clarus,
2573 5326 2691 5376 dum
2711 5324 2839 5375 festa
2858 5324 2968 5375 dies
2989 5323 3202 5376 Zenonis
3222 5326 3421 5377 adesset
3441 5366 3453 5384 ,
3595 5353 3604 5363 ι

502 5381 663 5438 solito
691 5376 925 5451 puellam
947 5372 1325 5440 concutiebat,
1353 5371 1501 5427 velut
1525 5386 1690 5431 eurus
1719 5374 2096 5433 arbusculam:
2280 5363 2296 5384 ’
2313 5363 3533 5453 ’ἰςὲἷξξῖᾟιὲἶιῖθὶἷῦἶῖε’ὲῖᾗξῦἆὶἷὲἶιῖξῖῖῖὧόοίε

501 5484 557 5532 et
577 5482 638 5530 ut
660 5449 781 5527 erat
803 5466 1066 5526 terminus
1089 5464 1447 5536 rogationum,
1474 5478 1700 5536 magnus
1722 5464 1850 5522 illuc
1872 5469 2101 5540 populus
2328 5449 2676 5567 ἕὲἓὲδξὲιξιξξξί
2694 5449 3507 5567 ῐξπξιξιθῶοᾶίῇξίῖᾞῒξέξξὲις

506 5565 787 5640 psallendi)
810 5559 1171 5636 praecedebat-
1204 5558 1305 5629 Qui
1334 5574 1457 5614 cum
1487 5569 1737 5615 cerneret
1761 5570 1920 5631 caput
1949 5572 2099 5618 τοια-
2328 5528 3617 5640 ὓῗιῗιῗέξῇῗιὲῗ’3εὲἶέἓέ’ῖεῖἓὲθῦἓὲΐυῗιῖἓῖῗέςεει

501 5636 581 5727 re,
605 5660 833 5732 capillos
855 5657 1108 5721 volitare,
1137 5667 1331 5709 manus
1351 5660 1406 5709 et
1423 5652 1642 5708 brachia
1673 5654 1907 5722 vibrare,
1935 5654 2100 5726 pedes
2330 5636 3403 5732 ξ’ξίᾞῗιςηξξξξξξξξηηξξ,ξ’,ξζξξξοξξέηξξξίξξζίξεξ

1137 5701 1329 5767 ςζῖῗζζ
1354 5701 1655 5767 ζῇῖῖῖῖῖί
1683 5701 1842 5767 ’ςῒ-έ·
1857 5701 1907 5767 ῖν
1935 5701 2100 5767 τνῖνν
2328 5704 2393 5754 At
2415 5704 2510 5753 sibi
2536 5704 2759 5766 praesidio
2776 5701 3027 5752 Zenonem
3050 5715 3249 5767 semper
3270 5704 3443 5755 adesse

505 5754 723 5821 saltare,
752 5753 934 5833 plures
966 5751 1114 5810 viros
1135 5749 1189 5809 in
1221 5764 1326 5807 una
1356 5749 1668 5831 muliercula
1697 5751 1923 5810 tenenda
1953 5752 2104 5819 labe.
2328 5749 3487 5848 essent,immugiet-ﬁnitimi;;
