3960 6330
215 297 315 354 ξιό

329 413 673 480 Exhibitisque
695 415 822 477 Deo,
847 412 1051 480 Zenoni,
1074 424 1133 480 ac
1149 412 1338 480 civibus
1359 411 1469 464 altis

334 477 582 529 Laudibus
592 473 874 537 immensis,
898 473 1157 526 confestim
1177 474 1314 526 Zeno
1338 477 1527 537 parenti
1553 490 1570 527 :

330 541 495 605 Ione
517 554 626 605 sua,
651 539 807 605 veluti
817 554 1016 605 somno,
1042 539 1292 589 revocavit
1314 539 1576 605 alumnum.

271 602 393 665 Quid
418 603 549 665 quod
571 600 636 653 de
658 602 861 653 castello
882 615 991 652 cum
1002 600 1274 665 superatus
1294 601 1355 650 ab
1380 600 1522 665 boste

332 661 538 726 Quidam
560 665 776 715 Veronae
796 665 1039 716 Venetam
1063 661 1319 714 volitasset
1340 661 1400 712 ad
1425 664 1622 727 urbem,

330 729 388 779 Et
410 728 507 778 sibi
525 728 759 779 crudeles
783 728 962 785 injuste
982 733 1219 779 cerneret
1241 738 1430 785 omnes,

329 789 551 854 Supplex
577 797 687 854 v_ota
710 790 818 841 tulit
832 788 1039 846 Zenoni,
1064 788 1375 854 talia‘dicens
1399 800 1413 834 :

328 850 565 912 'l‘u'mibi,
584 852 737 915 Zeno,
764 855 1116 916 pius,7precor,
1132 850 1265 916 adsis
1278 851 1393 914 jure
1414 850 1675 916 Patronus,

272 916 515 981 [chvtn]
535 920 694 981 Quem
721 913 876 981 primo
894 913 1091 981 Verona
1114 913 1291 964 ducem
1316 920 1577 981 veneratur
1594 913 1801 965 honore.

329 979 399 1029 En
414 974 579 1028 subito
600 974 846 1028 Venétum
865 976 1071 1040 ponulus
1089 984 1320 1040 totusque
1344 974 1556 1040 Senatus

326 1041 443 1103 Ejus
457 1040 577 1103 jura
598 1040 789 1101 videns,
815 1038 917 1089 tuin
938 1039 1159 1103 denique
1181 1038 1341 1103 fronte
1366 1039 1582 1101 benigna

326 1101 540 1154 lenonis
559 1102 791 1157 famulum
817 1106 1051 1164 victorem
1071 1101 1213 1157 fecit;
1240 1108 1291 1151 et
1324 1101 1429 1164 ipse

324 1165 514 1229 Retulit
536 1179 626 1216 ore
649 1178 757 1225 suo,
782 1164 910 1229 quod
929 1163 1063 1229 Zeno
1085 1160 1353 1227 scripserat
1377 1160 1485 1229 illa,

326 1230 445 1290 Qua
463 1228 567 1292 iam
581 1226 838 1280 eaussidici
858 1228 952 1277 sibi
973 1227 1303 1289 doctoresque
1326 1226 1575 1288 negabant

244 1354 1113 1382 Ἤ

1461 291 1690 354 ΕΙΙὸῧῶ
1736 290 1985 355 SANCTI
2013 288 2327 355 ZENONIS.

1836 415 1886 475 Α

3408 286 3511 345 2H

2036 409 2349 480 gravidisse,
2373 406 2492 463 licet
2515 408 2816 480 cribrassent
2834 403 3029 480 singula
3042 403 3224 480 dudum
3250 417 3282 480 τ’

2039 471 2131 535 Sic
2143 473 2239 535 voti
2261 469 2557 535 composque
2581 469 2688 535 fuit,
2713 469 2931 535 memor,
2941 475 3091 530 atque
3118 469 3324 535 recepit.

2039 508 2123 523 ,ην
2152 508 2239 522 ,νη
2262 508 2557 535 .......,,.,..,...,
2582 508 2688 529 .....,
2714 508 2894 519 ...νων
2941 508 3090 530 -..νη
3119 508 3291 540 ww“-

1983 535 2079 597 Te,
2100 532 2378 597 Catbarina,
2406 546 2601 597 precor,
2624 533 2870 597 Saracena
2891 508 3052 597 fatere
3075 536 3291 594 petenti,

2036 572 2378 659 Ξεῖιόᾝῖίάόῖτῖ
2396 572 3246 659 tibiiﬁiiitie'ﬁéfﬁéﬁéitﬁs'éé};

2038 654 2241 710 Munera
2261 664 2399 719 grata
2424 657 2561 719 tulit;
2590 654 2705 707 nam
2727 656 2799 705 vir
2814 654 3129 719 Benedictus
3144 654 3197 719 et
3214 654 3321 718 ipse

2037 722 2205 783 Testis
2226 716 2384 781 adest,
2410 716 2724 783 quod'febris
2740 720 2787 767 ei
2806 718 3078 783 capitisque
3099 716 3320 768 dolorem

2037 782 2253 833 Abstulit
2270 785 2319 832 in
2343 778 2448 832 visu
2470 782 2674 833 dicens:
2702 778 2897 843 Laetare
2916 778 3074 843 fidelis
3091 818 3105 843 ,

2039 847 2223 908 Sospes
2246 845 2371 908 eris,
2389 846 2532 908 capiti
2555 846 2596 895 si
2619 845 2767 908 digna
2784 840 3067 908 umbracula
3088 840 3219 902 nudo

2034 904 2246 958 Zenonis
2271 904 2420 956 facies
2449 904 2460 957 Ξ
2482 920 2592 956 nam
2619 904 2776 955 nu'dus
2798 904 2866 953 sic
2892 904 2978 953 tibi
3006 905 3140 953 visus

2036 971 2123 1021 ille
2145 969 2251 1028 fuit,
2276 970 2354 1018 cui
2373 976 2543 1019 cuncta
2568 972 2725 1018 nitent
2741 969 2964 1028 sincera;
2984 967 3241 1029 grabatum

2032 1031 2412 1100 Incolumisque,
2437 1032 2706 1100 domotota
2724 1028 3268 1100 juliilantedelinques

2032 1098 2185 1155 Quam
2212 1088 2417 1157 primum
2442 1093 2597 1157 :baud
2620 1088 2796 1143 frustra
2815 1088 2977 1141 mater
2991 1088 3202 1157 Zenonis
3221 1092 3281 1141 sd
3304 1104 3449 1142 aures

2036 1157 2157 1208 Vota
2180 1155 2283 1208 suis
2302 1157 2533 1220 precibus
2559 1155 2701 1218 fudit,
2725 1160 2895 1206 curata
2919 1155 3169 1216 podagris.

1115 1346 3488 1383 -—————-——————-—-—-—-——-———-—-———-—‘-—-—m

902 1465 1151 1547 [ειιιιι]
1208 1466 1559 1542 ΜΙΞΞᾹί
1632 1463 2025 1549 SANCTI
2109 1462 2564 1541 ZENONIS

624 1626 668 1683 E
710 1622 1054 1684 VETUSTIS
1090 1620 1242 1680 MSS.
1285 1619 1914 1680 SACRAMENTORUM
1953 1618 2179 1677 LIBRIS
2216 1614 2653 1675 VERONENSIS
2693 1614 3072 1675 ECCLESLE.

857 1849 1058 1906 MISSA
1100 1849 1141 1905 Ι.

271 1988 445 2045 Oratio
499 2018 571 2030 -—
598 1985 681 2060 (l)
713 1984 899 2043 Sancti
919 1983 1152 2040 Zenonis
1173 1980 1485 2041 Sacerdotis
1508 1989 1562 2037 et
1586 1978 1795 2035 confes-

200 2083 331 2140 soris
355 2082 456 2150 tui,
502 2080 764 2145 Domine,
802 2076 1108 2137 veneranda
1162 2075 1435 2133 hodierna:
1486 2072 1792 2131 festivitatis

202 2177 477 2233 illuminatf
523 2173 963 2246 congratulantes
1004 2171 1283 2237 ltetamur;
1327 2167 1566 2227 concede
1612 2165 1793 2236 propi-

201 2270 296 2325 tius
329 2267 508 2341 dignis
555 2267 672 2337 ejus
716 2263 970 2336 precibus
1005 2272 1280 2329 exoratus,
1309 2270 1368 2316 ut
1408 2258 1668 2332 spiritalis
1692 2256 1790 2313 ali-

200 2361 380 2417 munire
401 2358 738 2431 jocunditate
766 2355 979 2422 refecti,
1004 2355 1215 2421 salutis,
1244 2368 1404 2425 quam
1433 2350 1639 2415 docuit,
1670 2348 1791 2404 inti-

201 2455 351 2511 tando
378 2455 523 2517 viam
548 2460 839 2509 sectemur.
872 2450 977 2506 Per
1005 2448 1310 2505 Dominum.

260 2551 375 2604 Alia
404 2548 575 2604 oratio
621 2544 723 2619 (2).
752 2544 989 2600 -—-Deus
1030 2544 1119 2614 qui
1167 2556 1267 2598 nos
1317 2538 1500 2597 Sancti
1552 2537 1789 2594 Zenonis

197 2641 498 2699 Sacerdotis
520 2650 572 2691 et
592 2637 940 2694 Confessoris
977 2636 1051 2691 tui
1082 2648 1259 2690 annua
1287 2636 1458 2689 beatae
1486 2629 1785 2687 confessio-

198 2737 274 2794 nis
301 2735 630 2791 solenuitate
659 2730 920 2797 laetificas,
946 2739 1137 2801 praesta
1167 2739 1497 2798 quaesumus,
1517 2734 1576 2779 ut
1597 2722 1785 2780 callida

196 2830 359 2886 bustis
405 2826 756 2889 incursione,
798 2833 887 2878 tua
932 2821 1053 2878 freti
1106 2821 1331 2887 virtute,
1375 2817 1581 2874 devicta
1608 2858 1622 2881 ,
1661 2829 1786 2886 per-

197 2921 372 2978 venire
392 2919 463 2976 ad
488 2919 686 2991 gaudia
706 2916 826 2988 ipso
851 2913 1218 2972 intercedente
1239 2912 1781 2968 mereamuraeterna.

197 3014 308 3072 Per.
1184 3021 1189 3026 '

259 3106 617 3163 Secreta.--—
669 3103 875 3160 Oblatis
917 3102 1014 3159 tibi
1065 3100 1399 3165 muneribus,
1452 3111 1782 3169 quaesumus,

199 3199 326 3256 Deus
339 3206 496 3271 pater
521 3198 885 3269 omnipotens,
914 3195 1234 3267 propitiatus
1261 3193 1501 3261 intende,
1529 3198 1587 3248 et
1613 3191 1783 3247 inter-

196 3294 410 3350 cedente
435 3294 499 3350 B.
533 3292 755 3349 Zenone
795 3291 1092 3347 Sacerdote
1138 3295 1298 3363 atque
1321 3281 1652 3343 Confessore
1695 3296 1786 3342 tuo
1814 3271 1861 3335 Ο

198 3396 248 3442 et
288 3388 356 3443 ab
407 3388 622 3443 occulta
682 3384 1012 3441 insidiatoris
1062 3382 1389 3453 impulsione
1440 3380 1786 3452 fragilitatem

197 3489 423 3535 nostram
452 3487 707 3533 tueantur
737 3477 983 3543 illaesam,
1007 3484 1061 3531 et
1091 3473 1360 3545 Angelicis
1383 3472 1578 3528 devote
1618 3472 1790 3526 mani-

198 3572 288 3628 bus
310 3581 566 3643 suscepta
611 3572 841 3627 sacratis
886 3580 1011 3627 ante
1054 3578 1401 3641 conspectum
1442 3568 1696 3641 gloriosa:
1735 3576 1791 3624 et

199 3666 484 3722 tranenda
528 3665 829 3735 tnajestatis
873 3676 977 3721 tua:
1011 3667 1063 3722 in
1102 3665 1326 3721 odorem
1372 3663 1654 3719 suavitatis
1679 3662 1790 3718 ala-

198 3759 352 3815 criter
372 3757 712 3819 deferantur.
746 3757 872 3815 Per.

263 3852 534 3925 Praefatio.
565 3882 639 3894 —
667 3850 810 3909 Vere
837 3852 1080 3922 dignum.
1132 3850 1235 3920 Qui
1289 3849 1350 3905 Β.
1380 3849 1653 3905 Zenonem
1712 3849 1789 3904 tui

198 3947 358 4001 sancti
389 3945 627 4002 nominis
663 3948 882 4017 copiosa
920 3945 1122 4002 amoris
1148 3943 1431 4001 dulcedine
1457 3944 1676 4000 uberius
1702 3959 1789 4000 sa-

198 4037 407 4106 tiatum,
437 4038 508 4094 ad
529 4038 1007 4109 contemplandum
1038 4036 1263 4094 Deitatis
1290 4045 1396 4093 tua:
1421 4035 1788 4101 desideratam

200 4132 486 4199 perducere
512 4132 764 4202 dignatus
788 4143 849 4186 es
875 4131 1173 4187 claritatem
1199 4148 1212 4186 :
1241 4145 1402 4202 quem
1441 4131 1511 4186 ita
1568 4131 1795 4187 misera-

195 4225 346 4281 tionis
372 4237 484 4293 tuae
513 4225 709 4281 invicta
741 4224 951 4296 pietatis
992 4222 1277 4281 clementia
1330 4226 1470 4279 inter
1496 4223 1794 4280 mundanas

200 4318 417 4379 validius
448 4318 685 4379 reddidit
708 4334 932 4391 pompas
960 4319 1208 4384 illaesum,
1236 4327 1291 4373 ut
1317 4332 1418 4374 nec
1447 4316 1642 4374 blanda
1677 4332 1795 4390 pro-

199 4412 465 4483 speritatis
491 4411 859 4483 magnitudine
878 4421 1132 4479 tumeret,
1156 4425 1258 4468 nec
1275 4411 1662 4467 adversitatum
1687 4426 1793 4466 un.

199 4504 318 4561 dosa
335 4506 660 4579 procelloste
698 4506 946 4561 falsitatis
968 4503 1193 4578 [ccxxx]
1220 4504 1525 4559 incursione
1543 4503 1791 4561 ﬂectere-

199 4606 307 4655 tur:
333 4600 390 4655 in
419 4597 531 4654 fide
558 4598 702 4665 enim
733 4596 964 4664 stabilis,
990 4597 1040 4651 in
1069 4597 1331 4652 cliaritate
1360 4595 1706 4667 longanitnis,
1738 4594 1788 4651 in

196 4693 526 4750 nstimonia
549 4693 796 4761 puritatis
816 4692 1100 4749 vivacitate
1115 4691 1368 4759 decorus,
1384 4700 1438 4747 et
1459 4690 1512 4746 in
1532 4693 1789 4747 virtutqu

200 4785 475 4842 tumulis
501 4787 710 4842 exstitit
736 4785 1127 4841 famosissimus
1156 4796 1411 4855 operator
1432 4785 1621 4841 solutis
1646 4827 1660 4853 ,
1693 4800 1792 4841 nec

208 4893 303 4936 non
326 4879 574 4937 etiamin
611 4879 897 4935 commissa
939 4877 1041 4935 sibi
1078 4877 1361 4934 dominicae
1407 4877 1682 4950 dignitatis
1708 4895 1793 4935 ex-

266 5043 427 5099 lltsss
454 5040 686 5114 i.-—(l)
716 5039 828 5098 Hac
858 5041 1101 5114 oratione
1121 5039 1369 5114 monachi
1391 5041 1702 5114 monasterii
1736 5043 1794 5098 S.

200 5112 430 5179 Zenonis
471 5113 525 5171 in
572 5111 736 5170 cursu
789 5128 887 5168 seu
913 5111 1113 5185 officio
1150 5113 1438 5177 utebantur
1465 5129 1530 5171 eo
1553 5113 1661 5178 die,
1689 5128 1797 5185 quo

201 5187 385 5241 festum
411 5186 747 5257 depositionis
788 5184 1161 5257 celebrabatur
1182 5226 1196 5248 ,
1230 5195 1287 5257 ut
1316 5201 1382 5240 cx
1407 5184 1617 5243 duobus
1645 5184 1795 5243 libris

202 5274 325 5313 mss.
363 5255 659 5312 ritualibus
689 5255 933 5319 ejusdem
956 5256 1270 5319 monasterii
1300 5257 1579 5317 discimus.

264 5330 342 5399 (2)
402 5328 650 5399 Ecclesia
709 5327 1038 5399 Veronensis
1112 5327 1211 5382 bac
1278 5329 1520 5382 oratione
1570 5327 1794 5399 singulis

202 5401 253 5455 S.
274 5396 517 5457 Zenonis
544 5397 720 5465 festis,
753 5400 807 5453 in
840 5397 1032 5457 ofﬁciis
1064 5414 1159 5470 usa
1186 5408 1411 5470 apparet
1434 5415 1496 5455 ex
1528 5414 1630 5470 ms.
1661 5396 1794 5454 'Ca-

204 5472 437 5598 tamen,
498 5481 553 5537 et
608 5472 715 5531 alio
761 5469 1073 5531 menialiuin
1127 5468 1186 5526 S.
1224 5468 1427 5527 Mariae
1473 5471 1540 5527 de
1595 5468 1800 5543 Campo

253 5561 414 5598 arto.

253 5556 414 5599 artto.

273 5615 351 5685 (ὃ)
376 5617 451 5671 τὸ
477 5626 523 5669 et
552 5613 895 5670 desideratur
916 5611 970 5667 in
998 5628 1129 5685 mss.
1163 5612 1366 5685 ll_issali
1399 5613 1529 5670 Zen.

275 5682 353 5756 (4)
383 5687 446 5742 In
485 5686 608 5742 aliis
651 5702 785 5741 mss.
835 5686 914 5739 sic
945 5701 958 5737 :
984 5684 1059 5756 Et
1094 5684 1153 5740 S.
1186 5682 1408 5741 Zenonis
1460 5684 1811 5745 saluberrima:

216 5754 364 5813 nam
394 5758 774 5813 intercessionis
803 5754 1045 5825 presidio
1075 5756 1215 5826 fulti.

1821 4660 1871 4720 D

1820 1856 1869 1917 Β
1895 1837 2172 1907 sequenda
2195 1838 2461 1907 doctrina,
2495 1838 2766 1895 cotidiana
2796 1838 3025 1910 populos
3047 1838 3347 1899 erudiendo
3372 1814 3504 1897 reii-

1896 1930 2074 1997 ciebat
2116 1931 2284 1989 divini
2308 1933 2577 1989 sermonis
2605 1929 2859 1991 alimonia
2897 1930 3053 2001 vitae,
3085 1940 3140 1993 et
3169 1933 3311 2007 quod
3336 1930 3509 1990 ﬁdeli-

1898 2033 1979 2079 ter
2015 2024 2253 2082 cmlesﬁs
2290 2026 2619 2097 prmdicabat
2660 2024 2817 2081 miles
2864 2026 3202 2099 sequendum
3247 2023 3502 2099 decorus,

1899 2120 2000 2175 hoc
2025 2136 2191 2190 opere
2215 2121 2513 2197 adimplere
2542 2121 2917 2177 indesinenter
2934 2120 3195 2175 mirabilis
3222 2120 3505 2201 diSpeusa-

1895 2221 1981 2268 tor
2007 2213 2232 2271 curabat
2256 2214 2504 2271 devotus.
2534 2213 2765 2285 Ideoque
2790 2222 2863 2280 te,
2883 2212 3107 2269 Domine
3129 2213 3498 2295 omnipotens,

1896 2321 2077 2361 rerum
2106 2309 2344 2363 omnium
2360 2316 2571 2376 auctor,
2591 2308 2858 2363 bonorum
2882 2305 3157 2378 supplices
3191 2322 3500 2378 exoramus,

1896 2407 1955 2453 ut
1980 2398 2133 2469 cujus
2158 2402 2409 2465 pretiosm
2440 2401 2632 2457 mortis
2653 2399 3069 2455 celeberrimum
3097 2400 3374 2457 hodierna:
3403 2400 3507 2458 fes-

1898 2491 2123 2548 tivitatis
2156 2494 2449 2559 recolimus
2478 2494 2649 2562 diem,
2685 2492 3071 2561 sacratissimis
3107 2492 3223 2564 ejus
3255 2493 3503 2567 precibus

1896 2586 2053 2643 nobis
2078 2596 2333 2643 exoratus
2356 2587 2648 2653 concedas,
2674 2594 2807 2643 utet
2834 2601 2867 2643 a
2894 2593 3241 2656 peccatorum
3289 2596 3503 2647 [105"er

1893 2695 2012 2736 rum
2058 2680 2286 2737 nexibus
2314 2680 2585 2746 absoluti,
2615 2689 2671 2737 et
2713 2679 2782 2735 ab
2826 2676 3062 2735 hostium
3103 2676 3299 2741 callida
3327 2677 3511 2759 impii;

1892 2774 2165 2844 gnationis
2205 2773 2489 2830 ferocitate
2510 2773 2737 2841 defensi,
2770 2771 3035 2829 ctelorum
3068 2786 3396 2849 mereamur,
3447 2784 3500 2847 te

1892 2873 2145 2941 ducente,
2176 2873 2460 2943 pervenire
2482 2873 2549 2933 ad
2572 2888 2760 2945 regna.
2787 2871 2891 2929 Per
2916 2869 3211 2935 Christum.

1960 2963 2043 3019 Ad
2068 2965 2493 3023 communionem.
2508 2964 2844 3036 —Surnptis,
2868 2963 3116 3035 Domine,
3141 2970 3502 3033 sacrosancta}

1893 3057 2283 3128 redemptionis
2310 3058 2583 3130 mysteriis
2611 3058 2986 3130 deprecamur,
3017 3067 3077 3113 ut
3103 3058 3186 3130 (ὃ)
3216 3065 3271 3113 et
3297 3056 3498 3127 saluta:

1892 3152 1967 3208 ris
1992 3150 2153 3224 hujus
2181 3152 2403 3211 remedii
2435 3151 2767 3224 plenitudine
2794 3152 3054 3225 roborati,
3085 3160 3141 3211 et
3185 3148 3266 3224 (4)
3289 3148 3348 3207 S.
3391 3150 3493 3223 ﬁa—

1892 3244 2125 3300 cerdotis
2150 3252 2205 3317 et
2229 3244 2555 3301 confessoris
2574 3244 2648 3300 tui
2668 3242 2903 3301 Zenonis
2927 3242 3300 3300 saluberrimis
3320 3242 3494 3311 beatae

1894 3336 2298 3397 intercessionis
2328 3338 2593 3410 praesidiis
2615 3336 2839 3404 suti'ulti,
2872 3336 2941 3393 ad
2965 3337 3142 3411 plenae
3183 3334 3495 3404 festivitatis

1893 3431 2083 3502 gaudia
2117 3431 2400 3502 pervenire
2429 3447 2735 3491 mereamur
2766 3440 2991 3493 aeterna.
3021 3430 3145 3489 Per.

1963 3524 2100 3583 Alia.
2118 3522 2421 3581 ——Custodi
2442 3538 2541 3581 nos
2565 3537 2892 3594 quaesumus,
2907 3522 3156 3590 Domine,
3175 3521 3494 3595 Sanctorum

1893 3625 2110 3673 tuorum
2142 3616 2382 3673 natalitia
2409 3616 2835 3689 frcquentantes,
2859 3624 2915 3671 et
2940 3616 3007 3673 ad
3035 3615 3309 3685 salutifera
3342 3632 3493 3677 mane

1894 3709 2141 3764 datorum
2172 3719 2383 3763 tuorum
2414 3708 2758 3780 exsequenda
2790 3716 3060 3780 praecepta
3088 3718 3303 3765 nostras
3344 3724 3493 3766 sem-

1894 3817 1990 3874 per
2015 3803 2187 3858 excita
2215 3803 2537 3859 voluntates.
2566 3802 2688 3887 Per.

2537 3919 2745 3978 MISSA
2775 3920 2842 3976 ll.

1969 4032 2147 4089 Oratio
2176 4031 2277 4106 (l).
2304 4063 2377 4075 ——
2404 4033 2565 4101 Deus,
2595 4033 2684 4104 qui
2710 4047 2771 4090 es
2815 4041 3027 4097 tuorum
3054 4030 3366 4099 Antistitum
3396 4046 3491 4103 po-

1895 4127 2228 4183 tentissimus
2251 4127 2562 4192 illustrator,
2597 4126 2811 4195 tribue,
2849 4141 3182 4198 quaesumus,
3206 4135 3266 4182 ut
3288 4127 3495 4185 beatis-

1894 4220 2018 4274 simi
2047 4217 2359 4275 SacerdOtis
2398 4228 2453 4274 et
2504 4218 2850 4275 Confessoris
2880 4218 2960 4275 tui
2987 4218 3223 4293 Zenonis
3247 4220 3497 4291 magnifi-

1894 4320 1973 4375 cis
1998 4318 2259 4389 exemplis
2291 4316 2564 4373 iuformati
2590 4358 2605 4387 ,
2632 4315 2816 4373 saeculi
2864 4316 3019 4374 istius
3043 4316 3328 4389 caliginem
3373 4316 3494 4375 sine

1895 4413 2138 4484 periculo
2166 4421 2524 4467 transeamus.
2556 4410 2680 4465 Per.

1970 4506 2197 4562 Secreta.
2241 4535 2311 4546 -—
2351 4504 2581 4561 Oremus
2618 4503 2963 4574 omnipotens
2999 4503 3184 4561 Deus:
3214 4504 3495 4576 culparum

1901 4611 2209 4657 nostrarum
2251 4599 2393 4669 apud
2434 4607 2490 4655 te
2535 4599 2745 4655 veniam
2785 4598 2927 4655 beati
2956 4598 3190 4655 Zenonis
3239 4600 3496 4672 impetret

1896 4705 2046 4767 grata
2080 4694 2335 4765 precatio.
2363 4693 2486 4748 Per.

1973 4786 2215 4861 [cum]
2232 4785 2488 4843 Postcom.
2504 4818 2576 4829 —-
2602 4783 2875 4854 Concede,
2900 4800 3229 4856 quaesumus,
3245 4788 3496 4859 omnipo-

1907 4892 2025 4939 tens
2050 4883 2215 4949 Deus,
2233 4891 2293 4937 ut
2320 4880 2785 4953 quivenerendam
2808 4879 3030 4952 gloriosi
3055 4878 3394 4940 Confessoris
3421 4884 3499 4945 tui

1908 5042 2300 5099 Zenonianisin
2317 5043 2600 5100 cursndiei
2624 5043 2744 5099 festi
2769 5044 3162 5101 Translationis
3176 5046 3233 5103 Β.
3258 5046 3495 5103 Zenonis

1902 5115 2278 5181 adhibebatur,
2299 5126 2358 5170 ut
2373 5124 2588 5186 patetex
2608 5117 2845 5185 ipsorum
2867 5116 3020 5172 libris
3034 5119 3318 5174 ritualibus
3332 5134 3492 5185 mss.,

1902 5188 1997 5242 sed
2013 5188 2176 5242 etiam
2192 5203 2220 5241 a
2237 5187 2596 5243 Benedictinis
2618 5187 2897 5258 cujusdam
2915 5189 3229 5246 monasterii
3244 5191 3495 5247 Ticincn-

1901 5259 1977 5314 sis
2004 5260 2217 5314 infesto
2246 5275 2295 5313 vt
2328 5258 2382 5313 id
2433 5259 2761 5323 Decembris,
2794 5270 2851 5314 ut
2877 5270 3093 5319 constat.
3108 5278 3173 5317 ex
3203 5278 3303 5318 ms.
3361 5263 3495 5317 Breo

1904 5331 2077 5407 viario
2100 5331 2743 5407 pet'gametm_xt'__sauculi,
2758 5331 2859 5407 ubi
2886 5332 2939 5401 in
2961 5333 3213 5407 secundis
3253 5335 3494 5407 vesperis

1898 5400 2280 5475 Conceptionis
2308 5402 2366 5456 B.
2396 5401 2463 5475 bi.
2502 5400 2564 5457 V.
2596 5400 3007 5475 lnccmleguntur
3037 5423 3050 5459 :
3086 5405 3148 5460 Et
3200 5406 3257 5474 ﬁt
3288 5400 3498 5465 cannas,

1904 5472 2118 5546 moralia
2149 5473 2211 5546 de
2238 5473 2346 5530 SS.
2399 5472 2606 5531 Zenone
2634 5483 2679 5528 et
2712 5472 2870 5546 Syro.
2904 5473 2973 5528 In
3005 5477 3065 5539 S.
3098 5472 3322 5535 Zenonis
3367 5475 3497 5546 Epi-

1908 5545 2049 5617 sﬁc0pi
2079 5555 2123 5599 et
2154 5544 2470 5617 Confessoris
2501 5546 2689 5617 oratio.
2722 5543 2887 5611 Deus,
2918 5548 3003 5617 qui
3030 5563 3103 5613 es,
3133 5555 3236 5603 etc.
3288 5548 3364 5602 Ex
3389 5543 3494 5617 ms,

1908 5610 2474 5699 C_apitulari‘ap_paret,
2504 5616 2641 5699 lianc
2663 5610 2963 5699 orationem
2989 5610 3175 5699 paucis
3202 5610 3502 5699 immutatis

1911 5689 1979 5742 ab
2027 5690 2251 5744 ecclesia
2294 5688 2590 5744 Veronensi
2641 5688 2932 5745 adhibitam
2987 5687 3151 5747 illisae
3206 5688 3274 5753 ad
3314 5690 3503 5753 preces

1916 5758 2309 5833 sivesml‘ragia
2337 5760 2656 5821 Sanctorum
2692 5761 2743 5817 in
2774 5760 3287 5819 commemoratione
3315 5758 3371 5819 S.
3402 5759 3508 5821 Ze-

292 5830 459 5910 ﬂtsss
481 5830 548 5903 ll.
582 5860 652 5875 -—
676 5829 759 5907 (l)
790 5829 915 5890 εἰωο
940 5829 1113 5901 oratio
1145 5844 1250 5891 non
1281 5828 1454 5899 solum
1482 5842 1510 5885 ει
1537 5827 1785 5891 monachi

1920 5831 2093 5893 nonis.
