3960 6330
194 319 284 375 ΞΠ

1174 309 1487 369 SELECTA
1528 310 1623 370 EX
1659 309 1932 368 OFFICIO
1968 310 2267 369 ZENONIS
2306 310 2506 369 LOCA.

3351 305 3459 365 218

252 430 476 509 [LXXXIV]
508 429 588 505 (6)
628 430 880 502 Tempore
905 426 1149 483 Post-ludi
1184 426 1411 481 Domini.
1457 425 1755 481 Secundum
1782 427 1835 486 Α
1862 426 2027 494 mine,
2057 428 2319 483 bonorum
2347 428 2586 483 omnium
2614 426 2849 500 largitori
2873 425 3169 498 gratiarum
3195 435 3316 481 vota
3339 439 3465 496 per-

191 531 437 587 Joannem.
479 558 549 568 —
580 525 640 581 ln
672 525 767 581 illo
808 536 1052 595 tempore
1095 520 1233 577 dixit
1276 520 1432 577 Jesus
1478 518 1760 590 discipulis
1862 520 2144 578 solvimus.
2170 520 2274 577 Per
2302 519 2575 578 Christum
2602 521 2907 578 Dominum.

192 624 305 688 suis,
342 621 447 692 Ego
473 636 594 675 sum
628 617 755 674 vitis
776 634 924 683 vera,
947 624 1055 673 etc.
1085 630 1246 686 usque
1275 614 1343 669 ad
1362 614 1515 669 verba
1550 623 1604 669 et
1630 628 1761 685 gau-

195 717 322 772 dium
365 723 600 770 vestrum
635 711 946 784 impleatur.
1266 706 1271 711 ⁴

254 808 592 876 Olferlorium.
639 837 712 848 —
748 805 958 862 Veritas
990 820 1108 860 mea
1138 813 1193 859 ct
1222 803 1592 860 misericordia
1643 818 1761 858 mea

190 919 293 960 cum
339 904 450 971 ipso
476 884 531 956 et
564 902 617 955 in
648 898 868 955 nomine
907 914 1030 953 meo
1072 897 1396 952 exaltabitur
1422 912 1591 967 cornu
1624 895 1760 965 cjus.

252 993 559 1069 Communia.
592 1021 660 1035 --
710 991 956 1059 Domine,
980 992 1213 1062 quinque
1252 991 1448 1045 talenta
1497 989 1762 1045 tradidisti

191 1088 337 1145 mihi:
382 1102 508 1144 ecce
545 1087 650 1142 alia
696 1087 935 1157 quinque
980 1084 1382 1156 superlucratus
1402 1098 1544 1138 sum.
1595 1083 1764 1154 Euge,

189 1199 330 1241 serve
366 1182 509 1239 bone
546 1192 603 1238 et
636 1180 834 1247 ﬁdelis,
880 1178 1003 1252 quia
1052 1182 1105 1235 in
1149 1194 1320 1251 pauca
1367 1178 1512 1233 fuisti
1559 1176 1764 1240 ﬁdelis,

190 1293 329 1347 supra
360 1277 525 1333 multa
558 1286 613 1334 te
638 1275 983 1343 constituam,
1014 1274 1151 1331 intra
1186 1274 1236 1330 in
1267 1272 1521 1345 gaudium
1552 1271 1767 1328 Domini

191 1372 274 1427 tui.
906 1394 921 1399 ν

797 1461 1000 1520 MISSA
1040 1459 1129 1516 Vl.

342 1581 456 1655 (Ea:
481 1580 779 1637 Missalibus
802 1579 1152 1635 Ambrosiauis
1176 1594 1302 1633 mss.
1323 1585 1372 1632 et
1393 1574 1593 1648 editis.)

247 1700 297 1756 In
322 1700 492 1757 Festo
522 1699 582 1756 S.
612 1697 851 1754 Zenonis
876 1697 1115 1767 episcopi
1142 1709 1219 1751 vn
1250 1693 1561 1750 Decembris
1592 1687 1695 1766 (η.

247 1814 407 1886 Super
437 1812 707 1886 populum.
747 1840 820 1854 -
848 1809 1204 1881 Omnipotens
1233 1808 1561 1878 sempiterno
1606 1805 1766 1874 Deus,
1799 1826 1847 1887 Β

187 1910 259 1978 qui
284 1909 501 1964 beatum
536 1905 817 1961 Zenonem
852 1902 1235 1962 Confessorcm
1268 1910 1416 1959 tuum
1448 1898 1767 1971 pontiﬁcali-

186 2003 270 2058 bus
288 2002 472 2059 infulis
498 1991 788 2064 decorasti,
817 1998 899 2053 fac
928 2013 1048 2066 nos,
1079 2011 1409 2068 quaesumus,
1438 1994 1553 2064 ejus
1577 2008 1768 2049 exem-

186 2095 261 2167 plo
290 2104 338 2151 et
376 2093 676 2165 magniﬁco
719 2092 1049 2154 interventu,
1092 2089 1275 2147 mundi
1318 2089 1542 2160 gloriam
1589 2094 1770 2141 mente

186 2189 467 2258 despicere,
527 2195 582 2242 et
618 2187 817 2242 emtum
863 2198 1082 2254 semper
1134 2182 1362 2241 ambire.
1423 2179 1529 2237 Per
1584 2178 1768 2235 Domi-

187 2297 314 2339 num.
336 2281 429 2354 (2)

238 2375 401 2444 Super
455 2372 766 2429 Sindonem.
813 2399 885 2412 —-
934 2371 1096 2433 Deus,
1141 2370 1229 2442 qui
1278 2379 1594 2441 przesentem
1624 2364 1766 2422 diem

189 2468 309 2523 beati
331 2466 573 2523 Zenonis
599 2464 873 2519 Pontiﬁcis
900 2465 973 2518 tui
1014 2462 1248 2534 gloriosa
1296 2462 1373 2535 (3)
1403 2461 1551 2516 exitu
1596 2457 1767 2516 fecisti

186 2561 495 2624 solemnem,
527 2567 723 2628 prmata
751 2556 920 2627 ipsius
936 2571 1035 2611 nos
1061 2554 1202 2627 apud
1235 2563 1286 2609 te
1313 2554 1587 2609 continuis
1614 2553 1767 2623 adju-
1826 2614 1827 2617 η

185 2655 281 2709 vari
295 2653 593 2723 suﬂ'ragiis,
613 2661 670 2707 et
696 2649 1000 2722 magniﬁcis
1023 2647 1103 2723 (1»)
1132 2645 1614 2704 intercessionibus
1641 2661 1769 2702 con-

185 2746 498 2803 foveri..Per
519 2744 833 2801 Dominmn.

244 2837 494 2912 [ccxxxv]
524 2837 697 2906 Super
717 2835 1147 2891 obium—Adsit
1170 2834 1425 2891 Ecclesia:
1450 2843 1575 2897 ture,
1600 2831 1766 2898 Deus,

184 2934 419 3006 praeclara
450 2932 515 3004 Β.
534 2930 770 2988 Zenonis
801 2931 1143 2997 intercessio,
1162 2943 1281 2995 qum
1294 2938 1349 2984 et
1378 2942 1600 2983 munera
1633 2943 1767 2982 nus.-

188 3039 255 3084 ιη
278 3028 450 3084 oculis
463 3036 571 3082 tum
598 3024 897 3097 majestatis
924 3025 1274 3099 acceptabilia
1300 3024 1478 3091 faciat,
1504 3032 1561 3081 et
1590 3032 1641 3080 te
1667 3038 1772 3079 no-

187 3124 255 3179 bis
283 3123 605 3194 placabilem
636 3120 849 3177 reddat.
876 3121 977 3176 Per
1004 3120 1312 3175 Dominum.

1938 612 2376 670 Postcommunio.
2433 644 2506 659 --
2551 613 2700 669 Beati
2751 612 3031 670 Pontiﬁcis
3080 623 3134 670 et
3181 609 3462 669 Confessu-

1867 710 1939 764 ris
1964 711 2038 765 tui
2068 708 2324 775 Zenonis,
2345 724 2675 780 quaesumus,
2695 709 2940 778 Domine,
2971 723 3002 763 a
3034 707 3190 763 malis
3215 705 3467 763 omnibus

1863 802 2098 873 gloriosa
2124 817 2222 861 nos
2252 817 2467 872 semper
2491 802 2682 857 merita
2712 810 2984 868 tueantur,
3001 802 3052 856 in
3082 801 3235 869 cujus
3262 799 3463 853 solem-

1867 897 2036 951 nitate
2056 894 2383 966 percipimus
2410 904 2495 950 tua
2514 894 2710 951 Sancta
2734 895 2999 950 laetantes.
3031 892 3134 948 Per
3157 893 3461 949 Dominum.

2299 1006 2693 1064 ORATIONES
2734 1006 2813 1080 (ι)
2853 1006 3033 1062 TRES

1904 1101 2012 1176 (Ex
2039 1106 2379 1181 monumentis
2408 1104 2705 1159 monasterii
2742 1103 2802 1158 S.
2834 1101 3055 1157 Zenonis
3085 1097 3350 1155 Hallensis
3378 1097 3430 1151 in

2340 1199 2539 1254 dicaces!
2571 1196 3003 1269 Salisburgensi.)

2440 1312 2530 1351 DIE
2570 1310 2645 1350 XII
2686 1310 2909 1350 APRILIS.

2047 1390 2104 1448 ln
2134 1389 2295 1446 Festo
2320 1390 2378 1447 S.
2404 1390 2638 1446 Zenonis
2668 1388 2919 1459 Episcopi
2946 1395 3001 1443 et
3026 1384 3294 1458 Martyris.

1947 1485 2145 1540 Oratio.
2171 1514 2243 1526 —.
2269 1484 2624 1554 Omnipotens
2653 1482 2985 1551 sempiterno.
3016 1481 3178 1547 Deus,
3218 1480 3308 1551 qui
3338 1479 3472 1536 Bea-

1875 1589 1986 1635 tum
2035 1579 2311 1636 Zenonem
2365 1564 2694 1633 Vert‘meusis
2744 1575 2999 1631 Ecclesiae
3060 1574 3345 1645 praesulem
3401 1572 3471 1627 ab

1875 1687 2029 1733 utero
2054 1672 2431 1739 sanctiﬁcasti;
2456 1672 2613 1740 eique
2640 1680 2825 1727 contra
2859 1668 3076 1723 humani
3103 1667 3319 1740 generis
3341 1667 3467 1722 hos-

1866 1768 1985 1823 tem
2020 1763 2294 1840 [CLXXXVI]
2321 1765 2521 1835 ubique
2566 1763 2844 1818 victoriam
2885 1759 3190 1825 contulisti;
3233 1757 3471 1814 concede

1877 1864 2137 1934 propitius
2155 1907 2169 1930 ,
2205 1873 2262 1917 ut
2291 1876 2388 1917 nos
2416 1867 2728 1931 peccatores
2752 1857 2866 1927 ejus
2898 1855 3109 1912 meritis
3136 1863 3191 1911 et
3218 1854 3470 1926 precibus

1871 1956 1937 2012 ad
1996 1967 2047 2012 te
2093 1965 2494 2021 convertamur,
2552 1960 2608 2008 ct
2644 1951 2902 2006 latentem
2957 1956 3146 2005 contra
3191 1945 3467 2001 inimicum

1871 2070 2086 2127 sctnpcr
2111 2052 2336 2110 victoria
2365 2051 2529 2124 potiri
2561 2063 2888 2107 mereamur.
2912 2047 3019 2104 Per
3044 2044 3356 2101 Dominum.

2479 2182 2568 2223 DIE
2607 2181 2698 2221 XXI
2730 2178 2866 2220 IAII.

1978 2264 2034 2322 1n
2064 2263 2228 2321 Festo
2254 2260 2643 2320 Translationis
2673 2258 2734 2315 S.
2764 2255 2999 2313 Zenonis
3030 2251 3279 2325 Episcopi
3310 2258 3366 2306 et

2534 2351 2801 2423 Martyris.

1946 2455 2146 2511 Oratio.
2177 2484 2249 2496 —-
2277 2449 2656 2511 Venerabilem
2684 2446 2826 2501 diem
2857 2438 3246 2499 Translationis
3277 2437 3337 2492 Β.
3368 2435 3463 2491 Ze-

1872 2550 2028 2606 nonis
2065 2548 2314 2621 Martyris
2359 2547 2431 2601 tui
2465 2556 2624 2614 atque
2671 2539 2944 2597 Pontiﬁcis
2972 2535 3258 2594 devotione
3285 2540 3470 2587 sancta

1870 2645 2227 2708 celebrantes,
2262 2637 2605 2697 clementiam
2649 2646 2792 2690 tuam
2821 2631 3009 2688 humiﬁ
3038 2642 3199 2700 prece
3226 2623 3473 2695 deposci-

1874 2753 2013 2805 mus,
2056 2746 2113 2792 ut
2143 2737 2281 2792 sicut
2311 2733 2385 2790 illi
2417 2747 2511 2802 pro
2547 2727 2756 2784 meritis
2783 2724 3036 2796 gloriam,
3066 2721 3136 2775 ita
3167 2717 3343 2783 nobis,
3376 2715 3473 2770 illo

1872 2846 1971 2902 pro
2010 2828 2243 2902 peccatis
2284 2825 2485 2882 nostris
2511 2819 2911 2882 intercedente,
2943 2813 3158 2871 veniam
3187 2809 3363 2881 largiri
3392 2806 3474 2863 di-

1870 2924 2073 2997 gneris.
2104 2921 2207 2978 Per
2236 2919 2548 2976 Dominum.

2354 3025 2445 3067 nte
2484 3024 2540 3064 ιχ
2566 3005 2646 3080 (2)
2678 3015 2994 3061 DECBIIBBIS.

2036 3106 2093 3163 ln
2122 3106 2285 3162 Festo
2301 3098 2669 3159 Ordinationis
2697 3098 2752 3153 S.
2779 3095 3011 3153 Zenonis
3042 3090 3306 3161 episcopi.

248 3218 517 3290 Prtefatio.
550 3248 623 3259 —
650 3215 878 3273 Eternc
904 3216 1069 3283 Deus,
1093 3214 1243 3270 Beati
1261 3212 1537 3269 Pontiﬁcis
1558 3223 1609 3268 et
1629 3213 1769 3269 Con-

1950 3199 2146 3257 Oratio.
2195 3228 2268 3241 —-
2316 3196 2479 3261 Deus,
2527 3192 2615 3264 qui
2662 3191 2722 3246 Β.
2774 3189 3044 3245 Zenonem
3091 3180 3473 3239 Confessorem

187 3311 386 3367 fessoris
413 3311 497 3365 tui
527 3308 761 3365 Zenonis
797 3306 876 3379 (5)
906 3307 1094 3364 merita
1126 3306 1454 3371 recolentes,
1494 3320 1652 3376 quem
1686 3313 1772 3360 tua

186 3406 392 3477 gratuita
450 3403 784 3473 benignitate
833 3399 886 3455 in
934 3400 1274 3470 pontiﬁcatus
1325 3397 1503 3454 oflicio
1544 3404 1601 3452 ct
1650 3396 1775 3452 fidei

186 3515 387 3555 munere
406 3498 711 3555 sublimare
740 3495 993 3566 dignatus
1016 3509 1097 3560 es,
1132 3502 1188 3547 ut
1213 3501 1265 3548 et
1304 3493 1581 3547 immensis
1606 3489 1779 3546 virtu.

189 3593 312 3649 tibus
347 3598 694 3655 coruscaret,
741 3599 797 3644 et
832 3595 1036 3643 sanctas
1073 3585 1394 3642 humilitatis
1441 3583 1774 3655 propositum

188 3702 277 3742 non
303 3687 606 3743 desereret.
640 3682 774 3737 Nam
795 3689 851 3737 et
869 3679 1097 3737 Gallieni
1127 3677 1394 3747 Principis
1419 3677 1581 3732 ﬁliam
1612 3692 1641 3731 a
1670 3693 1769 3747 po-

186 3788 359 3837 testate
379 3777 657 3836 dtcmonis
685 3775 908 3846 eripuit,
941 3782 997 3830 et
1026 3772 1318 3828 multorum
1366 3772 1653 3843 languores
1679 3785 1772 3841 po-

186 3876 299 3930 tenti
326 3876 530 3930 virtute
558 3873 785 3930 curavit.
812 3869 1100 3924 Prmsentit
1125 3869 1286 3923 etiam
1313 3866 1529 3923 Athesis
1555 3865 1773 3931 ﬂuvius,

185 3960 307 4040 quod
349 3972 485 4026 tanti
532 3968 711 4023 valeat
740 3964 994 4021 Prmsulis
1039 3963 1231 4028 virtus,
1277 3962 1404 4018 dum
1450 3978 1606 4027 suum
1635 3962 1775 4018 ultra

185 4078 372 4119 morem
392 4058 675 4120 excedens
702 4059 871 4125 littus,
906 4057 1092 4126 templi
1118 4056 1314 4111 sacrati
1346 4071 1452 4110 non
1495 4070 1660 4110 ausus
1698 4063 1783 4111 est

187 4155 372 4226 ingredi
402 4155 610 4210 aditus.
644 4151 812 4221 Digne
841 4151 1003 4221 igitur
1026 4150 1080 4203 in
1104 4158 1196 4203 tuo
1218 4149 1437 4203 nomine
1454 4148 1622 4218 ipsius
1640 4162 1783 4220 prm-

184 4253 323 4305 conia
359 4265 468 4305 non
519 4258 800 4312 tacemus;
845 4243 1008 4314 digne
1056 4244 1224 4313 ipsius
1270 4242 1526 4298 miracula
1575 4244 1783 4299 festivis
1884 4276 1889 4277 ί

187 4341 414 4400 laudibus
468 4338 883 4397 conclamamus
926 4355 941 4391 :
987 4335 1148 4406 digne
1190 4351 1311 4392 cum
1342 4335 1475 4407 ipso
1522 4335 1641 4401 tibi,
1679 4336 1783 4391 Do-

187 4501 238 4557 S.
281 4501 519 4559 Zenonis
589 4496 813 4568 praefert
841 4537 858 4562 ,
929 4492 1273 4568 Evangelium
1339 4503 1422 4568 est
1476 4493 1774 4568 secundum

186 4571 383 4630 Luam.
407 4573 464 4628 11
470 4565 823 4641 οηιόᾳαὶἀαηι
854 4581 1023 4636 usque
1045 4565 1293 4641 adfertis
1322 4566 1670 4641 auferetnrob
1694 4582 1770 4641 eo.

186 4645 317 4701 Idem
343 4635 727 4715 Evangelinm.
778 4635 992 4715 Perelio
1048 4635 1319 4715 referente
1367 4635 1677 4715 inscitoliis
1707 4637 1774 4715 ad

185 4719 328 4772 vitam
359 4721 419 4774 S.
454 4707 714 4780 ZEnonis,
736 4719 856 4767 erat
897 4710 951 4765 in
982 4709 1398 4765 mcmbranaceo
1443 4707 1781 4765 Leetionario

183 4788 235 4844 S.
252 4789 591 4859 Enphctnim.

247 4850 500 4933 (illinc
538 4858 718 4933 ipsum
779 4852 1128 4933 Evangeliunt
1180 4851 1233 4905 in
1288 4850 1647 4933 Eectionario.
1687 4868 1782 4933 per

186 4923 445 4988 Perdit-nu
489 4923 712 4985 laudato
750 4924 989 4997 paschali
1030 4930 1274 4992 tempore
1305 4923 1588 4992 legendum
1636 4923 1779 4977 indi-

260 5024 416 5057 ratur.

260 5024 273 5053 ι
401 5045 416 5057 .

184 5004 404 5132 mbas;
432 5073 524 5128 Vl.
549 5101 622 5114 —-
642 5070 721 5142 (I)
748 5070 896 5142 Hanc
911 5064 1317 5142 inscriptionem
1337 5064 1780 5142 praefertblissale

182 5145 593 5203 Ambrosianum
613 5136 908 5213 a‘Pamelio
937 5138 1171 5213 editum;
1186 5137 1248 5213 _|n
1266 5151 1374 5213 ius.
1403 5136 1660 5213 Yajicajio
1681 5137 1776 5213 Pa:

185 5216 338 5271 latino
358 5216 494 5282 506,
517 5217 598 5270 sic
621 5231 637 5270 :
662 5205 747 5267 ’γι
771 5211 903 5267 Idus
930 5207 1223 5263 Decembris
1253 5205 1436 5262 Natali
1458 5207 1520 5263 S.
1554 5206 1780 5262 Zenonis

183 5286 329 5359 Epist
406 5293 418 5301 ’
452 5300 501 5342 et
529 5286 871 5358 Confessaris.

183 5430 195 5436 _
243 5308 494 5436 (ergost
526 5361 668 5436 hanc
693 5358 991 5436 orationem
1025 5354 1076 5436 in
1110 5350 1504 5436 ms.“Vaticano
1534 5349 1780 5434 Palatino

182 5422 286 5486 hic
304 5422 532 5487 rubrica
567 5429 801 5500 legitur:
835 5425 1121 5500 Epistulam
1149 5434 1193 5477 et
1222 5422 1781 5500 Euangefiumfequire

180 5505 237 5557 tle
257 5492 677 5573 Confessoribu}.
709 5502 765 5555 In
786 5492 1034 5573 editione
1060 5492 1775 5573 antem_b_liss:ilis_Mcdi_ola--

183 5562 559 5637 nensis'l548,
592 5574 707 5627 haec
733 5570 1042 5626 adduntur:
1078 5566 1204 5620 Post
1247 5566 1445 5636 It‘uong.
1476 5564 1620 5637 Zeno
1648 5562 1781 5635 Epi-

183 5662 357 5717 scopus
396 5636 563 5701 bonus
591 5655 642 5701 et
676 5643 1032 5700 sanctissimus
1049 5637 1252 5695 sedebat
1276 5653 1429 5709 super
1455 5636 1700 5705 lapidem,
1733 5647 1781 5692 et

183 5718 479 5788 piscabatur
499 5718 550 5771 in
583 5718 743 5772 Atiae.

251 5792 328 5856 (3y
367 5787 601 5844 Excessit
632 5790 685 5844 in
717 5803 823 5844 ms.
863 5782 1117 5842 Vaticano
1145 5780 1410 5850 Palatino,
1441 5792 1495 5837 et
1536 5780 1588 5835 in
1617 5778 1778 5836 ctlltis

186 5861 315 5918 1M8
344 5873 401 5919 et
433 5860 591 5917 1560.

1878 3305 2028 3352 tuum
2054 3305 2216 3363 atque
2229 3290 2569 3353 Pontillccm,
2598 3285 2876 3342 doctorem
2907 3280 3254 3352 pra-cipuum,
3276 3274 3478 3330 Catho-

1878 3389 2103 3459 lica-que
2118 3384 2241 3441 ﬁdei
2264 3382 2671 3455 praedicatorem
2690 3377 2892 3448 eligere
2908 3374 3158 3444 dignatus
3173 3385 3251 3436 es,
3280 3376 3474 3438 pra-sm

1878 3494 2208 3555 qumsumus,
2240 3486 2297 3532 ut
2324 3478 2441 3548 ipso
2468 3488 2565 3545 pro
2606 3472 2761 3527 nobis
2793 3468 3190 3524 intervenicntc
3229 3471 3479 3533 peccato-

1877 3593 1998 3633 rum
2038 3583 2343 3629 nostrornm
2389 3567 2614 3625 maculis
2664 3580 2948 3628 exuamur,
2981 3570 3035 3617 et
3076 3560 3194 3625 tibi,
3224 3556 3473 3619 Domine,

1879 3668 2109 3726 sinceris
2133 3664 2404 3722 montibus
2434 3662 2647 3732 placere
2673 3671 2996 3713 mereamur.
3037 3654 3139 3709 Per
3165 3650 3474 3707 Dominum.

1880 3802 2177 3882 [CLXXXVII]
2194 3799 2507 3861 SELECTA
2542 3797 2636 3854 EX
2658 3792 2931 3852 OFFICIO
2955 3789 3245 3847 ZENONIS
3272 3784 3473 3843 LOCA.

2165 3922 2204 3978 Ι.
2236 3951 2305 3965 -—
2336 3923 2665 3985 ANTIPBONJE
2708 3930 2774 3970 ΒΤ
2804 3924 3186 3969 BESPONSORIA.

2317 4035 2426 4107 (Es;
2451 4034 2651 4090 duobus
2683 4049 2807 4086 mss.
2844 4024 3064 4096 Veron.)

2372 4152 2426 4202 In
2450 4151 2562 4202 Nat.
2588 4147 2752 4200 Sancti
2776 4145 2998 4197 Zenonis.

2422 4234 2504 4289 Ad
2536 4232 2792 4309 Vesperos
2832 4229 2933 4304 (I).

1958 4339 2095 4393 Dum
2119 4334 2271 4390 Zeno
2294 4328 2635 4403 pontiﬁcatus
2662 4325 2871 4380 honore
2902 4321 3058 4378 valde
3087 4320 3338 4394 polleret,
3371 4332 3481 4373 meo

1981 4490 2033 4561 ι)
2078 4488 2221 4546 Editi
2248 4507 2259 4544 :
2282 4487 2481 4561 jugiler
2502 4481 2954 4561 intercessionibus
2984 4478 3259 4561 consolari.

2078 4490 2221 4546 Ε(ιίῑὶ
2248 4507 2259 4544 :
2282 4490 2481 4561 jugiler
2502 4490 2954 4557 intercessiotnbus
2984 4490 3259 4533 consolari.

2016 4490 2196 4631 {Idem
2229 4574 2328 4614 ms.
2350 4573 2471 4631 cum
2501 4555 2661 4631 editis
2678 4571 2689 4606 :
2706 4553 2925 4631 lenonis
2948 4548 3267 4631 prteferenda
3282 4548 3479 4631 merito.

1982 4564 2009 4591 Η

1805 4602 1854 4663 D
1955 4569 2035 4633 (5)
2054 4569 2196 4618 ldcm
2229 4574 2328 4614 ms.
2350 4573 2471 4612 cum
2501 4569 2925 4610 etttttszzenoms
2948 4569 3267 4621 prtejereuaa
3282 4569 3479 4603 mento.

1955 4640 2125 4690 Usu.
2156 4628 2468 4701 mes—(1)
2510 4629 2615 4681 llas
2637 4625 2909 4701 orationes
2939 4622 3078 4701 typis
3104 4620 3317 4701 damus,
3351 4619 3483 4701 uti__a

1884 4707 2157 4763 Canonico
2180 4691 2428 4773 Regulari
2446 4691 2758 4773 monasterii
2780 4691 3050 4773 llallcnsis
3074 4692 3152 4773 ad
3168 4691 3486 4773 PLBt‘nedi:

1885 4789 2029 4834 ctum
2049 4778 2115 4832 de
2127 4763 2409 4831 Cava‘lcsio
2424 4770 2713 4827 strictioris
2741 4766 3097 4821 anervautia:
3122 4766 3177 4818 ἓ.
3211 4763 3482 4834 Francisci

1886 4848 2287 4911 Tridentinutn,
2302 4848 2369 4900 ab
2391 4844 2494 4899 hoc
2506 4851 2682 4897 autem
2702 4841 2765 4893 ad
2783 4855 2880 4895 nos
2901 4838 3228 4911 transmissa
3246 4833 3481 4911 fuerunt,

1886 4920 2184 4990 cujusmodi
2216 4907 2420 4972 scilicet
2450 4915 2611 4990 hodie
2657 4912 2862 4990 tribus__
2883 4908 3032 4990 festis
3080 4907 3138 4962 S.
3169 4907 3403 4990 Zenonis
3430 4907 3484 4958 in

1884 4977 2076 5049 eodem
2098 4990 2426 5046 monasterio
2448 4987 2763 5040 recitantur.
2783 4981 2922 5037 Nihil
2954 4995 3116 5052 porro
3136 4977 3481 5046 ambigimns,

1885 5069 2014 5135 quin
2044 5062 2292 5133 Martyris
2315 5073 2509 5135 nomen
2528 5071 2722 5135 recens
2767 5055 2928 5109 fuerit
2959 5051 3257 5135 inductum,
3290 5062 3485 5135 quem:

1883 5122 2271 5191 admodum'et
2326 5130 2465 5198 apud
2526 5128 2925 5198 Frisiugensem
2968 5122 3299 5198 Ecclesium;
3340 5124 3487 5198 pnsu-

1881 5189 2041 5278 quam
2085 5205 2338 5278 videlicet
2364 5189 2579 5278 :Clllllllll
2612 5199 2687 5278 de
2705 5189 3044 5278 "S._Zeno_nis
3075 5194 3335 5278 martyrio

1808 5330 1811 5333 Α
1882 5263 2132 5335 ιτοηεηείς
2176 5274 2414 5332 Ecclesia
2448 5274 2670 5337 invexit,
2713 5269 2866 5339 cujus
2906 5266 2972 5321 ad
3002 5266 3312 5339 cxentplutn
3348 5263 3486 5339 alias

1885 5331 2192 5406 adfinitas
2208 5362 2268 5402 sc
2294 5360 2356 5401 se
2373 5331 2745 5399 corrformasse
2761 5331 2943 5396 ὧδεῶ
2964 5381 2977 5403 ,
2996 5352 3116 5403 cap.
3140 5331 3177 5390 2
3203 5347 3255 5390 et
3285 5334 3342 5401 4,
3372 5331 3400 5405 §
3425 5333 3480 5400 2,

1882 5421 2307 5477 observavimus.
2356 5417 2411 5473 Si
2455 5417 2578 5486 quis
2629 5416 2746 5484 ejus
2798 5410 3110 5486 monasterii
3158 5408 3396 5486 Codices,
3451 5419 3485 5458 e

1886 5494 2082 5564 quibus
2110 5493 2270 5548 hasce
2295 5479 2571 5564 orationes
2597 5479 2849 5564 derivare
2860 5485 3164 5564 certissime
3181 5479 3479 5540 credimus,

1884 5557 2166 5629 consulat;
2199 5559 2455 5632 quidquid
2490 5560 2541 5613 id
2569 5567 2671 5632 est,
2705 5557 3380 5632 ettploratiusgognoscct.

1957 5637 2036 5709 (2)
2076 5620 2304 5692 tn'udnc
2341 5620 2483 5709 diem
2523 5620 2804 5709 υνδερλιίρ
2830 5627 3010 5709 sancti
3049 5620 3479 5709 Zenonistrans:

1883 5694 2118 5773 lata,'uti
2145 5715 2203 5763 et
2225 5706 2366 5777 apud
2395 5714 2634 5777 nostram
2662 5702 2983 5777 Ecclesium.
3006 5711 3129 5777 cum
3152 5694 3267 5747 dies
3286 5699 3482 5747 octava

1879 5768 2276 5848 Conceptionis'
2296 5778 2355 5834 Β.
2383 5777 2453 5833 Μ.
2490 5776 2550 5848 \'_.
2568 5773 2722 5848 festo
2745 5770 2998 5841 impedita
3026 5768 3119 5848 sit.

1954 5836 2090 5908 Ακτῖ
2122 5868 2189 5907 nr
2216 5846 2541 5919 essm—(1)
2564 5847 2619 5902 lu
2653 5859 2754 5900 ms.
2785 5836 3100 5899 monasterii
3128 5836 3182 5895 3.
3217 5836 3471 5903 Zenonis,
