3960 6330
522 276 629 332 2Ιέ)

1907 270 2419 333 PROLEGOMENA
2433 312 2448 326 .

3668 275 3756 335 3-0

511 393 631 448 ritis
664 408 768 449 non
799 392 982 465 paucis
1010 389 1392 449 exsistentibus
1419 385 1647 445 Gallieni
1674 388 1908 447 Caesaris
1940 388 2105 447 filiam
2132 391 2182 452 Α
2298 387 2371 455 ἡ.
2416 384 2658 441 Affabiiis
2681 384 2751 440 ita
2779 396 2893 440 eiat
2923 383 2977 442 iu
3003 398 3274 452 sermone,
3306 393 3358 440 et
3387 390 3751 453 inausueuniinc

512 502 540 541 a
565 487 782 543 ruinosa
806 495 955 557 peste
985 486 1076 540 Dei
1108 484 1308 541 virtute
1333 482 1564 538 sanavit.
1596 481 1755 541 Allel.

578 576 870 636 Confessor
897 579 1116 653 Sancte,
1135 575 1403 635 Sacerdos
1425 589 1640 645 magne,
1659 574 1821 633 Beate
1842 574 2011 642 Zeno,
2039 576 2115 632 in-

512 676 730 733 tercede
753 690 851 747 pro
873 675 1049 730 nobis.

1103 767 1279 837 Super
1326 765 1527 833 Venite.

578 865 965 922 Confessorum
993 862 1193 934 Regem
1209 860 1311 933 (ἓ).
1352 859 1635 917 Psalmus:
1665 859 1899 919 Venite.~

585 959 796 1029 Antiph.
842 958 923 1013 Ab
962 963 1116 1012 utero
1146 954 1333 1013 matris
1378 953 1474 1009 fuit
1518 954 1884 1008 sanctificatus
1923 951 2110 1008 beatus

507 1054 675 1121 Zeno,
723 1060 777 1105 et
809 1063 840 1105 a
886 1046 1168 1105 cunabulis
1214 1044 1549 1101 benedictus.
1598 1042 1756 1101 Allel.
1804 1040 2046 1099 Psalmus
2094 1060 2107 1096 :

509 1147 707 1202 Beatus
734 1142 837 1197 vir.
1206 1133 1211 1137 ⁴

579 1238 699 1292 Αηι.
743 1232 1035 1290 Probitatis
1065 1241 1120 1289 et
1158 1230 1400 1287 scientiae
1425 1228 1643 1301 jugibus
1670 1226 2015 1284 incrementis
2042 1226 2109 1282 ad

509 1334 615 1390 hoc
636 1332 944 1406 pertingere
974 1327 1191 1390 meruit.
1216 1335 1274 1382 ttt
1300 1341 1394 1398 per
1423 1323 1769 1380 sacerrimam
1794 1323 1956 1381 vitam
1979 1321 2110 1378 Pas-

508 1437 594 1485 tnr
626 1428 680 1483 in
728 1424 943 1499 populis
986 1420 1313 1479 efﬁceretur.
1353 1418 1590 1477 Psalmus
1614 1434 1635 1474 :
1664 1416 1841 1488 Quare
1869 1414 2106 1474 fremue-

508 1528 655 1576 runt.

578 1612 699 1666 Ant.
739 1607 1022 1665 Continuis
1042 1604 1261 1678 jejuniis
1280 1612 1335 1661 et
1360 1602 1695 1660 orationibus
1719 1600 1927 1658 crebris
1947 1616 1975 1655 a
2002 1600 2108 1656 Dn-

508 1703 656 1761 mino
680 1701 917 1773 petebat,
941 1709 999 1757 ut
1017 1699 1117 1756 sibi
1146 1697 1346 1754 aditum
1376 1695 1773 1768 praedicationis
1796 1695 1848 1750 in
1877 1693 2106 1766 papulos

498 1794 755 1866 aperiret.
790 1791 952 1849 Allel.

584 1885 866 1943 Psalntus:
898 1882 1143 1953 Domine,
1166 1881 1291 1956 quid
1308 1873 1932 1957 multiplicasti.i'érsus:
1959 1875 2105 1935 Voce

501 1993 640 2034 “183.

576 2070 735 2141 Resp.
781 2066 876 2124 ilic
913 2078 997 2123 est
1036 2083 1192 2124 sacer
1232 2067 1460 2122 antistes
1499 2064 1667 2133 Zeno,
1699 2079 1859 2137 quem
1889 2061 2103 2136 gemina

501 2165 699 2219 virtute
753 2162 1011 2217 Dominus
1048 2158 1345 2215 sanctitatis
1391 2165 1446 2214 et
1489 2157 1768 2227 sapienti-ae
1806 2156 2100 2221 decoravit.

500 2258 655 2328 cujus
681 2256 939 2328 praeclara
972 2253 1240 2309 fulserunt
1270 2253 1323 2307 in
1353 2251 1611 2307 mundum
1657 2249 1934 2314 miracula,
1966 2259 2021 2304 et
2050 2249 2103 2304 in

500 2348 656 2407 caelis
697 2348 924 2418 adeptus
959 2356 1044 2402 est
1074 2346 1399 2417 Angelorum
1427 2343 1770 2400 commercia.
1814 2341 1973 2398 Allel.
2027 2341 2062 2410 ir
2088 2380 2103 2396 .

502 2447 609 2502 Isle
637 2452 741 2510 est,
773 2442 863 2514 qui
889 2452 1014 2497 ante
1040 2441 1205 2497 Deum
1224 2453 1445 2511 magnas
1472 2438 1698 2493 virtutes
1722 2445 1976 2507 operatus
1995 2444 2101 2504 est,

503 2549 559 2596 et
584 2539 762 2595 omnis
795 2542 937 2592 terra
963 2533 1208 2590 doctrina
1238 2533 1352 2604 ejus
1382 2533 1587 2603 repleta
1620 2540 1721 2588 est.
1748 2531 1816 2587 Et
1845 2532 1896 2586 in
1926 2531 2099 2587 caelis.

588 2631 626 2702 ιῆ
648 2670 662 2685 .
704 2630 789 2687 Ab
814 2636 965 2685 utero
986 2628 1352 2684 sanctificatus
1376 2626 1566 2682 beatus
1595 2625 1758 2691 Zeno,
1790 2632 1847 2681 et
1875 2639 1902 2677 a
1932 2639 2104 2680 cuna-

499 2723 642 2780 bulis
678 2721 993 2778 benedictus
1017 2719 1083 2775 ad
1117 2720 1219 2775 hoc
1249 2718 1557 2790 pertingere
1587 2717 1803 2782 meruit,
1833 2724 1892 2772 ut
1920 2724 2104 2787 pastor

499 2816 551 2872 iu
601 2814 814 2885 populis
841 2829 937 2885 per
983 2813 1329 2869 sacerrimam
1369 2810 1531 2866 vitam
1559 2809 1890 2867 efﬁceretur.
1917 2810 2100 2876 Allel.,

490 2909 637 2965 allel.

574 2999 886 3075 [cuxxvni]
926 3002 1001 3071 ᾗ.
1048 2999 1101 3055 ln
1129 3015 1347 3057 omnem
1371 3008 1568 3056 terram
1599 3012 1765 3055 sonus
1801 2997 1930 3053 exiit
1972 3012 2103 3053 cen-

499 3097 822 3154 versationis
849 3097 990 3171 ejus,
1027 3107 1081 3153 et
1106 3098 1363 3154 sanctitas
1390 3095 1696 3153 luculenter
1721 3093 1962 3151 emicuit.
1999 3095 2103 3152 Per

498 3191 867 3247 sacerrimam.

583 3284 621 3355 [ἢ
644 3326 658 3340 .
698 3283 755 3339 In
779 3283 1058 3340 secretiori
1095 3293 1247 3356 parte
1276 3283 1495 3339 oratorii
1519 3282 1787 3340 continuis
1805 3280 2025 3355 jejunlis
2046 3293 2101 3339 et

497 3380 705 3436 crebris
731 3379 1068 3436 orationibus
1092 3396 1125 3435 a
1172 3379 1397 3435 Domino
1431 3378 1666 3450 petebat,
1694 3389 1753 3435 ut
1782 3378 1883 3436 sibi
1913 3379 2100 3451 digna-

498 3483 650 3529 retur
688 3472 890 3530 aditum
938 3473 1337 3547 praedicationis
1383 3475 1435 3530 in
1464 3473 1676 3547 populis
1702 3474 1932 3545 aperire.
1965 3474 2094 3541 All.,

497 3566 644 3623 allel.

586 3662 620 3731 ᾖ
645 3701 658 3715 .
702 3661 781 3717 Ad
812 3662 1204 3718 convertendas
1230 3663 1281 3717 in
1311 3677 1497 3720 amore
1524 3661 1726 3720 Christi
1751 3662 1960 3718 animas
2002 3663 2098 3718 ho-

500 3754 705 3809 minum
738 3753 827 3809 die
856 3762 1125 3825 noctuque
1147 3754 1364 3811 deditus
1392 3764 1527 3810 erat.
1566 3754 1634 3812 Ut
1659 3754 1783 3812 sibi.

572 3844 784 3916 Antiph.
827 3844 1077 3903 Affahilis
1103 3845 1174 3900 ita
1200 3852 1317 3900 erat
1346 3846 1397 3899 in
1426 3845 1787 3912 sermonibus,
1828 3854 1884 3900 et
1923 3845 1974 3899 in
2002 3843 2099 3898 ha-

494 3937 609 3992 bitu
638 3938 804 4003 mitis,
839 3948 896 3992 ut
928 3939 1067 3993 Deus
1098 3937 1154 3993 in
1187 3939 1304 4008 ipso
1332 3937 1729 3993 collaudaretur
1751 3936 1817 3992 ad
1848 3934 2099 3992 omnibus

497 4031 840 4086 venientibus
863 4032 929 4085 ad
958 4045 1036 4086 se.
1062 4028 1307 4086 Psalmus
1334 4045 1354 4084 :
1382 4027 1516 4085 Cum
1540 4033 1868 4084 invocarem.

568 4122 708 4179 Dum
735 4123 995 4179 exercitio
1025 4123 1336 4193 piscationis
1364 4120 1680 4192 fungeretur
1723 4121 1775 4175 in
1808 4118 1992 4185 fluvio,
2021 4118 2099 4173 vi-

496 4214 576 4270 dit
596 4212 884 4287 quemdam
904 4215 1177 4272 hominem
1204 4215 1259 4270 in
1283 4215 1527 4286 plaustro
1546 4213 1822 4270 sedentem
1839 4227 1935 4284 per
1961 4225 2099 4284 prte-

497 4322 628 4378 ceps
654 4309 705 4362 in
734 4324 892 4365 amne
916 4309 1180 4381 demergi.
1204 4307 1364 4365 Allel.

570 4398 814 4456 Psalmus
841 4418 860 4456 :
889 4400 1064 4457 Verba
1093 4416 1234 4457 mea.

571 4494 663 4554 Vir
695 4495 785 4552 Dei
817 4496 1024 4552 elevata
1064 4511 1276 4553 sursum
1310 4510 1472 4553 manu
1498 4492 1628 4550 fecit
1665 4492 1879 4565 signum
1921 4490 2098 4548 crucis

2213 492 2378 555 atque
2405 480 2591 537 habitu
2622 479 2791 545 mitis.
2823 488 2881 535 ut
2908 479 3047 536 Deus
3088 480 3140 536 in
3182 480 3294 549 ipso
3315 479 3679 541 Collattdatetur
3701 485 3757 541 ab

2211 576 2463 633 omnibus
2490 574 2557 635 ad
2587 590 2649 631 se
2690 573 3046 633 venientibus.
3088 572 3269 643 Allel.,
3298 573 3432 630 allel.
3490 575 3521 641 ᾖ
3546 616 3558 629 .
3584 575 3648 631 ita
3675 594 3755 634 cx-

2210 668 2437 725 sistebat
2465 669 2667 732 alacer,
2702 676 2758 722 ut
2788 682 2911 723 mox
2944 667 3009 721 ad
3054 682 3176 722 eum
3209 676 3561 742 properarent,
3588 670 3755 727 relictis

2212 760 2369 818 idolis
2400 761 2622 816 Domino
2643 759 2929 816 crederent
2947 759 3077 816 Jesu
3103 758 3335 816 Christo.
3366 759 3433 817 Ut
3456 761 3584 816 Dens
3610 761 3675 819 in.

2298 854 2338 923 ﬁ
2359 896 2373 909 .
2417 853 2552 909 Dum
2582 854 2633 908 in
2658 851 2821 909 ﬂuvio
2833 852 3053 909 Athesis
3079 853 3386 923 piscationis
3405 854 3640 911 exercitio
3660 854 3758 912 fun-

2208 958 2447 1018 geretur,
2497 946 2690 1002 erectis
2732 960 2947 1001 sursum
2993 945 3187 1011 oculis,
3216 944 3343 1001 vidit
3371 945 3639 1014 quemdam
3681 947 3757 1002 ho-

2211 1041 2407 1095 minem
2439 1038 2491 1093 in
2519 1039 2758 1108 plaustro
2790 1036 3070 1094 sedentem
3102 1036 3275 1093 bubus
3300 1036 3581 1107 subjunctis
3603 1037 3648 1092 in
3665 1055 3758 1095 am-

2211 1146 2334 1186 nem
2366 1129 2628 1203 demergi.
2654 1129 2839 1196 Allel.,
2867 1129 3013 1187 allel.
3061 1129 3093 1199 ᾗ
3125 1172 3134 1184 .
3161 1128 3331 1185 Tanta
3357 1128 3494 1189 enim
3515 1130 3759 1187 velocitate

2210 1224 2506 1292 ferebatur,
2534 1234 2589 1281 ut
2619 1224 2828 1281 cunctis
2855 1223 3233 1287 ostenderetur
3262 1223 3461 1294 antiqui
3489 1222 3642 1280 hosds
3665 1235 3760 1282 arte

2209 1332 2507 1391 peractum.
2532 1318 2698 1374 Vidit.

2297 1414 2334 1482 ἡ
2357 1454 2371 1469 .
2403 1413 2621 1469 Elevata
2646 1426 2859 1467 sursum
2883 1426 3043 1468 manu
3062 1410 3253 1467 beatus
3273 1410 3416 1467 Zeno
3444 1409 3565 1467 fecit
3586 1424 3759 1469 sancta:

2209 1507 2389 1561 crucis
2417 1506 2650 1577 signum,
2679 1503 2942 1576 frequenti
2967 1518 3100 1559 voce
3122 1512 3175 1559 et
3200 1502 3333 1561 dixit
3359 1520 3372 1556 :
3404 1503 3671 1561 Revertere
3695 1521 3764 1562 re-

2211 1597 2595 1668 troLSatauas,
2630 1613 2694 1652 nc
2723 1597 2954 1668 perimas
2983 1597 3280 1665 hominem,
3313 1612 3469 1667 quem
3490 1596 3619 1652 Deus
3635 1613 3763 1654 crea-

2207 1662 2488 1748 νὶιίἏΙΙεΙ.
2522 1662 2669 1747 aliel.
2698 1662 2843 1746 a-Ilcl.

2132 1784 2181 1847 B
2292 1786 2328 1856 ᾗ
2352 1826 2366 1839 .
2409 1785 2562 1853 Quod
2586 1785 2798 1856 signum
2822 1793 2879 1840 ut
2899 1783 3032 1840 vidit
3051 1782 3289 1853 daemon,
3320 1784 3533 1841 evanuit
3556 1784 3764 1841 velutiu-

2208 1896 2326 1936 mus
2351 1895 2473 1936 cum
2505 1880 2835 1936 clamoribus
2864 1894 2926 1936 ac
2945 1880 3179 1935 stridore
3205 1880 3456 1935 nefando.
3491 1880 3764 1938 Revertere.

2280 1976 2401 2031 Ant.
2445 1976 2637 2031 Beatus
2679 1974 2826 2029 Zeno
2855 1973 3032 2029 dixit:
3082 1973 3198 2028 Non
3231 1983 3285 2029 te
3318 1974 3570 2045 permittit
3613 1974 3765 2029 Domi-

2208 2088 2310 2129 nus
2333 2072 2535 2144 aliquid
2561 2086 2720 2143 agere
2740 2072 3002 2126 adversus
3028 2085 3243 2125 servum
3273 2084 3450 2126 suum.
3482 2069 3634 2126 Allel.

2280 2163 2523 2218 Psalmus
2545 2180 2565 2219 :
2600 2162 2848 2230 Domine,
2874 2162 2995 2233 quis
3020 2161 3301 2219 habitabit.

2278 2255 2599 2312 Miserabilis
2626 2256 2785 2311 Pater
2824 2264 3042 2326 totaque
3067 2254 3263 2310 domus
3296 2254 3439 2326 regia
3471 2269 3684 2311 maerore
3710 2253 3772 2308 af-

2206 2348 2514 2421 fligebatur,
2542 2364 2607 2404 eo
2637 2348 2780 2421 quod
2811 2350 3007 2404 acriter
3041 2347 3219 2418 puella
3247 2347 3608 2404 suﬁ‘ocaretur.
3636 2345 3770 2404 Allel.

2281 2442 2527 2499 Psalmus
2554 2461 2573 2499 :
2605 2444 2847 2510 Domine,
2883 2445 2935 2498 in
2967 2444 3183 2499 virtute.

2279 2536 2545 2595 Sacerdos
2577 2537 2667 2592 Dei
2695 2537 2839 2592 Zeno
2862 2536 3081 2593 sedebat
3122 2551 3289 2607 super
3320 2536 3567 2607 lapidem,
3589 2546 3638 2591 et
3666 2534 3773 2591 artis

2205 2630 2533 2700 Apostolicue
2582 2630 2905 2685 documenta
2960 2643 3196 2699 sequens
3246 2628 3551 2699 piscabatur
3600 2629 3649 2684 iu
3690 2628 3773 2683 ilu-

2206 2722 2370 2777 mine.
2404 2721 2567 2777 Allel.
2601 2720 2843 2778 I’salmus
2870 2736 2888 2775 :
2920 2719 3133 2776 Domini
3165 2727 3249 2777 est
3280 2727 3447 2776 terra.
3494 2722 3565 2793 ᾗ.
3592 2719 3775 2778 Amavit

2204 2829 2331 2870 eum
2359 2814 2642 2869 Dmuinus.

2290 2910 2362 2979 ἡ.
2410 2909 2693 2965 Festinaus
2730 2908 2908 2980 itaque
2954 2908 3166 2964 daemon
3212 2908 3491 2981 ingressus
3535 2917 3613 2965 est
3650 2908 3774 2978 pals.

2204 3002 2335 3057 tium
2364 3001 2595 3056 Caesaris
2621 2999 2853 3057 Gallieni
2878 3011 2933 3057 et
2961 3000 3417 3071 comprehensam
3449 3002 3562 3073 ejus
3590 3000 3773 3056 unicam

2207 3095 2371 3150 filiam
2393 3095 2557 3164 C(Bpit
2582 3109 2701 3149 eam
2724 3092 3019 3150 crudeliter
3039 3107 3258 3150 vexare.
3295 3094 3458 3151 Allel.
3490 3094 3628 3149 allel.

2272 3185 2549 3261 [cunis]
2582 3187 2616 3257 Ῡ
2641 3227 2654 3240 .
2690 3186 3012 3243 Miserabilis
3053 3196 3223 3257 pater,
3263 3187 3532 3258 simulque
3564 3195 3664 3243 tota
3695 3182 3775 3240 doc

2204 3298 2319 3337 mus
2352 3281 2471 3350 ejus
2515 3280 2755 3337 cruciatu
2797 3294 2859 3335 ae
2908 3294 3143 3336 maerore
3180 3278 3537 3351 affligebatur.
3571 3278 3775 3334 Etcum-

2204 3373 2546 3446 prehensum.

2289 3469 2362 3539 ἡ.
2407 3466 2750 3537 ingrediente
2799 3464 3007 3522 Christi
3063 3465 3364 3523 Sacerdote
3418 3467 3681 3539 palatium,
3728 3471 3774 3518 et

2203 3560 2343 3616 facta
2366 3560 2541 3617 crucis
2561 3559 2715 3629 signo
2740 3574 2872 3614 mox
2896 3558 3062 3628 cmpit
3079 3559 3294 3615 daemon
3323 3560 3557 3617 clamare
3581 3558 3772 3615 dicens:

2202 3654 2303 3722 Tu,
2335 3654 2502 3722 Zeno,
2522 3669 2609 3709 me
2636 3653 2894 3725 expellis;
2924 3662 3092 3725 etego
3121 3656 3346 3724 prdpter
3371 3664 3517 3711 tuam
3555 3651 3777 3709 sanctith

2203 3757 2307 3803 tem
2339 3758 2484 3803 stare
2527 3762 2633 3801 non
2667 3759 2906 3815 posmm.
2935 3745 3122 3812 Allel.,
3168 3746 3349 3812 allel.,
3377 3746 3522 3804 allel.
3566 3746 3634 3815 ᾖ.
3658 3740 3775 3800 Etsi

2202 3840 2327 3896 hinc
2349 3839 2554 3904 abiero,
2580 3853 2648 3894 eo
2679 3838 2968 3905 Veronam,
2992 3837 3173 3902 ibique
3195 3838 3445 3899 invenies
3471 3853 3574 3897 me.
3593 3837 3653 3893 Et
3669 3848 3772 3905 ego.

2272 3932 2353 4008 (4)
2409 3934 2482 4002 ii).
2524 3933 2721 3989 Sancte
2759 3932 2905 3989 Zeno
2946 3931 3223 3988 confessor
3276 3932 3502 3999 Christi,
3545 3929 3660 3986 audi
3696 3942 3773 3984 ro-

2200 4038 2389 4098 gantes
2436 4026 2710 4094 servulos;
2746 4036 2801 4082 et
2830 4026 3174 4097 impetratam
3205 4028 3427 4084 caelitus
3454 4037 3509 4083 tu
3539 4026 3673 4081 Deus
3708 4022 3776 4077 lor

2200 4120 2607 4191 indulgentiam.
2643 4120 2678 4189 ᾗ
2703 4160 2715 4173 .
2751 4119 2794 4176 Ο
2827 4128 3012 4176 sancte
3046 4118 3214 4187 Zeno,
3248 4119 3403 4177 sidus
3432 4132 3665 4183 aureum,
3686 4114 3774 4171 Do-

2200 4215 2333 4272 mini
2372 4215 2564 4287 gratia,
2614 4228 2899 4271 servorum
2941 4214 3173 4285 gemitus
3227 4214 3388 4270 solita
3445 4213 3650 4283 suscipe
3683 4208 3775 4269 ole-

2200 4310 2426 4367 mentia.

2725 4398 2793 4454 In
2828 4398 3021 4453 Matut.
3047 4397 3271 4454 Laudib.

2268 4494 2390 4551 Ant.
2435 4493 2695 4549 Dominus
2749 4491 2906 4548 Jcsus
2958 4492 3206 4548 Christus
3272 4492 3619 4565 omnipotens
3685 4495 3773 4559 est,

494 4587 679 4645 dicens
707 4606 719 4642 :
750 4588 1045 4646 Revertere
1074 4597 1242 4658 retro,
1283 4588 1532 4656 Satanas,
1568 4602 1637 4644 ne
1665 4588 1898 4658 perimas
1928 4584 2101 4642 homi—
2126 4582 2180 4645 D
2205 4597 2419 4660 oportet
2445 4586 2611 4655 enim,
2640 4597 2697 4653 ut
2725 4584 2986 4641 mirabilia
3029 4584 3127 4642 Dei
3158 4583 3592 4645 manifestentnr.
3635 4579 3777 4638 Allel.

497 4698 644 4750 nem,
669 4699 827 4755 quem
852 4686 997 4741 Deus
1025 4684 1250 4741 creavit.
1285 4684 1449 4741 Allel.

570 4774 860 4833 Psalmus:
894 4778 1138 4842 Domine,
1166 4778 1422 4834 Dominus
1465 4786 1669 4835 noster.
1711 4776 1944 4833 Versus:
1976 4772 2099 4831 Jus-

493 4876 603 4926 tum
632 4868 856 4926 deduxit
879 4869 1133 4926 Dominus
1156 4870 1260 4945 (ὅ).

496 5029 548 5083 in
577 5043 685 5099 quo
709 5029 947 5087 officium
969 5032 1244 5104 proprium
1292 5033 1539 5103 ejusdem
1584 5031 1766 5104 Sancti
1802 5031 2090 5104 reperitur,

495 5103 921 5174 responsorium,
953 5102 1161 5169 versus,
1183 5113 1238 5158 et
1257 5102 1548 5174 an’tiphona
1574 5103 1639 5157 ad
1667 5102 1966 5173 Magnificat
1985 5103 2094 5158 alia

496 5181 620 5245 sunt
633 5186 697 5225 ac
716 5173 769 5245 in
789 5174 1179 5245 Antiphonario
1192 5174 1262 5230 Ca
1272 5176 1632 5245 pitulari,qu:r.
1651 5174 1770 5229 heic
1784 5174 2093 5231 exscribere

495 5242 860 5316 plztcct.Resp.
879 5244 1095 5301 Summe
1116 5246 1210 5303 Dei
1231 5242 1419 5315 prima!
1431 5242 1586 5303 Beate
1608 5245 1916 5312 Zeno,tuam
1929 5255 2093 5300 cater-

495 5330 608 5367 vam
628 5323 849 5386 protege,
877 5333 1093 5386 namque
1116 5320 1370 5374 credimus
1392 5321 1489 5373 tuis
1514 5319 1750 5373 laudibus
1776 5334 1868 5373 nos
1895 5333 2093 5384 semper

495 5384 1128 5462 essesaluandos.AVersus.
1149 5388 1252 5455 Qui
1267 5392 1433 5462 filiam
1456 5389 1677 5445 Gallieni
1696 5389 1915 5446 Casam
1931 5406 1964 5442 a
1982 5389 2087 5444 dte-

496 5457 1090 5547 iLnonio‘liberastibtuis
1120 5457 1666 5547 laudibusninstantem
1712 5463 2094 5547 cansq'valple-

493 5527 623 5584 bem.
656 5528 735 5601 Αει
763 5528 942 5601 Magni
947 5532 1067 5598 ﬁent
1091 5534 1291 5601 amipli.
1327 5534 1723 5588 Clementiuime
1747 5531 1937 5588 Christi
1957 5527 2092 5585 Con-

495 5602 659 5669 [essar
687 5598 919 5676 Domitii,
947 5598 1230 5660 beatissime
1256 5605 1420 5669 Zeno,
1450 5614 1497 5660 te
1534 5606 1832 5672 suppliciter
1856 5605 2095 5676 petimus,

498 5687 561 5724 ne
582 5688 675 5758 nas
692 5672 1048 5758 derelinquas,
1080 5680 1168 5734 sed
1192 5684 1330 5758 apud
1352 5681 1626 5758 Dominum
1644 5681 1764 5758 pius
1784 5672 1981 5758 semper
2008 5686 2102 5758 pro

513 5743 657 5834 nobis
687 5743 990 5834 intercess'er
1013 5743 1244 5834 exsistas';
1273 5754 1392 5834 quo,
1422 5743 1788 5834 ιερρειαιὲεζιιεν
1820 5743 2105 5834 σάξθίέυδίδ

529 5824 867 5896 wterntevitte
884 5824 1590 5915 umrniie‘meréaniur.lliec
1610 5828 1797 5895 eadem
1812 5824 2107 5905 antiphona

2282 4680 2587 4751 Exsurgens
2609 4677 2798 4733 beatus
2820 4675 3087 4733 Sacerdos
3113 4674 3239 4733 fecit
3264 4677 3589 4741 orationem,
3610 4686 3778 4745 perro-

2206 4776 2393 4844 xitque
2419 4772 2486 4828 ad
2512 4771 2790 4851 palatium,
2811 4771 2901 4826 ubi
2926 4760 3269 4843 afﬂigebatur
3287 4785 3386 4842 pro
3414 4785 3506 4826 sua
3532 4767 3633 4824 ﬁlia
3658 4765 3775 4821 Rex.

2207 4866 2373 4924 Allel.

2198 5031 2250 5087 in
2301 5045 2404 5087 ms.
2432 5027 2744 5086 monislium
2773 5026 2831 5087 S.
2857 5026 3035 5083 Maria:
3064 5025 3133 5085 de
3156 5026 3361 5099 Campo
3388 5028 3577 5086 Martio
3606 5023 3779 5096 legitur

2198 5104 2253 5158 in
2285 5101 2540 5158 secundis
2560 5100 2823 5170 veSperis.

2266 5172 2348 5242 (ἓ)
2386 5172 2442 5233 lit
2475 5187 2606 5229 mss.
2636 5163 2972 5243 Zenoniano,
2998 5180 3051 5229 ei
3072 5170 3387 5243 monialium
3422 5168 3680 5243 superiori
3698 5163 3779 5220 ad-

2196 5241 2477 5302 notatione
2504 5243 2734 5298 laudatis
2758 5242 2859 5298 hoc
2890 5243 3086 5313 legitur
3118 5241 3534 5301 lnvitatorinm:

2290 5324 2544 5375 Eternum
2571 5325 2849 5386 trinumque
2876 5323 3037 5373 Deum
3062 5321 3318 5373 laudemus
3341 5333 3393 5375 et
3418 5336 3590 5386 unum,

2291 5389 2384 5448 Qui
2406 5388 2497 5437 sibi
2522 5386 2775 5441 ZeuOnem
2796 5386 3070 5445 transvexit
3093 5389 3141 5435 in
3166 5386 3349 5439 ethera
3374 5387 3623 5437 Sanctum.

2277 5465 2357 5536 (ὅ)
2397 5464 2453 5519 ln
2493 5465 2701 5533 Carpso
2724 5463 2862 5518 alius
2886 5478 3078 5519 versus
3106 5465 3373 5521 indicatur
3391 5465 3473 5518 sic
3497 5482 3511 5517 :
3548 5456 3779 5521 Posuisti.

2213 5537 2456 5599 Domine,
2485 5552 2603 5600 sup.
2634 5551 2750 5606 cap.
2777 5537 2909 5608 ejus.

2280 5608 2360 5677 (ι)
2402 5608 2458 5662 In
2490 5603 2882 5676 Antiphonario
2914 5605 3207 5675 Capitulari
3238 5623 3252 5660 :
3294 5605 3487 5661 Sancte
3512 5603 3666 5677 Zeno,
3708 5615 3781 5653 re-

2208 5674 2351 5750 quire
2378 5682 2431 5735 in
2462 5674 2642 5734 Sancti
2674 5678 2906 5750 Martini.
2941 5678 2994 5732 In
3024 5677 3232 5750 Carpso
3256 5688 3458 5739 autem,
3505 5676 3543 5745 ἢ
3564 5715 3578 5730 .
3610 5674 3781 5750 Sancto

2212 5746 2509 5829 Zenoni.
2527 5749 2954 5829 OASmtcteZenu.
2985 5748 3359 5829 Supplevimus
3379 5765 3449 5809 ex
3477 5763 3577 5808 ms.
3596 5746 3782 5817 monia-
3824 5820 3837 5829 θ

2216 5826 2344 5896 lium
2373 5821 2430 5891 δᾴ
2465 5823 2644 5891 Maria:
2673 5823 2737 5891 de
2764 5824 2968 5909 Campo
2992 5821 3201 5892 Martio.
