3894 6322
103 369 210 423 2Ξῖ
1022 370 1432 428 ΤΕΒΤΙΜΟΝΙΑ
1476 368 1721 427 SELEC']

1839 370 1918 426 DE
1957 372 2227 430 SANCTO
2262 372 2557 431 ΖΕΝΟΝΕ.

3311 375 3422 431 ἓὶϐ

103 487 177 540 tili
212 495 359 539 utam
414 486 795 545 benedictione
844 494 967 557 post
1013 495 1091 542 tot
1132 500 1305 541 annos
1348 486 1465 541 sine
1491 492 1712 541 auctore
1738 490 1793 551 Α
1822 484 2093 541 Ratlierius
2120 488 2383 562 epist-Opus
2407 487 2717 543 Veronensis
2742 487 2806 544 de
2826 486 3131 560 Coutemptu
3159 505 3423 546 canonum

99 578 525 646 criniinationis,
567 580 683 635 sine
712 587 1047 643 accusatore,
1071 578 1188 633 sine
1217 577 1526 647 professore
1555 577 1710 632 dela-

100 670 262 727 tionis
291 670 349 726 in
379 674 683 743 periculum
730 681 907 729 reatus
947 671 1318 728 deducendam
1361 673 1708 730 arbitrarere.

178 828 240 885 S.
269 828 564 903 Gregorius
586 830 810 904 Magnus
832 831 920 887 lib.
954 847 1012 887 ιιι
1033 829 1373 905 Dialogorum
1400 849 1516 905 cap.
1552 832 1637 889 l9.

167 985 350 1058 Nuper
367 986 619 1061 Joannes
637 987 911 1045 Tribunus
930 987 1264 1045 revelatione
1283 1004 1376 1043 sua
1398 1005 1483 1044 me
1504 989 1711 1060 docuit,

98 1079 241 1151 quod
283 1079 639 1150 l’ronulplius
683 1079 882 1136 Comes
935 1096 1055 1136 cum
1103 1079 1181 1134 illi
1212 1082 1451 1148 adesset,
1500 1096 1559 1137 se
1589 1096 1713 1137 cum

100 1190 223 1245 rege
267 1173 525 1231 Authari~
554 1175 744 1231 eodem
797 1186 1040 1247 tempore
1084 1175 1138 1230 in
1184 1175 1303 1231 loco
1346 1177 1576 1245 eodem,
1624 1176 1713 1233 ubi

99 1269 231 1325 mira
270 1285 362 1326 res
389 1271 646 1342 contigit.
689 1269 938 1336 atl‘nisse,
970 1286 1200 1341 eamque
1249 1286 1362 1327 rem
1392 1272 1712 1342 cognovisse

102 1371 330 1419 testatus
366 1371 480 1419 est.
532 1364 829 1419 Praedictus
869 1363 1012 1420 enim
1058 1363 1328 1419 Tribunus
1375 1367 1612 1421 narravit
1632 1365 1716 1420 di-

100 1474 224 1514 cens
265 1476 279 1512 :
308 1458 451 1524 Quia
484 1467 613 1513 ante
645 1457 748 1513 hoc
780 1457 948 1513 ferme
979 1460 1418 1529 quenquennium
1442 1500 1458 1524 ,
1502 1458 1717 1530 quando

99 1549 237 1620 apud
282 1549 428 1605 hanc
472 1549 775 1604 Romanam
820 1549 1008 1604 urbem
1056 1548 1270 1603 alveum
1311 1565 1468 1605 suum
1500 1549 1716 1605 Tiberis

102 1657 349 1714 egressus
390 1649 506 1708 est,
552 1649 758 1697 tantum
804 1655 1074 1708 crescens,
1127 1651 1185 1696 ut
1228 1640 1346 1710 ejus
1377 1640 1518 1696 unda
1556 1655 1715 1711 super

104 1754 285 1793 muros
331 1737 496 1793 urbis
547 1737 815 1803 influeret,
849 1744 1011 1806 atque
1051 1734 1173 1790 inde
1197 1735 1309 1804 jam
1342 1736 1602 1789 maximas
1634 1750 1718 1791 re-

103 1832 286 1899 giones
332 1839 635 1900 occuparet
667 1844 681 1886 :
714 1829 853 1899 apud
899 1827 1270 1883 Veronensein
1302 1828 1491 1882 urbem
1525 1828 1719 1883 lluvius

105 1922 322 1979 Athesis
345 1937 701 1989 excrescens,
731 1920 797 1975 ad
826 1920 969 1976 beati
1010 1919 1245 1974 Zenonis
1272 1918 1524 1992 martyris
1556 1927 1719 1990 atque
1753 1913 1802 1973 B

107 2015 374 2085 pontificis
402 2014 698 2070 ecclesiam
722 2014 898 2078 venit;
932 2012 1086 2084 cujus
1113 2011 1357 2068 ecclesiae
1383 2012 1510 2067 dum
1536 2024 1718 2068 essent

100 2108 273 2180 janua:
323 2117 559 2179 apertae,
607 2121 742 2178 aqua
791 2105 847 2161 in
896 2121 1015 2161 eam
1062 2105 1283 2161 minime
1314 2106 1564 2169 intravit,
1598 2121 1717 2176 quas

109 2200 378 2270 paulisper
405 2214 670 2256 crescens
699 2214 869 2269 usque
902 2197 969 2253 ad
1001 2197 1261 2254 fenestras
1301 2198 1569 2266 ecclesiae,
1597 2214 1719 2270 qua:

106 2304 251 2349 erant
297 2293 461 2349 tectis
510 2293 794 2363 proximae,
829 2291 1109 2361 pervenit,
1144 2290 1328 2361 sicque
1379 2300 1529 2346 stans
1571 2307 1708 2362 aqua

107 2386 351 2443 ecclesia:
388 2386 619 2457 januatn
662 2384 873 2451 clausit,
920 2399 983 2439 ac
1012 2383 1056 2439 si
1104 2382 1236 2439 illud
1284 2384 1612 2439 elementum
1642 2383 1721 2439 li-

110 2481 322 2553 qnidum
353 2482 411 2537 in
442 2480 773 2536 soliditatem
800 2479 1019 2549 parietis
1041 2477 1226 2533 fuisset
1255 2486 1514 2533 mutatqu
1537 2495 1548 2531 :
1570 2493 1722 2533 emn-

109 2591 208 2645 que
229 2584 416 2631 essent
448 2573 608 2629 multi
637 2574 835 2629 inventi
872 2573 1121 2637 interius,
1154 2569 1246 2626 sed
1276 2584 1539 2642 aquarum
1573 2569 1719 2625 mul-

112 2668 333 2725 titudine
354 2668 509 2724 omni
539 2666 769 2724 ecclesia
800 2665 1151 2731 circumdata,
1180 2679 1283 2735 qua
1319 2671 1541 2733 possent
1566 2678 1723 2735 egre-

112 2765 183 2830 di,
227 2780 335 2819 non
384 2764 680 2828 baberent,
726 2761 906 2832 ibique
952 2775 1010 2815 se
1039 2759 1151 2827 siti,
1190 2772 1255 2815 ac
1296 2759 1438 2814 fame
1484 2759 1724 2816 deficere

113 2857 502 2925 formidarent,
535 2851 625 2911 'ad
670 2840 916 2912 ecclesia:
957 2856 1176 2923 januam
1207 2852 1519 2920 veniebant,
1544 2852 1612 2907 ab
1640 2852 1722 2908 bi-

116 2953 347 3009 bendum
394 2951 726 3007 hauriebant
756 2965 969 3022 aquam,
1013 2965 1153 3020 quae,
1185 2955 1242 3003 ut
1274 2947 1522 3019 praedixi,
1553 2964 1725 3021 usque

117 3048 179 3103 atl
216 3046 488 3104 fenestras
535 3054 884 3111 excreverat,
927 3052 982 3099 et
1028 3054 1208 3099 tamen
1256 3044 1393 3099 intra
1435 3044 1721 3100 ecclesiam

119 3142 261 3197 nullo
332 3140 504 3196 modo
573 3138 870 3194 difﬂuebat.
950 3135 1162 3191 flauriri
1192 3137 1401 3208 itaque,
1462 3147 1517 3191 ut
1585 3152 1723 3205 aqua

118 3246 346 3310 poterat,
369 3235 468 3292 sed
503 3232 844 3300 difﬂuere,ut
874 3246 1009 3301 aqua
1042 3247 1146 3286 non
1183 3239 1410 3301 poterat.
1440 3230 1599 3287 Stans
1630 3247 1724 3284 au-

1889 588 2024 648 part.
2062 594 2101 643 I,
2149 597 2270 651 pag.
2323 580 2430 636 352
2484 588 2614 634 tom.
2652 596 2665 635 ι
2708 580 2983 651 Spicilrgii
3008 582 3286 637 Aclteriani
3326 599 3423 639 no-

1886 670 2106 725 vissima:
2131 672 2389 726 editionis.

1888 783 2021 841 Utar
2047 793 2105 840 ut
2126 784 2245 842 heic
2267 785 2590 844 auctoritate
2612 786 2852 845 Zenonis
2887 789 3052 858 beati,
3084 791 3138 848 in
3166 805 3423 849 sermons

1815 876 2089 945 videlicet,
2124 894 2286 949 quem
2317 880 2384 936 de
2408 879 2546 936 Juda
2576 880 2882 950 patriarcha
2935 892 2991 939 et
3018 883 3255 941 Thamar
3283 900 3423 940 nuru

1816 968 1981 1040 ipsius
2025 985 2176 1027 more
2225 986 2326 1027 suo
2355 972 2784 1030 luculentissime
2813 974 2941 1030 fecit
2966 976 3202 1033 dicentis
3235 995 3251 1035 ι
3288 976 3418 1032 0m-

1816 1063 1957 1117 nium
1988 1075 2225 1135 corrupte
2248 1066 2522 1121 virentium
2542 1066 2795 1124 Diabolus
2816 1079 2961 1137 pater
2985 1081 3080 1125 est.

1815 1177 1965 1235 Idem
1986 1180 2265 1237 Ratherius
2295 1185 2345 1238 in
2374 1183 2640 1255 Synodica
2669 1185 2737 1239 ad
2766 1184 3097 1258 Presbyteros
3128 1205 3250 1261 pag.
3290 1189 3420 1260 377,

2532 1279 2633 1333 col.
2649 1277 2704 1334 2.

1892 1367 1962 1424 Et
2008 1385 2129 1427 cum
2174 1370 2427 1443 specialis
2471 1382 2655 1429 noster
2709 1373 2902 1430 doctor
2943 1383 3106 1447 atque
3152 1377 3421 1447 provisor,

1817 1461 2009 1519 beatus
2040 1466 2222 1537 utique
2248 1466 2395 1522 Zeno
2439 1466 2622 1531 dicat,
2664 1467 2716 1522 in
2744 1484 3000 1525 sermone
3029 1471 3233 1541 utique,
3264 1487 3423 1541 quem

1818 1556 1887 1613 de
1933 1556 2072 1614 Juda
2121 1558 2233 1614 ﬁlio
2262 1560 2450 1625 Jacob,
2473 1570 2531 1617 et
2557 1562 2795 1619 Thamar
2840 1580 2985 1621 nuru
3010 1563 3178 1636 ipsius
3209 1564 3426 1639 elegan-

1820 1650 2032 1707 tissime
2058 1655 2385 1723 composuit,
2420 1662 2529 1712 etc.

1816 1742 2048 1800 Joannes
2098 1746 2371 1820 Presbyter
2398 1790 2412 1811 .
2466 1752 2851 1809 mansionarius
2882 1752 3131 1811 Ecclesia:
3170 1754 3427 1812 Veronen-

1892 1837 1985 1902 sis,
2009 1839 2101 1908 qui
2130 1855 2219 1899 an.
2254 1840 2393 1897 1520
2423 1843 3054 1911 δσήῡεύιιιβὶδιονὶανιιηι
3088 1846 3428 1921 Imperalium

1902 1928 1991 1983 lib.
2026 1945 2041 1983 ι
2083 1948 2183 1985 ms.

1891 2020 2219 2079 Floruerunt
2242 2026 2294 2081 in
2326 2026 2567 2085 Ecclesia
2597 2031 2693 2086 Dei
2723 2031 3251 2103 iiIllrtl‘CSdOClOl‘OS,
3288 2037 3432 2094 inter

1819 2128 1956 2184 quos
1982 2114 2042 2170 Β.
2068 2115 2218 2172 Zeno
2249 2120 2535 2193 cpiscopus
2555 2122 2907 2194 Veronensis,
2940 2128 3132 2185 doc-tor
3158 2129 3431 2202 egregius,

1820 2218 2046 2263 octavus
2071 2208 2315 2280 ejusdem
2336 2215 2958 2289 civitatisepiscopus....
2977 2219 3191 2295 [CXCIX]
3207 2223 3437 2292 Scripsit

1819 2309 2002 2357 autem
2048 2303 2135 2358 hic
2184 2305 2376 2362 doctor
2420 2311 2671 2382 egregius
2715 2310 2867 2379 Zeno
2897 2314 2963 2370 de
3008 2315 3294 2383 Pudicitia,
3331 2316 3437 2374 Pa-

1825 2392 2033 2462 tientia,
2064 2393 2219 2460 Fide.
2244 2398 2370 2468 Spe,
2396 2411 2450 2455 et
2475 2400 2753 2461 Charitate
2771 2412 3033 2461 tractatus
3058 2414 3169 2464 tres
3193 2428 3205 2461 :
3225 2409 3292 2464 de
3311 2408 3439 2467 Jus-

1821 2486 1938 2581 titia
1971 2494 2258 2545 tractatum
2294 2509 2456 2548 unum
2490 2512 2503 2548 :
2534 2496 2602 2551 de
2631 2497 2849 2555 Timore
2889 2516 3055 2555 unum
3086 2519 3098 2555 :
3133 2503 3200 2559 de
3231 2504 3439 2575 Spirittt

1826 2588 1883 2635 et
1926 2596 2156 2652 corpore
2206 2602 2369 2641 unum
2404 2605 2417 2642 :
2447 2589 2516 2645 de
2547 2605 2631 2645 .eo
2659 2592 2804 2661 quod
2850 2596 3112 2665 scriptum
3143 2605 3229 2652 est
3262 2614 3274 2650 :
3307 2596 3438 2653 Cum

1821 2673 2093 2729 tradiderit
2134 2693 2347 2750 regnum
2396 2679 2502 2735 Deo
2528 2692 2574 2737 et
2600 2681 2751 2738 Patri
2794 2701 3103 2743 sermonem
3136 2704 3300 2745 unum
3330 2708 3343 2742 :
3370 2689 3442 2746 de

1823 2765 2205 2824 Aidilicatione
2239 2770 2432 2827 domus
2484 2773 2577 2829 Dei
2615 2790 2645 2831 a
2688 2775 3003 2847 Salomone,
3035 2778 3439 2850 expositionem

1838 2858 2257 2928 pulcherrimam
2294 2863 2400 2921 :de
2425 2866 2771 2925 Conlincntia
2801 2878 3090 2928 tractatum
3119 2889 3286 2929 unum
3324 2891 3338 2928 :
3372 2873 3444 2933 de

1784 2993 1797 3008 .
1835 2952 2112 3024 Baptismo
2154 2966 2416 3016 tractatus
2466 2969 2579 3020 tres
2624 2982 2638 3017 :
2682 2964 2748 3021 de
2788 2965 3078 3024 Nativitate
3125 2967 3338 3024 Domini
3387 2980 3447 3027 et

1828 3047 2120 3117 majestate
2168 3068 2331 3108 unum
2386 3072 2398 3110 :
2443 3072 2607 3126 super
2639 3058 2912 3115 Danielent
2946 3061 2999 3117 in
3028 3060 3236 3118 Pascha
3257 3076 3395 3135 quos
3426 3081 3442 3120 :

1825 3155 1989 3212 super
2018 3144 2260 3202 Psalmos
2288 3164 2379 3214 ιι..
2408 3164 2522 3218 xu,
2551 3166 2737 3219 cxxvt,
2768 3169 2980 3223 cxxvn,
3003 3169 3230 3225 cxxvtn,
3259 3171 3442 3225 cxxu,

1825 3248 1971 3293 evxx
2000 3232 2273 3296 tractatus
2300 3252 2506 3314 septem
2543 3264 2555 3300 :
2587 3244 2660 3302 de
2702 3246 2897 3304 Livore
2941 3258 2998 3304 et
3044 3248 3248 3305 Invidia
3301 3258 3444 3305 trac-

121 3342 221 3388 tem
255 3342 387 3387 ante
419 3331 642 3401 januam
679 3327 744 3383 ad
786 3325 1183 3383 ostendendum
1225 3324 1434 3380 cunctis
1474 3324 1721 3379 'mcrilutn

1841 3338 2009 3387 talum
2038 3349 2244 3389 unum:
2302 3302 2378 3391 de'
2400 3336 2503 3392 hoc
2534 3340 2699 3394 verbo
2731 3358 2743 3392 :
2804 3341 3021 3395 Attende
3062 3341 3181 3410 tibi,
3218 3358 3280 3396 ne
3309 3342 3448 3413 forte

118 3425 387 3498 Martyris,
420 3432 479 3479 et
525 3433 798 3494 aquaerat
825 3421 891 3476 ad
922 3419 1272 3491 adjutorium,
1323 3411 1381 3474 ct.
1402 3418 1554 3491 quasi
1596 3435 1734 3490 aqua

122 3535 221 3575 nou
262 3526 407 3582 erat,
442 3515 512 3572 ad
540 3514 897 3570 invadendum
926 3513 1128 3569 locum.

121 3628 354 3703 [CXCVIII]
380 3629 684 3700 Anonymus
715 3625 1019 3699 Pipinianus
1048 3624 1101 3679 in
1131 3623 1391 3695 Illiytlmto
1420 3623 1483 3678 de
1522 3622 1737 3678 Verona:

807 3716 1065 3772 laudibus.

242 3816 467 3866 Octavus
486 3814 659 3863 Pastor
682 3819 733 3861 et
758 3808 1017 3861 Confessor
1035 3804 1172 3857 Zeno
1196 3807 1376 3867 Martyr
1404 3806 1629 3870 inclytus,

180 3880 273 3937 Qui
298 3876 554 3927 Veronam
577 3872 890 3937 praedicando
907 3871 1109 3937 reduxit
1122 3870 1535 3937 adbaptismium,

242 3944 283 3989 Α
305 3939 446 3990 malo
468 3931 642 4002 spiritu
667 3936 849 4002 sanavit
877 3932 951 3993 (1)
987 3931 1198 4002 Gallieni
1225 3931 1388 4002 tiliam,

244 4004 409 4053 Boves
435 3993 545 4052 cuin
566 4000 761 4048 homine
778 4004 1071 4059 mergentes
1097 3994 1345 4059 reduxita
1368 3993 1564 4057 pelago.

182 4065 241 4116 Et
258 4066 469 4117 quidem
493 4062 671 4112 multos
694 4055 922 4109 liberavit
946 4057 1007 4106 ab
1031 4056 1173 4105 hoste
1195 4055 1452 4117 pestifero,

295 4080 469 4114 ιιιίιριη
493 4080 671 4112 munus
694 4080 922 4109 [Inerant
946 4080 1007 4106 au
1031 4080 1173 4105 uusu:
1196 4080 1314 4117 pcau

246 4080 499 4192 got-tuum
515 4123 828 4192 resuscitavit
851 4129 1078 4192 ereptum
1103 4131 1131 4167 e
1148 4119 1314 4192 fluvio,

244 4189 399 4239 Multa
431 4186 560 4237 idola
583 4186 829 4235 destruxit
848 4182 1137 4247 perAcreﬂbra
1156 4182 1362 4247 jejunia.

183 4251 288 4302 Non
312 4263 451 4313 queo
473 4249 621 4299 multa
642 4244 1013 4313 narrare'hujus
1030 4244 1385 4313 Sanctiopera.

248 4305 372 4372 Quae
390 4327 419 4363 a
438 4313 575 4376 Syria
596 4311 839 4376 veniendo
857 4305 1016 4376 usque
1042 4308 1092 4355 in
1117 4305 1301 4376 Italiam

249 4366 351 4426 Per
376 4366 533 4439 ipsu'm
549 4375 861 4437 omnipotens
880 4366 1022 4421 Deus
1038 4369 1257 4419 ostendit
1276 4366 1533 4419 mirabilia.

202 4529 280 4599 (l)
327 4529 461 4582 Cum
504 4522 899 4599 dissertationis
944 4521 1118 4599 tertia:
1160 4532 1281 4599 cap.
1319 4519 1372 4599 ς,
1403 4517 1456 4572 in
1488 4515 1728 4599 quohhoc

1840 3426 1931 3494 ﬁat
1957 3426 2010 3481 in
2040 3437 2088 3481 te
2109 3443 2276 3481 sermo
2297 3427 2577 3484 absconsus
2606 3430 2659 3484 in
2681 3432 2836 3486 corde
2865 3442 2952 3488 tuo
2980 3434 3249 3505 iniquitas,
3297 3444 3445 3489 trac-

1843 3528 2011 3576 tatum
2058 3537 2223 3576 unum
2269 3520 2430 3579 valde
2479 3524 2746 3593 prolixum
2795 3524 2912 3581 :de
2940 3524 3160 3597 Jejuuio
3208 3537 3445 3597 quatuor

1843 3620 2168 3682 temporum.
2208 3629 2371 3684 super
2403 3612 2480 3686 (2)
2513 3614 2728 3671 Psalmo
2754 3632 2894 3672 ωαχ
2921 3624 3206 3675 tractatum
3231 3635 3398 3676 unum
3424 3637 3442 3677 :

1840 3705 1907 3761 de
1937 3704 2115 3761 Avaro
2160 3716 2217 3761 et
2242 3706 2408 3762 divite
2437 3724 2599 3763 unum
2639 3726 2653 3762 :
2687 3709 2755 3765 de
2782 3710 3017 3766 Avaritia
3051 3718 3163 3768 tres
3192 3711 3301 3769 :de
3326 3713 3447 3769 Cir-

1831 3800 2164 3855 cmncisione
2206 3816 2368 3856 unum
2406 3817 2613 3872 :snper
2653 3800 2909 3858 Gcnesim
2946 3812 3206 3860 tractatus
3232 3803 3312 3877 (3)
3342 3818 3445 3861 no-

1835 3906 1957 3947 vem
1984 3909 1998 3946 :
2031 3907 2195 3961 super
2222 3892 2466 3947 Exodum
2494 3908 2685 3949 novem
2723 3912 2735 3948 :
2766 3909 2932 3965 super
2960 3895 3149 3951 Isaiam
3178 3905 3388 3968 septem
3427 3916 3441 3953 :

1832 3999 1995 4055 super
2042 3984 2316 4041 Daniclem
2370 3993 2481 4041 trcs
2530 4002 2543 4038 :
2592 3994 2757 4057 super
2801 3987 2904 4041 Joh
2928 4004 3090 4043 unum
3135 4007 3149 4043 :
3196 3988 3266 4045 de
3299 3990 3443 4046 festo

1831 4075 2052 4131 Pascha:
2072 4085 2195 4132 octo
2225 4094 2238 4130 :
2270 4075 2337 4132 de
2359 4076 2680 4135 lnvitatione
2701 4079 2767 4135 ad
2794 4078 2972 4136 fontes
2996 4090 3258 4139 tractatus
3279 4082 3443 4155 quin-

1831 4184 1938 4238 que
1970 4186 1982 4222 :
2029 4168 2095 4223 tle
2117 4168 2341 4224 Somnio
2387 4167 2557 4224 Jacob
2582 4184 2889 4227 sermonem
2921 4187 3086 4228 unum
3122 4172 3227 4229 :de
3255 4189 3326 4229 xu
3358 4176 3439 4232 si-

1831 4259 1953 4330 gnis
1995 4259 2119 4316 εωιὶ
2167 4260 2234 4315 ad
2274 4257 2586 4332 Neophytos
2632 4268 2919 4319 tractatum
2972 4274 3179 4321 unum:
3211 4266 3340 4322 item
3365 4267 3439 4324 ad

1834 4354 2143 4428 NeOphytos
2167 4351 2305 4411 duos
2331 4369 2345 4407 :
2378 4351 2447 4409 de
2471 4353 2602 4409 Fille
2630 4354 2800 4411 duos:
2826 4373 2990 4428 super
3009 4356 3203 4415 Jouam
3228 4375 3394 4417 unum
3419 4377 3436 4418 ;

1833 4518 1916 4573 nis
1939 4525 2198 4573 tractatus
2223 4515 2434 4586 legitur,
2478 4525 2532 4570 et
2560 4516 2616 4572 in
2666 4516 2769 4574 hoc
2805 4516 2987 4578 Indice
3014 4520 3241 4581 Joannis
3265 4525 3439 4587 Vero-

134 4589 399 4672 Anonymi
427 4598 708 4681 Pipiniani_
733 4591 1493 4675 testimoniumexhibuimus,
1521 4590 1727 4643 editum
1756 4620 1808 4681 D
1837 4589 2150 4681 nepfis'non
2183 4600 2516 4665 recensetur.

132 4688 160 4725 a
188 4660 344 4727 nobis
395 4660 606 4734 fuisset,
632 4684 662 4724 e
689 4667 858 4723 Lnbio
887 4665 1268 4720 transmissum
1300 4660 1607 4731 accepimus
1636 4675 1729 4734 acf

134 4755 315 4797 curate
362 4731 687 4810 descriptum
723 4738 1047 4814 Ιὶιιχιιιιιιιιιιι
1084 4734 1363 4814 integrum
1417 4748 1447 4786 e
1498 4731 1724 4814 Ins._qui

136 4814 247 4884 ipsa
268 4814 511 4869 Batlterii
541 4804 778 4884 episcopi
798 4804 1303 4884 Veronensistnanu
1326 4813 1579 4884 oneratus
1606 4804 1724 4857 fuit.

138 4875 191 4938 lii
216 4887 320 4940 hoc
344 4897 523 4940 autem
546 4875 651 4938 non
684 4875 842 4947 eam,
877 4890 933 4936 ut
960 4877 1298 4933 Mabillonius
1328 4875 1594 4947 ediderat,
1625 4890 1727 4947 nec

139 4954 359 5011 Gallieni
404 4954 644 5015 Ciesaris.
700 4962 756 5008 ut
801 4946 898 5007 nos
941 4949 1202 5006 eduobus
1247 4946 1726 5018 posteriorisuazvi

138 5043 267 5083 mss.
318 5027 436 5082 loco
481 5025 694 5081 laudato
742 5025 1058 5098 scripsiums
1088 5060 1105 5088 ,
1151 5015 1262 5098 sed'
1293 5017 1514 5098 Gallieni
1562 5015 1727 5098 ﬁliam

140 5100 312 5167 palam
363 5100 573 5169 legitur,
619 5112 776 5169 quam
809 5088 1095 5169 lectionem
1124 5089 1539 5169 uti_vetust_iuris
1577 5088 1728 5142 codi-

140 5160 215 5225 cis
240 5177 296 5223 et
315 5160 594 5242 scriptoris
620 5160 729 5221 noti
757 5164 1142 5242 praeferendam
1168 5160 1253 5216 hic
1281 5161 1552 5242 duximus,
1578 5170 1626 5213 et
1658 5176 1724 5214 ex

140 5255 198 5295 ei
233 5242 325 5294 illa
346 5240 633 5295 difﬁcultas
661 5240 817 5293 simul
844 5238 1119 5297 adimitur,
1139 5248 1297 5302 quam
1330 5247 1488 5287 unam
1516 5238 1576 5302 in
1597 5244 1728 5285 ano-

142 5327 302 5382 nynm
351 5311 630 5380 Pipiuiano
670 5311 845 5365 inesse
898 5301 1218 5382 putabamus
1242 5346 1257 5370 ,
1289 5304 1457 5382 quasi
1496 5301 1724 5382 Qallieni

141 5373 481 5456 imperatoris
505 5382 731 5456 fabulam
760 5373 1035 5456 ebibisset.
1071 5377 1207 5432 Hinc
1230 5373 1723 5456 etiam-confirmari

144 5446 301 5524 pos~e
330 5453 563 5518 videtur,
592 5454 728 5521 quod
754 5453 969 5507 dissert.
1000 5466 1039 5524 I_,
1071 5464 1189 5519 cap.
1233 5449 1287 5512 3,
1321 5446 1435 5524 54,
1468 5446 1724 5524 suspicati

142 5516 350 5588 sumus,
374 5540 525 5587 eum,
550 5516 697 5593 cujus
727 5524 886 5578 tiliam
918 5525 975 5579 S.
1006 5516 1152 5577 Zeno
1182 5516 1392 5593 sanavit
1420 5534 1447 5570 a
1475 5516 1726 5593 daemone

146 5595 309 5670 fuisse
350 5610 481 5650 vere
525 5588 816 5670 Gallienum
846 5596 1104 5670 aliquem,
1158 5592 1247 5660 qui
1309 5606 1419 5670 per“
1439 5588 1728 5670 nonnullos

144 5668 196 5739 in
228 5669 612 5739 imperatorem
658 5659 1069 5739 tnigravithlia
1101 5659 1267 5733 pauca
1296 5659 1361 5716 ad
1390 5659 1548 5715 fidem
1581 5659 1729 5729 ejus-

142 5737 261 5792 dem
290 5735 504 5793 codicis
531 5735 943 5795 emendavimus.

216 5830 293 5897 (2)
342 5829 457 5885 Per
493 5842 718 5886 errorem
763 5832 1027 5904 allegatur
1072 5837 1230 5885 tract.
1264 5841 1426 5904 super
1453 5824 1725 5904 Psalinum

143 5895 282 5957 tua
308 5916 418 5971 pro
443 5908 663 5957 tractatu
689 5919 847 5976 super
870 5895 1139 5979 Psalmum
1165 5916 1193 5956 (ς
1211 5941 1224 5968 ,
1255 5895 1345 5971 qui
1376 5898 1515 5955 inter
1552 5895 1727 5953 Zeno-

1907 4660 1988 4733 (ὅ)
2033 4658 2459 4741 Pastrengusﬂet
2512 4658 2710 4741 Petrus
2735 4661 3121 4741 de__Natalibus
3148 4668 3199 4724 in
3231 4669 3431 4741 indice,

1832 4729 1990 4815 (ιιιέιιη
2041 4731 2331 4815 olorinae“
2354 4729 2654 4814 Veronemi
2703 4735 2955 4792 similiter
3002 4729 3429 4815 exscripscruni,

1834 4800 2084 4878 referunt,
2104 4818 2257 4874 super
2287 4800 2524 4878 Genesirn
2550 4814 2699 4878 tract.
2735 4821 2849 4873 vut,
2900 4825 3006 4864 non
3039 4826 3169 4866 vero
3185 4800 3273 4878 ἰχ,
3304 4800 3432 4874 cuni

1834 4887 2013 4930 tamen
2074 4876 2125 4928 in
2168 4889 2297 4951 mss.
2329 4874 2569 4951 nonnisi
2599 4892 2704 4951 sex
2735 4879 2837 4934 hoc
2864 4881 3018 4936 titulo
3041 4874 3319 4951 praenotati
3350 4888 3435 4943 in-

1833 4952 2138 5001 veniantur.
2183 4946 2287 5002 Sed
2332 4946 2688 5005 non'omnino
2712 4959 2963 5005 exactum
2992 4946 3316 5011 tractatuum
3344 4958 3430 5014 in-

1832 5017 2006 5074 dicem
2038 5018 2105 5073 ab
2131 5017 2319 5094 eodem
2340 5016 2546 5073 Joanne
2566 5033 2647 5094 _ex
2679 5035 2813 5094 mss.
2845 5023 3130 5094 collectqu
3162 5027 3335 5094 palam
3369 5031 3432 5088 lit

1832 5105 1897 5145 ex
1921 5102 2011 5173 eo,
2034 5088 2177 5161 quod
2211 5100 2469 5173 tractatus
2499 5089 2673 5145 Solum
2703 5092 2772 5173 8_7
2802 5092 3068 5173 _a_dtnist_is
3113 5088 3274 5155 etiam
3298 5117 3430 5173 sup-

1834 5162 2062 5238 positiis.
2114 5172 2414 5238 recenseat,
2444 5175 2565 5238 cum
2598 5165 2815 5231 genuini
2847 5166 3158 5238 ipsiplures
3185 5173 3289 5226 sint
3316 5189 3329 5238 ;
3362 5162 3431 5231 ac

1833 5235 1973 5310 iitter
2001 5242 2230 5288 caeteros
2254 5233 2505 5310 omiserit
2530 5241 2814 5310 tractatum
2844 5236 2911 5293 de
2934 5233 3101 5302 Iuda.
3135 5257 3294 5310 quem
3318 5233 3432 5301 Ra-

1832 5303 2041 5378 therius
2068 5312 2261 5378 quater
2284 5305 2571 5378 allegavit.
2609 5309 2676 5362 At
2702 5322 2823 5363 cum
2847 5310 3088 5378 ejusdem
3118 5303 3255 5368 tituli
3287 5326 3430 5373 trac-

1833 5385 1974 5456 tatus
2005 5376 2113 5456 hac
2132 5376 2252 5456 illac
2282 5377 2333 5431 in
2361 5392 2491 5432 mss.
2523 5376 2799 5456 dispersos
2814 5376 3079 5456 Arolligere
3107 5384 3208 5456 sibi
3241 5401 3431 5456 sump-

1831 5448 1984 5511 serit,
2013 5447 2115 5502 labi
2144 5447 2196 5502 in
2228 5448 2590 5514 computando
2620 5449 2775 5506 facile
2809 5447 3034 5515 fuitfct
3060 5454 3238 5510 liacde
3262 5447 3428 5515 causa

1839 5518 1997 5576 sicuti
2011 5521 2302 5645 Ogttusdam
2332 5519 2572 5587 ejusdem
2603 5520 2968 5591 inscriptionis
3000 5532 3258 5580 tractatus
3288 5542 3339 5580 v.
3368 5546 3426 5599 ς,

1839 5591 1905 5645 de
1930 5592 2008 5645 Ex
2083 5599 2277 5645 o.etc..
2309 5593 2592 5645 pauciores
2617 5593 2837 5645 notavit.
2861 5608 3018 5645 (tuam
3051 5596 3099 5645 in
3117 5612 3250 5645 mss.
3274 5611 3424 5645 enni,-

1838 5591 1905 5669 de
1930 5591 2592 5669 Exodo,etc._,_paucior;es
2617 5593 2837 5669 notavit,
2861 5608 3018 5662 quam
3051 5596 3099 5647 in
3117 5612 3250 5669 mss.
3274 5591 3425 5669 sun};

1838 5662 1909 5740 ita
1950 5677 1983 5719 e
2023 5660 2364 5740 contra_illos
2403 5661 2471 5718 de
2499 5660 2696 5740 Genesi
2744 5660 2924 5734 plures
2953 5668 3244 5740 recensuit,
3279 5660 3429 5740 quod

1836 5733 1978 5791 forte
2023 5735 2106 5790 bis
2151 5734 2234 5790 vel
2265 5742 2349 5790 ter
2375 5732 2627 5790 eumdem
2660 5732 2970 5802 tractatum,
3001 5736 3205 5794 codicis
3241 5732 3433 5806 titulos

1835 5821 2152 5876 excurrens,
2181 5807 2502 5863 numeravit.
