1980 3165
249 180 303 210 ἓξἺ

939 178 1207 209 PROLEGOMENA.

1831 182 1875 210 938

249 249 329 275 Htpttl‘
340 240 483 269 Historiam
496 240 629 268 Suzanntc
644 245 786 268 tractatum
802 240 912 268 brevem
930 249 936 266 :
954 239 988 268 de
1005 239 1047 267 die
1063 239 1084 270 A
1103 238 1214 266 Michael
1229 237 1355 265 Fossatus
1372 237 1527 264 Veronensis
1540 237 1567 264 in
1582 236 1697 264 Carmine
1720 237 1749 264 de
1764 236 1877 265 Laudibus

250 286 389 314 Dotninico
414 290 542 314 tractatus
563 286 629 313 duos
658 286 714 314 :de
738 285 875 314 Abraham
900 285 969 313 duos
992 285 1047 313 :de

248 332 392 360 Nativitate
405 332 508 360 Domini
522 337 652 360 tractatus
667 332 733 359 duos
751 342 757 359 :
773 332 922 367 Epistolam
938 331 972 359 de
986 339 1048 367 pas—

247 379 324 406 sione
346 379 474 415 martyris
494 379 614 411 Arcadii,
640 379 803 415 qui‘endcm
816 382 939 413 tempore
953 385 1048 413 passus

248 431 287 453 est
300 434 318 453 ιι
342 426 403 453 ldus
416 426 534 461 januarii
548 426 620 461 apud
640 426 864 454 Mauritaniam...
881 425 945 454 Hm
962 424 1048 460 ipsius

250 472 349 508 srripta
364 478 391 500 et
411 476 542 500 tractatus
555 473 612 508 ipse
626 473 676 508 legi
690 478 717 501 et
731 472 794 500 vidi.

253 530 348 558 Petrus
371 531 433 558 Calo
456 531 513 558 ard.
531 530 736 558 Prwdicatornm
753 531 778 557 in
794 529 969 558 Miscellaneis
986 537 1048 558 mss.

322 577 393 612 apud
408 576 610 610 Hensclsenium,
624 586 683 613 pag.
700 578 746 609 76,
762 581 822 604 tum.
840 585 858 604 ιι
871 576 977 613 Aprilis.

286 635 401 669 Scripsit
424 640 514 664 autem
536 636 564 664 S.
582 636 655 664 Zeno
669 640 802 663 tractatus
817 636 954 671 octoginta
969 642 1052 670 super

250 682 383 715 Psalmos,
407 687 435 711 et
455 682 613 717 prophetas,
639 688 667 711 et
680 682 715 711 de
729 682 876 710 Nativitate
893 681 1009 716 Domini,
1025 687 1054 709 et

250 730 366 757 diversis
392 730 456 757 aliis
470 730 603 763 materiis,
619 734 647 758 et
660 730 800 764 epistolas,
816 736 848 756 ac
862 728 1053 763 expositiones

252 777 357 811 plures.
383 784 414 803 ac
439 776 521 803 vitam
544 776 573 804 S.
595 776 702 803 Arcadii
724 776 861 811 martyris,
889 775 933 810 qui
956 775 1053 802 eodem

252 829 373 857 tempore
390 830 485 858 passus
499 828 551 856 est,
561 830 640 857 quam
653 822 730 857 posui
747 822 832 857 pridie
847 821 909 848 ldus
918 820 1052 853 Januarii,

250 876 318 903 quos
327 873 466 902 tractatus,
474 869 683 903 etcpistnlas,ct
689 868 871 904 expositiones
879 866 933 903 [cc]
941 866 1054 902 pulchro

249 921 277 943 et
289 915 380 943 subtili
392 915 463 950 stylo
476 916 565 943 editos
577 923 627 950 ego
642 915 695 942 vidi
708 916 733 942 in
749 915 854 943 duobus
870 914 1054 942 voluminibus

253 962 324 997 apud
335 962 364 990 S.
382 962 517 990 Zenonem
529 962 563 989 de
579 961 695 989 Verona.

253 1021 406 1049 Guilleimus
430 1021 588 1056 Pastrengus
612 1019 700 1047 Jndex
725 1019 882 1046 Veronensis
904 1018 930 1045 in
946 1018 1011 1045 libro
1022 1017 1055 1045 de

461 1067 530 1094 Viris
544 1066 698 1100 illustribus,
715 1074 775 1102 pag.
793 1066 837 1092 77.

287 1123 378 1158 Zcuo,
396 1123 561 1151 Veronensis
574 1122 717 1157 episcopus
727 1143 734 1155 ,
748 1121 864 1150 Gallieni
884 1122 1056 1157 imperatoris

254 1176 375 1205 tempore
407 1169 519 1205 insignis
542 1168 678 1201 habetur,
707 1172 734 1195 et
756 1169 915 1204 martyrium
944 1169 1054 1204 patitur.

254 1215 366 1252 Scripsit
379 1220 469 1243 autem
486 1215 528 1242 hic
542 1215 588 1242 Dei
603 1214 772 1242 venerandus
789 1215 910 1242 Antistes
924 1214 1007 1242 libros
1023 1214 1057 1242 de

252 1261 395 1296 Patientia,
410 1261 538 1289 Pudicitia
553 1260 698 1296 Fide,Spe,
708 1259 845 1288 Charitate
856 1265 922 1294 tros,
936 1265 988 1289 etc.
1003 1259 1058 1288 E1-

253 1309 341 1336 scribit
363 1309 429 1336 enim
454 1309 588 1335 laudatum
606 1307 734 1335 Joannem
751 1307 943 1340 Veronensem;
964 1307 1059 1335 deinde

254 1356 327 1383 addit
341 1356 453 1383 :Omnia
467 1357 523 1383 lucc
538 1355 668 1390 opuscula
681 1354 865 1382 memorabilis
875 1355 916 1382 vir
924 1354 1056 1387 Joannes,

254 1402 395 1438 presbyter
406 1401 517 1437 majoris
530 1400 692 1429 Veronensis
705 1400 834 1428 Ecclesiae
845 1400 1055 1433 mansionarius,

254 1456 284 1476 se
296 1449 395 1476 vidisse
407 1453 435 1476 et
449 1449 546 1483 legisse
561 1451 685 1474 lcslttttlr.

257 1505 349 1534 Petrus
373 1506 406 1533 de
429 1504 567 1532 Natalibas
591 1505 727 1540 episcOpns
745 1504 879 1540 Equilinus
892 1504 918 1531 in
933 1503 1059 1539 Catalogo

465 1552 622 1579 Sanctorum
634 1551 678 1578 lib.
694 1559 712 1583 ι,
725 1559 783 1586 cap.
796 1551 842 1578 45.

292 1609 365 1637 Zeno
381 1609 549 1637 Veronensis
565 1608 709 1643 episcopus
723 1613 750 1636 et
764 1609 860 1636 doctor
873 1607 971 1636 claruit
989 1611 1060 1635 tem-

254 1664 323 1692 pore
342 1656 456 1684 Gallieni
472 1656 703 1690 imperatoris.,...
718 1655 834 1689 Scripsit
851 1658 940 1681 autem
956 1653 1000 1682 hic
1014 1661 1061 1681 ve-

255 1702 393 1731 neraudus
412 1702 533 1731 Antistes
552 1702 634 1730 libros
650 1701 684 1729 de
701 1701 844 1732 Patientia.
860 1706 883 1728 et
895 1706 986 1728 ta'tera
1001 1701 1061 1728 toti-

255 1751 312 1778 dem
325 1751 401 1785 plane
411 1750 491 1777 verbis
502 1754 528 1777 ut
542 1749 612 1785 apud
625 1748 791 1776 Guillelmum
806 1748 988 1784 l’astrengum.

256 1807 369 1836 Jacobus
385 1807 521 1844 Presbyter
532 1808 558 1835 in
573 1808 687 1834 carmine
702 1807 733 1834 de
747 1806 885 1834 Miraculis
901 1806 931 1834 S.
949 1805 1061 1834 Zenonis

293 1856 362 1890 apud
376 1854 565 1882 Henschenium
577 1863 647 1881 nam.
665 1855 692 1887 Δ,
706 1864 766 1890 pag.
782 1854 828 1886 76,
846 1859 908 1880 tom.
921 1861 939 1880 ιι
952 1854 1060 1888 Aprilis,

294 1899 325 1928 de
346 1901 421 1936 cujus
440 1901 572 1936 scriptoris
593 1905 668 1928 relate
684 1900 740 1927 ride
754 1900 955 1927 admonitionem
968 1907 1061 1926 monu-

294 1948 385 1975 mentis
402 1947 570 1983 prcemissam.

321 2005 371 2030 Sed
382 2012 437 2029 cum
452 2005 526 2029 verba
540 2005 587 2029 Dci
603 2008 659 2028 tunc
672 2006 748 2035 primo
762 2009 842 2028 sancta
856 2004 966 2029 (lctlissrt

354 2036 494 2067 Intrepidus
505 2036 601 2067 populo,
612 2036 701 2067 dignus
715 2036 834 2060 Patronus
848 2036 950 2060 habetur

352 2067 468 2095 Veronte.
482 2067 556 2092 fuerit
570 2067 626 2091 hcet
638 2074 689 2097 ipse
700 2071 799 2091 octonis
810 2068 832 2091 in
845 2067 883 2090 illa

353 2099 463 2124 Antistes
479 2107 483 2122 :
497 2106 578 2122 sacras
590 2106 642 2122 natu
656 2099 737 2122 docuit
753 2102 852 2128 pectora
866 2098 937 2127 luges

353 2129 440 2154 Nostra
452 2130 533 2158 l’atcr,
546 2130 646 2153 ﬂorebat
659 2137 723 2153 t‘llllll
734 2137 849 2153 serninut-
865 2130 940 2159 polito
955 2138 958 2153 :

354 2161 384 2185 Et
395 2162 479 2191 patriis
491 2162 591 2185 monitis
603 2161 707 2184 instabat
718 2168 827 2191 setupcr,
843 2165 867 2184 ut
882 2161 926 2191 ipsi

354 2193 433 2223 Atque
447 2193 486 2216 uni
500 2193 612 2222 trinoqu
624 2191 676 2215 Deo
686 2191 849 2221 ronjungtu't't
859 2199 954 2217 milites.

354 2224 497 2247 innumeros
510 2223 568 2247 Jusu
581 2224 633 2247 \it'o
645 2224 676 2247 de
689 2223 755 2248 l'ontc
766 2223 870 2247 l‘i‘tiClllil

353 2255 399 2279 Hie
409 2254 518 2286 populos,
533 2259 557 2279 ct
568 2261 655 2285 magna
667 2254 713 2279 Dei
725 2256 830 2279 sacratit
842 2255 927 2279 honori

354 2286 418 2310 lt‘ana
430 2286 512 2310 l’atcr.

363 2287 418 2310 “una
430 2287 512 2310 l’atcr.

486 2338 518 2367 Et
533 2347 638 2369 munero
653 2339 697 2373 ‘17,
714 2339 831 2381 pag..77.

322 2397 342 2424 Ο
355 2396 472 2428 praeclara
484 2397 556 2428 nimis
566 2400 626 2428 quot
637 2400 777 2428 quantaque
787 2396 849 2421 facta
860 2396 975 2422 relucent

373 2404 472 2422 nectam
484 2404 556 2420 nllDIS
566 2404 626 2428 quot
637 2404 777 2428 quantaque
787 2404 849 2421 ιιιειει
860 2404 936 2421 ι’θιυσι

352 2404 485 2458 gentilicis,
500 2427 606 2459 Verona,
618 2429 663 2459 tui,
677 2428 716 2452 cui
732 2428 834 2458 plurima
844 2428 936 2452 debes!

352 2460 413 2485 Nam
427 2460 470 2484 tibi
483 2460 539 2490 quis
549 2458 606 2484 ﬁdei
617 2460 708 2490 primus
718 2458 829 2483 fundator
840 2459 965 2485 habetur?

353 2492 413 2547 Ριιυε
426 2491 537 2516 tenebris
551 2490 590 2514 lux
604 2491 680 2521 prima
693 2491 741 2515 tuis
754 2497 768 2514 e
780 2490 897 2514 cordibus
910 2491 997 2517 erect?

366 2530 380 2546 ιι
392 2528 508 2546 sermone
518 2525 588 2547 pater
600 2523 655 2547 ttuis
666 2522 729 2546 natis
742 2523 834 2547 aratior
845 2521 904 2546 illo?

366 2530 380 2546 ιι
392 2528 508 2546 sermone
515 2525 588 2570 pater
600 2523 657 2557 quis
666 2522 729 2546 natis
742 2523 834 2557 gratior
845 2521 904 2546 illo?

366 2554 396 2570 ἰιὶ
409 2553 486 2570 [Ini-nc
498 2559 512 2570 ρ
523 2559 673 2570 mulumnma
686 2557 708 2570 nl
721 2552 831 2570 famnithn
845 2553 904 2570 Iuvit

354 2553 398 2579 Cui
409 2553 487 2578 decus
498 2552 673 2584 eloquiimagis
686 2557 711 2578 et
721 2552 833 2577 facundia
845 2553 917 2578 luxit.

261 2607 325 2645 [uel]
341 2606 448 2635 Flavius
464 2605 579 2633 Blondus
593 2605 656 2632 ital.
669 2605 805 2632 Illustrata
812 2613 867 2641 reg.
884 2605 911 2637 9,
923 2613 984 2641 pag.
994 2605 1060 2639 576,

545 2652 607 2680 edit.
623 2650 788 2680 Basileensis.

296 2711 463 2745 Zeno,sicut
478 2709 637 2745 religionem
663 2708 843 2736 Christianam
861 2729 868 2740 ,
893 2713 920 2736 et
933 2709 1062 2744 snamip-

259 2762 316 2789 sius
329 2760 407 2788 decet
421 2757 603 2789 sanetitatem,
616 2755 718 2791 primus
731 2755 794 2789 erit,
806 2755 851 2791 qui
863 2755 978 2784 Veronae
991 2763 1062 2792 prae-

260 2807 301 2835 sul
320 2805 435 2834 celebris
460 2802 645 2832 sanetinmnia:
668 2801 753 2829 multa
780 2800 889 2836 scripsit
906 2802 1037 2830 exstantia
1050 2822 1059 2835 ,

261 2860 352 2880 sacras
365 2851 503 2885 utriusque
527 2847 693 2876 Testamenti
710 2847 816 2875 litteras
833 2846 997 2874 declarantia
1011 2868 1019 2881 ,
1036 2853 1064 2875 et

262 2897 479 2929 Ambrosianum,
492 2902 570 2931 quam
584 2893 705 2922 imitatus
719 2896 771 2927 est,
790 2893 971 2923 eloquentiam
983 2893 1063 2921 mdo-

260 2944 353 2973 lentia.

1070 939 1094 969 Β

1139 286 1246 313 Verona:
1260 293 1328 312 αιιιιο
1347 284 1417 312 1482
1429 307 1435 317 ,
1450 283 1594 320 conscripto
1613 292 1642 311 ac
1664 284 1728 311 edito
1745 292 1759 310 a
1777 283 1877 318 Baptista

1136 331 1238 359 Peretto
1257 332 1284 359 in
1304 331 1417 360 Stholiis
1438 330 1538 358 Latinis
1558 330 1592 356 ad
1622 329 1707 357 Vitam
1731 330 1759 358 S.
1785 329 1879 357 Zenonis

1135 386 1194 415 pag.
1206 378 1252 406 60.

1162 434 1229 460 Zeno
1241 441 1323 465 sacer,
1339 435 1474 466 patriaeque
1485 434 1570 466 Pater,
1586 438 1625 459 tua
1635 441 1701 459 musa
1713 439 1803 460 tuorum

1193 467 1342 491 Semnonum
1353 466 1431 491 codex
1443 471 1533 499 quanta
1542 467 1616 492 docet
1632 466 1713 492 fuerit.

1102 519 1253 555 Ouupltrius
1270 518 1412 547 Patavinis“
1441 519 1628 554 Antiquitalum
1655 519 1826 547 Veronensium
1843 520 1880 547 lib.

1428 574 1453 593 tv
1462 587 1468 598 ,
1481 574 1540 601 cap.
1555 566 1582 594 6.

1138 626 1185 653 Vir
1201 625 1250 653 fuit
1263 630 1290 654 et
1305 626 1332 653 iu
1345 626 1425 654 rebus
1444 625 1571 661 gerendis
1581 624 1726 653 vehemens
1742 624 1815 652 valde
1830 645 1836 657 ,
1856 628 1880 652 et

1103 673 1204 702 divinis
1214 673 1363 709 Scripturis
1378 673 1546 708 explicandis
1560 673 1701 708 eloquens,
1711 673 1803 707 quique
1811 680 1885 707 quaut-

1103 720 1149 748 diu
1165 719 1285 754 poatii'ex
1296 720 1373 753 vixit,
1383 719 1411 746 in
1427 727 1487 746 eam
1501 718 1609 746 assidue
1623 726 1716 746 euram
1732 718 1850 750 incubuit,
1861 722 1883 745 nt

1103 766 1202 793 civium
1219 766 1324 792 animos
1347 765 1379 792 ad
1397 765 1613 801 amplectendam
1628 772 1718 792 veram
1734 764 1824 791 Christi
1840 765 1885 798 pic-

1106 817 1199 845 tatem,
1208 813 1415 839 simulacrorum
1423 812 1496 839 cultu
1507 812 1619 847 rejecto,
1626 811 1886 839 converteretinllam-

1106 863 1332 894 maretqne.......
1347 860 1493 887 Sermones
1509 859 1594 887 edidit
1604 859 1754 887 luculentos
1767 866 1796 886 ac
1806 865 1886 893 magna

1107 906 1233 934 doctrina
1245 906 1370 935 refertos.

1337 964 1411 992 Idem
1426 965 1471 992 lib.
1488 972 1523 997 vr,
1541 973 1601 1000 pag.
1618 963 1682 1006 1.52.

1147 1022 1195 1050 llic
1208 1029 1268 1049 cum
1285 1021 1384 1056 pietate
1396 1042 1403 1054 ,
1432 1021 1484 1049 lide
1500 1043 1507 1054 ,
1535 1026 1560 1048 et
1577 1020 1709 1056 religione
1727 1019 1888 1051 clarissimus,

1110 1074 1165 1097 tum
1193 1069 1334 1103 multiplici
1357 1068 1481 1096 doctrina
1503 1068 1704 1096 illustrissimus
1727 1067 1825 1095 habitus
1847 1070 1889 1093 est.

1109 1116 1191 1144 Multa
1206 1116 1278 1144 enim
1291 1116 1400 1150 scripsit
1413 1115 1568 1143 Christiano
1583 1114 1704 1142 antistite
1718 1114 1794 1149 digna
1808 1134 1814 1145 ,
1836 1119 1890 1148 quo-

1110 1170 1169 1190 rum
1187 1162 1244 1189 haec
1259 1161 1293 1189 ad
1304 1166 1423 1189 nostram
1437 1168 1586 1196 pervenere
1608 1160 1744 1193 notitiam,
1758 1160 1789 1187 de
1802 1159 1891 1186 Patien—

1112 1210 1158 1243 tia,
1173 1208 1314 1242 PudicitiaI
1325 1208 1401 1240 Fide,
1413 1208 1477 1243 Spe,
1490 1213 1514 1235 et
1524 1207 1665 1235 Charitate
1677 1207 1760 1234 libros
1771 1213 1809 1239 ιιι,
1821 1210 1842 1232 et
1852 1212 1891 1232 te.

1111 1260 1178 1288 tera,
1191 1255 1229 1281 uti
1241 1255 1294 1291 fere
1306 1255 1377 1290 apud
1387 1255 1514 1282 Joannem
1539 1253 1723 1286 Veronensem,
1735 1254 1805 1289 cujus
1819 1251 1892 1278 Histo-

1111 1302 1152 1329 ria
1171 1303 1349 1336 ntanuscripta
1360 1310 1421 1329 usus
1434 1306 1480 1328 est.

1184 1358 1293 1387 [suam
1314 1359 1479 1386 Casaubonus
1493 1358 1519 1386 in
1540 1358 1712 1393 Spartianiun
1723 1367 1781 1394 pag.
1794 1356 1834 1385 δι.

1147 1418 1220 1446 Zeno
1232 1417 1398 1446 Veronensis
1411 1418 1519 1445 Patrum
1536 1417 1693 1445 Latinorum
1705 1438 1713 1451 ,
1728 1423 1787 1445 meo
1799 1414 1891 1451 judicio,

1112 1465 1343 1502 elegantissimus.

1292 1521 1367 1548 Idem
1381 1520 1521 1549 Exercitut.
1537 1521 1569 1549 l6
1580 1542 1586 1554 ,
1604 1529 1678 1548 num.
1692 1520 1738 1548 43.

1149 1582 1224 1609 Zeno
1236 1580 1402 1608 Veronensis
1420 1580 1537 1615 scriptor
1551 1581 1755 1608 vetustissimus
1766 1583 1790 1606 et
1802 1577 1893 1612 elegan-

1075 1639 1098 1670 ρ
1116 1628 1247 1655 tissimus.

1148 1683 1251 1721 (iaspar
1263 1682 1386 1711 Barthius
1398 1682 1611 1710 Adversariorum
1627 1682 1672 1710 lib.
1690 1690 1753 1717 xui,
1767 1689 1819 1715 cap.
1833 1679 1870 1707 l5.

1151 1741 1226 1769 Zeno
1241 1740 1392 1769 eruditione
1403 1744 1430 1767 et
1445 1739 1544 1774 pietate
1568 1738 1744 1766 admirandus
1764 1738 1880 1772 Scriptor.

1329 1797 1405 1825 Idem
1420 1797 1464 1824 lib.
1483 1804 1566 1830 xuu,
1579 1804 1638 1831 cap.
1656 1796 1700 1824 lt).

1150 1858 1216 1885 Cum
1236 1856 1358 1884 Zenonis
1392 1854 1588 1882 Veronensium
1621 1853 1758 1887 quondam
1787 1848 1896 1878 antistitis

1114 1910 1256 1931 sermones
1268 1903 1339 1938 lego,
1350 1901 1533 1928 Christianum
1551 1899 1695 1934 quemdam
1708 1896 1856 1933 Appuleium
1867 1894 1897 1921 le-

1114 1958 1179 1986 gere
1193 1949 1258 1977 mihi
1270 1949 1382 1977 videor:
1399 1947 1467 1975 adeo
1482 1946 1605 1975 eruditus
1627 1951 1707 1974 estet
1722 1946 1817 1973 densus
1835 1944 1856 1970 in
1868 1940 1897 1968 si-

1114 1995 1275 2031 gniﬁcandis
1297 2003 1346 2031 per
1366 2001 1450 2030 pauca
1473 1993 1565 2022 inultis
1581 1992 1604 2020 is
1628 1992 1808 2021 nobilissimus
1827 1989 1897 2022 serip-

1116 2049 1169 2072 tor.

1153 2089 1322 2117 Dortissiinus
1339 2088 1443 2116 Priami
1456 2087 1556 2115 dicitur
1577 2086 1612 2115 ab
1632 2085 1728 2114 eodem
1742 2082 1845 2112 Barthio
1859 2079 1896 2107 lib.

1116 2145 1182 2170 xui,
1197 2144 1256 2172 cap.
1278 2135 1311 2168 5;
1338 2135 1451 2162 Antistes
1462 2134 1668 2169 elegantissimus
1682 2133 1728 2160 lib.
1755 2138 1825 2163 xui,
1848 2133 1897 2160 cap-

1117 2184 1165 2216 18;
1182 2183 1301 2217 Scriptor
1316 2181 1481 2209 doctissimus
1497 2181 1543 2208 lib.
1559 2188 1612 2208 χιιι
1630 2202 1637 2213 ,
1668 2187 1728 2214 cap.
1746 2178 1797 2210 15;
1818 2180 1842 2202 et
1860 2173 1897 2201 lib.

1116 2237 1202 2261 XLVI,
1228 2236 1287 2263 cap.
1325 2228 1364 2261 7;
1392 2227 1562 2255 Acutissimus
1588 2226 1622 2254 ad
1652 2234 1671 2254 ιι
1698 2225 1782 2253 Theb.
1812 2217 1899 2256 Ρίψῐιιίί

1119 2282 1177 2302 ver.
1194 2274 1259 2302 25L

1079 2335 1106 2365 Ι)
1119 2330 1194 2367 [ccn]
1215 2332 1346 2367 Angustus
1369 2329 1521 2358 Bue/merus
1546 2329 1726 2357 dissertatione
1745 2331 1898 2355 ccetxutx,

1447 2377 1497 2414 pag
1526 2377 1589 2405 528.

1154 2435 1199 2462 Est
1211 2435 1319 2470 quidem
1329 2435 1446 2463 Zenonis
1457 2435 1538 2462 dictio
1546 2434 1663 2467 erudita,
1676 2432 1783 2464 ﬂorida,
1791 2431 1898 2465 elegans:

1120 2489 1181 2508 nam
1197 2487 1224 2508 et
1243 2481 1530 2516 prmstantissimornm
1555 2485 1696 2508 auctorum
1712 2480 1847 2508 lectionem
1866 2481 1900 2502 re-

1115 2527 1204 2561 dolet,
1220 2535 1251 2554 ae
1264 2527 1367 2563 Virgilii
1383 2536 1443 2556 cum
1459 2528 1570 2563 primis.
1584 2532 1612 2555 et
1627 2535 1679 2555 non
1694 2527 1752 2554 sine
1761 2532 1824 2554 cura
1837 2522 1900 2550 colo-

1120 2573 1196 2601 ribus
1210 2573 1292 2601 variis
1314 2573 1384 2609 picta
1400 2580 1427 2601 et
1452 2573 1638 2606 interstincta,
1656 2578 1785 2608 prmterea
1799 2567 1902 2606 propriis

1119 2626 1147 2648 et
1162 2621 1240 2648 valde
1261 2621 1475 2657 signiﬁcantibus
1498 2620 1637 2648 voeabulis
1658 2624 1774 2651 constat,
1788 2618 1901 2653 pluraque

1115 2669 1268 2704 ingeniose,
1285 2673 1365 2704 atque
1378 2674 1457 2697 acute
1472 2668 1543 2696 dicta
1559 2668 1640 2696 habet
1652 2667 1709 2701 sic,
1726 2671 1754 2695 ut
1764 2664 1828 2694 nihil
1842 2660 1902 2697 capi-

1116 2714 1200 2742 talius
1214 2714 1266 2742 dici
1288 2722 1367 2750 posse
1380 2714 1513 2742 videatur.
1536 2714 1570 2741 Et
1585 2723 1644 2750 pag.
1660 2713 1732 2741 529v.
1746 2712 1827 2740 Nemo
1845 2715 1901 2743 ope-

1115 2768 1176 2788 ram
1190 2760 1294 2795 luserit,
1311 2762 1357 2796 qui
1371 2761 1429 2796 ejus
1442 2768 1584 2789 sermones
1605 2759 1801 2788 eruditissimos
1815 2755 1902 2792 pariter

1117 2814 1153 2835 ac
1180 2807 1364 2835 sanctissimos
1401 2807 1489 2842 legere
1505 2806 1625 2835 animum
1658 2805 1776 2833 inducat.
1813 2802 1902 2830 Prmtet‘

1118 2860 1201 2887 quam
1215 2854 1286 2881 enim
1296 2853 1367 2888 quod
1382 2854 1480 2888 paSsim
1494 2852 1635 2888 praeclaris
1647 2859 1679 2880 ac
1688 2845 1903 2893 prmtantissimis
1918 2866 1937 2893 ν.

1120 2899 1263 2927 sententiis
1273 2904 1304 2927 et
1317 2900 1350 2927 ad
1362 2900 1524 2935 religionem
1539 2900 1675 2927 instruant
1698 2898 1802 2925 animos
1813 2915 1820 2927 ,
1839 2897 1863 2921 et
1874 2889 1903 2918 ad

1119 2951 1211 2974 veram
1229 2946 1355 2981 pietatem
1375 2946 1493 2975 invitent
1512 2953 1544 2975 ac
1559 2945 1674 2979 ducant;
1692 2945 1766 2980 plura
1785 2945 1855 2971 certe
1873 2936 1904 2966 ibi
