  <div class='ocr_page' id='page_1' title='image "/cluster/home/n/w/nwhite01/storage/ocr_20150623/11/hvd.32044015471287/125.png"; bbox 0 0 3894 6322; ppageno 0'>
   <div class='ocr_carea' id='block_1_1' title="bbox 498 281 3718 354">
    <p class='ocr_par' dir='ltr' id='par_1_1' title="bbox 498 281 3718 354">
     <span class='ocr_line' id='line_1_1' title="bbox 498 281 3718 354; baseline 0.001 -19"><span class='ocrx_word' id='word_1_1' title='bbox 498 282 612 339; x_wconf 73' lang='lat'><strong>259</strong></span> <span class='ocrx_word' id='word_1_2' title='bbox 1853 281 2391 342; x_wconf 80' lang='lat' dir='ltr'><strong>PROLEGOMENA.</strong></span> <span class='ocrx_word' id='word_1_3' title='bbox 3649 294 3718 354; x_wconf 61' lang='lat' dir='ltr'><strong>an</strong></span> 
     </span>
    </p>
   </div>
   <div class='ocr_carea' id='block_1_2' title="bbox 501 392 3719 480">
    <p class='ocr_par' dir='ltr' id='par_1_2' title="bbox 501 392 3719 480">
     <span class='ocr_line' id='line_1_2' title="bbox 501 392 3719 480; baseline 0.002 -28"><span class='ocrx_word' id='word_1_4' title='bbox 501 397 689 452; x_wconf 90' lang='lat' dir='ltr'><strong>nuerit</strong></span> <span class='ocrx_word' id='word_1_5' title='bbox 727 409 827 451; x_wconf 90' lang='lat' dir='ltr'><strong>:ac</strong></span> <span class='ocrx_word' id='word_1_6' title='bbox 856 393 1081 466; x_wconf 81' lang='lat' dir='ltr'><strong>proinde</strong></span> <span class='ocrx_word' id='word_1_7' title='bbox 1111 394 1199 450; x_wconf 86' lang='lat' dir='ltr'><strong>isti</strong></span> <span class='ocrx_word' id='word_1_8' title='bbox 1239 401 1443 450; x_wconf 75' lang='lat' dir='ltr'><strong>sancta:</strong></span> <span class='ocrx_word' id='word_1_9' title='bbox 1470 392 1599 451; x_wconf 91' lang='lat' dir='ltr'><strong>Sedi</strong></span> <span class='ocrx_word' id='word_1_10' title='bbox 1628 394 1957 465; x_wconf 74' lang='lat' dir='ltr'><strong>Apostolica:</strong></span> <span class='ocrx_word' id='word_1_11' title='bbox 1993 395 2102 451; x_wconf 84' lang='lat' dir='ltr'><strong>Ro-</strong></span> <span class='ocrx_word' id='word_1_12' title='bbox 2128 400 2174 461; x_wconf 84' lang='grc' dir='ltr'><strong>Α</strong></span> <span class='ocrx_word' id='word_1_13' title='bbox 2207 400 2503 471; x_wconf 85' lang='lat' dir='ltr'><strong>principem</strong></span> <span class='ocrx_word' id='word_1_14' title='bbox 2525 402 2927 475; x_wconf 86' lang='lat' dir='ltr'><strong>episcoporum,</strong></span> <span class='ocrx_word' id='word_1_15' title='bbox 2967 403 3240 460; x_wconf 70' lang='lat' dir='ltr'><strong>haeredem</strong></span> <span class='ocrx_word' id='word_1_16' title='bbox 3272 404 3634 475; x_wconf 77' lang='lat' dir='ltr'><strong>apostolorum,</strong></span> <span class='ocrx_word' id='word_1_17' title='bbox 3657 426 3719 480; x_wconf 75' lang='lat' dir='ltr'><strong>po-</strong></span> 
     </span>
    </p>
   </div>
   <div class='ocr_carea' id='block_1_3' title="bbox 503 483 3721 565">
    <p class='ocr_par' dir='ltr' id='par_1_3' title="bbox 503 483 3721 565">
     <span class='ocr_line' id='line_1_3' title="bbox 503 483 3721 565; baseline 0.003 -23"><span class='ocrx_word' id='word_1_18' title='bbox 503 499 682 542; x_wconf 75' lang='lat' dir='ltr'><strong>manm</strong></span> <span class='ocrx_word' id='word_1_19' title='bbox 749 501 880 549; x_wconf 60' lang='lat' dir='ltr'><strong>sua},</strong></span> <span class='ocrx_word' id='word_1_20' title='bbox 951 485 1298 555; x_wconf 89' lang='lat' dir='ltr'><strong>omniumque</strong></span> <span class='ocrx_word' id='word_1_21' title='bbox 1360 483 1599 540; x_wconf 83' lang='lat' dir='ltr'><strong>ﬁdelium</strong></span> <span class='ocrx_word' id='word_1_22' title='bbox 1661 485 2095 543; x_wconf 72' lang='lat' dir='ltr'><strong>Chrisﬁanorutn</strong></span> <span class='ocrx_word' id='word_1_23' title='bbox 2205 501 2397 548; x_wconf 88' lang='lat' dir='ltr'><strong>testate</strong></span> <span class='ocrx_word' id='word_1_24' title='bbox 2429 492 2669 561; x_wconf 81' lang='lat' dir='ltr'><strong>Petrum,</strong></span> <span class='ocrx_word' id='word_1_25' title='bbox 2704 497 2960 551; x_wconf 86' lang='lat' dir='ltr'><strong>unctione</strong></span> <span class='ocrx_word' id='word_1_26' title='bbox 3008 494 3282 551; x_wconf 85' lang='lat' dir='ltr'><strong>Christum</strong></span> <span class='ocrx_word' id='word_1_27' title='bbox 3334 497 3417 565; x_wconf 91' lang='lat' dir='ltr'><strong>(ut</strong></span> <span class='ocrx_word' id='word_1_28' title='bbox 3446 497 3602 554; x_wconf 87' lang='lat' dir='ltr'><strong>Sancti</strong></span> <span class='ocrx_word' id='word_1_29' title='bbox 3633 500 3721 556; x_wconf 82' lang='lat' dir='ltr'><strong>Ber-</strong></span> 
     </span>
    </p>
   </div>
   <div class='ocr_carea' id='block_1_4' title="bbox 505 570 3721 659">
    <p class='ocr_par' dir='ltr' id='par_1_4' title="bbox 505 570 3721 659">
     <span class='ocr_line' id='line_1_4' title="bbox 505 570 3721 659; baseline 0.003 -25"><span class='ocrx_word' id='word_1_30' title='bbox 505 580 686 646; x_wconf 88' lang='lat' dir='ltr'><strong>matri,</strong></span> <span class='ocrx_word' id='word_1_31' title='bbox 719 578 857 633; x_wconf 87' lang='lat' dir='ltr'><strong>unde</strong></span> <span class='ocrx_word' id='word_1_32' title='bbox 890 593 1076 632; x_wconf 88' lang='lat' dir='ltr'><strong>norma</strong></span> <span class='ocrx_word' id='word_1_33' title='bbox 1105 587 1253 634; x_wconf 90' lang='lat' dir='ltr'><strong>recte</strong></span> <span class='ocrx_word' id='word_1_34' title='bbox 1281 577 1559 644; x_wconf 83' lang='lat' dir='ltr'><strong>credendi,</strong></span> <span class='ocrx_word' id='word_1_35' title='bbox 1592 588 1844 650; x_wconf 90' lang='lat' dir='ltr'><strong>recteque</strong></span> <span class='ocrx_word' id='word_1_36' title='bbox 1882 581 2097 635; x_wconf 91' lang='lat' dir='ltr'><strong>vivendi</strong></span> <span class='ocrx_word' id='word_1_37' title='bbox 2204 583 2355 639; x_wconf 82' lang='lat' dir='ltr'><strong>nardi</strong></span> <span class='ocrx_word' id='word_1_38' title='bbox 2407 585 2585 642; x_wconf 86' lang='lat' dir='ltr'><strong>verbis</strong></span> <span class='ocrx_word' id='word_1_39' title='bbox 2637 585 2901 659; x_wconf 90' lang='lat' dir='ltr'><strong>utamur)</strong></span> <span class='ocrx_word' id='word_1_40' title='bbox 2947 601 3161 642; x_wconf 87' lang='lat' dir='ltr'><strong>sacrum</strong></span> <span class='ocrx_word' id='word_1_41' title='bbox 3188 570 3563 644; x_wconf 40' lang='lat' dir='ltr'><strong>&#39;Cardinalium</strong></span> <span class='ocrx_word' id='word_1_42' title='bbox 3604 589 3721 647; x_wconf 68' lang='lat' dir='ltr'><strong>Colle</strong></span> 
     </span>
    </p>
   </div>
   <div class='ocr_carea' id='block_1_5' title="bbox 502 670 3723 753">
    <p class='ocr_par' dir='ltr' id='par_1_5' title="bbox 502 670 3723 753">
     <span class='ocr_line' id='line_1_5' title="bbox 502 670 3723 753; baseline 0.003 -25"><span class='ocrx_word' id='word_1_43' title='bbox 502 671 734 744; x_wconf 88' lang='lat' dir='ltr'><strong>petenda</strong></span> <span class='ocrx_word' id='word_1_44' title='bbox 761 680 864 737; x_wconf 90' lang='lat' dir='ltr'><strong>est,</strong></span> <span class='ocrx_word' id='word_1_45' title='bbox 897 686 1108 726; x_wconf 87' lang='lat' dir='ltr'><strong>summa</strong></span> <span class='ocrx_word' id='word_1_46' title='bbox 1140 685 1263 726; x_wconf 91' lang='lat' dir='ltr'><strong>cum</strong></span> <span class='ocrx_word' id='word_1_47' title='bbox 1286 670 1636 727; x_wconf 87' lang='lat' dir='ltr'><strong>veneratione</strong></span> <span class='ocrx_word' id='word_1_48' title='bbox 1662 672 1923 742; x_wconf 88' lang='lat' dir='ltr'><strong>paruerit.</strong></span> <span class='ocrx_word' id='word_1_49' title='bbox 1952 673 2100 728; x_wconf 89' lang='lat' dir='ltr'><strong>Inter</strong></span> <span class='ocrx_word' id='word_1_50' title='bbox 2202 677 2370 746; x_wconf 88' lang='lat' dir='ltr'><strong>gium,</strong></span> <span class='ocrx_word' id='word_1_51' title='bbox 2402 686 2458 732; x_wconf 92' lang='lat' dir='ltr'><strong>et</strong></span> <span class='ocrx_word' id='word_1_52' title='bbox 2488 678 2736 735; x_wconf 81' lang='lat' dir='ltr'><strong>universa</strong></span> <span class='ocrx_word' id='word_1_53' title='bbox 2768 680 3072 735; x_wconf 83' lang='lat' dir='ltr'><strong>Christiana</strong></span> <span class='ocrx_word' id='word_1_54' title='bbox 3116 682 3422 751; x_wconf 78' lang='lat' dir='ltr'><strong>respublica</strong></span> <span class='ocrx_word' id='word_1_55' title='bbox 3450 684 3657 753; x_wconf 86' lang='lat' dir='ltr'><strong>agnoscit</strong></span> <span class='ocrx_word' id='word_1_56' title='bbox 3688 696 3723 741; x_wconf 81' lang='lat' dir='ltr'><strong>et</strong></span> 
     </span>
    </p>
   </div>
   <div class='ocr_carea' id='block_1_6' title="bbox 502 764 3724 846">
    <p class='ocr_par' dir='ltr' id='par_1_6' title="bbox 502 764 3724 846">
     <span class='ocr_line' id='line_1_6' title="bbox 502 764 3724 846; baseline 0.003 -22"><span class='ocrx_word' id='word_1_57' title='bbox 502 768 603 824; x_wconf 89' lang='lat' dir='ltr'><strong>hos</strong></span> <span class='ocrx_word' id='word_1_58' title='bbox 632 767 915 837; x_wconf 87' lang='lat' dir='ltr'><strong>episcopos</strong></span> <span class='ocrx_word' id='word_1_59' title='bbox 944 766 1003 821; x_wconf 85' lang='grc' dir='ltr'><strong>Β.</strong></span> <span class='ocrx_word' id='word_1_60' title='bbox 1039 764 1189 821; x_wconf 89' lang='lat' dir='ltr'><strong>Zeno</strong></span> <span class='ocrx_word' id='word_1_61' title='bbox 1215 775 1424 838; x_wconf 82' lang='lat' dir='ltr'><strong>martyr</strong></span> <span class='ocrx_word' id='word_1_62' title='bbox 1468 766 1661 823; x_wconf 88' lang='lat' dir='ltr'><strong>ordine</strong></span> <span class='ocrx_word' id='word_1_63' title='bbox 1701 776 1925 824; x_wconf 81' lang='lat' dir='ltr'><strong>octavus</strong></span> <span class='ocrx_word' id='word_1_64' title='bbox 1972 778 2097 824; x_wconf 88' lang='lat' dir='ltr'><strong>est:</strong></span> <span class='ocrx_word' id='word_1_65' title='bbox 2203 780 2517 837; x_wconf 89' lang='lat' dir='ltr'><strong>veneratur,</strong></span> <span class='ocrx_word' id='word_1_66' title='bbox 2592 782 2650 829; x_wconf 90' lang='lat' dir='ltr'><strong>et</strong></span> <span class='ocrx_word' id='word_1_67' title='bbox 2709 773 3044 846; x_wconf 78' lang='lat' dir='ltr'><strong>Augustinus</strong></span> <span class='ocrx_word' id='word_1_68' title='bbox 3100 775 3408 832; x_wconf 89' lang='lat' dir='ltr'><strong>Cardinalis</strong></span> <span class='ocrx_word' id='word_1_69' title='bbox 3452 776 3648 834; x_wconf 73' lang='lat' dir='ltr'><strong>Verona:</strong></span> <span class='ocrx_word' id='word_1_70' title='bbox 3681 779 3724 834; x_wconf 77' lang='lat' dir='ltr'><strong>ad</strong></span> 
     </span>
    </p>
   </div>
   <div class='ocr_carea' id='block_1_7' title="bbox 502 860 3727 941">
    <p class='ocr_par' dir='ltr' id='par_1_7' title="bbox 502 860 3727 941">
     <span class='ocr_line' id='line_1_7' title="bbox 502 860 3727 941; baseline 0.004 -24"><span class='ocrx_word' id='word_1_71' title='bbox 502 862 593 935; x_wconf 88' lang='lat' dir='ltr'><strong>qui</strong></span> <span class='ocrx_word' id='word_1_72' title='bbox 634 861 723 917; x_wconf 75' lang='lat' dir='ltr'><strong>vix</strong></span> <span class='ocrx_word' id='word_1_73' title='bbox 768 861 896 916; x_wconf 90' lang='lat' dir='ltr'><strong>dum</strong></span> <span class='ocrx_word' id='word_1_74' title='bbox 952 862 1211 933; x_wconf 82' lang='lat' dir='ltr'><strong>migrarat</strong></span> <span class='ocrx_word' id='word_1_75' title='bbox 1255 862 1308 916; x_wconf 91' lang='lat' dir='ltr'><strong>in</strong></span> <span class='ocrx_word' id='word_1_76' title='bbox 1350 860 1573 927; x_wconf 79' lang='lat' dir='ltr'><strong>ctelum,</strong></span> <span class='ocrx_word' id='word_1_77' title='bbox 1613 877 1734 917; x_wconf 92' lang='lat' dir='ltr'><strong>cum</strong></span> <span class='ocrx_word' id='word_1_78' title='bbox 1766 877 1888 918; x_wconf 90' lang='lat' dir='ltr'><strong>eum</strong></span> <span class='ocrx_word' id='word_1_79' title='bbox 1912 862 2103 919; x_wconf 80' lang='lat' dir='ltr'><strong>civitas</strong></span> <span class='ocrx_word' id='word_1_80' title='bbox 2207 861 2417 918; x_wconf 80' lang='lat' dir='ltr'><strong>Sixtum</strong></span> <span class='ocrx_word' id='word_1_81' title='bbox 2449 863 2490 918; x_wconf 95' lang='lat' dir='ltr'><strong>V</strong></span> <span class='ocrx_word' id='word_1_82' title='bbox 2515 880 2673 935; x_wconf 87' lang='lat' dir='ltr'><strong>quem</strong></span> <span class='ocrx_word' id='word_1_83' title='bbox 2697 881 2905 922; x_wconf 84' lang='lat' dir='ltr'><strong>summa</strong></span> <span class='ocrx_word' id='word_1_84' title='bbox 2929 869 3281 925; x_wconf 87' lang='lat' dir='ltr'><strong>veneratione</strong></span> <span class='ocrx_word' id='word_1_85' title='bbox 3299 872 3637 941; x_wconf 76' lang='lat' dir='ltr'><strong>prosequitur.</strong></span> <span class='ocrx_word' id='word_1_86' title='bbox 3659 885 3727 929; x_wconf 81' lang='lat' dir='ltr'><strong>eu</strong></span> 
     </span>
    </p>
   </div>
   <div class='ocr_carea' id='block_1_8' title="bbox 500 955 3729 1034">
    <p class='ocr_par' dir='ltr' id='par_1_8' title="bbox 500 955 3729 1034">
     <span class='ocr_line' id='line_1_8' title="bbox 500 955 3729 1034; baseline 0.003 -24"><span class='ocrx_word' id='word_1_87' title='bbox 500 955 833 1012; x_wconf 77' lang='lat' dir='ltr'><strong>Veronensis</strong></span> <span class='ocrx_word' id='word_1_88' title='bbox 874 955 975 1010; x_wconf 90' lang='lat' dir='ltr'><strong>sibi</strong></span> <span class='ocrx_word' id='word_1_89' title='bbox 1028 964 1316 1025; x_wconf 87' lang='lat' dir='ltr'><strong>patronum</strong></span> <span class='ocrx_word' id='word_1_90' title='bbox 1342 955 1596 1024; x_wconf 86' lang='lat' dir='ltr'><strong>adscivit,</strong></span> <span class='ocrx_word' id='word_1_91' title='bbox 1622 966 1678 1013; x_wconf 91' lang='lat' dir='ltr'><strong>et</strong></span> <span class='ocrx_word' id='word_1_92' title='bbox 1704 966 1759 1011; x_wconf 91' lang='lat' dir='ltr'><strong>ut</strong></span> <span class='ocrx_word' id='word_1_93' title='bbox 1789 958 1949 1013; x_wconf 80' lang='lat' dir='ltr'><strong>talem</strong></span> <span class='ocrx_word' id='word_1_94' title='bbox 1983 974 2106 1029; x_wconf 89' lang='lat' dir='ltr'><strong>per-</strong></span> <span class='ocrx_word' id='word_1_95' title='bbox 2207 971 2315 1025; x_wconf 89' lang='lat' dir='ltr'><strong>quo</strong></span> <span class='ocrx_word' id='word_1_96' title='bbox 2330 956 2512 1013; x_wconf 90' lang='lat' dir='ltr'><strong>multis</strong></span> <span class='ocrx_word' id='word_1_97' title='bbox 2540 959 2835 1016; x_wconf 82' lang='lat' dir='ltr'><strong>honoribus</strong></span> <span class='ocrx_word' id='word_1_98' title='bbox 2858 969 2913 1017; x_wconf 91' lang='lat' dir='ltr'><strong>et</strong></span> <span class='ocrx_word' id='word_1_99' title='bbox 2936 962 3439 1031; x_wconf 81' lang='lat' dir='ltr'><strong>tnaguisbeneliciis</strong></span> <span class='ocrx_word' id='word_1_100' title='bbox 3453 975 3527 1019; x_wconf 80' lang='lat' dir='ltr'><strong>est</strong></span> <span class='ocrx_word' id='word_1_101' title='bbox 3545 966 3729 1034; x_wconf 67' lang='lat' dir='ltr'><strong>allectus,</strong></span> 
     </span>
    </p>
   </div>
   <div class='ocr_carea' id='block_1_9' title="bbox 500 1048 3733 1131">
    <p class='ocr_par' dir='ltr' id='par_1_9' title="bbox 500 1048 3733 1131">
     <span class='ocr_line' id='line_1_9' title="bbox 500 1048 3733 1131; baseline 0.003 -25"><span class='ocrx_word' id='word_1_102' title='bbox 500 1056 669 1121; x_wconf 86' lang='lat' dir='ltr'><strong>petno</strong></span> <span class='ocrx_word' id='word_1_103' title='bbox 714 1048 905 1113; x_wconf 91' lang='lat' dir='ltr'><strong>coluit,</strong></span> <span class='ocrx_word' id='word_1_104' title='bbox 954 1048 1098 1118; x_wconf 89' lang='lat' dir='ltr'><strong>quod</strong></span> <span class='ocrx_word' id='word_1_105' title='bbox 1144 1048 1262 1119; x_wconf 85' lang='lat' dir='ltr'><strong>ejus</strong></span> <span class='ocrx_word' id='word_1_106' title='bbox 1312 1048 1670 1120; x_wconf 91' lang='lat' dir='ltr'><strong>patrocinium</strong></span> <span class='ocrx_word' id='word_1_107' title='bbox 1717 1051 2017 1121; x_wconf 64' lang='lat' dir='ltr'><strong>saepissime</strong></span> <span class='ocrx_word' id='word_1_108' title='bbox 2050 1051 2103 1107; x_wconf 93' lang='lat' dir='ltr'><strong>in</strong></span> <span class='ocrx_word' id='word_1_109' title='bbox 2208 1065 2269 1106; x_wconf 90' lang='lat' dir='ltr'><strong>ea</strong></span> <span class='ocrx_word' id='word_1_110' title='bbox 2293 1051 2507 1107; x_wconf 88' lang='lat' dir='ltr'><strong>mittere</strong></span> <span class='ocrx_word' id='word_1_111' title='bbox 2530 1051 2735 1109; x_wconf 86' lang='lat' dir='ltr'><strong>debuit.</strong></span> <span class='ocrx_word' id='word_1_112' title='bbox 2759 1053 2877 1110; x_wconf 86' lang='lat' dir='ltr'><strong>Non</strong></span> <span class='ocrx_word' id='word_1_113' title='bbox 2908 1055 3095 1111; x_wconf 92' lang='lat' dir='ltr'><strong>dubito</strong></span> <span class='ocrx_word' id='word_1_114' title='bbox 3142 1058 3274 1129; x_wconf 89' lang='lat' dir='ltr'><strong>quin</strong></span> <span class='ocrx_word' id='word_1_115' title='bbox 3305 1059 3614 1131; x_wconf 82' lang='lat' dir='ltr'><strong>pastoralem</strong></span> <span class='ocrx_word' id='word_1_116' title='bbox 3637 1060 3733 1117; x_wconf 79' lang='lat' dir='ltr'><strong>hunc</strong></span> 
     </span>
    </p>
   </div>
   <div class='ocr_carea' id='block_1_10' title="bbox 503 1142 3735 1218">
    <p class='ocr_par' dir='ltr' id='par_1_10' title="bbox 503 1142 3735 1218">
     <span class='ocr_line' id='line_1_10' title="bbox 503 1142 3735 1218; baseline 0.003 -19"><span class='ocrx_word' id='word_1_117' title='bbox 503 1145 620 1200; x_wconf 86' lang='lat' dir='ltr'><strong>suis</strong></span> <span class='ocrx_word' id='word_1_118' title='bbox 639 1143 1038 1199; x_wconf 77' lang='lat' dir='ltr'><strong>calamitatibus</strong></span> <span class='ocrx_word' id='word_1_119' title='bbox 1068 1151 1290 1213; x_wconf 82' lang='lat' dir='ltr'><strong>experta</strong></span> <span class='ocrx_word' id='word_1_120' title='bbox 1337 1153 1440 1200; x_wconf 89' lang='lat' dir='ltr'><strong>est.</strong></span> <span class='ocrx_word' id='word_1_121' title='bbox 1490 1144 1553 1199; x_wconf 87' lang='lat' dir='ltr'><strong>Et</strong></span> <span class='ocrx_word' id='word_1_122' title='bbox 1581 1145 1791 1214; x_wconf 91' lang='lat' dir='ltr'><strong>piorum</strong></span> <span class='ocrx_word' id='word_1_123' title='bbox 1827 1145 2105 1201; x_wconf 87' lang='lat' dir='ltr'><strong>hominum</strong></span> <span class='ocrx_word' id='word_1_124' title='bbox 2207 1142 2449 1200; x_wconf 86' lang='lat' dir='ltr'><strong>laborem</strong></span> <span class='ocrx_word' id='word_1_125' title='bbox 2477 1160 2677 1212; x_wconf 90' lang='lat' dir='ltr'><strong>meum,</strong></span> <span class='ocrx_word' id='word_1_126' title='bbox 2701 1149 2948 1218; x_wconf 85' lang='lat' dir='ltr'><strong>quamvis</strong></span> <span class='ocrx_word' id='word_1_127' title='bbox 2974 1150 3283 1217; x_wconf 91' lang='lat' dir='ltr'><strong>minimum,</strong></span> <span class='ocrx_word' id='word_1_128' title='bbox 3307 1151 3509 1208; x_wconf 78' lang='lat' dir='ltr'><strong>:estivis</strong></span> <span class='ocrx_word' id='word_1_129' title='bbox 3532 1152 3735 1209; x_wconf 78' lang='lat' dir='ltr'><strong>caloribus</strong></span> 
     </span>
    </p>
   </div>
   <div class='ocr_carea' id='block_1_11' title="bbox 502 1236 3737 1310">
    <p class='ocr_par' dir='ltr' id='par_1_11' title="bbox 502 1236 3737 1310">
     <span class='ocr_line' id='line_1_11' title="bbox 502 1236 3737 1310; baseline 0.002 -15"><span class='ocrx_word' id='word_1_130' title='bbox 502 1238 775 1295; x_wconf 80' lang='lat' dir='ltr'><strong>sententia</strong></span> <span class='ocrx_word' id='word_1_131' title='bbox 822 1251 1040 1308; x_wconf 67' lang='lat' dir='ltr'><strong>mquum</strong></span> <span class='ocrx_word' id='word_1_132' title='bbox 1086 1236 1279 1303; x_wconf 81' lang='lat' dir='ltr'><strong>luerat,</strong></span> <span class='ocrx_word' id='word_1_133' title='bbox 1313 1245 1371 1291; x_wconf 92' lang='lat' dir='ltr'><strong>ut</strong></span> <span class='ocrx_word' id='word_1_134' title='bbox 1398 1250 1520 1291; x_wconf 90' lang='lat' dir='ltr'><strong>eum</strong></span> <span class='ocrx_word' id='word_1_135' title='bbox 1545 1236 1681 1292; x_wconf 82' lang='lat' dir='ltr'><strong>Sixti</strong></span> <span class='ocrx_word' id='word_1_136' title='bbox 1710 1236 1752 1292; x_wconf 90' lang='lat' dir='ltr'><strong>ll</strong></span> <span class='ocrx_word' id='word_1_137' title='bbox 1782 1236 1942 1309; x_wconf 66' lang='lat' dir='ltr'><strong>Papa:</strong></span> <span class='ocrx_word' id='word_1_138' title='bbox 1972 1247 2109 1293; x_wconf 90' lang='lat' dir='ltr'><strong>tem-</strong></span> <span class='ocrx_word' id='word_1_139' title='bbox 2210 1248 2543 1309; x_wconf 86' lang='lat' dir='ltr'><strong>susceptum,</strong></span> <span class='ocrx_word' id='word_1_140' title='bbox 2576 1241 2863 1310; x_wconf 88' lang='lat' dir='ltr'><strong>probatura</strong></span> <span class='ocrx_word' id='word_1_141' title='bbox 2911 1242 2981 1297; x_wconf 90' lang='lat' dir='ltr'><strong>sit</strong></span> <span class='ocrx_word' id='word_1_142' title='bbox 3010 1242 3285 1299; x_wconf 87' lang='lat' dir='ltr'><strong>Sanctitas</strong></span> <span class='ocrx_word' id='word_1_143' title='bbox 3329 1243 3521 1301; x_wconf 78' lang='lat' dir='ltr'><strong>Vestra</strong></span> <span class='ocrx_word' id='word_1_144' title='bbox 3565 1263 3579 1301; x_wconf 90' lang='lat'><strong>:</strong></span> <span class='ocrx_word' id='word_1_145' title='bbox 3620 1257 3664 1301; x_wconf 87' lang='lat' dir='ltr'><strong>et</strong></span> <span class='ocrx_word' id='word_1_146' title='bbox 3694 1263 3737 1303; x_wconf 71' lang='lat' dir='ltr'><strong>ex</strong></span> 
     </span>
    </p>
   </div>
   <div class='ocr_carea' id='block_1_12' title="bbox 504 1329 3737 1414">
    <p class='ocr_par' dir='ltr' id='par_1_12' title="bbox 504 1329 3737 1414">
     <span class='ocr_line' id='line_1_12' title="bbox 504 1329 3737 1414; baseline 0.004 -29"><span class='ocrx_word' id='word_1_147' title='bbox 504 1330 730 1403; x_wconf 84' lang='lat' dir='ltr'><strong>poribus</strong></span> <span class='ocrx_word' id='word_1_148' title='bbox 757 1340 809 1385; x_wconf 92' lang='lat' dir='ltr'><strong>et</strong></span> <span class='ocrx_word' id='word_1_149' title='bbox 834 1330 1055 1391; x_wconf 80' lang='lat' dir='ltr'><strong>vixerit.</strong></span> <span class='ocrx_word' id='word_1_150' title='bbox 1088 1338 1144 1386; x_wconf 94' lang='lat' dir='ltr'><strong>ct</strong></span> <span class='ocrx_word' id='word_1_151' title='bbox 1164 1330 1442 1400; x_wconf 90' lang='lat' dir='ltr'><strong>scripserit</strong></span> <span class='ocrx_word' id='word_1_152' title='bbox 1470 1330 1635 1396; x_wconf 88' lang='lat' dir='ltr'><strong>Zeno,</strong></span> <span class='ocrx_word' id='word_1_153' title='bbox 1665 1340 1721 1385; x_wconf 92' lang='lat' dir='ltr'><strong>et</strong></span> <span class='ocrx_word' id='word_1_154' title='bbox 1759 1329 1877 1400; x_wconf 84' lang='lat' dir='ltr'><strong>ejus</strong></span> <span class='ocrx_word' id='word_1_155' title='bbox 1906 1330 2107 1401; x_wconf 89' lang='lat' dir='ltr'><strong>scripta</strong></span> <span class='ocrx_word' id='word_1_156' title='bbox 2211 1334 2472 1405; x_wconf 81' lang='lat' dir='ltr'><strong>episcopi,</strong></span> <span class='ocrx_word' id='word_1_157' title='bbox 2506 1338 2866 1409; x_wconf 85' lang='lat' dir='ltr'><strong>martyrisque</strong></span> <span class='ocrx_word' id='word_1_158' title='bbox 2906 1341 3123 1413; x_wconf 88' lang='lat' dir='ltr'><strong>scriptis</strong></span> <span class='ocrx_word' id='word_1_159' title='bbox 3169 1357 3423 1414; x_wconf 87' lang='lat' dir='ltr'><strong>magnam</strong></span> <span class='ocrx_word' id='word_1_160' title='bbox 3473 1345 3539 1399; x_wconf 91' lang='lat' dir='ltr'><strong>sit</strong></span> <span class='ocrx_word' id='word_1_161' title='bbox 3576 1356 3737 1413; x_wconf 78' lang='lat' dir='ltr'><strong>captura</strong></span> 
     </span>
    </p>
   </div>
   <div class='ocr_carea' id='block_1_13' title="bbox 505 1422 3740 1498">
    <p class='ocr_par' dir='ltr' id='par_1_13' title="bbox 505 1422 3740 1498">
     <span class='ocr_line' id='line_1_13' title="bbox 505 1422 3740 1498; baseline 0.005 -21"><span class='ocrx_word' id='word_1_162' title='bbox 505 1438 649 1493; x_wconf 89' lang='lat' dir='ltr'><strong>pene</strong></span> <span class='ocrx_word' id='word_1_163' title='bbox 690 1432 902 1478; x_wconf 90' lang='lat' dir='ltr'><strong>mortua</strong></span> <span class='ocrx_word' id='word_1_164' title='bbox 951 1423 1123 1478; x_wconf 90' lang='lat' dir='ltr'><strong>altero</strong></span> <span class='ocrx_word' id='word_1_165' title='bbox 1154 1422 1308 1478; x_wconf 82' lang='lat' dir='ltr'><strong>Sixto</strong></span> <span class='ocrx_word' id='word_1_166' title='bbox 1358 1422 1400 1479; x_wconf 86' lang='lat' dir='ltr'><strong>V</strong></span> <span class='ocrx_word' id='word_1_167' title='bbox 1450 1422 1751 1479; x_wconf 86' lang='lat' dir='ltr'><strong>Ecclesiam</strong></span> <span class='ocrx_word' id='word_1_168' title='bbox 1800 1426 2106 1480; x_wconf 83' lang='lat' dir='ltr'><strong>universam</strong></span> <span class='ocrx_word' id='word_1_169' title='bbox 2214 1427 2567 1498; x_wconf 89' lang='lat' dir='ltr'><strong>voluptatem.</strong></span> <span class='ocrx_word' id='word_1_170' title='bbox 2620 1430 2837 1488; x_wconf 86' lang='lat' dir='ltr'><strong>Interim</strong></span> <span class='ocrx_word' id='word_1_171' title='bbox 2871 1432 3013 1489; x_wconf 91' lang='lat' dir='ltr'><strong>Deus</strong></span> <span class='ocrx_word' id='word_1_172' title='bbox 3053 1445 3248 1491; x_wconf 89' lang='lat' dir='ltr'><strong>auctor</strong></span> <span class='ocrx_word' id='word_1_173' title='bbox 3278 1436 3540 1491; x_wconf 88' lang='lat' dir='ltr'><strong>bonorum</strong></span> <span class='ocrx_word' id='word_1_174' title='bbox 3564 1440 3740 1492; x_wconf 81' lang='lat' dir='ltr'><strong>omnium</strong></span> 
     </span>
    </p>
   </div>
   <div class='ocr_carea' id='block_1_14' title="bbox 507 1510 3742 1595">
    <p class='ocr_par' dir='ltr' id='par_1_14' title="bbox 507 1510 3742 1595">
     <span class='ocr_line' id='line_1_14' title="bbox 507 1510 3742 1595; baseline 0.005 -22"><span class='ocrx_word' id='word_1_175' title='bbox 507 1510 829 1573; x_wconf 74' lang='lat' dir='ltr'><strong>moderante</strong></span> <span class='ocrx_word' id='word_1_176' title='bbox 856 1516 1081 1573; x_wconf 81' lang='lat' dir='ltr'><strong>feliciter</strong></span> <span class='ocrx_word' id='word_1_177' title='bbox 1103 1516 1513 1583; x_wconf 75' lang='lat' dir='ltr'><strong>reviviscerent,</strong></span> <span class='ocrx_word' id='word_1_178' title='bbox 1537 1527 1591 1571; x_wconf 90' lang='lat' dir='ltr'><strong>et</strong></span> <span class='ocrx_word' id='word_1_179' title='bbox 1618 1533 1777 1586; x_wconf 88' lang='lat' dir='ltr'><strong>quem</strong></span> <span class='ocrx_word' id='word_1_180' title='bbox 1832 1526 2109 1575; x_wconf 88' lang='lat' dir='ltr'><strong>auctorem</strong></span> <span class='ocrx_word' id='word_1_181' title='bbox 2215 1529 2270 1577; x_wconf 92' lang='lat' dir='ltr'><strong>et</strong></span> <span class='ocrx_word' id='word_1_182' title='bbox 2299 1521 2519 1594; x_wconf 80' lang='lat' dir='ltr'><strong>largitor</strong></span> <span class='ocrx_word' id='word_1_183' title='bbox 2545 1525 2941 1583; x_wconf 88' lang='lat' dir='ltr'><strong>Beatitudinem</strong></span> <span class='ocrx_word' id='word_1_184' title='bbox 2962 1527 3233 1595; x_wconf 84' lang='lat' dir='ltr'><strong>Vestram,</strong></span> <span class='ocrx_word' id='word_1_185' title='bbox 3257 1530 3603 1588; x_wconf 84' lang='lat' dir='ltr'><strong>Sanctissime</strong></span> <span class='ocrx_word' id='word_1_186' title='bbox 3618 1532 3742 1595; x_wconf 76' lang='lat' dir='ltr'><strong>Pater,</strong></span> 
     </span>
    </p>
   </div>
   <div class='ocr_carea' id='block_1_15' title="bbox 508 1609 3746 1695">
    <p class='ocr_par' dir='ltr' id='par_1_15' title="bbox 508 1609 3746 1695">
     <span class='ocr_line' id='line_1_15' title="bbox 508 1609 3746 1695; baseline 0.005 -30"><span class='ocrx_word' id='word_1_187' title='bbox 508 1620 673 1681; x_wconf 89' lang='lat' dir='ltr'><strong>atque</strong></span> <span class='ocrx_word' id='word_1_188' title='bbox 721 1611 1058 1665; x_wconf 87' lang='lat' dir='ltr'><strong>hortatorem</strong></span> <span class='ocrx_word' id='word_1_189' title='bbox 1100 1610 1321 1665; x_wconf 90' lang='lat' dir='ltr'><strong>tacitum</strong></span> <span class='ocrx_word' id='word_1_190' title='bbox 1355 1624 1466 1664; x_wconf 76' lang='lat' dir='ltr'><strong>sua:</strong></span> <span class='ocrx_word' id='word_1_191' title='bbox 1494 1609 1748 1664; x_wconf 90' lang='lat' dir='ltr'><strong>editionis</strong></span> <span class='ocrx_word' id='word_1_192' title='bbox 1791 1610 2110 1677; x_wconf 87' lang='lat' dir='ltr'><strong>habuerant,</strong></span> <span class='ocrx_word' id='word_1_193' title='bbox 2214 1612 2372 1669; x_wconf 88' lang='lat' dir='ltr'><strong>donis</strong></span> <span class='ocrx_word' id='word_1_194' title='bbox 2399 1616 2512 1671; x_wconf 90' lang='lat' dir='ltr'><strong>suis</strong></span> <span class='ocrx_word' id='word_1_195' title='bbox 2540 1618 2709 1695; x_wconf 86' lang='lat' dir='ltr'><strong>magis</strong></span> <span class='ocrx_word' id='word_1_196' title='bbox 2736 1620 2787 1675; x_wconf 92' lang='lat' dir='ltr'><strong>in</strong></span> <span class='ocrx_word' id='word_1_197' title='bbox 2818 1620 2956 1689; x_wconf 90' lang='lat' dir='ltr'><strong>dies,</strong></span> <span class='ocrx_word' id='word_1_198' title='bbox 2984 1632 3043 1676; x_wconf 90' lang='lat' dir='ltr'><strong>ut</strong></span> <span class='ocrx_word' id='word_1_199' title='bbox 3072 1621 3223 1690; x_wconf 74' lang='lat' dir='ltr'><strong>facit,</strong></span> <span class='ocrx_word' id='word_1_200' title='bbox 3261 1623 3584 1694; x_wconf 87' lang='lat' dir='ltr'><strong>locupletet:</strong></span> <span class='ocrx_word' id='word_1_201' title='bbox 3611 1626 3746 1680; x_wconf 84' lang='lat' dir='ltr'><strong>etcol-</strong></span> 
     </span>
    </p>
   </div>
   <div class='ocr_carea' id='block_1_16' title="bbox 512 1701 3745 1782">
    <p class='ocr_par' dir='ltr' id='par_1_16' title="bbox 512 1701 3745 1782">
     <span class='ocr_line' id='line_1_16' title="bbox 512 1701 3745 1782; baseline 0.004 -23"><span class='ocrx_word' id='word_1_202' title='bbox 512 1701 765 1759; x_wconf 91' lang='lat' dir='ltr'><strong>enmdem</strong></span> <span class='ocrx_word' id='word_1_203' title='bbox 798 1712 1083 1773; x_wconf 89' lang='lat' dir='ltr'><strong>patronum</strong></span> <span class='ocrx_word' id='word_1_204' title='bbox 1133 1702 1392 1757; x_wconf 90' lang='lat' dir='ltr'><strong>disertum</strong></span> <span class='ocrx_word' id='word_1_205' title='bbox 1438 1710 1491 1757; x_wconf 92' lang='lat' dir='ltr'><strong>et</strong></span> <span class='ocrx_word' id='word_1_206' title='bbox 1527 1701 1794 1757; x_wconf 88' lang='lat' dir='ltr'><strong>vindicem</strong></span> <span class='ocrx_word' id='word_1_207' title='bbox 1829 1702 2109 1758; x_wconf 87' lang='lat' dir='ltr'><strong>haberent.</strong></span> <span class='ocrx_word' id='word_1_208' title='bbox 2219 1704 2359 1775; x_wconf 83' lang='lat' dir='ltr'><strong>legio</strong></span> <span class='ocrx_word' id='word_1_209' title='bbox 2387 1718 2574 1763; x_wconf 89' lang='lat' dir='ltr'><strong>nostro</strong></span> <span class='ocrx_word' id='word_1_210' title='bbox 2619 1710 2995 1782; x_wconf 67' lang='lat' dir='ltr'><strong>universaeque</strong></span> <span class='ocrx_word' id='word_1_211' title='bbox 3038 1713 3299 1770; x_wconf 70' lang='lat' dir='ltr'><strong>Ecclesia:</strong></span> <span class='ocrx_word' id='word_1_212' title='bbox 3344 1716 3649 1773; x_wconf 86' lang='lat' dir='ltr'><strong>incolumem</strong></span> <span class='ocrx_word' id='word_1_213' title='bbox 3668 1718 3745 1773; x_wconf 85' lang='lat' dir='ltr'><strong>diu-</strong></span> 
     </span>
    </p>
   </div>
   <div class='ocr_carea' id='block_1_17' title="bbox 511 1793 3744 1880">
    <p class='ocr_par' dir='ltr' id='par_1_17' title="bbox 511 1793 3744 1880">
     <span class='ocr_line' id='line_1_17' title="bbox 511 1793 3744 1880; baseline 0.005 -31"><span class='ocrx_word' id='word_1_214' title='bbox 511 1793 757 1865; x_wconf 88' lang='lat' dir='ltr'><strong>Dcnique</strong></span> <span class='ocrx_word' id='word_1_215' title='bbox 786 1804 847 1849; x_wconf 90' lang='lat' dir='ltr'><strong>ut</strong></span> <span class='ocrx_word' id='word_1_216' title='bbox 876 1795 1135 1866; x_wconf 85' lang='lat' dir='ltr'><strong>opuscula</strong></span> <span class='ocrx_word' id='word_1_217' title='bbox 1196 1793 1525 1850; x_wconf 88' lang='lat' dir='ltr'><strong>Veronensis</strong></span> <span class='ocrx_word' id='word_1_218' title='bbox 1570 1794 1829 1849; x_wconf 64' lang='lat' dir='ltr'><strong>Ecclesiae</strong></span> <span class='ocrx_word' id='word_1_219' title='bbox 1871 1794 2110 1866; x_wconf 86' lang='lat' dir='ltr'><strong>episcopi</strong></span> <span class='ocrx_word' id='word_1_220' title='bbox 2141 1801 2191 1862; x_wconf 87' lang='lat' dir='ltr'><strong>B</strong></span> <span class='ocrx_word' id='word_1_221' title='bbox 2218 1799 2425 1854; x_wconf 90' lang='lat' dir='ltr'><strong>tissime</strong></span> <span class='ocrx_word' id='word_1_222' title='bbox 2464 1811 2666 1871; x_wconf 77' lang='lat' dir='ltr'><strong>servet,</strong></span> <span class='ocrx_word' id='word_1_223' title='bbox 2697 1814 2754 1859; x_wconf 92' lang='lat' dir='ltr'><strong>ut</strong></span> <span class='ocrx_word' id='word_1_224' title='bbox 2778 1804 3007 1875; x_wconf 82' lang='lat' dir='ltr'><strong>juStitia,</strong></span> <span class='ocrx_word' id='word_1_225' title='bbox 3044 1824 3168 1880; x_wconf 79' lang='lat' dir='ltr'><strong>pax,</strong></span> <span class='ocrx_word' id='word_1_226' title='bbox 3224 1808 3386 1865; x_wconf 89' lang='lat' dir='ltr'><strong>istius</strong></span> <span class='ocrx_word' id='word_1_227' title='bbox 3442 1820 3627 1865; x_wconf 82' lang='lat' dir='ltr'><strong>sancta:</strong></span> <span class='ocrx_word' id='word_1_228' title='bbox 3648 1811 3744 1866; x_wconf 79' lang='lat' dir='ltr'><strong>sedis</strong></span> 
     </span>
    </p>
   </div>
   <div class='ocr_carea' id='block_1_18' title="bbox 508 1886 3750 1974">
    <p class='ocr_par' dir='ltr' id='par_1_18' title="bbox 508 1886 3750 1974">
     <span class='ocr_line' id='line_1_18' title="bbox 508 1886 3750 1974; baseline 0.005 -31"><span class='ocrx_word' id='word_1_229' title='bbox 508 1886 744 1945; x_wconf 81' lang='lat' dir='ltr'><strong>Zenonis</strong></span> <span class='ocrx_word' id='word_1_230' title='bbox 773 1887 1002 1945; x_wconf 75' lang='lat' dir='ltr'><strong>Veronce</strong></span> <span class='ocrx_word' id='word_1_231' title='bbox 1047 1890 1337 1960; x_wconf 87' lang='lat' dir='ltr'><strong>episcopus</strong></span> <span class='ocrx_word' id='word_1_232' title='bbox 1362 1887 1669 1953; x_wconf 85' lang='lat' dir='ltr'><strong>illustrare,</strong></span> <span class='ocrx_word' id='word_1_233' title='bbox 1716 1886 1787 1941; x_wconf 92' lang='lat' dir='ltr'><strong>ita</strong></span> <span class='ocrx_word' id='word_1_234' title='bbox 1818 1888 2112 1944; x_wconf 88' lang='lat' dir='ltr'><strong>eardinalis</strong></span> <span class='ocrx_word' id='word_1_235' title='bbox 2219 1892 2534 1961; x_wconf 84' lang='lat' dir='ltr'><strong>auctoritas,</strong></span> <span class='ocrx_word' id='word_1_236' title='bbox 2573 1909 2766 1952; x_wconf 91' lang='lat' dir='ltr'><strong>omnes</strong></span> <span class='ocrx_word' id='word_1_237' title='bbox 2823 1897 3052 1955; x_wconf 86' lang='lat' dir='ltr'><strong>virtutes</strong></span> <span class='ocrx_word' id='word_1_238' title='bbox 3109 1900 3163 1955; x_wconf 93' lang='lat' dir='ltr'><strong>in</strong></span> <span class='ocrx_word' id='word_1_239' title='bbox 3215 1899 3336 1957; x_wconf 89' lang='lat' dir='ltr'><strong>dies</strong></span> <span class='ocrx_word' id='word_1_240' title='bbox 3390 1902 3557 1974; x_wconf 87' lang='lat' dir='ltr'><strong>magis</strong></span> <span class='ocrx_word' id='word_1_241' title='bbox 3602 1902 3750 1974; x_wconf 73' lang='lat' dir='ltr'><strong>vigeant</strong></span> 
     </span>
    </p>
   </div>
   <div class='ocr_carea' id='block_1_19' title="bbox 506 1980 2723 2058">
    <p class='ocr_par' dir='ltr' id='par_1_19' title="bbox 506 1980 2723 2058">
     <span class='ocr_line' id='line_1_19' title="bbox 506 1980 2723 2058; baseline 0.004 -21"><span class='ocrx_word' id='word_1_242' title='bbox 506 1980 578 2038; x_wconf 92' lang='lat' dir='ltr'><strong>ad</strong></span> <span class='ocrx_word' id='word_1_243' title='bbox 600 1982 902 2040; x_wconf 83' lang='lat' dir='ltr'><strong>Romanum</strong></span> <span class='ocrx_word' id='word_1_244' title='bbox 930 1982 1260 2055; x_wconf 80' lang='lat' dir='ltr'><strong>pontiﬁcem,</strong></span> <span class='ocrx_word' id='word_1_245' title='bbox 1286 1998 1446 2055; x_wconf 90' lang='lat' dir='ltr'><strong>quem</strong></span> <span class='ocrx_word' id='word_1_246' title='bbox 1468 1982 1808 2039; x_wconf 86' lang='lat' dir='ltr'><strong>sacerdotem</strong></span> <span class='ocrx_word' id='word_1_247' title='bbox 1832 1999 2111 2056; x_wconf 88' lang='lat' dir='ltr'><strong>magnum,</strong></span> <span class='ocrx_word' id='word_1_248' title='bbox 2220 1994 2384 2058; x_wconf 89' lang='lat' dir='ltr'><strong>atque</strong></span> <span class='ocrx_word' id='word_1_249' title='bbox 2412 1986 2723 2047; x_wconf 83' lang='lat' dir='ltr'><strong>ﬂorescant.</strong></span> 
     </span>
    </p>
   </div>
   <div class='ocr_carea' id='block_1_20' title="bbox 581 2120 3718 2154">
    <p class='ocr_par' dir='ltr' id='par_1_20' title="bbox 581 2120 3718 2154">
     <span class='ocr_line' id='line_1_20' title="bbox 581 2120 3718 2154; baseline 0.003 -16"><span class='ocrx_word' id='word_1_250' title='bbox 581 2120 3718 2154; x_wconf 49' lang='grc' dir='ltr'>Μ</span> 
     </span>
    </p>
   </div>
   <div class='ocr_carea' id='block_1_21' title="bbox 837 2216 3511 2330">
    <p class='ocr_par' dir='ltr' id='par_1_21' title="bbox 837 2216 3511 2330">
     <span class='ocr_line' id='line_1_21' title="bbox 837 2216 3511 2330; baseline 0.006 -17"><span class='ocrx_word' id='word_1_251' title='bbox 837 2216 1491 2313; x_wconf 80' lang='lat' dir='ltr'><strong>RAPHAELIS</strong></span> <span class='ocrx_word' id='word_1_252' title='bbox 1555 2227 2052 2314; x_wconf 57' lang='lat' dir='ltr'><strong>BAGATXE</strong></span> <span class='ocrx_word' id='word_1_253' title='bbox 2126 2230 2278 2329; x_wconf 85' lang='lat' dir='ltr'><strong>ET</strong></span> <span class='ocrx_word' id='word_1_254' title='bbox 2346 2236 2932 2325; x_wconf 60' lang='lat' dir='ltr'><strong>BAPTISTZE</strong></span> <span class='ocrx_word' id='word_1_255' title='bbox 2989 2245 3511 2330; x_wconf 81' lang='lat' dir='ltr'><strong>PERETTI</strong></span> 
     </span>
    </p>
   </div>
   <div class='ocr_carea' id='block_1_22' title="bbox 1138 2388 3207 2467">
    <p class='ocr_par' dir='ltr' id='par_1_22' title="bbox 1138 2388 3207 2467">
     <span class='ocr_line' id='line_1_22' title="bbox 1138 2388 3207 2467; baseline 0.009 -20"><span class='ocrx_word' id='word_1_256' title='bbox 1138 2388 1511 2447; x_wconf 64' lang='lat' dir='ltr'><strong>PREFATIO</strong></span> <span class='ocrx_word' id='word_1_257' title='bbox 1539 2388 1605 2446; x_wconf 82' lang='lat' dir='ltr'><strong>IN</strong></span> <span class='ocrx_word' id='word_1_258' title='bbox 1637 2390 1928 2447; x_wconf 78' lang='lat' dir='ltr'><strong>EAMDEM</strong></span> <span class='ocrx_word' id='word_1_259' title='bbox 1969 2392 2351 2455; x_wconf 79' lang='lat' dir='ltr'><strong>EDITIONEM</strong></span> <span class='ocrx_word' id='word_1_260' title='bbox 2400 2401 2870 2462; x_wconf 76' lang='lat' dir='ltr'><strong>VERONENSEM</strong></span> <span class='ocrx_word' id='word_1_261' title='bbox 2899 2407 3012 2464; x_wconf 84' lang='lat' dir='ltr'><strong>AN.</strong></span> <span class='ocrx_word' id='word_1_262' title='bbox 3047 2409 3207 2467; x_wconf 74' lang='grc'><strong>1586.</strong></span> 
     </span>
    </p>
   </div>
   <div class='ocr_carea' id='block_1_23' title="bbox 1827 2528 2542 2553">
    <p class='ocr_par' dir='ltr' id='par_1_23' title="bbox 1827 2528 2542 2553">
     <span class='ocr_line' id='line_1_23' title="bbox 1827 2528 2542 2553; baseline 0.004 -8"><span class='ocrx_word' id='word_1_263' title='bbox 1827 2528 2542 2553; x_wconf 52' lang='grc' dir='ltr'>Ἥ</span> 
     </span>
    </p>
   </div>
   <div class='ocr_carea' id='block_1_24' title="bbox 595 2608 3758 2699">
    <p class='ocr_par' dir='ltr' id='par_1_24' title="bbox 595 2608 3758 2699">
     <span class='ocr_line' id='line_1_24' title="bbox 595 2608 3758 2699; baseline 0.001 -23"><span class='ocrx_word' id='word_1_264' title='bbox 595 2620 826 2677; x_wconf 91' lang='lat' dir='ltr'><strong>Sanctus</strong></span> <span class='ocrx_word' id='word_1_265' title='bbox 853 2617 998 2673; x_wconf 88' lang='lat' dir='ltr'><strong>Zeno</strong></span> <span class='ocrx_word' id='word_1_266' title='bbox 1024 2615 1255 2673; x_wconf 72' lang='lat' dir='ltr'><strong>Verona:</strong></span> <span class='ocrx_word' id='word_1_267' title='bbox 1284 2614 1595 2685; x_wconf 87' lang='lat' dir='ltr'><strong>episcopus,</strong></span> <span class='ocrx_word' id='word_1_268' title='bbox 1623 2622 1680 2670; x_wconf 89' lang='lat' dir='ltr'><strong>et</strong></span> <span class='ocrx_word' id='word_1_269' title='bbox 1731 2623 1990 2684; x_wconf 86' lang='lat' dir='ltr'><strong>patronus</strong></span> <span class='ocrx_word' id='word_1_270' title='bbox 2018 2608 2121 2665; x_wconf 85' lang='lat' dir='ltr'><strong>dif-</strong></span> <span class='ocrx_word' id='word_1_271' title='bbox 2223 2624 2467 2691; x_wconf 89' lang='lat' dir='ltr'><strong>oportuit</strong></span> <span class='ocrx_word' id='word_1_272' title='bbox 2511 2628 2653 2684; x_wconf 87' lang='lat' dir='ltr'><strong>enim</strong></span> <span class='ocrx_word' id='word_1_273' title='bbox 2721 2641 2909 2690; x_wconf 88' lang='lat' dir='ltr'><strong>saneto</strong></span> <span class='ocrx_word' id='word_1_274' title='bbox 2965 2650 3281 2693; x_wconf 80' lang='lat' dir='ltr'><strong>sermonum</strong></span> <span class='ocrx_word' id='word_1_275' title='bbox 3330 2640 3543 2698; x_wconf 66' lang='grc' dir='ltr'><strong>αυοιοιιί</strong></span> <span class='ocrx_word' id='word_1_276' title='bbox 3587 2641 3758 2699; x_wconf 52' lang='lat' dir='ltr'><strong>unum</strong></span> 
     </span>
    </p>
   </div>
   <div class='ocr_carea' id='block_1_25' title="bbox 521 2704 3760 2805">
    <p class='ocr_par' dir='ltr' id='par_1_25' title="bbox 521 2704 3760 2805">
     <span class='ocr_line' id='line_1_25' title="bbox 521 2704 3760 2805; baseline 0 -37"><span class='ocrx_word' id='word_1_277' title='bbox 521 2710 775 2768; x_wconf 84' lang='lat' dir='ltr'><strong>ﬁcillimis</strong></span> <span class='ocrx_word' id='word_1_278' title='bbox 802 2708 1135 2779; x_wconf 81' lang='lat' dir='ltr'><strong>temporibus</strong></span> <span class='ocrx_word' id='word_1_279' title='bbox 1166 2709 1218 2762; x_wconf 93' lang='lat' dir='ltr'><strong>in</strong></span> <span class='ocrx_word' id='word_1_280' title='bbox 1247 2706 1456 2778; x_wconf 85' lang='lat' dir='ltr'><strong>magnis</strong></span> <span class='ocrx_word' id='word_1_281' title='bbox 1486 2705 1906 2805; x_wconf 76' lang='lat' dir='ltr'><strong>tempestatibus</strong></span> <span class='ocrx_word' id='word_1_282' title='bbox 1949 2704 2121 2760; x_wconf 91' lang='lat' dir='ltr'><strong>admi-</strong></span> <span class='ocrx_word' id='word_1_283' title='bbox 2227 2718 2467 2789; x_wconf 55' lang='lat' dir='ltr'><strong>martyrii</strong></span> <span class='ocrx_word' id='word_1_284' title='bbox 2500 2722 2755 2792; x_wconf 53' lang='grc' dir='ltr'><strong>ειοτίαιη,</strong></span> <span class='ocrx_word' id='word_1_285' title='bbox 2789 2744 2949 2799; x_wconf 65' lang='lat' dir='ltr'><strong>quam</strong></span> <span class='ocrx_word' id='word_1_286' title='bbox 2998 2731 3073 2785; x_wconf 71' lang='grc' dir='ltr'><strong>ίιιί</strong></span> <span class='ocrx_word' id='word_1_287' title='bbox 3105 2732 3187 2805; x_wconf 73' lang='grc' dir='ltr'><strong>(υι</strong></span> <span class='ocrx_word' id='word_1_288' title='bbox 3226 2734 3543 2791; x_wconf 63' lang='lat' dir='ltr'><strong>omimmus</strong></span> <span class='ocrx_word' id='word_1_289' title='bbox 3574 2738 3760 2792; x_wconf 52' lang='grc' dir='ltr'><strong>νειηευς,</strong></span> 
     </span>
    </p>
   </div>
   <div class='ocr_carea' id='block_1_26' title="bbox 515 2797 3760 2897">
    <p class='ocr_par' dir='ltr' id='par_1_26' title="bbox 515 2797 3760 2897">
     <span class='ocr_line' id='line_1_26' title="bbox 515 2797 3760 2897; baseline -0.006 -37"><span class='ocrx_word' id='word_1_290' title='bbox 515 2804 673 2861; x_wconf 88' lang='lat' dir='ltr'><strong>rabili</strong></span> <span class='ocrx_word' id='word_1_291' title='bbox 714 2802 1017 2859; x_wconf 79' lang='lat' dir='ltr'><strong>constantia</strong></span> <span class='ocrx_word' id='word_1_292' title='bbox 1068 2798 1441 2857; x_wconf 87' lang='lat' dir='ltr'><strong>Veronensem</strong></span> <span class='ocrx_word' id='word_1_293' title='bbox 1492 2799 1632 2854; x_wconf 82' lang='lat' dir='ltr'><strong>rexit</strong></span> <span class='ocrx_word' id='word_1_294' title='bbox 1676 2797 1976 2854; x_wconf 79' lang='lat' dir='ltr'><strong>Ecclesium</strong></span> <span class='ocrx_word' id='word_1_295' title='bbox 2002 2838 2018 2864; x_wconf 90' lang='lat'><strong>,</strong></span> <span class='ocrx_word' id='word_1_296' title='bbox 2056 2811 2121 2851; x_wconf 87' lang='lat' dir='ltr'><strong>ac</strong></span> <span class='ocrx_word' id='word_1_297' title='bbox 2225 2810 2359 2865; x_wconf 61' lang='lat' dir='ltr'><strong>sima</strong></span> <span class='ocrx_word' id='word_1_298' title='bbox 2392 2812 2451 2868; x_wconf 45' lang='grc' dir='ltr'><strong>Β,</strong></span> <span class='ocrx_word' id='word_1_299' title='bbox 2485 2815 2731 2887; x_wconf 58' lang='lat' dir='ltr'><strong>Gregorii</strong></span> <span class='ocrx_word' id='word_1_300' title='bbox 2775 2797 2950 2893; x_wconf 30' lang='lat' dir='ltr'><strong>papa},</strong></span> <span class='ocrx_word' id='word_1_301' title='bbox 2982 2797 3181 2881; x_wconf 40' lang='grc' dir='ltr'><strong>γνώτ’</strong></span> <span class='ocrx_word' id='word_1_302' title='bbox 3230 2827 3393 2885; x_wconf 45' lang='lat' dir='ltr'><strong>Beda:</strong></span> <span class='ocrx_word' id='word_1_303' title='bbox 3419 2874 3434 2895; x_wconf 33' lang='grc' dir='ltr'>ἱ</span> <span class='ocrx_word' id='word_1_304' title='bbox 3470 2831 3701 2897; x_wconf 50' lang='lat' dir='ltr'><strong>Usuardi’</strong></span> <span class='ocrx_word' id='word_1_305' title='bbox 3726 2842 3760 2887; x_wconf 48' lang='lat' dir='ltr'><strong>el</strong></span> 
     </span>
    </p>
   </div>
   <div class='ocr_carea' id='block_1_27' title="bbox 518 2893 3760 2997">
    <p class='ocr_par' dir='ltr' id='par_1_27' title="bbox 518 2893 3760 2997">
     <span class='ocr_line' id='line_1_27' title="bbox 518 2893 3760 2997; baseline -0.005 -44"><span class='ocrx_word' id='word_1_306' title='bbox 518 2896 755 2953; x_wconf 86' lang='lat' dir='ltr'><strong>Gallieni</strong></span> <span class='ocrx_word' id='word_1_307' title='bbox 779 2893 1124 2965; x_wconf 87' lang='lat' dir='ltr'><strong>imperatoris</strong></span> <span class='ocrx_word' id='word_1_308' title='bbox 1151 2900 1398 2963; x_wconf 89' lang='lat' dir='ltr'><strong>tempore</strong></span> <span class='ocrx_word' id='word_1_309' title='bbox 1419 2893 1679 2964; x_wconf 87' lang='lat' dir='ltr'><strong>martyrio</strong></span> <span class='ocrx_word' id='word_1_310' title='bbox 1703 2901 1995 2997; x_wconf 58' lang='lat' dir='ltr'><strong>coronatus</strong></span> <span class='ocrx_word' id='word_1_311' title='bbox 2015 2899 2121 2996; x_wconf 73' lang='lat' dir='ltr'><strong>est.</strong></span> <span class='ocrx_word' id='word_1_312' title='bbox 2226 2903 2454 2959; x_wconf 62' lang='lat' dir='ltr'><strong>aliorum</strong></span> <span class='ocrx_word' id='word_1_313' title='bbox 2506 2910 2852 2988; x_wconf 56' lang='grc' dir='ltr'><strong>ιοειίωοηίθ)</strong></span> <span class='ocrx_word' id='word_1_314' title='bbox 2903 2919 3338 2976; x_wconf 49' lang='lat' dir='ltr'><strong>recentissimum</strong></span> <span class='ocrx_word' id='word_1_315' title='bbox 3388 2893 3760 2997; x_wconf 43' lang='lat' dir='ltr'><strong>nartymloﬁum</strong></span> 
     </span>
    </p>
   </div>
   <div class='ocr_carea' id='block_1_28' title="bbox 517 2982 3762 3074">
    <p class='ocr_par' dir='ltr' id='par_1_28' title="bbox 517 2982 3762 3074">
     <span class='ocr_line' id='line_1_28' title="bbox 517 2982 3762 3074; baseline 0.006 -22"><span class='ocrx_word' id='word_1_316' title='bbox 517 2989 731 3074; x_wconf 57' lang='lat' dir='ltr'><strong>Flora“</strong></span> <span class='ocrx_word' id='word_1_317' title='bbox 753 3005 861 3044; x_wconf 81' lang='grc' dir='ltr'><strong>ηοιι</strong></span> <span class='ocrx_word' id='word_1_318' title='bbox 890 2986 1065 3041; x_wconf 75' lang='grc' dir='ltr'><strong>εοΙυιη</strong></span> <span class='ocrx_word' id='word_1_319' title='bbox 1095 2985 1219 3042; x_wconf 55' lang='lat' dir='ltr'><strong>Vi&quot;?</strong></span> <span class='ocrx_word' id='word_1_320' title='bbox 1243 2988 1528 3042; x_wconf 64' lang='grc' dir='ltr'><strong>δθηειίιθιθ</strong></span> <span class='ocrx_word' id='word_1_321' title='bbox 1576 2992 1633 3041; x_wconf 72' lang='grc' dir='ltr'><strong>ει</strong></span> <span class='ocrx_word' id='word_1_322' title='bbox 1686 2983 1941 3055; x_wconf 63' lang='grc' dir='ltr'><strong>Ρθδιυτδιί</strong></span> <span class='ocrx_word' id='word_1_323' title='bbox 1993 2982 2125 3056; x_wconf 75' lang='grc' dir='ltr'><strong>νί8ί“</strong></span> <span class='ocrx_word' id='word_1_324' title='bbox 2222 2995 2377 3065; x_wconf 81' lang='lat' dir='ltr'><strong>jussu</strong></span> <span class='ocrx_word' id='word_1_325' title='bbox 2407 2999 2652 3074; x_wconf 77' lang='lat' dir='ltr'><strong>Gregorii</strong></span> <span class='ocrx_word' id='word_1_326' title='bbox 2678 3004 2795 3062; x_wconf 77' lang='lat' dir='ltr'><strong>Xlll</strong></span> <span class='ocrx_word' id='word_1_327' title='bbox 2827 2982 2983 3064; x_wconf 66' lang='lat' dir='ltr'><strong>i’ont.</strong></span> <span class='ocrx_word' id='word_1_328' title='bbox 3009 3009 3150 3066; x_wconf 79' lang='lat' dir='ltr'><strong>Max.</strong></span> <span class='ocrx_word' id='word_1_329' title='bbox 3180 3012 3389 3070; x_wconf 89' lang='lat' dir='ltr'><strong>editum</strong></span> <span class='ocrx_word' id='word_1_330' title='bbox 3428 2982 3762 3071; x_wconf 62' lang='lat' dir='ltr'><strong>attribuith</strong></span> 
     </span>
    </p>
   </div>
   <div class='ocr_carea' id='block_1_29' title="bbox 522 3066 2143 3169">
    <p class='ocr_par' dir='ltr' id='par_1_29' title="bbox 522 3066 2125 3151">
     <span class='ocr_line' id='line_1_29' title="bbox 522 3066 2125 3151; baseline -0.004 -12"><span class='ocrx_word' id='word_1_331' title='bbox 522 3066 692 3139; x_wconf 46' lang='lat' dir='ltr'><strong>la‘ntia</strong></span> <span class='ocrx_word' id='word_1_332' title='bbox 721 3124 737 3151; x_wconf 93' lang='lat'><strong>,</strong></span> <span class='ocrx_word' id='word_1_333' title='bbox 787 3081 885 3139; x_wconf 91' lang='lat' dir='ltr'><strong>sed</strong></span> <span class='ocrx_word' id='word_1_334' title='bbox 929 3079 1173 3137; x_wconf 86' lang='lat' dir='ltr'><strong>doctrina</strong></span> <span class='ocrx_word' id='word_1_335' title='bbox 1198 3122 1212 3145; x_wconf 95' lang='lat'><strong>,</strong></span> <span class='ocrx_word' id='word_1_336' title='bbox 1259 3091 1315 3136; x_wconf 92' lang='lat' dir='ltr'><strong>et</strong></span> <span class='ocrx_word' id='word_1_337' title='bbox 1344 3080 1558 3137; x_wconf 83' lang='lat' dir='ltr'><strong>dicendi</strong></span> <span class='ocrx_word' id='word_1_338' title='bbox 1597 3079 1794 3135; x_wconf 83' lang='lat' dir='ltr'><strong>laude:</strong></span> <span class='ocrx_word' id='word_1_339' title='bbox 1836 3078 1981 3150; x_wconf 87' lang='lat' dir='ltr'><strong>quod</strong></span> <span class='ocrx_word' id='word_1_340' title='bbox 2008 3078 2125 3149; x_wconf 89' lang='lat' dir='ltr'><strong>ejus</strong></span> 
     </span>
    </p>
   </div>
   <div class='ocr_carea' id='block_1_30' title="bbox 2250 3066 3764 3169">
    <p class='ocr_par' dir='ltr' id='par_1_30' title="bbox 2254 3092 3764 3169">
     <span class='ocr_line' id='line_1_30' title="bbox 2254 3092 3764 3169; baseline 0.011 -24"><span class='ocrx_word' id='word_1_341' title='bbox 2254 3092 2378 3147; x_wconf 83' lang='lat' dir='ltr'><strong>iciet</strong></span> <span class='ocrx_word' id='word_1_342' title='bbox 2405 3095 2633 3152; x_wconf 79' lang='lat' dir='ltr'><strong>fortasse</strong></span> <span class='ocrx_word' id='word_1_343' title='bbox 2661 3099 2857 3167; x_wconf 66' lang='lat' dir='ltr'><strong>aliquis</strong></span> <span class='ocrx_word' id='word_1_344' title='bbox 2882 3144 2898 3169; x_wconf 91' lang='lat'><strong>,</strong></span> <span class='ocrx_word' id='word_1_345' title='bbox 2935 3103 3032 3159; x_wconf 84' lang='lat' dir='ltr'><strong>bos</strong></span> <span class='ocrx_word' id='word_1_346' title='bbox 3069 3120 3351 3164; x_wconf 88' lang='lat' dir='ltr'><strong>sermones</strong></span> <span class='ocrx_word' id='word_1_347' title='bbox 3399 3111 3614 3165; x_wconf 87' lang='lat' dir='ltr'><strong>alterius</strong></span> <span class='ocrx_word' id='word_1_348' title='bbox 3647 3110 3764 3164; x_wconf 80' lang='lat' dir='ltr'><strong>Zeno-</strong></span> 
     </span>
    </p>
   </div>
   <div class='ocr_carea' id='block_1_31' title="bbox 519 3172 3762 3276">
    <p class='ocr_par' dir='ltr' id='par_1_31' title="bbox 519 3172 3762 3276">
     <span class='ocr_line' id='line_1_31' title="bbox 519 3172 3762 3276; baseline -0.005 -44"><span class='ocrx_word' id='word_1_349' title='bbox 519 3190 805 3233; x_wconf 87' lang='lat' dir='ltr'><strong>sermones</strong></span> <span class='ocrx_word' id='word_1_350' title='bbox 863 3189 1076 3230; x_wconf 89' lang='lat' dir='ltr'><strong>summa</strong></span> <span class='ocrx_word' id='word_1_351' title='bbox 1119 3173 1383 3245; x_wconf 84' lang='lat' dir='ltr'><strong>gravitate</strong></span> <span class='ocrx_word' id='word_1_352' title='bbox 1439 3184 1494 3229; x_wconf 92' lang='lat' dir='ltr'><strong>et</strong></span> <span class='ocrx_word' id='word_1_353' title='bbox 1544 3172 1843 3244; x_wconf 87' lang='lat' dir='ltr'><strong>apostolico</strong></span> <span class='ocrx_word' id='word_1_354' title='bbox 1892 3172 2126 3242; x_wconf 90' lang='lat' dir='ltr'><strong>quodam</strong></span> <span class='ocrx_word' id='word_1_355' title='bbox 2233 3188 2315 3240; x_wconf 63' lang='lat' dir='ltr'><strong>nis</strong></span> <span class='ocrx_word' id='word_1_356' title='bbox 2342 3204 2464 3245; x_wconf 62' lang='lat' dir='ltr'><strong>esse</strong></span> <span class='ocrx_word' id='word_1_357' title='bbox 2495 3203 2733 3265; x_wconf 45' lang='lat' dir='ltr'><strong>martyre</strong></span> <span class='ocrx_word' id='word_1_358' title='bbox 2760 3197 3099 3265; x_wconf 49' lang='lat' dir='ltr'><strong>posteriuris.</strong></span> <span class='ocrx_word' id='word_1_359' title='bbox 3142 3199 3378 3257; x_wconf 49' lang='lat' dir='ltr'><strong>vero“:</strong></span> <span class='ocrx_word' id='word_1_360' title='bbox 3411 3203 3539 3259; x_wconf 49' lang='lat' dir='ltr'><strong>item</strong></span> <span class='ocrx_word' id='word_1_361' title='bbox 3566 3201 3762 3276; x_wconf 31' lang='lat' dir='ltr'><strong>episcopi.</strong></span> 
     </span>
    </p>
   </div>
   <div class='ocr_carea' id='block_1_32' title="bbox 520 3264 3765 3369">
    <p class='ocr_par' dir='ltr' id='par_1_32' title="bbox 520 3264 3765 3369">
     <span class='ocr_line' id='line_1_32' title="bbox 520 3264 3765 3369; baseline -0.016 -43"><span class='ocrx_word' id='word_1_362' title='bbox 520 3269 667 3326; x_wconf 91' lang='lat' dir='ltr'><strong>illius</strong></span> <span class='ocrx_word' id='word_1_363' title='bbox 696 3268 880 3325; x_wconf 63' lang='lat' dir='ltr'><strong>saeculi</strong></span> <span class='ocrx_word' id='word_1_364' title='bbox 906 3266 1097 3338; x_wconf 82' lang='lat' dir='ltr'><strong>spiritu</strong></span> <span class='ocrx_word' id='word_1_365' title='bbox 1121 3264 1415 3336; x_wconf 89' lang='lat' dir='ltr'><strong>conscripti</strong></span> <span class='ocrx_word' id='word_1_366' title='bbox 1453 3264 1675 3369; x_wconf 62' lang='lat' dir='ltr'><strong>abunde</strong></span> <span class='ocrx_word' id='word_1_367' title='bbox 1713 3272 2001 3369; x_wconf 61' lang='lat' dir='ltr'><strong>testantur.</strong></span> <span class='ocrx_word' id='word_1_368' title='bbox 2032 3264 2129 3319; x_wconf 88' lang='lat' dir='ltr'><strong>Est</strong></span> <span class='ocrx_word' id='word_1_369' title='bbox 2231 3282 2386 3352; x_wconf 57' lang='lat' dir='ltr'><strong>cuius</strong></span> <span class='ocrx_word' id='word_1_370' title='bbox 2414 3264 2719 3341; x_wconf 48' lang='lat' dir='ltr'><strong>mentium</strong></span> <span class='ocrx_word' id='word_1_371' title='bbox 2760 3264 2789 3341; x_wconf 36' lang='grc' dir='ltr'><strong>ᾖ</strong></span> <span class='ocrx_word' id='word_1_372' title='bbox 2839 3289 2898 3347; x_wconf 51' lang='lat' dir='ltr'><strong>S.</strong></span> <span class='ocrx_word' id='word_1_373' title='bbox 2948 3264 3237 3350; x_wconf 58' lang='lat' dir='ltr'><strong>Ambrosio</strong></span> <span class='ocrx_word' id='word_1_374' title='bbox 3281 3296 3516 3366; x_wconf 50' lang='lat' dir='ltr'><strong>epistola</strong></span> <span class='ocrx_word' id='word_1_375' title='bbox 3560 3264 3765 3369; x_wconf 46' lang='lat' dir='ltr'><strong>phum.“</strong></span> 
     </span>
    </p>
   </div>
   <div class='ocr_carea' id='block_1_33' title="bbox 522 3357 3767 3456">
    <p class='ocr_par' dir='ltr' id='par_1_33' title="bbox 522 3357 3767 3456">
     <span class='ocr_line' id='line_1_33' title="bbox 522 3357 3767 3456; baseline -0 -38"><span class='ocrx_word' id='word_1_376' title='bbox 522 3362 666 3420; x_wconf 89' lang='lat' dir='ltr'><strong>idem</strong></span> <span class='ocrx_word' id='word_1_377' title='bbox 696 3362 754 3419; x_wconf 91' lang='lat' dir='ltr'><strong>S.</strong></span> <span class='ocrx_word' id='word_1_378' title='bbox 784 3361 931 3417; x_wconf 93' lang='lat' dir='ltr'><strong>Zeno</strong></span> <span class='ocrx_word' id='word_1_379' title='bbox 960 3360 1106 3417; x_wconf 91' lang='lat' dir='ltr'><strong>inter</strong></span> <span class='ocrx_word' id='word_1_380' title='bbox 1129 3360 1525 3415; x_wconf 75' lang='lat' dir='ltr'><strong>vetustiSsimos</strong></span> <span class='ocrx_word' id='word_1_381' title='bbox 1554 3358 1813 3414; x_wconf 73' lang='lat' dir='ltr'><strong>Ecclesia:</strong></span> <span class='ocrx_word' id='word_1_382' title='bbox 1833 3357 2128 3456; x_wconf 80' lang='lat' dir='ltr'><strong>scriptores</strong></span> <span class='ocrx_word' id='word_1_383' title='bbox 2154 3372 2200 3437; x_wconf 73' lang='grc' dir='ltr'>ο</span> <span class='ocrx_word' id='word_1_384' title='bbox 2232 3373 2536 3447; x_wconf 55' lang='lat' dir='ltr'><strong>Syagrium</strong></span> <span class='ocrx_word' id='word_1_385' title='bbox 2590 3381 2659 3433; x_wconf 74' lang='grc' dir='ltr'><strong>Αι</strong></span> <span class='ocrx_word' id='word_1_386' title='bbox 2690 3380 2780 3436; x_wconf 62' lang='grc' dir='ltr'><strong>ίιιυ</strong></span> <span class='ocrx_word' id='word_1_387' title='bbox 2816 3382 2967 3439; x_wconf 56' lang='lat' dir='ltr'><strong>“mus</strong></span> <span class='ocrx_word' id='word_1_388' title='bbox 2993 3386 3224 3456; x_wconf 59' lang='lat' dir='ltr'><strong>primum</strong></span> <span class='ocrx_word' id='word_1_389' title='bbox 3268 3357 3403 3445; x_wconf 58' lang='grc' dir='ltr'><strong>,ηἰήι</strong></span> <span class='ocrx_word' id='word_1_390' title='bbox 3454 3357 3608 3446; x_wconf 47' lang='lat' dir='ltr'>MM</span> <span class='ocrx_word' id='word_1_391' title='bbox 3627 3431 3640 3453; x_wconf 33' lang='grc' dir='ltr'><strong>ν</strong></span> <span class='ocrx_word' id='word_1_392' title='bbox 3673 3387 3767 3443; x_wconf 57' lang='lat' dir='ltr'><strong>unde</strong></span> 
     </span>
    </p>
   </div>
   <div class='ocr_carea' id='block_1_34' title="bbox 520 3450 3766 3539">
    <p class='ocr_par' dir='ltr' id='par_1_34' title="bbox 520 3450 3766 3539">
     <span class='ocr_line' id='line_1_34' title="bbox 520 3450 3766 3539; baseline -0.001 -26"><span class='ocrx_word' id='word_1_393' title='bbox 520 3453 1036 3520; x_wconf 88' lang='lat' dir='ltr'><strong>connumerandus,</strong></span> <span class='ocrx_word' id='word_1_394' title='bbox 1079 3469 1203 3509; x_wconf 91' lang='lat' dir='ltr'><strong>cum</strong></span> <span class='ocrx_word' id='word_1_395' title='bbox 1248 3452 1566 3507; x_wconf 87' lang='lat' dir='ltr'><strong>doctissimo</strong></span> <span class='ocrx_word' id='word_1_396' title='bbox 1607 3452 1725 3508; x_wconf 89' lang='lat' dir='ltr'><strong>viro</strong></span> <span class='ocrx_word' id='word_1_397' title='bbox 1764 3450 1988 3523; x_wconf 82' lang='lat' dir='ltr'><strong>Urigeni</strong></span> <span class='ocrx_word' id='word_1_398' title='bbox 2013 3492 2029 3518; x_wconf 93' lang='lat'><strong>,</strong></span> <span class='ocrx_word' id='word_1_399' title='bbox 2077 3461 2133 3507; x_wconf 93' lang='lat' dir='ltr'><strong>et</strong></span> <span class='ocrx_word' id='word_1_400' title='bbox 2232 3468 2491 3538; x_wconf 65' lang='lat' dir='ltr'><strong>probem.-</strong></span> <span class='ocrx_word' id='word_1_401' title='bbox 2533 3470 2622 3526; x_wconf 66' lang='grc' dir='ltr'><strong>ευρ</strong></span> <span class='ocrx_word' id='word_1_402' title='bbox 2664 3472 2809 3529; x_wconf 71' lang='lat' dir='ltr'><strong>Zeno</strong></span> <span class='ocrx_word' id='word_1_403' title='bbox 2860 3450 3054 3532; x_wconf 42' lang='lat' dir='ltr'><strong>hom,&quot;</strong></span> <span class='ocrx_word' id='word_1_404' title='bbox 3102 3487 3295 3536; x_wconf 49' lang='lat' dir='ltr'><strong>auctor</strong></span> <span class='ocrx_word' id='word_1_405' title='bbox 3332 3497 3458 3539; x_wconf 52' lang='lat' dir='ltr'><strong>esse</strong></span> <span class='ocrx_word' id='word_1_406' title='bbox 3499 3496 3766 3539; x_wconf 38' lang='lat' dir='ltr'><strong>sermonum.</strong></span> 
     </span>
    </p>
   </div>
   <div class='ocr_carea' id='block_1_35' title="bbox 524 3545 3768 3649">
    <p class='ocr_par' dir='ltr' id='par_1_35' title="bbox 524 3545 3768 3649">
     <span class='ocr_line' id='line_1_35' title="bbox 524 3545 3768 3649; baseline 0.007 -42"><span class='ocrx_word' id='word_1_407' title='bbox 524 3550 919 3625; x_wconf 86' lang='lat' dir='ltr'><strong>gloriosissimo</strong></span> <span class='ocrx_word' id='word_1_408' title='bbox 943 3550 1165 3621; x_wconf 84' lang='lat' dir='ltr'><strong>martyri</strong></span> <span class='ocrx_word' id='word_1_409' title='bbox 1191 3548 1467 3620; x_wconf 87' lang='lat' dir='ltr'><strong>Cypriane</strong></span> <span class='ocrx_word' id='word_1_410' title='bbox 1488 3548 1716 3619; x_wconf 76' lang='lat' dir='ltr'><strong>mqualis</strong></span> <span class='ocrx_word' id='word_1_411' title='bbox 1745 3547 1926 3649; x_wconf 75' lang='lat' dir='ltr'><strong>fuerit.</strong></span> <span class='ocrx_word' id='word_1_412' title='bbox 1954 3547 2004 3649; x_wconf 29' lang='lat' dir='ltr'><strong>1‘s</strong></span> <span class='ocrx_word' id='word_1_413' title='bbox 2028 3545 2134 3649; x_wconf 74' lang='lat' dir='ltr'><strong>Vc—</strong></span> <span class='ocrx_word' id='word_1_414' title='bbox 2238 3559 2438 3616; x_wconf 67' lang='lat' dir='ltr'><strong>Deinde</strong></span> <span class='ocrx_word' id='word_1_415' title='bbox 2467 3578 2575 3619; x_wconf 80' lang='lat' dir='ltr'><strong>non</strong></span> <span class='ocrx_word' id='word_1_416' title='bbox 2604 3565 2673 3620; x_wconf 71' lang='lat' dir='ltr'><strong>ita</strong></span> <span class='ocrx_word' id='word_1_417' title='bbox 2703 3567 2893 3636; x_wconf 75' lang='lat' dir='ltr'><strong>probat</strong></span> <span class='ocrx_word' id='word_1_418' title='bbox 2912 3586 3035 3626; x_wconf 68' lang='lat' dir='ltr'><strong>cuin</strong></span> <span class='ocrx_word' id='word_1_419' title='bbox 3066 3587 3188 3629; x_wconf 78' lang='lat' dir='ltr'><strong>esse</strong></span> <span class='ocrx_word' id='word_1_420' title='bbox 3221 3573 3451 3632; x_wconf 67' lang='lat' dir='ltr'><strong>Verona:</strong></span> <span class='ocrx_word' id='word_1_421' title='bbox 3482 3579 3768 3649; x_wconf 75' lang='lat' dir='ltr'><strong>episcopum,</strong></span> 
     </span>
    </p>
   </div>
   <div class='ocr_carea' id='block_1_36' title="bbox 526 3641 2143 3741">
    <p class='ocr_par' dir='ltr' id='par_1_36' title="bbox 526 3641 2131 3715">
     <span class='ocr_line' id='line_1_36' title="bbox 526 3641 2131 3715; baseline -0.001 -15"><span class='ocrx_word' id='word_1_422' title='bbox 526 3660 677 3702; x_wconf 83' lang='lat' dir='ltr'><strong>ronae</strong></span> <span class='ocrx_word' id='word_1_423' title='bbox 708 3653 861 3715; x_wconf 87' lang='lat' dir='ltr'><strong>pater</strong></span> <span class='ocrx_word' id='word_1_424' title='bbox 891 3643 1082 3714; x_wconf 71' lang='lat' dir='ltr'><strong>patria:</strong></span> <span class='ocrx_word' id='word_1_425' title='bbox 1113 3643 1421 3698; x_wconf 87' lang='lat' dir='ltr'><strong>nominatus</strong></span> <span class='ocrx_word' id='word_1_426' title='bbox 1440 3652 1545 3710; x_wconf 90' lang='lat' dir='ltr'><strong>est,</strong></span> <span class='ocrx_word' id='word_1_427' title='bbox 1575 3653 1629 3698; x_wconf 89' lang='lat' dir='ltr'><strong>et</strong></span> <span class='ocrx_word' id='word_1_428' title='bbox 1659 3642 1851 3698; x_wconf 87' lang='lat' dir='ltr'><strong>doctor</strong></span> <span class='ocrx_word' id='word_1_429' title='bbox 1881 3641 2131 3714; x_wconf 86' lang='lat' dir='ltr'><strong>insignis,</strong></span> 
     </span>
    </p>
   </div>
   <div class='ocr_carea' id='block_1_37' title="bbox 2250 3641 3771 3741">
    <p class='ocr_par' dir='ltr' id='par_1_37' title="bbox 2250 3641 3771 3741">
     <span class='ocr_line' id='line_1_37' title="bbox 2250 3641 3771 3741; baseline 0.012 -32"><span class='ocrx_word' id='word_1_430' title='bbox 2250 3661 2294 3709; x_wconf 82' lang='grc' dir='ltr'><strong>ιι</strong></span> <span class='ocrx_word' id='word_1_431' title='bbox 2319 3656 2623 3713; x_wconf 85' lang='lat' dir='ltr'><strong>convincat.</strong></span> <span class='ocrx_word' id='word_1_432' title='bbox 2681 3658 2815 3716; x_wconf 88' lang='lat' dir='ltr'><strong>Cum</strong></span> <span class='ocrx_word' id='word_1_433' title='bbox 2867 3663 3014 3719; x_wconf 85' lang='lat' dir='ltr'><strong>enim</strong></span> <span class='ocrx_word' id='word_1_434' title='bbox 3063 3666 3121 3722; x_wconf 70' lang='grc' dir='ltr'><strong>ὃ.</strong></span> <span class='ocrx_word' id='word_1_435' title='bbox 3157 3641 3771 3741; x_wconf 47' lang='lat' dir='ltr'><strong>Ambrosius-aggressus</strong></span> 
     </span>
    </p>
   </div>
   <div class='ocr_carea' id='block_1_38' title="bbox 527 3735 3773 3827">
    <p class='ocr_par' dir='ltr' id='par_1_38' title="bbox 527 3735 3773 3827">
     <span class='ocr_line' id='line_1_38' title="bbox 527 3735 3773 3827; baseline 0.006 -34"><span class='ocrx_word' id='word_1_436' title='bbox 527 3751 636 3809; x_wconf 90' lang='lat' dir='ltr'><strong>quo</strong></span> <span class='ocrx_word' id='word_1_437' title='bbox 659 3736 895 3793; x_wconf 89' lang='lat' dir='ltr'><strong>doctoris</strong></span> <span class='ocrx_word' id='word_1_438' title='bbox 931 3735 1150 3791; x_wconf 85' lang='lat' dir='ltr'><strong>nomine</strong></span> <span class='ocrx_word' id='word_1_439' title='bbox 1183 3736 1235 3791; x_wconf 93' lang='lat' dir='ltr'><strong>in</strong></span> <span class='ocrx_word' id='word_1_440' title='bbox 1268 3735 1508 3792; x_wconf 84' lang='lat' dir='ltr'><strong>Ecclesia</strong></span> <span class='ocrx_word' id='word_1_441' title='bbox 1539 3737 1700 3791; x_wconf 88' lang='lat' dir='ltr'><strong>etiam</strong></span> <span class='ocrx_word' id='word_1_442' title='bbox 1743 3736 2135 3793; x_wconf 77' lang='lat' dir='ltr'><strong>Mediolanensi</strong></span> <span class='ocrx_word' id='word_1_443' title='bbox 2237 3745 2427 3804; x_wconf 81' lang='lat' dir='ltr'><strong>[uisset</strong></span> <span class='ocrx_word' id='word_1_444' title='bbox 2452 3750 2746 3821; x_wconf 68' lang='lat' dir='ltr'><strong>praedicare</strong></span> <span class='ocrx_word' id='word_1_445' title='bbox 2768 3752 2850 3827; x_wconf 91' lang='lat' dir='ltr'><strong>(ut</strong></span> <span class='ocrx_word' id='word_1_446' title='bbox 2876 3755 3106 3827; x_wconf 82' lang='lat' dir='ltr'><strong>legimus</strong></span> <span class='ocrx_word' id='word_1_447' title='bbox 3141 3760 3193 3814; x_wconf 89' lang='lat' dir='ltr'><strong>in</strong></span> <span class='ocrx_word' id='word_1_448' title='bbox 3228 3761 3336 3817; x_wconf 81' lang='lat' dir='ltr'><strong>vita</strong></span> <span class='ocrx_word' id='word_1_449' title='bbox 3386 3762 3445 3820; x_wconf 86' lang='lat' dir='ltr'><strong>S.</strong></span> <span class='ocrx_word' id='word_1_450' title='bbox 3476 3735 3674 3820; x_wconf 54' lang='lat' dir='ltr'><strong>Eusebii</strong></span> <span class='ocrx_word' id='word_1_451' title='bbox 3704 3762 3773 3816; x_wconf 84' lang='lat' dir='ltr'><strong>Bo-</strong></span> 
     </span>
    </p>
   </div>
   <div class='ocr_carea' id='block_1_39' title="bbox 530 3827 2143 3924">
    <p class='ocr_par' dir='ltr' id='par_1_39' title="bbox 530 3827 2137 3900">
     <span class='ocr_line' id='line_1_39' title="bbox 530 3827 2137 3900; baseline -0.003 -11"><span class='ocrx_word' id='word_1_452' title='bbox 530 3831 839 3889; x_wconf 86' lang='lat' dir='ltr'><strong>decoratur.</strong></span> <span class='ocrx_word' id='word_1_453' title='bbox 868 3828 926 3884; x_wconf 82' lang='lat' dir='ltr'><strong>In</strong></span> <span class='ocrx_word' id='word_1_454' title='bbox 954 3828 1165 3886; x_wconf 65' lang='lat' dir='ltr'><strong>Graecia</strong></span> <span class='ocrx_word' id='word_1_455' title='bbox 1185 3829 1348 3885; x_wconf 90' lang='lat' dir='ltr'><strong>etiam</strong></span> <span class='ocrx_word' id='word_1_456' title='bbox 1379 3827 1584 3885; x_wconf 83' lang='lat' dir='ltr'><strong>Christi</strong></span> <span class='ocrx_word' id='word_1_457' title='bbox 1620 3829 1971 3899; x_wconf 82' lang='lat' dir='ltr'><strong>Evangelium</strong></span> <span class='ocrx_word' id='word_1_458' title='bbox 1995 3845 2137 3900; x_wconf 71' lang='lat' dir='ltr'><strong>prte-</strong></span> 
     </span>
    </p>
   </div>
   <div class='ocr_carea' id='block_1_40' title="bbox 2250 3827 3775 3924">
    <p class='ocr_par' dir='ltr' id='par_1_40' title="bbox 2250 3842 3775 3924">
     <span class='ocr_line' id='line_1_40' title="bbox 2250 3842 3775 3924; baseline 0.008 -30"><span class='ocrx_word' id='word_1_459' title='bbox 2250 3842 2414 3897; x_wconf 72' lang='lat' dir='ltr'><strong>uoniac</strong></span> <span class='ocrx_word' id='word_1_460' title='bbox 2456 3843 2706 3916; x_wconf 80' lang='lat' dir='ltr'><strong>Episcopi</strong></span> <span class='ocrx_word' id='word_1_461' title='bbox 2750 3847 2846 3903; x_wconf 88' lang='lat' dir='ltr'><strong>lib.</strong></span> <span class='ocrx_word' id='word_1_462' title='bbox 2882 3865 2899 3903; x_wconf 90' lang='lat' dir='ltr'><strong>t</strong></span> <span class='ocrx_word' id='word_1_463' title='bbox 2942 3850 3013 3907; x_wconf 90' lang='lat' dir='ltr'><strong>de</strong></span> <span class='ocrx_word' id='word_1_464' title='bbox 3058 3853 3330 3924; x_wconf 89' lang='lat' dir='ltr'><strong>episcopis</strong></span> <span class='ocrx_word' id='word_1_465' title='bbox 3379 3854 3775 3917; x_wconf 71' lang='lat' dir='ltr'><strong>Bononiensibus}</strong></span> 
     </span>
    </p>
   </div>
   <div class='ocr_carea' id='block_1_41' title="bbox 532 3921 3776 4022">
    <p class='ocr_par' dir='ltr' id='par_1_41' title="bbox 532 3921 3776 4022">
     <span class='ocr_line' id='line_1_41' title="bbox 532 3921 3776 4022; baseline 0.008 -42"><span class='ocrx_word' id='word_1_466' title='bbox 532 3924 752 3981; x_wconf 88' lang='lat' dir='ltr'><strong>dicavit.</strong></span> <span class='ocrx_word' id='word_1_467' title='bbox 786 3922 1015 3978; x_wconf 79' lang='lat' dir='ltr'><strong>Exstant</strong></span> <span class='ocrx_word' id='word_1_468' title='bbox 1057 3921 1201 3992; x_wconf 87' lang='lat' dir='ltr'><strong>apud</strong></span> <span class='ocrx_word' id='word_1_469' title='bbox 1234 3938 1331 3977; x_wconf 88' lang='lat' dir='ltr'><strong>nos</strong></span> <span class='ocrx_word' id='word_1_470' title='bbox 1380 3922 1539 3992; x_wconf 87' lang='lat' dir='ltr'><strong>hujus</strong></span> <span class='ocrx_word' id='word_1_471' title='bbox 1574 3923 1634 3978; x_wconf 92' lang='lat' dir='ltr'><strong>S.</strong></span> <span class='ocrx_word' id='word_1_472' title='bbox 1668 3923 1900 3979; x_wconf 85' lang='lat' dir='ltr'><strong>Zenonis</strong></span> <span class='ocrx_word' id='word_1_473' title='bbox 1926 3939 2135 3980; x_wconf 88' lang='lat' dir='ltr'><strong>sermo-</strong></span> <span class='ocrx_word' id='word_1_474' title='bbox 2238 3944 2505 3992; x_wconf 76' lang='lat' dir='ltr'><strong>sacratam</strong></span> <span class='ocrx_word' id='word_1_475' title='bbox 2540 3938 2649 3995; x_wconf 89' lang='lat' dir='ltr'><strong>Deo</strong></span> <span class='ocrx_word' id='word_1_476' title='bbox 2671 3939 3059 4011; x_wconf 80' lang='lat' dir='ltr'><strong>virginitatem,</strong></span> <span class='ocrx_word' id='word_1_477' title='bbox 3094 3921 3466 4006; x_wconf 77' lang='lat' dir='ltr'><strong>Bononienses</strong></span> <span class='ocrx_word' id='word_1_478' title='bbox 3492 3952 3607 4022; x_wconf 86' lang='lat' dir='ltr'><strong>ejus</strong></span> <span class='ocrx_word' id='word_1_479' title='bbox 3637 3946 3776 4021; x_wconf 68' lang='lat' dir='ltr'><strong>prtuli-</strong></span> 
     </span>
    </p>
   </div>
   <div class='ocr_carea' id='block_1_42' title="bbox 532 4014 3777 4113">
    <p class='ocr_par' dir='ltr' id='par_1_42' title="bbox 532 4014 3777 4113">
     <span class='ocr_line' id='line_1_42' title="bbox 532 4014 3777 4113; baseline 0.009 -41"><span class='ocrx_word' id='word_1_480' title='bbox 532 4032 632 4075; x_wconf 88' lang='lat' dir='ltr'><strong>nes</strong></span> <span class='ocrx_word' id='word_1_481' title='bbox 659 4019 711 4071; x_wconf 92' lang='lat' dir='ltr'><strong>in</strong></span> <span class='ocrx_word' id='word_1_482' title='bbox 758 4024 975 4072; x_wconf 89' lang='lat' dir='ltr'><strong>vetusto</strong></span> <span class='ocrx_word' id='word_1_483' title='bbox 1015 4030 1081 4071; x_wconf 78' lang='lat' dir='ltr'><strong>ex</strong></span> <span class='ocrx_word' id='word_1_484' title='bbox 1128 4014 1458 4072; x_wconf 86' lang='lat' dir='ltr'><strong>membranis</strong></span> <span class='ocrx_word' id='word_1_485' title='bbox 1501 4031 1664 4070; x_wconf 89' lang='lat' dir='ltr'><strong>manu</strong></span> <span class='ocrx_word' id='word_1_486' title='bbox 1695 4017 1899 4088; x_wconf 88' lang='lat' dir='ltr'><strong>scripto</strong></span> <span class='ocrx_word' id='word_1_487' title='bbox 1927 4016 2133 4075; x_wconf 89' lang='lat' dir='ltr'><strong>codice.</strong></span> <span class='ocrx_word' id='word_1_488' title='bbox 2239 4027 2452 4086; x_wconf 83' lang='lat' dir='ltr'><strong>catione</strong></span> <span class='ocrx_word' id='word_1_489' title='bbox 2481 4036 2735 4100; x_wconf 88' lang='lat' dir='ltr'><strong>permeti,</strong></span> <span class='ocrx_word' id='word_1_490' title='bbox 2765 4034 2957 4091; x_wconf 89' lang='lat' dir='ltr'><strong>eodem</strong></span> <span class='ocrx_word' id='word_1_491' title='bbox 3004 4037 3240 4095; x_wconf 89' lang='lat' dir='ltr'><strong>Eusebio</strong></span> <span class='ocrx_word' id='word_1_492' title='bbox 3286 4014 3550 4111; x_wconf 42' lang='lat' dir='ltr'><strong>auctore&#39;,</strong></span> <span class='ocrx_word' id='word_1_493' title='bbox 3599 4014 3777 4113; x_wconf 71' lang='lat' dir='ltr'><strong>virgines</strong></span> 
     </span>
    </p>
   </div>
   <div class='ocr_carea' id='block_1_43' title="bbox 535 4105 3775 4192">
    <p class='ocr_par' dir='ltr' id='par_1_43' title="bbox 535 4105 3775 4192">
     <span class='ocr_line' id='line_1_43' title="bbox 535 4105 3775 4192; baseline 0.006 -29"><span class='ocrx_word' id='word_1_494' title='bbox 535 4106 702 4164; x_wconf 82' lang='lat' dir='ltr'><strong>Iidem</strong></span> <span class='ocrx_word' id='word_1_495' title='bbox 734 4123 764 4163; x_wconf 90' lang='lat' dir='ltr'><strong>a</strong></span> <span class='ocrx_word' id='word_1_496' title='bbox 791 4107 1030 4164; x_wconf 88' lang='lat' dir='ltr'><strong>Guarino</strong></span> <span class='ocrx_word' id='word_1_497' title='bbox 1052 4106 1249 4161; x_wconf 88' lang='lat' dir='ltr'><strong>litteris</strong></span> <span class='ocrx_word' id='word_1_498' title='bbox 1277 4105 1482 4163; x_wconf 67' lang='lat' dir='ltr'><strong>Graecis</strong></span> <span class='ocrx_word' id='word_1_499' title='bbox 1534 4116 1590 4162; x_wconf 91' lang='lat' dir='ltr'><strong>et</strong></span> <span class='ocrx_word' id='word_1_500' title='bbox 1632 4107 1839 4164; x_wconf 83' lang='lat' dir='ltr'><strong>Latinis</strong></span> <span class='ocrx_word' id='word_1_501' title='bbox 1882 4108 2135 4176; x_wconf 88' lang='lat' dir='ltr'><strong>erudito,</strong></span> <span class='ocrx_word' id='word_1_502' title='bbox 2240 4118 2341 4190; x_wconf 82' lang='lat' dir='ltr'><strong>ipsi</strong></span> <span class='ocrx_word' id='word_1_503' title='bbox 2369 4135 2493 4176; x_wconf 80' lang='lat' dir='ltr'><strong>suas</strong></span> <span class='ocrx_word' id='word_1_504' title='bbox 2541 4124 2740 4192; x_wconf 82' lang='lat' dir='ltr'><strong>passim</strong></span> <span class='ocrx_word' id='word_1_505' title='bbox 2787 4124 3151 4184; x_wconf 77' lang='lat' dir='ltr'><strong>Mediolanum</strong></span> <span class='ocrx_word' id='word_1_506' title='bbox 3200 4133 3462 4192; x_wconf 60' lang='lat' dir='ltr'><strong>velandus</strong></span> <span class='ocrx_word' id='word_1_507' title='bbox 3506 4105 3775 4192; x_wconf 47' lang='lat' dir='ltr'><strong>mittebant:</strong></span> 
     </span>
    </p>
   </div>
   <div class='ocr_carea' id='block_1_44' title="bbox 537 4199 3779 4285">
    <p class='ocr_par' dir='ltr' id='par_1_44' title="bbox 537 4199 3779 4285">
     <span class='ocr_line' id='line_1_44' title="bbox 537 4199 3779 4285; baseline 0.007 -30"><span class='ocrx_word' id='word_1_508' title='bbox 537 4201 592 4257; x_wconf 91' lang='lat' dir='ltr'><strong>in</strong></span> <span class='ocrx_word' id='word_1_509' title='bbox 618 4201 995 4270; x_wconf 90' lang='lat' dir='ltr'><strong>antiquissimo</strong></span> <span class='ocrx_word' id='word_1_510' title='bbox 1026 4199 1300 4256; x_wconf 88' lang='lat' dir='ltr'><strong>volumine</strong></span> <span class='ocrx_word' id='word_1_511' title='bbox 1329 4200 1675 4271; x_wconf 88' lang='lat' dir='ltr'><strong>episcopatus</strong></span> <span class='ocrx_word' id='word_1_512' title='bbox 1706 4201 1922 4258; x_wconf 83' lang='lat' dir='ltr'><strong>fuerunt</strong></span> <span class='ocrx_word' id='word_1_513' title='bbox 1953 4220 2141 4275; x_wconf 88' lang='lat' dir='ltr'><strong>reper-</strong></span> <span class='ocrx_word' id='word_1_514' title='bbox 2241 4213 2397 4282; x_wconf 82' lang='lat' dir='ltr'><strong>cujus</strong></span> <span class='ocrx_word' id='word_1_515' title='bbox 2425 4214 2502 4271; x_wconf 87' lang='lat' dir='ltr'><strong>rei</strong></span> <span class='ocrx_word' id='word_1_516' title='bbox 2523 4215 2685 4272; x_wconf 85' lang='lat' dir='ltr'><strong>etiam</strong></span> <span class='ocrx_word' id='word_1_517' title='bbox 2712 4217 2854 4274; x_wconf 83' lang='lat' dir='ltr'><strong>idem</strong></span> <span class='ocrx_word' id='word_1_518' title='bbox 2880 4218 2940 4277; x_wconf 87' lang='lat' dir='ltr'><strong>s.</strong></span> <span class='ocrx_word' id='word_1_519' title='bbox 2970 4223 3289 4281; x_wconf 79' lang='lat' dir='ltr'><strong>Ambrosius</strong></span> <span class='ocrx_word' id='word_1_520' title='bbox 3328 4228 3576 4285; x_wconf 73' lang='lat' dir='ltr'><strong>meminit</strong></span> <span class='ocrx_word' id='word_1_521' title='bbox 3602 4223 3779 4283; x_wconf 67' lang='lat' dir='ltr'><strong>lileie</strong></span> 
     </span>
    </p>
   </div>
   <div class='ocr_carea' id='block_1_45' title="bbox 539 4292 3779 4393">
    <p class='ocr_par' dir='ltr' id='par_1_45' title="bbox 539 4292 3779 4393">
     <span class='ocr_line' id='line_1_45' title="bbox 539 4292 3779 4393; baseline 0.008 -43"><span class='ocrx_word' id='word_1_522' title='bbox 539 4296 601 4362; x_wconf 87' lang='lat' dir='ltr'><strong>ti,</strong></span> <span class='ocrx_word' id='word_1_523' title='bbox 648 4306 701 4351; x_wconf 91' lang='lat' dir='ltr'><strong>et</strong></span> <span class='ocrx_word' id='word_1_524' title='bbox 738 4309 770 4348; x_wconf 89' lang='lat' dir='ltr'><strong>a</strong></span> <span class='ocrx_word' id='word_1_525' title='bbox 799 4292 1090 4364; x_wconf 88' lang='lat' dir='ltr'><strong>bibliopola</strong></span> <span class='ocrx_word' id='word_1_526' title='bbox 1121 4293 1354 4364; x_wconf 87' lang='lat' dir='ltr'><strong>quodam</strong></span> <span class='ocrx_word' id='word_1_527' title='bbox 1410 4310 1552 4350; x_wconf 90' lang='lat' dir='ltr'><strong>anno</strong></span> <span class='ocrx_word' id='word_1_528' title='bbox 1608 4294 1746 4350; x_wconf 74' lang='lat'><strong>1508</strong></span> <span class='ocrx_word' id='word_1_529' title='bbox 1793 4296 2018 4352; x_wconf 88' lang='lat' dir='ltr'><strong>rudibus</strong></span> <span class='ocrx_word' id='word_1_530' title='bbox 2088 4308 2143 4353; x_wconf 92' lang='lat' dir='ltr'><strong>et</strong></span> <span class='ocrx_word' id='word_1_531' title='bbox 2244 4306 2590 4393; x_wconf 78' lang='lat' dir='ltr'><strong>Virginibus:</strong></span> <span class='ocrx_word' id='word_1_532' title='bbox 2625 4311 2714 4367; x_wconf 89' lang='lat' dir='ltr'><strong>ubi</strong></span> <span class='ocrx_word' id='word_1_533' title='bbox 2745 4316 2908 4369; x_wconf 90' lang='lat' dir='ltr'><strong>etiam</strong></span> <span class='ocrx_word' id='word_1_534' title='bbox 2959 4324 3185 4373; x_wconf 88' lang='lat' dir='ltr'><strong>testatur</strong></span> <span class='ocrx_word' id='word_1_535' title='bbox 3221 4320 3463 4393; x_wconf 87' lang='lat' dir='ltr'><strong>virgines</strong></span> <span class='ocrx_word' id='word_1_536' title='bbox 3504 4324 3588 4378; x_wconf 87' lang='lat' dir='ltr'><strong>vel</strong></span> <span class='ocrx_word' id='word_1_537' title='bbox 3624 4322 3683 4377; x_wconf 85' lang='lat' dir='ltr'><strong>ab</strong></span> <span class='ocrx_word' id='word_1_538' title='bbox 3702 4321 3779 4388; x_wconf 64' lang='lat' dir='ltr'><strong>ipsa</strong></span> 
     </span>
    </p>
   </div>
   <div class='ocr_carea' id='block_1_46' title="bbox 514 4387 3782 4477">
    <p class='ocr_par' dir='ltr' id='par_1_46' title="bbox 514 4387 3782 4477">
     <span class='ocr_line' id='line_1_46' title="bbox 514 4387 3782 4477; baseline 0.005 -29"><span class='ocrx_word' id='word_1_539' title='bbox 514 4392 816 4448; x_wconf 76' lang='lat' dir='ltr'><strong>&#39;mendosis</strong></span> <span class='ocrx_word' id='word_1_540' title='bbox 868 4391 1159 4447; x_wconf 88' lang='lat' dir='ltr'><strong>admodum</strong></span> <span class='ocrx_word' id='word_1_541' title='bbox 1211 4393 1353 4464; x_wconf 86' lang='lat' dir='ltr'><strong>typis</strong></span> <span class='ocrx_word' id='word_1_542' title='bbox 1415 4389 1656 4447; x_wconf 87' lang='lat' dir='ltr'><strong>Venetiis</strong></span> <span class='ocrx_word' id='word_1_543' title='bbox 1703 4391 1920 4447; x_wconf 80' lang='lat' dir='ltr'><strong>fuerunt</strong></span> <span class='ocrx_word' id='word_1_544' title='bbox 1964 4393 2141 4462; x_wconf 91' lang='lat' dir='ltr'><strong>editi,</strong></span> <span class='ocrx_word' id='word_1_545' title='bbox 2243 4387 2561 4457; x_wconf 82' lang='lat' dir='ltr'><strong>Mauritania</strong></span> <span class='ocrx_word' id='word_1_546' title='bbox 2584 4404 2944 4464; x_wconf 82' lang='lat' dir='ltr'><strong>Mediolanum</strong></span> <span class='ocrx_word' id='word_1_547' title='bbox 2980 4452 2995 4477; x_wconf 89' lang='lat'><strong>,</strong></span> <span class='ocrx_word' id='word_1_548' title='bbox 3026 4419 3085 4467; x_wconf 92' lang='lat' dir='ltr'><strong>ut</strong></span> <span class='ocrx_word' id='word_1_549' title='bbox 3110 4387 3423 4471; x_wconf 72' lang='lat' dir='ltr'><strong>velarentur</strong></span> <span class='ocrx_word' id='word_1_550' title='bbox 3452 4427 3507 4475; x_wconf 89' lang='lat' dir='ltr'><strong>et</strong></span> <span class='ocrx_word' id='word_1_551' title='bbox 3560 4387 3782 4472; x_wconf 64' lang='lat' dir='ltr'><strong>sacraret-</strong></span> 
     </span>
    </p>
   </div>
   <div class='ocr_carea' id='block_1_47' title="bbox 539 4484 3783 4573">
    <p class='ocr_par' dir='ltr' id='par_1_47' title="bbox 539 4484 3783 4573">
     <span class='ocr_line' id='line_1_47' title="bbox 539 4484 3783 4573; baseline 0.006 -33"><span class='ocrx_word' id='word_1_552' title='bbox 539 4486 600 4544; x_wconf 91' lang='lat' dir='ltr'><strong>S.</strong></span> <span class='ocrx_word' id='word_1_553' title='bbox 649 4485 883 4543; x_wconf 91' lang='lat' dir='ltr'><strong>Zenonis</strong></span> <span class='ocrx_word' id='word_1_554' title='bbox 934 4485 1150 4540; x_wconf 89' lang='lat' dir='ltr'><strong>nomine</strong></span> <span class='ocrx_word' id='word_1_555' title='bbox 1186 4527 1199 4553; x_wconf 91' lang='lat'><strong>,</strong></span> <span class='ocrx_word' id='word_1_556' title='bbox 1254 4496 1308 4539; x_wconf 92' lang='lat' dir='ltr'><strong>ut</strong></span> <span class='ocrx_word' id='word_1_557' title='bbox 1358 4484 1427 4541; x_wconf 92' lang='lat' dir='ltr'><strong>de</strong></span> <span class='ocrx_word' id='word_1_558' title='bbox 1481 4500 1668 4541; x_wconf 90' lang='lat' dir='ltr'><strong>eorum</strong></span> <span class='ocrx_word' id='word_1_559' title='bbox 1720 4495 1943 4542; x_wconf 89' lang='lat' dir='ltr'><strong>auctore</strong></span> <span class='ocrx_word' id='word_1_560' title='bbox 1994 4487 2143 4543; x_wconf 90' lang='lat' dir='ltr'><strong>nullo</strong></span> <span class='ocrx_word' id='word_1_561' title='bbox 2246 4500 2353 4561; x_wconf 89' lang='lat' dir='ltr'><strong>tur,</strong></span> <span class='ocrx_word' id='word_1_562' title='bbox 2379 4496 2628 4550; x_wconf 83' lang='lat' dir='ltr'><strong>venisse:</strong></span> <span class='ocrx_word' id='word_1_563' title='bbox 2661 4497 2849 4554; x_wconf 88' lang='lat' dir='ltr'><strong>eadem</strong></span> <span class='ocrx_word' id='word_1_564' title='bbox 2901 4501 3110 4559; x_wconf 91' lang='lat' dir='ltr'><strong>ratione</strong></span> <span class='ocrx_word' id='word_1_565' title='bbox 3149 4505 3481 4563; x_wconf 86' lang='lat' dir='ltr'><strong>credendum</strong></span> <span class='ocrx_word' id='word_1_566' title='bbox 3528 4502 3783 4573; x_wconf 72' lang='lat' dir='ltr'><strong>est,vtrgi-</strong></span> 
     </span>
    </p>
   </div>
   <div class='ocr_carea' id='block_1_48' title="bbox 540 4579 3783 4669">
    <p class='ocr_par' dir='ltr' id='par_1_48' title="bbox 540 4579 3783 4669">
     <span class='ocr_line' id='line_1_48' title="bbox 540 4579 3783 4669; baseline 0.006 -33"><span class='ocrx_word' id='word_1_567' title='bbox 540 4581 705 4637; x_wconf 86' lang='lat' dir='ltr'><strong>modo</strong></span> <span class='ocrx_word' id='word_1_568' title='bbox 734 4581 802 4637; x_wconf 91' lang='lat' dir='ltr'><strong>sit</strong></span> <span class='ocrx_word' id='word_1_569' title='bbox 832 4579 1205 4637; x_wconf 90' lang='lat' dir='ltr'><strong>dubitandum.</strong></span> <span class='ocrx_word' id='word_1_570' title='bbox 1237 4579 1391 4637; x_wconf 85' lang='lat' dir='ltr'><strong>Nunc</strong></span> <span class='ocrx_word' id='word_1_571' title='bbox 1419 4595 1548 4637; x_wconf 85' lang='lat' dir='ltr'><strong>vero</strong></span> <span class='ocrx_word' id='word_1_572' title='bbox 1578 4580 1924 4651; x_wconf 82' lang='lat' dir='ltr'><strong>politioribus</strong></span> <span class='ocrx_word' id='word_1_573' title='bbox 1955 4581 2144 4638; x_wconf 82' lang='lat' dir='ltr'><strong>formis</strong></span> <span class='ocrx_word' id='word_1_574' title='bbox 2246 4600 2370 4640; x_wconf 90' lang='lat' dir='ltr'><strong>nem</strong></span> <span class='ocrx_word' id='word_1_575' title='bbox 2396 4586 2541 4642; x_wconf 91' lang='lat' dir='ltr'><strong>illam</strong></span> <span class='ocrx_word' id='word_1_576' title='bbox 2575 4587 2831 4645; x_wconf 88' lang='lat' dir='ltr'><strong>lndieiam</strong></span> <span class='ocrx_word' id='word_1_577' title='bbox 2857 4595 3100 4659; x_wconf 89' lang='lat' dir='ltr'><strong>nomine,</strong></span> <span class='ocrx_word' id='word_1_578' title='bbox 3132 4596 3201 4652; x_wconf 91' lang='lat' dir='ltr'><strong>de</strong></span> <span class='ocrx_word' id='word_1_579' title='bbox 3239 4613 3345 4669; x_wconf 84' lang='lat' dir='ltr'><strong>qua</strong></span> <span class='ocrx_word' id='word_1_580' title='bbox 3386 4600 3464 4656; x_wconf 85' lang='lat' dir='ltr'><strong>ibi</strong></span> <span class='ocrx_word' id='word_1_581' title='bbox 3497 4599 3556 4656; x_wconf 85' lang='lat' dir='ltr'><strong>ﬁt</strong></span> <span class='ocrx_word' id='word_1_582' title='bbox 3598 4581 3783 4657; x_wconf 74' lang='lat' dir='ltr'><strong>mentio.</strong></span> 
     </span>
    </p>
   </div>
   <div class='ocr_carea' id='block_1_49' title="bbox 542 4671 3784 4749">
    <p class='ocr_par' dir='ltr' id='par_1_49' title="bbox 542 4671 3784 4749">
     <span class='ocr_line' id='line_1_49' title="bbox 542 4671 3784 4749; baseline 0 -19"><span class='ocrx_word' id='word_1_583' title='bbox 542 4684 731 4730; x_wconf 82' lang='lat' dir='ltr'><strong>exacte</strong></span> <span class='ocrx_word' id='word_1_584' title='bbox 759 4673 1042 4742; x_wconf 89' lang='lat' dir='ltr'><strong>recogniti,</strong></span> <span class='ocrx_word' id='word_1_585' title='bbox 1075 4671 1347 4727; x_wconf 84' lang='lat' dir='ltr'><strong>emendati</strong></span> <span class='ocrx_word' id='word_1_586' title='bbox 1378 4681 1431 4726; x_wconf 91' lang='lat' dir='ltr'><strong>et</strong></span> <span class='ocrx_word' id='word_1_587' title='bbox 1488 4672 1805 4741; x_wconf 81' lang='lat' dir='ltr'><strong>expurgati,</strong></span> <span class='ocrx_word' id='word_1_588' title='bbox 1857 4672 2144 4742; x_wconf 83' lang='lat' dir='ltr'><strong>Augustini</strong></span> <span class='ocrx_word' id='word_1_589' title='bbox 2246 4677 2530 4736; x_wconf 70' lang='lat' dir='ltr'><strong>Mediolani</strong></span> <span class='ocrx_word' id='word_1_590' title='bbox 2561 4698 2590 4736; x_wconf 71' lang='grc' dir='ltr'><strong>ει</strong></span> <span class='ocrx_word' id='word_1_591' title='bbox 2620 4685 2678 4739; x_wconf 75' lang='lat' dir='ltr'><strong>s,</strong></span> <span class='ocrx_word' id='word_1_592' title='bbox 2711 4685 3001 4743; x_wconf 70' lang='grc' dir='ltr'><strong>Αωιηοοείο</strong></span> <span class='ocrx_word' id='word_1_593' title='bbox 3028 4688 3203 4746; x_wconf 63' lang='lat' dir='ltr'><strong>eidem</strong></span> <span class='ocrx_word' id='word_1_594' title='bbox 3245 4690 3449 4749; x_wconf 64' lang='lat' dir='ltr'><strong>zenon;</strong></span> <span class='ocrx_word' id='word_1_595' title='bbox 3486 4695 3599 4749; x_wconf 64' lang='grc' dir='ltr'><strong>νίνο</strong></span> <span class='ocrx_word' id='word_1_596' title='bbox 3634 4698 3784 4747; x_wconf 60' lang='lat' dir='ltr'><strong>mm</strong></span> 
     </span>
    </p>
   </div>
   <div class='ocr_carea' id='block_1_50' title="bbox 542 4761 3785 4845">
    <p class='ocr_par' dir='ltr' id='par_1_50' title="bbox 542 4761 3785 4845">
     <span class='ocr_line' id='line_1_50' title="bbox 542 4761 3785 4845; baseline 0.003 -22"><span class='ocrx_word' id='word_1_597' title='bbox 542 4766 744 4823; x_wconf 89' lang='lat' dir='ltr'><strong>Valerii</strong></span> <span class='ocrx_word' id='word_1_598' title='bbox 766 4763 998 4819; x_wconf 67' lang='lat' dir='ltr'><strong>Veronae</strong></span> <span class='ocrx_word' id='word_1_599' title='bbox 1026 4764 1154 4819; x_wconf 89' lang='lat' dir='ltr'><strong>item</strong></span> <span class='ocrx_word' id='word_1_600' title='bbox 1177 4761 1442 4833; x_wconf 89' lang='lat' dir='ltr'><strong>episcopi,</strong></span> <span class='ocrx_word' id='word_1_601' title='bbox 1488 4772 1542 4817; x_wconf 91' lang='lat' dir='ltr'><strong>et</strong></span> <span class='ocrx_word' id='word_1_602' title='bbox 1570 4762 1628 4819; x_wconf 88' lang='lat' dir='ltr'><strong>S.</strong></span> <span class='ocrx_word' id='word_1_603' title='bbox 1654 4762 1720 4818; x_wconf 83' lang='lat' dir='ltr'><strong>R.</strong></span> <span class='ocrx_word' id='word_1_604' title='bbox 1752 4762 1817 4818; x_wconf 90' lang='lat' dir='ltr'><strong>E.</strong></span> <span class='ocrx_word' id='word_1_605' title='bbox 1849 4763 2224 4826; x_wconf 87' lang='lat' dir='ltr'><strong>cardinalis.D</strong></span> <span class='ocrx_word' id='word_1_606' title='bbox 2249 4773 2527 4828; x_wconf 67' lang='lat' dir='ltr'><strong>memoriae</strong></span> <span class='ocrx_word' id='word_1_607' title='bbox 2594 4777 2926 4845; x_wconf 66' lang='lat' dir='ltr'><strong>probandam</strong></span> <span class='ocrx_word' id='word_1_608' title='bbox 3003 4791 3057 4835; x_wconf 74' lang='grc' dir='ltr'>ει</span> <span class='ocrx_word' id='word_1_609' title='bbox 3107 4782 3533 4842; x_wconf 74' lang='lat' dir='ltr'><strong>benedicendam</strong></span> <span class='ocrx_word' id='word_1_610' title='bbox 3590 4784 3785 4841; x_wconf 75' lang='lat' dir='ltr'><strong>traditam</strong></span> 
     </span>
    </p>
   </div>
   <div class='ocr_carea' id='block_1_51' title="bbox 541 4848 3782 4950">
    <p class='ocr_par' dir='ltr' id='par_1_51' title="bbox 541 4848 3782 4950">
     <span class='ocr_line' id='line_1_51' title="bbox 541 4848 3782 4950; baseline -0.002 -18"><span class='ocrx_word' id='word_1_611' title='bbox 541 4848 917 4921; x_wconf 62' lang='grc' dir='ltr'><strong>ίιιῧεῑτίδδίῖηῖν</strong></span> <span class='ocrx_word' id='word_1_612' title='bbox 950 4866 1004 4912; x_wconf 69' lang='grc' dir='ltr'><strong>ει</strong></span> <span class='ocrx_word' id='word_1_613' title='bbox 1024 4854 1462 4924; x_wconf 63' lang='grc' dir='ltr'><strong>ι’θνενθηάίξθίίηῖ</strong></span> <span class='ocrx_word' id='word_1_614' title='bbox 1482 4854 1637 4924; x_wconf 70' lang='lat' dir='ltr'><strong>iussu</strong></span> <span class='ocrx_word' id='word_1_615' title='bbox 1663 4870 1760 4925; x_wconf 71' lang='grc' dir='ltr'><strong>Ρτο</strong></span> <span class='ocrx_word' id='word_1_616' title='bbox 1790 4856 1976 4912; x_wconf 70' lang='grc' dir='ltr'><strong>εοιενῑί</strong></span> <span class='ocrx_word' id='word_1_617' title='bbox 2000 4857 2140 4927; x_wconf 56' lang='lat' dir='ltr'><strong>eius,</strong></span> <span class='ocrx_word' id='word_1_618' title='bbox 2248 4865 2456 4923; x_wconf 79' lang='lat' dir='ltr'><strong>fuisse:</strong></span> <span class='ocrx_word' id='word_1_619' title='bbox 2492 4869 2544 4924; x_wconf 93' lang='lat' dir='ltr'><strong>id</strong></span> <span class='ocrx_word' id='word_1_620' title='bbox 2591 4871 2733 4925; x_wconf 93' lang='lat' dir='ltr'><strong>enim</strong></span> <span class='ocrx_word' id='word_1_621' title='bbox 2764 4870 2926 4929; x_wconf 84' lang='lat' dir='ltr'><strong>facile</strong></span> <span class='ocrx_word' id='word_1_622' title='bbox 2959 4890 3027 4930; x_wconf 78' lang='lat' dir='ltr'><strong>ex</strong></span> <span class='ocrx_word' id='word_1_623' title='bbox 3062 4876 3252 4933; x_wconf 86' lang='lat' dir='ltr'><strong>eadem</strong></span> <span class='ocrx_word' id='word_1_624' title='bbox 3281 4880 3508 4950; x_wconf 84' lang='lat' dir='ltr'><strong>epistola</strong></span> <span class='ocrx_word' id='word_1_625' title='bbox 3548 4878 3782 4950; x_wconf 76' lang='lat' dir='ltr'><strong>colligitur.</strong></span> 
     </span>
    </p>
   </div>
   <div class='ocr_carea' id='block_1_52' title="bbox 542 4948 3783 5037">
    <p class='ocr_par' dir='ltr' id='par_1_52' title="bbox 542 4948 3783 5037">
     <span class='ocr_line' id='line_1_52' title="bbox 542 4948 3783 5037; baseline 0.005 -24"><span class='ocrx_word' id='word_1_626' title='bbox 542 4954 693 5030; x_wconf 64' lang='lat' dir='ltr'><strong>vigili</strong></span> <span class='ocrx_word' id='word_1_627' title='bbox 739 4962 795 5008; x_wconf 80' lang='lat' dir='ltr'><strong>el</strong></span> <span class='ocrx_word' id='word_1_628' title='bbox 826 4950 983 5007; x_wconf 66' lang='lat' dir='ltr'><strong>Solita</strong></span> <span class='ocrx_word' id='word_1_629' title='bbox 1007 4948 1260 5020; x_wconf 68' lang='lat' dir='ltr'><strong>938mm“</strong></span> <span class='ocrx_word' id='word_1_630' title='bbox 1292 4964 1422 5004; x_wconf 69' lang='lat' dir='ltr'><strong>cura</strong></span> <span class='ocrx_word' id='word_1_631' title='bbox 1453 4948 1703 5018; x_wconf 72' lang='grc' dir='ltr'><strong>ίιιιντθεεὶ</strong></span> <span class='ocrx_word' id='word_1_632' title='bbox 1734 4960 1859 5004; x_wconf 73' lang='grc' dir='ltr'><strong>διιιιι</strong></span> <span class='ocrx_word' id='word_1_633' title='bbox 1884 4992 1899 5017; x_wconf 73' lang='grc'><strong>9</strong></span> <span class='ocrx_word' id='word_1_634' title='bbox 1949 4961 2003 5007; x_wconf 78' lang='lat' dir='ltr'><strong>el</strong></span> <span class='ocrx_word' id='word_1_635' title='bbox 2031 4951 2143 5008; x_wconf 81' lang='lat' dir='ltr'><strong>diS-</strong></span> <span class='ocrx_word' id='word_1_636' title='bbox 2250 4959 2417 5015; x_wconf 88' lang='lat' dir='ltr'><strong>Soror</strong></span> <span class='ocrx_word' id='word_1_637' title='bbox 2439 4962 2579 5017; x_wconf 84' lang='lat' dir='ltr'><strong>enim</strong></span> <span class='ocrx_word' id='word_1_638' title='bbox 2609 4963 2722 5033; x_wconf 87' lang='lat' dir='ltr'><strong>ipsa</strong></span> <span class='ocrx_word' id='word_1_639' title='bbox 2750 4966 2806 5020; x_wconf 91' lang='lat' dir='ltr'><strong>S.</strong></span> <span class='ocrx_word' id='word_1_640' title='bbox 2840 4968 3108 5024; x_wconf 84' lang='lat' dir='ltr'><strong>Ambrosii</strong></span> <span class='ocrx_word' id='word_1_641' title='bbox 3136 5012 3150 5037; x_wconf 86' lang='lat'><strong>,</strong></span> <span class='ocrx_word' id='word_1_642' title='bbox 3185 4948 3477 5031; x_wconf 76' lang='lat' dir='ltr'><strong>comesset</strong></span> <span class='ocrx_word' id='word_1_643' title='bbox 3516 4948 3783 5030; x_wconf 72' lang='lat' dir='ltr'><strong>Mediolani.</strong></span> 
     </span>
    </p>
   </div>
   <div class='ocr_carea' id='block_1_53' title="bbox 543 5038 3785 5123">
    <p class='ocr_par' dir='ltr' id='par_1_53' title="bbox 543 5038 3785 5123">
     <span class='ocr_line' id='line_1_53' title="bbox 543 5038 3785 5123; baseline 0.004 -24"><span class='ocrx_word' id='word_1_644' title='bbox 543 5044 735 5099; x_wconf 84' lang='lat' dir='ltr'><strong>tributi</strong></span> <span class='ocrx_word' id='word_1_645' title='bbox 759 5043 911 5113; x_wconf 78' lang='lat' dir='ltr'><strong>juxta</strong></span> <span class='ocrx_word' id='word_1_646' title='bbox 942 5040 1214 5096; x_wconf 87' lang='lat' dir='ltr'><strong>eruditutn</strong></span> <span class='ocrx_word' id='word_1_647' title='bbox 1245 5039 1394 5094; x_wconf 91' lang='lat' dir='ltr'><strong>illum</strong></span> <span class='ocrx_word' id='word_1_648' title='bbox 1425 5038 1694 5108; x_wconf 90' lang='lat' dir='ltr'><strong>ordinem,</strong></span> <span class='ocrx_word' id='word_1_649' title='bbox 1725 5058 1884 5112; x_wconf 91' lang='lat' dir='ltr'><strong>quem</strong></span> <span class='ocrx_word' id='word_1_650' title='bbox 1916 5045 1999 5098; x_wconf 91' lang='lat' dir='ltr'><strong>vir</strong></span> <span class='ocrx_word' id='word_1_651' title='bbox 2019 5047 2141 5100; x_wconf 79' lang='lat' dir='ltr'><strong>exi-</strong></span> <span class='ocrx_word' id='word_1_652' title='bbox 2250 5062 2486 5109; x_wconf 73' lang='lat' dir='ltr'><strong>testatur</strong></span> <span class='ocrx_word' id='word_1_653' title='bbox 2507 5055 2765 5113; x_wconf 70' lang='lat' dir='ltr'><strong>Indiciam</strong></span> <span class='ocrx_word' id='word_1_654' title='bbox 2797 5058 2981 5115; x_wconf 55' lang='lat' dir='ltr'><strong>Roma;</strong></span> <span class='ocrx_word' id='word_1_655' title='bbox 3012 5060 3158 5117; x_wconf 77' lang='lat' dir='ltr'><strong>domi</strong></span> <span class='ocrx_word' id='word_1_656' title='bbox 3185 5079 3298 5120; x_wconf 59' lang='lat' dir='ltr'><strong>sua;</strong></span> <span class='ocrx_word' id='word_1_657' title='bbox 3330 5066 3612 5123; x_wconf 59' lang='lat' dir='ltr'><strong>Ambrosio</strong></span> <span class='ocrx_word' id='word_1_658' title='bbox 3638 5063 3785 5117; x_wconf 74' lang='lat' dir='ltr'><strong>absen-</strong></span> 
     </span>
    </p>
   </div>
   <div class='ocr_carea' id='block_1_54' title="bbox 2252 5146 3787 5222">
    <p class='ocr_par' dir='ltr' id='par_1_54' title="bbox 2252 5146 3787 5222">
     <span class='ocr_line' id='line_1_54' title="bbox 2252 5146 3787 5222; baseline 0.007 -23"><span class='ocrx_word' id='word_1_659' title='bbox 2252 5155 2303 5201; x_wconf 89' lang='lat' dir='ltr'><strong>te</strong></span> <span class='ocrx_word' id='word_1_660' title='bbox 2333 5146 2642 5203; x_wconf 86' lang='lat' dir='ltr'><strong>habitasse:</strong></span> <span class='ocrx_word' id='word_1_661' title='bbox 2673 5151 2918 5222; x_wconf 63' lang='lat' dir='ltr'><strong>quaadatn</strong></span> <span class='ocrx_word' id='word_1_662' title='bbox 2957 5168 3086 5210; x_wconf 88' lang='lat' dir='ltr'><strong>vero</strong></span> <span class='ocrx_word' id='word_1_663' title='bbox 3128 5154 3358 5213; x_wconf 82' lang='lat' dir='ltr'><strong>Paterna</strong></span> <span class='ocrx_word' id='word_1_664' title='bbox 3389 5160 3599 5214; x_wconf 88' lang='lat' dir='ltr'><strong>nomine</strong></span> <span class='ocrx_word' id='word_1_665' title='bbox 3621 5155 3673 5211; x_wconf 89' lang='lat' dir='ltr'><strong>S.</strong></span> <span class='ocrx_word' id='word_1_666' title='bbox 3700 5157 3787 5205; x_wconf 79' lang='lat' dir='ltr'><strong>Am-</strong></span> 
     </span>
    </p>
   </div>
   <div class='ocr_carea' id='block_1_55' title="bbox 2249 5236 3788 5322">
    <p class='ocr_par' dir='ltr' id='par_1_55' title="bbox 2249 5236 3788 5322">
     <span class='ocr_line' id='line_1_55' title="bbox 2249 5236 3788 5322; baseline 0.008 -30"><span class='ocrx_word' id='word_1_667' title='bbox 2249 5236 2418 5294; x_wconf 79' lang='lat' dir='ltr'><strong>hrOsii</strong></span> <span class='ocrx_word' id='word_1_668' title='bbox 2443 5240 2543 5312; x_wconf 90' lang='lat' dir='ltr'><strong>(sic</strong></span> <span class='ocrx_word' id='word_1_669' title='bbox 2572 5242 2658 5297; x_wconf 91' lang='lat' dir='ltr'><strong>ille</strong></span> <span class='ocrx_word' id='word_1_670' title='bbox 2689 5244 2858 5314; x_wconf 84' lang='lat' dir='ltr'><strong>ipsam</strong></span> <span class='ocrx_word' id='word_1_671' title='bbox 2900 5246 3155 5319; x_wconf 88' lang='lat' dir='ltr'><strong>appellat)</strong></span> <span class='ocrx_word' id='word_1_672' title='bbox 3186 5248 3317 5311; x_wconf 81' lang='lat' dir='ltr'><strong>lilia.</strong></span> <span class='ocrx_word' id='word_1_673' title='bbox 3347 5266 3629 5322; x_wconf 86' lang='lat' dir='ltr'><strong>numquam</strong></span> <span class='ocrx_word' id='word_1_674' title='bbox 3647 5249 3705 5304; x_wconf 85' lang='lat' dir='ltr'><strong>ab</strong></span> <span class='ocrx_word' id='word_1_675' title='bbox 3730 5243 3788 5298; x_wconf 82' lang='lat' dir='ltr'><strong>ln-</strong></span> 
     </span>
    </p>
   </div>
   <div class='ocr_carea' id='block_1_56' title="bbox 2250 5330 3785 5413">
    <p class='ocr_par' dir='ltr' id='par_1_56' title="bbox 2250 5330 3785 5413">
     <span class='ocr_line' id='line_1_56' title="bbox 2250 5330 3785 5413; baseline 0.007 -30"><span class='ocrx_word' id='word_1_676' title='bbox 2250 5330 2386 5385; x_wconf 81' lang='lat' dir='ltr'><strong>dicia</strong></span> <span class='ocrx_word' id='word_1_677' title='bbox 2409 5331 2774 5391; x_wconf 84' lang='lat' dir='ltr'><strong>discesserat:</strong></span> <span class='ocrx_word' id='word_1_678' title='bbox 2810 5338 3010 5394; x_wconf 85' lang='lat' dir='ltr'><strong>indicia</strong></span> <span class='ocrx_word' id='word_1_679' title='bbox 3052 5351 3232 5397; x_wconf 90' lang='lat' dir='ltr'><strong>autem</strong></span> <span class='ocrx_word' id='word_1_680' title='bbox 3276 5341 3533 5408; x_wconf 84' lang='lat' dir='ltr'><strong>Veronae,</strong></span> <span class='ocrx_word' id='word_1_681' title='bbox 3565 5358 3664 5413; x_wconf 89' lang='lat' dir='ltr'><strong>quo</strong></span> <span class='ocrx_word' id='word_1_682' title='bbox 3700 5351 3785 5394; x_wconf 86' lang='lat' dir='ltr'><strong>cum</strong></span> 
     </span>
    </p>
   </div>
   <div class='ocr_carea' id='block_1_57' title="bbox 545 5130 2141 5208">
    <p class='ocr_par' dir='ltr' id='par_1_57' title="bbox 545 5130 2141 5208">
     <span class='ocr_line' id='line_1_57' title="bbox 545 5130 2141 5208; baseline 0 -17"><span class='ocrx_word' id='word_1_683' title='bbox 545 5137 673 5191; x_wconf 79' lang='lat' dir='ltr'><strong>mia:</strong></span> <span class='ocrx_word' id='word_1_684' title='bbox 699 5134 959 5208; x_wconf 71' lang='lat' dir='ltr'><strong>doctrinm</strong></span> <span class='ocrx_word' id='word_1_685' title='bbox 989 5144 1044 5187; x_wconf 91' lang='lat' dir='ltr'><strong>et</strong></span> <span class='ocrx_word' id='word_1_686' title='bbox 1087 5131 1273 5202; x_wconf 91' lang='lat' dir='ltr'><strong>judicii</strong></span> <span class='ocrx_word' id='word_1_687' title='bbox 1305 5131 1368 5187; x_wconf 86' lang='lat' dir='ltr'><strong>F.</strong></span> <span class='ocrx_word' id='word_1_688' title='bbox 1403 5130 1552 5186; x_wconf 78' lang='lat' dir='ltr'><strong>Felix</strong></span> <span class='ocrx_word' id='word_1_689' title='bbox 1581 5132 1871 5188; x_wconf 87' lang='lat' dir='ltr'><strong>cardinalis</strong></span> <span class='ocrx_word' id='word_1_690' title='bbox 1896 5134 1964 5190; x_wconf 90' lang='lat' dir='ltr'><strong>de</strong></span> <span class='ocrx_word' id='word_1_691' title='bbox 1991 5135 2141 5191; x_wconf 87' lang='lat' dir='ltr'><strong>Mon-</strong></span> 
     </span>
    </p>
   </div>
   <div class='ocr_carea' id='block_1_58' title="bbox 545 5222 2143 5296">
    <p class='ocr_par' dir='ltr' id='par_1_58' title="bbox 545 5222 2143 5296">
     <span class='ocr_line' id='line_1_58' title="bbox 545 5222 2143 5296; baseline 0.001 -13"><span class='ocrx_word' id='word_1_692' title='bbox 545 5229 736 5292; x_wconf 89' lang='lat' dir='ltr'><strong>tealto,</strong></span> <span class='ocrx_word' id='word_1_693' title='bbox 767 5239 911 5280; x_wconf 91' lang='lat' dir='ltr'><strong>nunc</strong></span> <span class='ocrx_word' id='word_1_694' title='bbox 932 5223 991 5281; x_wconf 89' lang='lat' dir='ltr'><strong>S.</strong></span> <span class='ocrx_word' id='word_1_695' title='bbox 1028 5224 1090 5279; x_wconf 88' lang='lat' dir='ltr'><strong>D.</strong></span> <span class='ocrx_word' id='word_1_696' title='bbox 1115 5223 1181 5279; x_wconf 88' lang='lat' dir='ltr'><strong>N.</strong></span> <span class='ocrx_word' id='word_1_697' title='bbox 1204 5223 1386 5281; x_wconf 80' lang='lat' dir='ltr'><strong>Sixtus</strong></span> <span class='ocrx_word' id='word_1_698' title='bbox 1414 5222 1455 5279; x_wconf 90' lang='lat' dir='ltr'><strong>V</strong></span> <span class='ocrx_word' id='word_1_699' title='bbox 1484 5224 1534 5278; x_wconf 90' lang='lat' dir='ltr'><strong>in</strong></span> <span class='ocrx_word' id='word_1_700' title='bbox 1564 5239 1656 5279; x_wconf 88' lang='lat' dir='ltr'><strong>sua</strong></span> <span class='ocrx_word' id='word_1_701' title='bbox 1681 5241 1902 5296; x_wconf 88' lang='lat' dir='ltr'><strong>operum</strong></span> <span class='ocrx_word' id='word_1_702' title='bbox 1931 5227 1990 5283; x_wconf 88' lang='lat' dir='ltr'><strong>S.</strong></span> <span class='ocrx_word' id='word_1_703' title='bbox 2014 5231 2143 5284; x_wconf 88' lang='lat' dir='ltr'><strong>Am-</strong></span> 
     </span>
    </p>
   </div>
   <div class='ocr_carea' id='block_1_59' title="bbox 542 5320 2145 5390">
    <p class='ocr_par' dir='ltr' id='par_1_59' title="bbox 542 5320 2145 5390">
     <span class='ocr_line' id='line_1_59' title="bbox 542 5320 2145 5390; baseline 0.002 -12"><span class='ocrx_word' id='word_1_704' title='bbox 542 5322 712 5378; x_wconf 82' lang='lat' dir='ltr'><strong>brosii</strong></span> <span class='ocrx_word' id='word_1_705' title='bbox 751 5320 989 5376; x_wconf 91' lang='lat' dir='ltr'><strong>editione</strong></span> <span class='ocrx_word' id='word_1_706' title='bbox 1034 5328 1253 5375; x_wconf 90' lang='lat' dir='ltr'><strong>secutus</strong></span> <span class='ocrx_word' id='word_1_707' title='bbox 1302 5330 1423 5375; x_wconf 87' lang='lat' dir='ltr'><strong>est:</strong></span> <span class='ocrx_word' id='word_1_708' title='bbox 1460 5320 1664 5390; x_wconf 88' lang='lat' dir='ltr'><strong>primus</strong></span> <span class='ocrx_word' id='word_1_709' title='bbox 1709 5323 1851 5376; x_wconf 91' lang='lat' dir='ltr'><strong>enim</strong></span> <span class='ocrx_word' id='word_1_710' title='bbox 1900 5324 2049 5381; x_wconf 91' lang='lat' dir='ltr'><strong>locus</strong></span> <span class='ocrx_word' id='word_1_711' title='bbox 2078 5326 2145 5381; x_wconf 89' lang='lat' dir='ltr'><strong>iis</strong></span> 
     </span>
    </p>
   </div>
   <div class='ocr_carea' id='block_1_60' title="bbox 548 5411 3786 5509">
    <p class='ocr_par' dir='ltr' id='par_1_60' title="bbox 548 5411 3786 5509">
     <span class='ocr_line' id='line_1_60' title="bbox 548 5411 3786 5509; baseline 0.007 -38"><span class='ocrx_word' id='word_1_712' title='bbox 548 5412 894 5471; x_wconf 86' lang='lat' dir='ltr'><strong>sermonibus</strong></span> <span class='ocrx_word' id='word_1_713' title='bbox 921 5411 1212 5467; x_wconf 88' lang='lat' dir='ltr'><strong>attributus</strong></span> <span class='ocrx_word' id='word_1_714' title='bbox 1241 5422 1345 5480; x_wconf 80' lang='lat' dir='ltr'><strong>est,</strong></span> <span class='ocrx_word' id='word_1_715' title='bbox 1378 5413 1469 5483; x_wconf 89' lang='lat' dir='ltr'><strong>qui</strong></span> <span class='ocrx_word' id='word_1_716' title='bbox 1500 5414 1700 5469; x_wconf 88' lang='lat' dir='ltr'><strong>veteris</strong></span> <span class='ocrx_word' id='word_1_717' title='bbox 1728 5417 2037 5473; x_wconf 87' lang='lat' dir='ltr'><strong>testamenti</strong></span> <span class='ocrx_word' id='word_1_718' title='bbox 2068 5419 2150 5475; x_wconf 85' lang='lat' dir='ltr'><strong>lo—</strong></span> <span class='ocrx_word' id='word_1_719' title='bbox 2251 5437 2441 5481; x_wconf 86' lang='lat' dir='ltr'><strong>sorore</strong></span> <span class='ocrx_word' id='word_1_720' title='bbox 2469 5442 2565 5481; x_wconf 87' lang='lat' dir='ltr'><strong>sua</strong></span> <span class='ocrx_word' id='word_1_721' title='bbox 2594 5445 2729 5483; x_wconf 89' lang='lat' dir='ltr'><strong>nova</strong></span> <span class='ocrx_word' id='word_1_722' title='bbox 2758 5441 2925 5500; x_wconf 78' lang='lat' dir='ltr'><strong>nupta</strong></span> <span class='ocrx_word' id='word_1_723' title='bbox 2972 5433 3212 5505; x_wconf 82' lang='lat' dir='ltr'><strong>profecta</strong></span> <span class='ocrx_word' id='word_1_724' title='bbox 3258 5438 3433 5494; x_wconf 86' lang='lat' dir='ltr'><strong>luerat</strong></span> <span class='ocrx_word' id='word_1_725' title='bbox 3457 5481 3470 5504; x_wconf 90' lang='lat'><strong>,</strong></span> <span class='ocrx_word' id='word_1_726' title='bbox 3500 5411 3632 5509; x_wconf 86' lang='lat' dir='ltr'><strong>apud</strong></span> <span class='ocrx_word' id='word_1_727' title='bbox 3667 5446 3786 5494; x_wconf 73' lang='lat' dir='ltr'><strong>eam.</strong></span> 
     </span>
    </p>
   </div>
   <div class='ocr_carea' id='block_1_61' title="bbox 545 5505 3788 5599">
    <p class='ocr_par' dir='ltr' id='par_1_61' title="bbox 545 5505 3788 5599">
     <span class='ocr_line' id='line_1_61' title="bbox 545 5505 3788 5599; baseline 0.003 -33"><span class='ocrx_word' id='word_1_728' title='bbox 545 5524 641 5566; x_wconf 89' lang='lat' dir='ltr'><strong>cos</strong></span> <span class='ocrx_word' id='word_1_729' title='bbox 676 5507 1003 5578; x_wconf 82' lang='lat' dir='ltr'><strong>explanant:</strong></span> <span class='ocrx_word' id='word_1_730' title='bbox 1042 5505 1318 5574; x_wconf 80' lang='lat' dir='ltr'><strong>proximus</strong></span> <span class='ocrx_word' id='word_1_731' title='bbox 1364 5505 1472 5561; x_wconf 90' lang='lat' dir='ltr'><strong>illis</strong></span> <span class='ocrx_word' id='word_1_732' title='bbox 1500 5548 1516 5574; x_wconf 93' lang='lat'><strong>,</strong></span> <span class='ocrx_word' id='word_1_733' title='bbox 1560 5507 1651 5577; x_wconf 89' lang='lat' dir='ltr'><strong>qui</strong></span> <span class='ocrx_word' id='word_1_734' title='bbox 1685 5509 1807 5563; x_wconf 91' lang='lat' dir='ltr'><strong>novi</strong></span> <span class='ocrx_word' id='word_1_735' title='bbox 1834 5528 1846 5562; x_wconf 95' lang='lat'><strong>:</strong></span> <span class='ocrx_word' id='word_1_736' title='bbox 1877 5522 2149 5580; x_wconf 86' lang='lat' dir='ltr'><strong>postremo</strong></span> <span class='ocrx_word' id='word_1_737' title='bbox 2253 5517 2457 5586; x_wconf 86' lang='lat' dir='ltr'><strong>pariete</strong></span> <span class='ocrx_word' id='word_1_738' title='bbox 2480 5531 2656 5575; x_wconf 86' lang='lat' dir='ltr'><strong>tamen</strong></span> <span class='ocrx_word' id='word_1_739' title='bbox 2687 5521 2991 5593; x_wconf 88' lang='lat' dir='ltr'><strong>interjecto,</strong></span> <span class='ocrx_word' id='word_1_740' title='bbox 3021 5541 3188 5598; x_wconf 86' lang='lat' dir='ltr'><strong>parvo</strong></span> <span class='ocrx_word' id='word_1_741' title='bbox 3226 5529 3440 5585; x_wconf 90' lang='lat' dir='ltr'><strong>videtur</strong></span> <span class='ocrx_word' id='word_1_742' title='bbox 3478 5505 3699 5599; x_wconf 79' lang='lat' dir='ltr'><strong>tempore</strong></span> <span class='ocrx_word' id='word_1_743' title='bbox 3722 5521 3788 5576; x_wconf 69' lang='grc' dir='ltr'><strong>Ιιι⁴</strong></span> 
     </span>
    </p>
   </div>
   <div class='ocr_carea' id='block_1_62' title="bbox 549 5598 3861 5693">
    <p class='ocr_par' dir='ltr' id='par_1_62' title="bbox 549 5598 3861 5693">
     <span class='ocr_line' id='line_1_62' title="bbox 549 5598 3861 5693; baseline 0.005 -38"><span class='ocrx_word' id='word_1_744' title='bbox 549 5602 670 5659; x_wconf 92' lang='lat' dir='ltr'><strong>loco</strong></span> <span class='ocrx_word' id='word_1_745' title='bbox 697 5602 752 5668; x_wconf 92' lang='lat' dir='ltr'><strong>ii,</strong></span> <span class='ocrx_word' id='word_1_746' title='bbox 780 5600 872 5672; x_wconf 89' lang='lat' dir='ltr'><strong>qui</strong></span> <span class='ocrx_word' id='word_1_747' title='bbox 920 5599 989 5656; x_wconf 92' lang='lat' dir='ltr'><strong>de</strong></span> <span class='ocrx_word' id='word_1_748' title='bbox 1017 5598 1310 5655; x_wconf 90' lang='lat' dir='ltr'><strong>virtutibus</strong></span> <span class='ocrx_word' id='word_1_749' title='bbox 1351 5610 1406 5656; x_wconf 95' lang='lat' dir='ltr'><strong>et</strong></span> <span class='ocrx_word' id='word_1_750' title='bbox 1435 5601 1578 5657; x_wconf 85' lang='lat' dir='ltr'><strong>vitiis</strong></span> <span class='ocrx_word' id='word_1_751' title='bbox 1609 5610 1876 5671; x_wconf 89' lang='lat' dir='ltr'><strong>tractant,</strong></span> <span class='ocrx_word' id='word_1_752' title='bbox 1902 5606 2153 5677; x_wconf 76' lang='lat' dir='ltr'><strong>collocati</strong></span> <span class='ocrx_word' id='word_1_753' title='bbox 2253 5608 2456 5667; x_wconf 76' lang='lat' dir='ltr'><strong>bitasse</strong></span> <span class='ocrx_word' id='word_1_754' title='bbox 2481 5628 2496 5667; x_wconf 90' lang='lat'><strong>:</strong></span> <span class='ocrx_word' id='word_1_755' title='bbox 2529 5613 2669 5669; x_wconf 89' lang='lat' dir='ltr'><strong>unde</strong></span> <span class='ocrx_word' id='word_1_756' title='bbox 2698 5628 2923 5685; x_wconf 89' lang='lat' dir='ltr'><strong>apparet</strong></span> <span class='ocrx_word' id='word_1_757' title='bbox 2947 5617 3205 5677; x_wconf 88' lang='lat' dir='ltr'><strong>Indiciam</strong></span> <span class='ocrx_word' id='word_1_758' title='bbox 3234 5621 3383 5689; x_wconf 87' lang='lat' dir='ltr'><strong>alibi,</strong></span> <span class='ocrx_word' id='word_1_759' title='bbox 3406 5637 3561 5693; x_wconf 88' lang='lat' dir='ltr'><strong>quam</strong></span> <span class='ocrx_word' id='word_1_760' title='bbox 3586 5598 3785 5674; x_wconf 66' lang='lat' dir='ltr'><strong>Verona.</strong></span> 
     </span>
    </p>
   </div>
   <div class='ocr_carea' id='block_1_63' title="bbox 547 5688 3861 5788">
    <p class='ocr_par' dir='ltr' id='par_1_63' title="bbox 547 5688 3861 5788">
     <span class='ocr_line' id='line_1_63' title="bbox 547 5688 3861 5788; baseline 0.006 -38"><span class='ocrx_word' id='word_1_761' title='bbox 547 5705 692 5750; x_wconf 89' lang='lat' dir='ltr'><strong>sunt.</strong></span> <span class='ocrx_word' id='word_1_762' title='bbox 752 5692 940 5765; x_wconf 86' lang='lat' dir='ltr'><strong>Neque</strong></span> <span class='ocrx_word' id='word_1_763' title='bbox 988 5706 1121 5748; x_wconf 88' lang='lat' dir='ltr'><strong>vero</strong></span> <span class='ocrx_word' id='word_1_764' title='bbox 1167 5691 1535 5764; x_wconf 89' lang='lat' dir='ltr'><strong>reprehendat</strong></span> <span class='ocrx_word' id='word_1_765' title='bbox 1574 5695 1841 5767; x_wconf 90' lang='lat' dir='ltr'><strong>quispiam</strong></span> <span class='ocrx_word' id='word_1_766' title='bbox 1899 5700 2152 5771; x_wconf 83' lang='lat' dir='ltr'><strong>martyris</strong></span> <span class='ocrx_word' id='word_1_767' title='bbox 2255 5713 2465 5761; x_wconf 88' lang='lat' dir='ltr'><strong>sacrata</strong></span> <span class='ocrx_word' id='word_1_768' title='bbox 2493 5706 2746 5777; x_wconf 87' lang='lat' dir='ltr'><strong>virginali</strong></span> <span class='ocrx_word' id='word_1_769' title='bbox 2771 5710 3150 5771; x_wconf 89' lang='lat' dir='ltr'><strong>benedictione</strong></span> <span class='ocrx_word' id='word_1_770' title='bbox 3177 5688 3479 5788; x_wconf 75' lang='lat' dir='ltr'><strong>insignitum</strong></span> <span class='ocrx_word' id='word_1_771' title='bbox 3502 5714 3673 5776; x_wconf 80' lang='lat' dir='ltr'><strong>fuisse.</strong></span> <span class='ocrx_word' id='word_1_772' title='bbox 3689 5722 3787 5778; x_wconf 64' lang='grc' dir='ltr'><strong>νῦν·</strong></span> 
     </span>
    </p>
   </div>
   <div class='ocr_carea' id='block_1_64' title="bbox 547 5781 3861 5877">
    <p class='ocr_par' dir='ltr' id='par_1_64' title="bbox 547 5781 3861 5877">
     <span class='ocr_line' id='line_1_64' title="bbox 547 5781 3861 5877; baseline 0.005 -38"><span class='ocrx_word' id='word_1_773' title='bbox 547 5798 749 5841; x_wconf 87' lang='lat' dir='ltr'><strong>nomen</strong></span> <span class='ocrx_word' id='word_1_774' title='bbox 770 5785 897 5841; x_wconf 85' lang='lat' dir='ltr'><strong>huic</strong></span> <span class='ocrx_word' id='word_1_775' title='bbox 922 5781 1152 5841; x_wconf 85' lang='lat' dir='ltr'><strong>editioni</strong></span> <span class='ocrx_word' id='word_1_776' title='bbox 1177 5781 1443 5857; x_wconf 89' lang='lat' dir='ltr'><strong>additum,</strong></span> <span class='ocrx_word' id='word_1_777' title='bbox 1467 5801 1575 5857; x_wconf 89' lang='lat' dir='ltr'><strong>quo</strong></span> <span class='ocrx_word' id='word_1_778' title='bbox 1602 5787 1790 5846; x_wconf 90' lang='lat' dir='ltr'><strong>rudior</strong></span> <span class='ocrx_word' id='word_1_779' title='bbox 1830 5788 1923 5847; x_wconf 88' lang='lat' dir='ltr'><strong>illa</strong></span> <span class='ocrx_word' id='word_1_780' title='bbox 1962 5801 2148 5852; x_wconf 87' lang='lat' dir='ltr'><strong>caret:</strong></span> <span class='ocrx_word' id='word_1_781' title='bbox 2256 5796 2446 5854; x_wconf 87' lang='lat' dir='ltr'><strong>sertim</strong></span> <span class='ocrx_word' id='word_1_782' title='bbox 2477 5814 2599 5856; x_wconf 89' lang='lat' dir='ltr'><strong>cum</strong></span> <span class='ocrx_word' id='word_1_783' title='bbox 2630 5808 2755 5871; x_wconf 78' lang='lat' dir='ltr'><strong>post</strong></span> <span class='ocrx_word' id='word_1_784' title='bbox 2777 5810 2857 5862; x_wconf 89' lang='lat' dir='ltr'><strong>tot</strong></span> <span class='ocrx_word' id='word_1_785' title='bbox 2882 5820 3055 5863; x_wconf 86' lang='lat' dir='ltr'><strong>annos</strong></span> <span class='ocrx_word' id='word_1_786' title='bbox 3073 5820 3104 5865; x_wconf 86' lang='lat' dir='ltr'><strong>a</strong></span> <span class='ocrx_word' id='word_1_787' title='bbox 3130 5781 3503 5866; x_wconf 77' lang='lat' dir='ltr'><strong>benedictione</strong></span> <span class='ocrx_word' id='word_1_788' title='bbox 3528 5848 3545 5877; x_wconf 89' lang='lat'><strong>,</strong></span> <span class='ocrx_word' id='word_1_789' title='bbox 3585 5815 3637 5864; x_wconf 89' lang='lat' dir='ltr'><strong>ut</strong></span> <span class='ocrx_word' id='word_1_790' title='bbox 3662 5797 3789 5872; x_wconf 72' lang='lat' dir='ltr'><strong>inquit</strong></span> <span class='ocrx_word' id='word_1_791' title='bbox 3860 5784 3861 5845; x_wconf 41' lang='grc' dir='ltr'><em>Ὗ</em></span> 
     </span>
    </p>
   </div>
  </div>
