3894 6322
85 351 176 408 ΞΗ

1127 352 1353 411 PRz’EF.
1397 354 1465 411 IN
1506 353 1686 413 EDIT.
1731 356 1983 415 VERON.
2024 360 2192 418 ANNI
2235 362 2395 422 1’586.

3263 371 3370 428 242

84 471 135 524 S.
168 468 506 535 Ambrosius,
541 480 663 527 nota
703 471 1066 543 corruptionis
1113 456 1441 528 inurcretur.
1490 472 1659 528 Acce-
1688 477 1736 536 Λ
1765 473 1961 529 ritania
2011 478 2275 532 coronati.
2345 479 2437 535 llis
2483 480 2734 553 profecto
2784 492 2840 539 et
2888 482 3196 555 hujusmodi
3248 487 3373 542 aliis

80 561 150 616 dit
171 573 431 632 pr:clerea
460 563 715 619 Ecclesizc
750 560 1080 621 Veronensis
1110 573 1370 636 perpetua
1400 563 1622 621 traditio
1646 606 1661 631 ,

80 671 227 727 quam
253 659 416 713 certis
441 657 733 713 rationibus
764 659 973 713 lirmam
1006 674 1072 713 ex
1098 658 1380 714 Canonum
1412 660 1666 731 prmscri-

82 761 164 821 pto
192 751 322 807 tueri
347 751 627 817 debemus,
650 768 768 823 qum
790 764 985 822 praeter
1014 751 1289 808 Zenonem
1321 752 1662 822 episcopum,

80 852 130 898 ct
159 854 448 916 martyrem
477 843 602 914 (qua
632 843 699 899 de
730 860 789 899 re
834 844 884 898 itt
934 844 1121 899 libello
1149 844 1216 899 de
1254 844 1467 900 Sanctis
1498 843 1665 899 Vero-

82 937 327 991 nenSibus
372 936 639 1007 episcopis
683 937 905 993 uberius
957 945 1242 992 tractatum
1293 936 1410 1009 est)
1457 937 1663 994 nullum

79 1028 229 1082 alium
272 1026 543 1101 Zenonem
594 1031 811 1101 agnovit
853 1030 1208 1102 episcOpum:
1243 1046 1404 1102 quam
1446 1030 1663 1101 quidem

80 1121 409 1176 traditionem
440 1131 665 1178 testatur
680 1125 843 1179 etiam
866 1124 1243 1196 episcoporum
1274 1125 1666 1182 Veronensium

80 1214 235 1268 series
263 1215 315 1269 in
340 1216 464 1270 aula
487 1214 787 1287 episeopali
814 1216 1049 1288 depicta,
1081 1218 1131 1272 in
1156 1234 1260 1289 qua
1288 1234 1426 1273 unus
1458 1228 1663 1275 tantum

80 1306 213 1363 Zeno
244 1307 355 1363 V’lll
387 1310 673 1382 episcopus
717 1311 978 1367 cernitur.
1032 1313 1182 1368 Dicet
1224 1313 1399 1381 alius,
1447 1314 1515 1369 ab
1539 1329 1668 1372 auc-

80 1413 185 1459 tore
207 1404 393 1460 horum
419 1420 733 1463 sermonum
774 1407 1080 1464 confutatos
1106 1424 1230 1464 esse
1263 1422 1478 1464 errores
1506 1406 1621 1463 Arii
1647 1450 1663 1477 ,

80 1499 159 1568 qui
184 1497 301 1552 vivo
341 1498 564 1556 Zenone
591 1511 830 1574 martyre
879 1517 985 1556 non
1030 1509 1167 1556 erat.
1209 1498 1622 1571 Respondemus
1646 1541 1662 1565 ,

81 1603 190 1644 cum
218 1588 550 1660 Epiphanius
570 1591 771 1647 scribat
794 1603 1001 1661 patrem
1024 1592 1137 1647 Arii
1163 1590 1330 1648 fuisse
1348 1590 1665 1663 Origenem,

81 1693 128 1738 et
149 1682 201 1739 S.
231 1680 470 1739 Thomas
500 1683 703 1740 fontem
749 1684 993 1757 ejusdem
1043 1687 1321 1743 exstitisse
1344 1729 1358 1754 ,
1407 1702 1663 1757 errores,

82 1775 161 1846 qui
189 1776 252 1829 ab
276 1777 406 1831 Ario
434 1772 768 1833 disseminati
800 1788 950 1845 sunt,
979 1778 1146 1836 fuisse
1190 1789 1478 1852 antequam
1502 1780 1666 1838 Arius

1765 564 2177 635 quamplurimis
2222 570 2627 641 antiquissimus
2658 574 2852 630 horum
2891 590 3206 633 sermonum
3236 592 3371 634 auc-

1770 666 1854 713 tor
1881 657 2309 717 demonstratur.
2358 662 2514 733 Quod
2566 674 2748 722 autem
2775 675 2925 734 tres,
2979 669 3096 725 sive
3138 680 3373 742 quatuor

1765 766 2050 809 sermones
2090 755 2142 809 in
2171 754 2256 810 his
2300 758 2666 828 reperiantur,
2692 775 2831 830 quos
2846 746 2921 817 ’8.
2953 761 3155 818 Zenoni
3204 763 3372 834 aliqui

1766 855 1958 917 putant
1981 847 2214 905 adscribi
2242 866 2351 906 non
2384 866 2564 921 posse,
2595 867 2789 925 nempe
2814 856 2905 926 qui
2931 855 3271 926 inscribitur,
3306 859 3372 913 de

1767 937 2038 1012 Praecepto
2063 944 2266 997 attende
2293 943 2383 997 tibi
2424 961 2442 998 :
2471 945 2666 1001 Sermo
2696 945 2759 1000 de
2779 945 3063 1019 Evangelia
3090 952 3372 1006 secundum

1767 1031 1963 1088 Lucam
1982 1036 2046 1090 de
2068 1036 2262 1107 duplici
2289 1038 2631 1092 tentationum
2659 1039 2830 1112 specie
2854 1056 2873 1094 :
2898 1040 3092 1096 Sermo
3130 1043 3193 1097 de
3215 1043 3371 1097 Livoo

1765 1143 1841 1191 re,
1873 1138 1920 1181 et
1951 1126 2193 1184 Invidia:
2226 1128 2292 1185 Et
2318 1145 2502 1185 sermo
2528 1130 2593 1185 dc
2621 1129 2868 1202 Jejunio:
2899 1133 2988 1203 qui
3020 1133 3164 1190 inter
3187 1133 3376 1191 S.Ba-

1767 1219 1872 1276 silii
1898 1222 2149 1275 homilias
2174 1220 2364 1279 Graece
2391 1223 2578 1293 scripti
2600 1234 2940 1295 reperiuntur
2964 1243 2978 1281 :
3009 1228 3258 1297 quamvis
3282 1242 3374 1284 ar-

1766 1323 2019 1383 gumenta
2044 1330 2149 1369 non
2179 1315 2386 1384 desint,
2416 1317 2616 1387 qmbus
2643 1318 2871 1387 probare
2900 1318 3092 1375 liceret
3113 1335 3209 1375 60s
3234 1335 3372 1392 quo-

1767 1420 1876 1476 que
1926 1421 2209 1463 sermones
2235 1408 2304 1462 ad
2361 1407 2420 1464 S.
2453 1408 2730 1466 Zenonem
2758 1419 3001 1466 nostrum
3045 1412 3321 1482 pertinere
3355 1454 3371 1479 ,

1767 1510 1890 1552 eum
1921 1499 2081 1554 etiam
2113 1499 2374 1571 plurimos
2429 1516 2644 1559 summo
2696 1504 2877 1560 studio
2945 1514 3001 1560 et
3036 1504 3376 1576 gravissimis

1770 1591 2048 1649 laboribus
2080 1595 2131 1649 in
2179 1592 2383 1651 Grarcia
2416 1596 2586 1652 multo
2631 1606 2757 1654 ante
2785 1597 2843 1654 8.
2888 1597 3147 1653 Basilium
3179 1598 3374 1669 praedi-

1769 1683 1945 1742 cando
1975 1685 2042 1742 ad
2071 1685 2232 1742 fidem
2257 1686 2459 1743 Christi
2506 1698 2885 1756 converteret;
2922 1698 3102 1747 tamen
3132 1705 3197 1748 ea
3226 1692 3278 1746 in
3311 1706 3374 1747 re

1768 1778 2092 1835 contentiosi
2138 1794 2260 1836 esse
2290 1780 2559 1836 nolumus.
2595 1781 2676 1837 Ad
2706 1780 2758 1836 id
2787 1797 2939 1850 vero,
2989 1782 3133 1853 quod
3182 1792 3375 1839 auctor

84 1876 423 1923 nasceretur:
458 1878 515 1923 ut
544 1882 759 1925 errores
790 1868 1012 1925 Lutberi
1037 1912 1053 1933 ,
1104 1879 1392 1944 antequam
1444 1871 1666 1944 pestife-
1696 1868 1744 1929 B
1771 1869 2118 1927 bibliotheca:
2148 1880 2351 1926 sancta:
2378 1872 2592 1940 scribit,
2622 1887 2819 1943 nempe
2845 1884 3054 1944 septem
3085 1889 3372 1931 sermones

86 1975 187 2016 rim
217 1962 357 2017 illam
392 1961 643 2019 hmresim
677 1964 950 2020 Lutherus
973 1963 1404 2031 disseminasset,
1428 1967 1666 2023 convicti

86 2050 301 2108 fuerunt.
332 2054 491 2122 Quod
522 2056 565 2111 si
599 2057 645 2111 is
686 2056 980 2112 contendat
1018 2070 1235 2113 errores
1280 2057 1404 2113 illos
1446 2057 1665 2129 Origeni

90 2143 210 2200 falso
235 2146 486 2214 tributos,
515 2157 575 2202 ut
612 2148 926 2220 Pamphilus
962 2157 1167 2221 martyr
1188 2191 1204 2217 ,
1255 2158 1311 2206 et
1338 2149 1428 2205 alii
1459 2151 1667 2208 nobiles

89 2241 359 2309 scriptores
412 2252 778 2313 putaverunt,
821 2259 928 2299 non
977 2245 1249 2301 convincit
1290 2258 1508 2300 causam
1558 2260 1665 2301 non

92 2334 259 2401 fuisse,
293 2348 346 2391 ut
373 2335 437 2393 S.
486 2338 689 2393 Zenoni
721 2352 944 2394 necesse
976 2354 1081 2394 non
1125 2340 1312 2409 fuerit,
1345 2338 1492 2394 illam
1539 2354 1665 2410 pes-

94 2436 207 2494 tem,
236 2429 373 2499 quod
404 2429 576 2485 Filius
609 2448 712 2485 non
744 2434 817 2486 sit
846 2441 1149 2486 comternns
1171 2430 1343 2499 Patri,
1389 2430 1664 2488 refellere.

93 2521 227 2589 Quod
255 2524 530 2594 objicitnr,
574 2541 885 2581 sermonem
914 2525 984 2582 de
1019 2526 1351 2583 continentia
1398 2542 1504 2581 non
1545 2541 1671 2583 esse

94 2617 143 2671 S.
170 2616 390 2673 Zenonis
435 2620 688 2692 martyris
709 2660 725 2686 ,
757 2634 880 2674 cum
906 2619 963 2673 in
1008 2633 1075 2673 eo
1104 2620 1313 2689 legatur
1338 2627 1527 2675 auctor
1568 2620 1667 2674 ab.

99 2708 244 2765 fuisse
267 2726 294 2766 a
316 2710 373 2767 S.
403 2710 555 2767 Pauli
580 2712 823 2768 doctrina
839 2712 1111 2784 divulgata
1128 2713 1285 2767 annis
1302 2713 1668 2784 quadringen-

100 2803 156 2856 tis
179 2817 240 2857 eo
260 2805 511 2874 amplius,
537 2816 588 2860 et
618 2813 761 2860 lotus
793 2820 931 2877 pene
959 2805 1108 2862 orbis
1148 2813 1275 2860 tunc
1301 2804 1470 2861 fuisse
1495 2804 1671 2860 chris-

102 2895 288 2951 tianos:
320 2896 551 2953 dicimus
578 2906 781 2953 textum
812 2940 828 2963 ,
879 2899 1021 2953 sicut
1071 2897 1255 2953 multis
1302 2897 1354 2952 in
1404 2896 1540 2954 locis
1588 2908 1671 2953 est

101 2985 388 3053 mendosus,
414 2988 484 3042 ita
511 3027 527 3053 ,
573 2995 634 3043 ut
658 3002 805 3057 saepe
836 2987 896 3043 lit
926 2989 976 3042 in
1010 2989 1248 3045 numeris
1273 3028 1288 3052 ,
1331 2987 1400 3043 ibi
1431 3002 1552 3044 esse
1578 2987 1672 3044 de—

101 3089 376 3147 pravatum.
405 3078 525 3135 Jam
556 3095 682 3136 vero
723 3096 846 3135 cum
896 3079 1307 3136 disseminatum
1351 3096 1446 3151 per
1482 3096 1671 3137 omnes

102 3172 379 3241 provincias
407 3183 554 3249 esset
584 3173 929 3244 Evangelium
972 3189 1001 3228 a
1034 3174 1217 3229 multis
1258 3181 1533 3244 receptttm
1559 3214 1577 3241 ,
1606 3188 1673 3231 eo

1772 1962 1826 2018 in
1854 1963 1989 2033 psal.
2020 1976 2158 2033 quos
2198 1964 2553 2031 enumeravit,
2583 1977 2706 2020 esse
2732 1963 3035 2035 descriptos
3081 1979 3151 2021 ex
3191 1966 3251 2021 8.
3278 1964 3373 2020 lli-

1773 2056 1893 2112 larii
1946 2056 2374 2121 commentariis,
2423 2055 2653 2112 dicimus
2702 2056 2852 2112 illum
2882 2056 3060 2127 quoad
3086 2071 3375 2113 numerum

1769 2163 1982 2205 errasse
2008 2165 2021 2201 :
2053 2161 2338 2204 sermones
2363 2147 2507 2203 enim
2550 2149 2605 2203 in
2640 2147 2778 2219 psal.
2808 2164 2978 2203 Lxxtx
3005 2156 3061 2205 et
3084 2147 3139 2203 in
3171 2148 3309 2219 psal.
3339 2164 3373 2205 c

1771 2243 1824 2298 itt
1853 2242 2260 2300 commentariis
2288 2240 2349 2299 S.
2394 2242 2583 2298 Hilarii
2631 2258 2739 2298 non
2769 2244 3136 2314 reperiuntur.
3182 2244 3372 2311 Quoad

1770 2336 2011 2407 reliquos
2039 2338 2299 2407 quinque,
2324 2352 2447 2392 cum
2480 2337 2586 2391 duo
2613 2352 2897 2393 sermones
2914 2335 2983 2393 de
3005 2336 3202 2409 psalm.
3226 2353 3373 2393 cxxx

1770 2430 1823 2485 in
1855 2428 1938 2484 his
1967 2429 2310 2485 sermonibus
2334 2430 2581 2501 legantur
2604 2473 2617 2495 ,
2661 2434 2934 2485 secundus
2960 2445 3090 2486 vero
3119 2431 3190 2486 sit
3208 2431 3375 2486 certis

1770 2524 2095 2595 quibusdam
2123 2524 2423 2590 vocabulis,
2454 2535 2509 2582 et
2540 2524 2731 2582 iisdem
2763 2525 2875 2581 fere
2904 2526 3193 2581 sententiis
3217 2526 3371 2581 simi-

1774 2617 1840 2672 lis
1865 2618 2053 2687 priori,
2102 2617 2193 2688 qui
2219 2617 2437 2689 quidem
2466 2618 2617 2688 prior
2653 2618 2707 2673 in
2755 2617 3163 2674 commentariis
3190 2618 3251 2673 8.
3282 2617 3375 2673 lli-

1774 2711 1891 2766 larii
1919 2726 2026 2766 non
2051 2711 2348 2781 reperitur;
2379 2726 2502 2766 eum
2546 2710 2709 2767 etiam
2734 2752 2749 2777 ,
2798 2709 3096 2767 secundum
3127 2708 3373 2777 scilicet,

1773 2802 2002 2859 dicimus
2032 2818 2063 2857 a
2104 2804 2161 2857 8.
2209 2802 2427 2859 Zenone
2450 2816 2603 2858 more
2624 2817 2724 2858 suo
2755 2800 2925 2857 fuisse
2950 2801 3129 2872 aliqua
3160 2802 3375 2856 ratione

1774 2899 2083 2969 repetitum,
2141 2906 2196 2953 et
2246 2906 2534 2967 propterea
2563 2896 2631 2952 ad
2661 2896 2808 2951 illum
2839 2896 3145 2967 pertinere,
3195 2894 3292 2950 sed
3321 2894 3378 2953 in

1773 2990 2180 3046 commentariis
2206 2989 2263 3046 8.
2298 2989 2482 3045 Hilarii
2512 2990 2579 3045 ab
2625 2990 2808 3060 aliquo
2850 2988 3016 3045 fuisse
3066 2989 3327 3044 insertum
3359 3029 3375 3055 ,

1774 3084 2232 3153 quemadmodum
2256 3084 2499 3139 videmus
2525 3082 2670 3140 inter
2698 3097 2863 3154 opera
2896 3081 3236 3154 Hieronymi,
3266 3079 3379 3135 Au-

1774 3180 1974 3250 gustini
2030 3189 2085 3236 et
2108 3179 2412 3249 aliquorum
2446 3187 2757 3234 sanctorum
2790 3178 3007 3233 Patrum
3036 3175 3330 3232 conciones
3358 3215 3376 3242 ,

104 3261 147 3316 in
172 3262 278 3317 loco
302 3276 488 3319 auctor
518 3265 709 3335 ponit,
740 3275 799 3320 ut
827 3264 921 3332 iit,
967 3272 1135 3320 totttm
1168 3280 1265 3336 pro
1303 3275 1475 3337 parte.
1522 3264 1677 3319 Anti-
1705 3266 1750 3329 C
1779 3284 1833 3330 ei
1867 3273 2078 3330 “bello;
2108 3289 2215 3327 non
2249 3272 2563 3344 ignobilium
2602 3280 2884 3327 auctorum
2926 3270 3235 3340 irrepsisse.
3291 3267 3376 3322 Att

102 3355 320 3423 quissimi
340 3358 577 3413 auctoris
597 3367 679 3413 est
709 3357 987 3424 indicium,
1013 3372 1133 3414 cum
1164 3372 1309 3424 saepe
1339 3356 1405 3411 ad
1453 3356 1671 3412 Judaeos

105 3463 358 3508 sermones
386 3452 673 3509 habuerit:
700 3452 1117 3508 catechumenos
1144 3451 1212 3508 ad
1246 3452 1674 3524 immergendum

105 3558 156 3598 se
180 3546 225 3599 in
246 3561 448 3601 sacrum
480 3547 681 3601 fontem
710 3547 1014 3602 invitaverit
1039 3565 1052 3601 :
1083 3546 1501 3618 reprehenderit
1525 3546 1675 3604 Grie-

106 3651 187 3691 cos
214 3648 329 3694 tunc
357 3639 421 3694 ad
454 3638 614 3694 fidem
637 3639 834 3695 Christi
864 3654 1192 3707 conversos,
1224 3640 1367 3710 quod
1398 3654 1532 3693 vana
1579 3653 1675 3694 sua

113 3731 350 3801 sapientia
390 3734 555 3790 etiam
599 3734 651 3788 itt
680 3732 980 3789 Ecclesiam
1032 3733 1124 3788 Dei
1175 3748 1309 3788 rana
1334 3731 1577 3804 qumdam
1609 3730 1679 3788 de

112 3823 206 3879 Deo
233 3826 650 3894 introducerent,
693 3806 765 3881 ἰιι
790 3842 959 3881 serto.
993 3842 1009 3880 t
1055 3825 1122 3881 de
1154 3826 1290 3897 psal.
1339 3841 1498 3881 cxxx.
1529 3824 1677 3880 Idem

110 3919 386 3976 ostenditur
406 3963 419 3986 ,
450 3936 572 3977 cum
604 3922 654 3975 in
704 3936 869 3977 serm.
901 3922 964 3975 de
1013 3920 1290 3991 Spirituali
1338 3920 1681 3991 wdiﬁcatione

112 4012 271 4068 domus
295 4012 388 4069 Dei
408 4026 598 4069 auctor
624 4014 958 4070 demonstrat
984 4054 1000 4080 ,
1048 4023 1174 4069 tunc
1218 4030 1324 4068 tton
1375 4013 1543 4072 fuisse
1568 4013 1680 4084 jam

112 4107 284 4175 templa
309 4106 630 4164 Christianis
679 4116 1012 4173 constructa,
1060 4107 1154 4163 sed
1187 4123 1385 4162 novum
1420 4108 1680 4179 populum

112 4211 155 4253 et
183 4200 448 4257 minimum
481 4217 706 4258 numero
737 4202 1011 4257 exstitisse
1037 4220 1049 4255 :
1075 4200 1155 4256 Ad
1184 4200 1495 4273 Ncuphytos
1520 4214 1684 4273 porro

111 4308 257 4348 serm.
278 4312 325 4349 tv
350 4312 470 4351 cum
499 4296 566 4351 de
593 4296 656 4350 iis
679 4296 1008 4351 mentionem
1040 4293 1165 4351 facit
1191 4337 1206 4361 ,
1237 4296 1339 4365 ‘qui
1372 4296 1681 4351 universam

115 4398 214 4440 rem
242 4387 550 4445 familiarem
596 4389 923 4459 pauperibus
974 4397 1290 4460 erogarent.
1340 4388 1539 4459 quique
1592 4388 1683 4443 Dei

116 4483 351 4553 templmn
402 4493 625 4552 essent,
679 4500 801 4539 cum
854 4483 1115 4554 templum
1159 4481 1482 4537 idololatria:
1526 4490 1684 4537 antea

115 4574 438 4631 exstitissent.
498 4574 551 4631 Id
599 4576 775 4648 ipsum
812 4586 1073 4646 praetcrea
1116 4576 1241 4631 licet
1284 4576 1589 4646 perspicere
1618 4573 1686 4629 ad

1777 3383 1908 3425 vero
1939 3368 2133 3438 reliqui
2155 3378 2392 3439 quatuor
2412 3365 2604 3422 eadem
2629 3367 2838 3420 ratione
2859 3362 3067 3420 fuerint
3096 3362 3149 3416 in
3181 3360 3375 3416 iisdem

1778 3459 2186 3515 commentariis
2233 3458 2446 3524 inserti,
2484 3470 2656 3513 necne
2684 3498 2699 3523 ,
2727 3456 2960 3512 aliorum
2987 3456 3059 3510 sit
3084 3453 3370 3523 judicium.

1777 3555 1889 3612 Nos
1916 3560 2069 3621 vero,
2101 3553 2190 3625 qui
2220 3552 2274 3608 in
2296 3552 2487 3609 eodem
2510 3562 2724 3606 vetusto
2748 3550 2939 3607 codice
2966 3562 3128 3603 manu
3169 3545 3378 3614 scripto

1780 3648 1880 3704 hos
1901 3648 2064 3704 etiam
2085 3660 2371 3702 sermones
2393 3643 2555 3700 simul
2580 3658 2710 3723 cum.
2725 3651 2975 3715 quatuor,
2995 3655 3153 3712 quos,
3186 3648 3245 3695 ut
3259 3638 3373 3710 jam

1781 3740 2038 3806 diximus,
2078 3738 2220 3810 apud
2248 3737 2306 3794 S.
2349 3735 2606 3792 Basilium
2634 3734 2822 3792 Grmce
2845 3734 3149 3805 descriptos
3175 3729 3385 3803 reperi-

1782 3847 1922 3899 mus,
1953 3829 2275 3887 defraudare
2302 3828 2361 3885 S.
2392 3828 2667 3885 Zenonem
2696 3826 2876 3883 debita
2913 3840 3028 3883 sua:
3055 3823 3231 3880 laudis
3257 3836 3385 3894 pos-

1782 3925 2029 3980 sessione
2059 3938 2166 3979 non
2198 3937 2386 3978 sumus
2410 3922 2548 3978 ausi.
2577 3919 2764 3991 Neque
2790 3920 3047 3976 lectorem
3093 3918 3385 3975 debuimus

1784 4026 1892 4072 tam
1923 4016 2039 4072 utili
2070 4025 2126 4072 et
2165 4016 2403 4085 jucunda
2434 4014 2669 4069 lectione
2700 4014 2932 4084 privare.
2968 4011 3043 4066 De
3063 4010 3207 4083 stylo
3234 4009 3384 4081 quod

1784 4110 2059 4181 obiicitur,
2093 4110 2244 4165 vario
2272 4108 2490 4165 dicendi
2516 4107 2674 4164 modo
2703 4121 2986 4163 sermones
3011 4105 3349 4175 conscriptos
3368 4147 3384 4173 ,

1784 4203 1832 4258 si
1862 4201 1982 4274 quis
2013 4210 2162 4258 recte
2188 4216 2285 4258 eos
2314 4200 2661 4273 perpenderit
2681 4241 2697 4266 ,
2726 4199 3065 4271 paucissimis
3091 4196 3335 4268 exceptis
3362 4240 3379 4266 ,

1784 4293 2045 4366 ejusdem
2080 4293 2204 4365 styli
2245 4293 2585 4365 compcriet;
2617 4293 2798 4347 insunt
2825 4291 2970 4347 enim
3000 4290 3194 4347 eadem
3236 4303 3385 4359 saepe

1787 4387 2045 4444 vocabula
2070 4428 2087 4454 ,
2117 4387 2308 4443 eadem
2340 4387 2628 4443 verborum
2657 4384 2940 4454 dispositio
2985 4392 3040 4440 et
3088 4384 3381 4440 connexio.

1788 4477 1973 4549 Neque
2001 4487 2171 4533 tutum
2199 4487 2285 4533 est
2313 4491 2530 4546 semper
2559 4491 2625 4532 ex
2654 4476 2777 4547 styli
2804 4478 3086 4542 varietate,
3119 4475 3172 4530 in
3203 4475 3389 4545 paucis

1788 4570 2046 4647 maxime,
2074 4570 2144 4627 de
2178 4579 2400 4625 auctore
2445 4569 2559 4624 fleri
2587 4567 2851 4638 judicium
2880 4585 2893 4621 :
2920 4583 3026 4622 non
3056 4568 3201 4622 enim
3221 4567 3388 4639 quili-

115 4664 398 4740 Ncophytos
425 4684 588 4725 serm.
623 4686 652 4724 v
676 4684 798 4723 cum
840 4683 934 4723 eos
975 4668 1221 4723 hortatur
1246 4676 1458 4733 auctor,
1483 4674 1543 4721 ut
1574 4665 1688 4723 ido-
1713 4660 1765 4723 D
1790 4662 1883 4720 bet
1909 4673 2097 4718 auctor
2123 4662 2324 4732 scripta
2356 4677 2450 4716 sua
2478 4660 2667 4715 eadem
2701 4659 2913 4715 dicendi
2951 4660 3132 4730 pltrasi
3172 4673 3391 4729 semper

117 4757 358 4815 lolatriam
414 4760 657 4832 fugiant,
705 4772 759 4817 et
801 4778 869 4816 ne
909 4770 1127 4830 captent
1171 4759 1401 4828 amplius
1441 4759 1685 4829 auguria.

118 4851 273 4915 Quid?
303 4869 481 4910 nonne
512 4855 557 4908 id
589 4855 735 4910 clare
760 4863 907 4925 patet
938 4870 1005 4908 ex
1034 4868 1198 4908 serm.
1227 4868 1245 4906 ι
1274 4852 1336 4907 de
1366 4848 1607 4917 Pascha,
1632 4859 1690 4907 et

119 4957 172 4995 ex
198 4958 349 5000 sernr.
373 4946 437 5000 de
465 4944 765 5002 Patimlia?
803 4962 1031 5017 quorum
1078 4946 1252 5001 altero
1298 4944 1691 5015 interpretatur

120 5043 407 5093 autumnum
434 5039 515 5093 sui
544 5040 802 5110 temporis
825 5048 1089 5112 martyres
1114 5038 1451 5109 signiﬁcare,
1482 5038 1693 5104 patien-

123 5128 232 5183 tiam
254 5131 303 5184 in
332 5131 503 5185 altero
529 5146 784 5187 corollam
813 5142 1113 5204 martyrum
1154 5131 1387 5203 appellat
1422 5128 1690 5200 quotidia-

126 5224 350 5278 natn?B.
374 5222 574 5279 Thecla
607 5225 665 5281 S.
694 5224 847 5280 Pauli
889 5234 1063 5295 apost.
1110 5222 1407 5293 discipula,
1442 5232 1498 5279 et
1520 5221 1693 5291 prima

128 5316 255 5373 illius
281 5335 437 5375 sexus
466 5330 667 5392 martyr
693 5320 745 5374 in
773 5333 1025 5374 sermone
1070 5317 1134 5373 de
1180 5304 1391 5373 Timore
1418 5318 1469 5372 in
1510 5331 1694 5373 exem—

133 5413 258 5479 plttm
287 5416 491 5469 timoris
523 5414 732 5471 Domini
783 5413 1088 5469 adducitur.
1123 5412 1398 5481 Quosdam
1446 5408 1696 5466 meminit

136 5504 180 5558 in
207 5523 360 5564 serto.
390 5509 451 5563 de
476 5507 861 5565 Resurrectione
888 5508 939 5562 in
986 5505 1287 5563 idololatria
1330 5519 1429 5559 suo
1454 5514 1698 5575 tempore

140 5598 351 5655 obiisse:
383 5610 437 5655 et
461 5602 782 5657 christianos
811 5600 1073 5672 quosdam
1105 5600 1279 5669 arguit
1304 5612 1592 5667 Corporum
1614 5610 1700 5650 re-

142 5694 500 5748 surrectionem
533 5710 635 5751 non
657 5695 964 5751 credentes.
998 5694 1079 5749 Ab
1116 5709 1183 5749 eo
1209 5703 1472 5763 praeterea
1500 5691 1703 5747 descri-

146 5797 221 5853 pta
242 5797 318 5843 est
354 5788 410 5844 S.
432 5787 642 5843 Arcadii
674 5789 924 5861 martyris
944 5787 1072 5853 vita,
1103 5803 1201 5844 suo
1225 5798 1487 5857 tempore,
1512 5794 1571 5840 ut
1599 5784 1705 5840 Pe-

152 5890 251 5933 trus
273 5882 553 5952 epise0pus
593 5881 875 5950 Equilinus
906 5890 1151 5951 testatur,
1184 5879 1446 5952 martyrio
1477 5880 1530 5934 in
1561 5878 1708 5934 Mau-

1792 4754 2107 4811 contexuit:
2138 4754 2242 4808 hoc
2270 4768 2500 4822 namque
2520 4759 2578 4807 et
2599 4752 2923 4822 Augustino,
2947 4758 3003 4806 et
3026 4750 3353 4821 Hieronymo
3371 4791 3387 4815 ,

1792 4857 1847 4904 et
1873 4847 1991 4902 aliis
2020 4848 2221 4901 sanctis
2248 4846 2512 4910 Patribus,
2547 4847 2847 4918 quinimtno
2882 4857 2937 4901 et
2978 4846 3037 4903 8.
3070 4845 3238 4900 Paulo
3256 4858 3391 4915 apo-

1792 4941 1932 4996 stolo
1960 4940 2249 5012 contigisse
2272 4981 2289 5007 ,
2345 4952 2402 4994 ut
2432 4948 2564 4995 tom.
2598 4955 2637 4994 tt
2688 4940 2929 4995 Vitarum
2975 4940 3294 4996 Sanctorum
3335 4938 3391 4994 in

1794 5032 2109 5105 praefatione
2135 5032 2201 5088 ad
2252 5034 2553 5101 lectorem,
2606 5032 2680 5087 ait
2726 5031 2983 5105 Aloysius
3029 5031 3394 5102 Lippomanus

1798 5125 1957 5195 hujus
1987 5125 2246 5181 Ecclesia:
2276 5124 2479 5182 Veron.
2513 5126 2800 5196 cpiscopus
2827 5167 2841 5190 ,
2887 5125 3211 5196 quandoque
3241 5139 3399 5195 repe-

1801 5217 1992 5283 rimus,
2023 5226 2081 5274 ut
2104 5234 2201 5290 pro
2230 5219 2493 5286 locorum,
2536 5226 2839 5290 temporum
2865 5260 2883 5287 ,
2938 5226 2995 5274 et
3043 5233 3397 5290 personarum

1796 5317 2054 5389 qualitate
2081 5317 2242 5373 modo
2266 5316 2449 5385 altius,
2477 5317 2639 5373 modo
2665 5316 2954 5372 demissius
2976 5314 3395 5389 loquantur.lm-

1800 5414 2021 5485 perfecti
2074 5429 2353 5470 sermones
2375 5457 2390 5483 ,
2435 5429 2571 5486 quos
2596 5413 2654 5471 S.
2688 5414 2964 5472 Zenonem
2994 5411 3223 5471 diversis
3253 5420 3397 5466 tem-

1801 5506 2026 5579 poribus
2055 5508 2341 5578 scripsisse
2371 5507 2650 5577 probabile
2669 5518 2772 5577 est,
2800 5509 2870 5565 ab
2893 5508 3073 5580 aliquo
3094 5506 3212 5577 ejus
3236 5502 3400 5558 disci-

1802 5597 1930 5668 pulo
1963 5598 2192 5655 fideliter
2220 5599 2435 5654 collecti
2464 5611 2624 5667 sunt,
2655 5615 2779 5655 cum
2822 5599 3118 5671 praesertim
3151 5594 3398 5668 quaedam

1806 5692 1857 5744 in
1889 5692 1967 5746 eis
1998 5692 2138 5758 sint,
2168 5708 2289 5763 qua:
2318 5692 2505 5747 eadem
2536 5691 2653 5748 fere
2683 5702 2841 5758 sunt;
2892 5692 3034 5763 quod
3076 5699 3264 5745 auctor
3294 5692 3399 5743 mi-

1808 5783 1954 5839 nimc
1983 5784 2233 5851 fecisset,
2268 5799 2442 5855 neque
2471 5783 2735 5855 quispiam
2792 5784 2962 5848 alius,
2992 5784 3080 5853 qui
3108 5798 3202 5837 eos
3228 5796 3291 5837 ex
3320 5781 3405 5836 di-

1810 5876 1980 5930 versis
2005 5876 2316 5931 anctoribus
2340 5875 2593 5945 colligere
2616 5874 2896 5929 voluisset.
2930 5873 3011 5929 Ex
3040 5874 3125 5929 his
3153 5872 3312 5941 igitur
3340 5874 3403 5925 lia-
