3960 6330
503 346 609 404 245

1896 337 2430 397 ΡηοιεαῡκκΝΑ.

3568 390 3575 397 .
3658 349 3749 406 ΞΗ

506 473 588 520 cet
614 477 963 535 cognoscere,
986 470 1183 533 quanta
1203 458 1399 530 injuria
1422 458 1615 516 doctor
1635 457 2101 515 eximiusS.Zeno
2130 461 2176 521 Α
2211 456 2383 510 ηοδίιη
2414 426 2715 513 εεηιρυιῆε
2744 472 2809 513 ex
2855 458 3002 516 hisce
3033 459 3371 515 sermonibus
3399 465 3540 534 quasi
3589 464 3751 523 floscu-

504 559 698 618 eodem
722 558 1065 615 bibliothecae
1093 557 1213 611 loco
1244 559 1450 612 honore
1471 568 1572 611 suo
1601 552 1957 609 defraudatus
1987 552 2104 609 fue-

498 654 573 709 rit
598 692 613 719 ,
644 651 858 721 scriptis
896 649 1010 705 suis
1040 647 1480 717 lnculentissimis
1524 645 1786 717 spoliatus
1811 687 1825 712 ,
1856 645 1940 700 cui
1987 644 2107 715 opi-

501 746 652 805 nioni
700 755 756 802 et
775 744 981 816 judicio
1017 744 1069 798 in
1102 743 1204 798 bac
1226 758 1287 798 ro
1329 756 1436 797 non
1465 741 1598 797 satis
1624 739 1838 795 oculato
1867 738 2106 809 refraga-

499 848 591 896 tur
620 838 857 897 Blondus
902 836 1167 902 Flavius,
1228 836 1305 891 De
1355 830 1618 891 illustrata
1678 832 1831 888 italia
1882 833 2105 903 regione

498 947 641 988 nona
671 951 684 988 :
708 933 897 988 Petrus
916 931 1204 1001 episcopus
1232 928 1514 1001 Equilinus
1541 928 1594 983 in
1621 930 1727 982 vita
1755 926 1816 983 3.
1846 925 2102 995 Zenonis,

500 1035 558 1084 et
603 1026 839 1084 Joannes
898 1024 1137 1084 Sltefﬂer
1184 1024 1547 1099 Justiugeusis
1591 1022 2008 1079 mathematicus
2056 1022 2108 1077 in

498 1121 815 1178 calendario
874 1121 1160 1186 Romano,
1208 1119 1301 1190 qui
1350 1118 1503 1190 prius
1550 1117 1818 1188 superiori
1866 1116 2105 1184 stet-uio,

502 1229 666 1287 quam
696 1214 838 1287 typis
863 1212 1095 1269 fuissent
1124 1212 1331 1279 excusi,
1364 1225 1645 1266 sermones
1677 1209 1735 1267 S.
1771 1210 1972 1266 Zenoni
2022 1218 2109 1264 at-

500 1307 769 1363 tribuunt.
800 1304 995 1360 Nostra
1028 1319 1157 1365 vero
1179 1310 1339 1358 mtate
1360 1311 1558 1374 przrter
1585 1300 1648 1357 ιε’.
1675 1299 1979 1356 Leandrum
2010 1301 2106 1356 Al-

503 1398 721 1455 bertum
779 1397 1179 1453 Bononiensem
1231 1394 1364 1450 0rd.
1413 1393 1588 1449 Praed.
1643 1392 1697 1447 in
1743 1392 2110 1461 descriptione

504 1491 696 1559 Italiae,
735 1501 789 1548 et
813 1490 1149 1562 Onupbrium
1177 1488 1496 1546 Panvinium
1537 1488 1590 1543 in
1628 1487 1888 1543 chronica
1917 1502 2107 1542 manu-

505 1586 734 1657 scripto,
762 1598 958 1640 vanam
1000 1583 1148 1639 illius
1195 1581 1476 1647 trutinam,
1521 1588 1579 1636 et
1616 1579 1880 1650 judicium
1911 1579 2111 1636 refellit

508 1680 654 1737 idem
703 1680 957 1752 Aloysius
994 1678 1397 1750 Lippomanns,
1446 1684 1503 1731 et
1548 1673 1870 1731 Laurentius
1917 1673 2109 1730 Surius

508 1774 902 1830 Carthusianus
927 1815 941 1838 ,
973 1773 1075 1827 viri
1120 1770 1344 1842 judicio,
1381 1768 1580 1840 pietate
1601 1809 1618 1835 ,
1671 1776 1727 1822 et
1750 1767 1918 1831 varia,
1941 1774 1995 1821 et
2024 1780 2113 1822 re-

513 1868 727 1924 condita
780 1866 1085 1923 eruditione
1135 1862 1375 1934 insignes
1406 1903 1421 1930 ,
1472 1873 1527 1917 et
1554 1875 1826 1917 sacrarum
1860 1858 2109 1913 historia-

2210 546 2295 603 ιω
2322 547 2610 619 decerptos
2639 550 2859 606 nomine
2883 549 3117 607 Zenonis
3141 551 3384 621 intexuit,
3416 562 3623 627 uterque
3643 573 3753 614 vero

2212 639 2354 702 inter
2372 641 2694 699 Sanctorum
2723 644 2862 700 vitas
2907 644 3193 717 pntdentia
3236 660 3439 703 summa
3462 692 3476 716 ,
3502 648 3755 723 laboreque

2212 733 2517 792 incredibili
2572 737 2830 794 collectas
2876 753 3162 796 sermones
3202 742 3432 812 integros
3474 742 3531 798 Β.
3558 744 3756 803 Zenonis

2213 824 2434 882 nomine
2464 826 2751 899 insignitos
2779 830 3141 887 inseruerunt.
3194 832 3285 887 His
3319 833 3630 905 gravissimis
3653 850 3758 895 auc-

2212 919 2426 976 toribus
2456 923 2667 978 accedit
2695 924 2807 978 vita
2841 925 2899 981 S.
2927 925 3179 993 Zenonis,
3203 943 3320 999 qua:
3341 928 3447 1000 jam
3479 932 3646 987 multis
3671 950 3755 990 sa:-

2210 1016 2348 1072 culis
2378 1016 2476 1072 fuit
2500 1019 2842 1091 conscripta,
2897 1022 2950 1077 in
2979 1037 3083 1094 qua
3112 1022 3351 1079 membra
3377 1024 3571 1097 aliquot
3598 1028 3757 1086 horum

2212 1126 2553 1180 sermonum,
2592 1114 2663 1171 de
2708 1116 2905 1187 quibus
2930 1126 3013 1173 est
3036 1117 3349 1189 disputatio,
3398 1120 3647 1195 leguntur.
3672 1124 3761 1180 Μο-

2212 1219 2405 1260 nemus
2433 1215 2615 1263 autem
2647 1211 3076 1279 praetermissum
3103 1226 3228 1268 esse
3274 1212 3336 1269 S.
3362 1212 3627 1271 Gaudentii
3669 1220 3762 1289 epi-

2209 1299 2358 1367 scopi
2386 1296 2684 1355 Brixiensis
2712 1315 3018 1359 sermonem
3045 1347 3059 1371 ,
3091 1306 3183 1377 qui
3211 1310 3422 1363 excusis
3462 1311 3763 1367 sermonibus

2210 1389 2270 1446 S.
2299 1390 2534 1448 Zenonis
2577 1393 2751 1449 fuerat
2775 1395 2986 1451 addilus
3010 1438 3026 1464 ,
3077 1398 3224 1469 quod
3280 1400 3334 1455 in
3364 1410 3566 1459 vetusto
3607 1402 3766 1459 codice

2208 1486 2580 1557 manuscripto
2598 1502 2705 1543 non
2722 1493 3007 1559 reperitur.
3038 1490 3165 1547 Haec
3186 1491 3255 1549 de
3271 1492 3328 1548 Β.
3349 1492 3573 1549 Zenonis
3594 1509 3768 1550 sermo-

2210 1578 2402 1644 nibus,
2431 1587 2489 1634 ut
2514 1579 2743 1651 piissimi
2772 1590 2826 1637 et
2865 1580 3235 1653 benignissimi
3287 1585 3514 1656 pastoris
3550 1600 3608 1640 ac
3629 1587 3769 1661 patris

2211 1673 2388 1729 nostri
2418 1673 2694 1741 mandato,
2726 1689 2829 1745 qua
2879 1674 3166 1732 debuimus
3192 1677 3559 1747 observantia,
3583 1694 3770 1750 parere-

2213 1781 2356 1822 mus.
2386 1766 2589 1824 Fruere
2617 1767 2785 1840 igitur
2806 1811 2822 1838 ,
2851 1769 3084 1827 candide
3116 1771 3320 1842 lector,
3357 1774 3439 1829 bis
3466 1776 3767 1831 sermonibus

2228 1861 2485 1932 martyris
2507 1861 2773 1933 cpiscOpi,
2820 1862 2912 1933 qui
2942 1877 3137 1935 magno
3176 1864 3268 1921 Dei
3302 1880 3520 1924 munere
3546 1867 3682 1925 nobis
3708 1884 3775 1925 re-

516 1974 636 2017 rum
668 1961 718 2015 in
751 1958 938 2030 primis
965 1953 1335 2017 scientissimi,
1363 1958 1454 2025 qui
1485 1967 1592 2009 non
1620 1951 1782 2007 modo
1824 1950 2071 2006 oratione
2091 1992 2107 2017 ,
2140 1919 2189 1979 Β
2221 1951 2333 2008 licti
2358 1962 2503 2020 sunt,
2550 1919 2854 2025 quos'cum.
2888 1919 3094 2013 attenle
3144 1954 3343 2028 legeris
3373 2001 3387 2025 ,
3419 1960 3607 2016 senties
3652 1969 3698 2015 te
3721 1960 3774 2014 ad

513 2057 607 2113 sed
635 2056 799 2111 etiam
824 2068 925 2109 usu
954 2054 1074 2123 ipso
1104 2050 1161 2108 S.
1195 2048 1432 2105 Zenonis
1461 2061 1585 2103 esse
1614 2045 1911 2101 docuerunt
1937 2085 1951 2109 ,
1980 2057 2117 2114 quo-

507 2162 631 2203 rum
660 2146 799 2202 alter
827 2146 881 2199 in
908 2157 1061 2200 suam
1098 2151 1345 2199 catenam
1369 2138 1880 2195 commentariorum
1925 2138 1979 2192 in
2009 2134 2116 2193 Ge-

2220 2047 2435 2103 virtutis
2487 2056 2541 2104 et
2578 2047 2790 2120 pietatis
2839 2049 3073 2105 studium
3105 2051 3430 2109 mirabiliter
3452 2053 3696 2119 excitari,
3732 2062 3777 2108 ct

2223 2138 2521 2207 hominem,
2545 2142 2718 2213 inquo
2741 2141 2990 2200 Christus
3004 2143 3348 2217 loquebatur,
3367 2148 3520 2218 plane
3534 2161 3771 2219 agnosces.

1393 2268 3765 2297 ww.

1143 2390 1601 2467 ΝΟΤΙΤΙΑ
1668 2388 2120 2463 LITTEBA

2227 2389 2368 2463 .IA
2437 2390 2549 2464 IN
2631 2393 3188 2474 ZENONEM.

1528 2544 1641 2629 (ex
1683 2561 2201 2611 scuomvmuamvo
2234 2565 2298 2611 Τ.
2337 2565 2387 2627 r,
2432 2564 2490 2609 ι».
2524 2545 2857 2631 312-328.)

584 2810 685 2885 gl.
722 2812 863 2869 Vita.
895 2842 964 2853 —
1004 2808 1305 2880 Episcopus
1350 2804 1705 2869 Veronensis,
1756 2801 1826 2858 de
1869 2815 1978 2873 quo
2022 2797 2119 2854 ad-

512 2906 733 2965 modum
764 2919 933 2977 pauca
979 2912 1124 2969 sunt,
1174 2916 1296 2973 quae
1325 2909 1472 2956 certa
1516 2896 1621 2953 fide
1659 2903 1822 2965 atque
1864 2891 2117 2949 continua

515 3014 701 3056 rerum
754 2995 1014 3051 memoria
1059 2992 1364 3049 traduntur.
1439 2990 1699 3054 Fuerunt,
1760 2985 1850 3056 qui
1900 2985 2120 3039 nomine

517 3093 661 3148 ducti
687 3091 936 3146 Graecum
969 3094 1241 3158 putarent,
1276 3094 1330 3140 et
1359 3082 1644 3154 Anonymo
1674 3078 1909 3151 quodam
1942 3076 2117 3133 versi-

2222 2798 2570 2869 gnationibus
2634 2803 2852 2869 acribus
2898 2813 3127 2864 tantum
3171 2824 3280 2866 non
3344 2812 3551 2883 penitus
3594 2812 3778 2883 devicit,

2227 2891 2369 2947 unde
2398 2891 2668 2951 Veronam
2696 2898 2973 2956 erroribus
3015 2917 3273 2972 purgasse
3325 2914 3486 2976 atque
3526 2905 3589 2961 ad
3630 2920 3781 2959 veram

2225 2983 2541 3055 religionem
2600 2989 2915 3058 perduxisse
2966 2993 3143 3051 dictus
3208 3006 3313 3052 est.
3364 2998 3546 3056 Effecit
3602 3012 3784 3071 quoque

2227 3080 2409 3139 studio
2441 3081 2663 3152 illustri,
2690 3096 2745 3140 ut
2775 3103 2915 3143 nova
2944 3091 3174 3146 ecclesia
3199 3092 3433 3150 Verona:
3452 3112 3482 3151 e
3512 3094 3782 3150 fundamen-

518 3187 743 3241 ficntore
772 3191 909 3238 teste
934 3180 1088 3254 Syria
1113 3177 1423 3238 oriundum.
1445 3176 1683 3243 Quorum
1699 3172 2116 3228 ltariolatiocum
2146 3213 2192 3278 Ο
2227 3174 2295 3229 tis
2340 3184 2736 3244 exstrueretur,
2767 3180 3131 3255 primumque,
3166 3202 3226 3241 ca
3259 3197 3470 3260 aperta,
3501 3187 3786 3243 christiano-

515 3294 615 3352 per
645 3294 704 3334 se
732 3279 803 3333 sit
839 3277 971 3331 satis
1010 3274 1144 3329 levis
1187 3280 1347 3344 atque
1384 3285 1575 3345 parum
1620 3266 1974 3327 communita,
2004 3274 2114 3320 tum

521 3371 832 3443 infringitur
860 3369 1018 3441 plane
1046 3367 1300 3423 dictionis
1326 3380 1526 3438 genere
1552 3364 1710 3435 longe
1724 3362 1927 3431 puriori
1959 3369 2120 3428 atque

518 3464 784 3537 propiori,
821 3476 980 3534 quam
1035 3459 1257 3517 Graecus
1302 3459 1464 3512 homo
1503 3456 1681 3511 studio
1727 3455 1935 3526 privato
1967 3451 2119 3507 vitle-

518 3571 607 3615 tur
631 3567 1027 3615 consecuturus
1056 3552 1245 3609 fuisse.
1278 3552 1474 3608 Contra
1527 3566 1595 3607 ex
1642 3548 1836 3605 eodem
1868 3547 1993 3618 styli
2025 3561 2120 3601 co-

520 3655 638 3709 lore
668 3667 774 3707 non
818 3651 937 3706 sine
959 3649 1081 3720 jure
1109 3648 1223 3704 sibi'
1255 3647 1529 3710 videntur,
1561 3645 1650 3716 qui
1697 3642 1995 3699 identidem
2041 3640 2121 3694 di-

516 3745 755 3802 ctionem
785 3743 903 3814 ejus
947 3740 1383 3812 deprmdicarunt
1432 3737 1530 3792 viri
1581 3735 1883 3792 doctissimi
1923 3734 2126 3790 Casau-

518 3840 719 3907 bouus,
751 3837 1004 3895 Barthius
1042 3835 1264 3906 aliique,
1292 3832 1605 3889 Africanum
1650 3844 1772 3885 ettm
1804 3828 1992 3883 fuisse.
2021 3830 2125 3881 -Αῐ-

521 3949 630 4006 que
662 3932 788 3987 huic
814 3928 1056 4002 opinioni
1080 3924 1350 3985 calculum
1382 3924 1694 3995 adjecerunt
1722 3920 1914 3976 fratres
1948 3919 2124 3974 Balle-

521 4026 646 4083 rinii
672 4024 911 4082 editores
941 4039 1007 4080 ex
1041 4020 1131 4077 Tr.
1164 4021 1227 4076 de
1271 4016 1496 4074 Arcadio
1539 4025 1764 4087 martyre
1798 4015 1849 4069 in
1880 4012 2127 4069 Caesarea

523 4118 861 4176 Mauritanim
927 4130 1122 4187 passo;
1190 4112 1345 4185 cujus
1397 4109 1658 4167 memoria
1712 4122 1835 4164 cum
1904 4118 2128 4175 prorsus

524 4210 666 4283 apud
713 4211 965 4281 antiquos
994 4208 1176 4280 ignota
1216 4206 1309 4273 sit,
1344 4203 1464 4259 fieri
1496 4216 1602 4258 non
1652 4200 1896 4273 potuisse
1942 4198 2129 4255 existi-

524 4310 697 4369 mant,
725 4309 783 4357 ut
811 4299 1142 4356 Veronensis
1169 4313 1257 4368 ep.
1291 4303 1437 4351 tanta
1477 4309 1601 4350 cum
1644 4293 1905 4363 religione
1931 4291 2127 4346 natali-

523 4394 661 4449 tium
708 4391 828 4463 ejus
859 4392 1003 4447 diem
1050 4388 1374 4454 celebraret,
1424 4387 1526 4442 nisi
1578 4389 1849 4458 praecipua
1894 4381 2126 4454 quadam

527 4486 820 4543 devotione
842 4483 1016 4542 eidem
1052 4481 1245 4538 fuisset
1276 4479 1524 4536 addictus
1550 4484 1713 4548 atque
1739 4476 1876 4535 adeo
1900 4475 2128 4531 fortasse

452 4605 471 4616 -
530 4592 596 4636 ex
628 4579 819 4635 eadem
863 4576 1062 4633 Africa:
1117 4572 1390 4646 provincia
1440 4571 1735 4638 oriundus;
1777 4568 2129 4625 oStendentes

530 4673 692 4728 simul
744 4687 850 4727 non
877 4672 1114 4726 alienum
1159 4686 1188 4725 a
1237 4666 1718 4724 consuetudinibus
1767 4664 2129 4720 Ecclesiarum

531 4764 842 4820 Occidentis
868 4762 1058 4827 fuisse,
1092 4770 1149 4815 ut
1176 4760 1463 4816 Africanos
1494 4757 1704 4815 meritis
1750 4757 1988 4828 insignes
2017 4757 2133 4828 epi-

532 4872 728 4929 scopos
759 4866 812 4912 et
840 4853 1069 4911 clericos
1096 4860 1367 4917 crearent,
1413 4866 1514 4907 nec
1560 4850 1740 4906 minus
1770 4850 1937 4915 moris
1966 4848 2132 4903 fuisse

534 4949 909 5021 expeditiones
938 4947 991 5002 in
1015 4955 1190 5001 terras
1218 4945 1425 5001 Orienti
1454 4942 1753 5012 suscipere.
1802 4942 1965 4997 Iidem
2012 4942 2129 5012 epi-

538 5056 765 5112 scopum
815 5056 938 5098 enm
994 5038 1299 5094 ordinatum
1354 5051 1478 5092 esse
1502 5047 1657 5090 sexto
1688 5035 1809 5089 idus
1833 5033 2136 5090 decembris

537 5149 681 5189 anno
712 5134 817 5190 565
875 5134 1175 5203 (postremo
1201 5128 1427 5198 Juliani)
1458 5128 1724 5183 scribunt.
1767 5124 1982 5181 Juliauo
2005 5142 2136 5198 ergo

537 5242 626 5282 an.
658 5224 786 5292 565,
818 5226 925 5280 vita
957 5225 1238 5290 defuncto,
1272 5239 1395 5279 cum
1439 5223 1727 5293 imperium
1774 5221 1842 5276 ad
1891 5220 2133 5277 Caesares

536 5320 858 5392 religionem
882 5318 1234 5374 christianam
1262 5315 1505 5372 foventes
1531 5315 1727 5371 iterutn
1767 5323 1914 5371 esset
1952 5313 2135 5369 tradu-

536 5421 705 5479 ctum,
735 5412 862 5467 novi
892 5412 1132 5467 muneris
1156 5408 1396 5481 auspicia
1422 5407 1620 5465 exinde
1646 5407 1954 5464 felicissima
1985 5405 2134 5462 Zeno

538 5509 726 5580 cmpit,
757 5514 817 5562 ut
848 5505 1040 5574 partim
1068 5518 1329 5576 paganos,
1362 5516 1501 5575 quos
1528 5502 1843 5574 frequenter
1870 5511 1996 5556 tunc
2024 5499 2132 5555 Ve-

535 5617 687 5659 ronze
712 5601 878 5657 fuisse
905 5597 1200 5655 verisimile
1238 5607 1341 5663 est,
1386 5598 1580 5667 partim
1612 5596 1863 5663 Arianos,
1912 5594 2002 5667 qui
2032 5594 2133 5651 sub

538 5694 875 5763 Constantio,
906 5692 1107 5750 Juliani
1151 5690 1577 5763 prmdecessore,
1609 5689 1905 5746 catholicos
1952 5690 2006 5743 in
2051 5688 2134 5745 his

538 5786 850 5856 regionibus
882 5801 1018 5858 pene
1044 5791 1432 5857 oppresserant
1449 5825 1464 5852 ,
1491 5783 1821 5849 adoriretur,
1853 5795 1990 5853 quos
2012 5795 2134 5852 par-

542 5875 638 5935 tim
682 5874 934 5939 facundia
965 5893 1061 5936 sua
1092 5877 1159 5934 ad
1186 5877 1346 5943 fidem
1391 5876 1679 5952 convertit,
1724 5874 1914 5951 partim
1960 5874 2106 5957 imp!

2224 3285 2342 3324 rum
2395 3282 2720 3328 conventum
2765 3289 3036 3343 sermone,
3099 3280 3261 3337 etiam
3310 3297 3455 3338 nunc
3511 3281 3782 3354 superstite.

2223 3361 2521 3419 celebravit
2568 3363 2764 3438 (Tract.
2822 3385 2930 3435 xvr,
2977 3370 3013 3426 l.
3063 3369 3124 3443 ι).
3183 3373 3364 3446 Atque
3416 3374 3631 3447 primam
3676 3371 3789 3426 lianc

2223 3453 2392 3510 fuisse
2418 3457 2704 3512 ecclesiam
2735 3458 2960 3515 Verona!
2997 3460 3096 3537 bos
3127 3465 3180 3519 in
3213 3480 3348 3521 usus
3380 3466 3701 3527 aedificatam,
3732 3477 3785 3515 ex

2225 3548 2417 3604 eodem
2449 3550 2568 3621 ejus
2599 3566 2851 3611 sermone
2880 3570 2985 3609 non
3018 3556 3215 3627 injuria
3244 3564 3497 3616 auctores
3538 3567 3655 3612 ante
3693 3556 3787 3609 lau-

2225 3638 2335 3695 dati
2366 3642 2679 3711 conjiciunt.
2735 3643 2941 3701 Morum
2996 3663 3059 3703 ac
3105 3649 3230 3705 vita:
3276 3653 3527 3722 gnaviter
3567 3648 3789 3706 ducendi:

2226 3742 2411 3788 custos
2476 3734 2917 3804 vigilantissimus
2984 3727 3122 3807 fuit,
3178 3751 3233 3797 et
3278 3754 3532 3814 superest
3572 3750 3791 3797 tractatus

2230 3822 2434 3891 (Tract.
2466 3839 2558 3891 xv,
2594 3828 2630 3883 l.
2667 3829 2727 3898 ι),
2776 3845 2882 3899 quo
2922 3828 3217 3901 plurimum
3253 3843 3385 3891 tunc
3433 3834 3677 3907 temporis
3718 3846 3793 3902 per

2231 3917 2452 3973 ltaliam‘
2472 3918 2851 3992 episcoporum
2893 3927 3141 3997 exemplo
3185 3920 3261 3997 in.
3293 3944 3394 3985 eos
3438 3929 3666 3984 invectus
3706 3934 3789 3989 cst,

2231 4012 2321 4079 qui
2366 4008 2658 4085 agaparum
2706 4017 2928 4074 nomine
2966 4019 3018 4074 in
3051 4024 3560 4095 commessationes,
3590 4021 3793 4078 ebrieta-

2231 4114 2338 4162 tem
2387 4122 2451 4163 ac
2485 4110 2871 4199 impudicitiam
2917 4114 3290 4173 abuterentur.
3347 4119 3608 4191 Imprimis
3643 4126 3795 4173 autent

2234 4200 2505 4272 virginum
2534 4204 2873 4276 disciplinam
2908 4208 2978 4263 ab
3019 4225 3086 4265 eo
3133 4212 3410 4270 excultam
3440 4231 3577 4280 esse,
3606 4203 3725 4269 adeo
3751 4219 3799 4264 ut

2238 4292 2463 4359 Verona:
2509 4311 2615 4351 non
2662 4298 2835 4353 solum
2869 4299 3107 4371 virgines
3154 4305 3363 4371 essent,
3413 4322 3535 4378 qua:
3562 4303 3797 4378 pudicitia:

2232 4387 2512 4459 virginalis
2545 4400 2674 4447 voto
2701 4391 2982 4449 obstrictae
3041 4395 3095 4451 in
3155 4396 3411 4459 domibus
3458 4401 3569 4457 suis
3610 4413 3665 4455 se
3688 4412 3798 4452 con-

2234 4479 2491 4547 tinerent,
2521 4481 2616 4535 sed
2647 4481 2811 4537 etiam
2839 4499 2961 4553 qua:
2988 4486 3352 4558 virginitatem
3401 4490 3649 4563 professas
3674 4502 3800 4543 com-

2159 4603 2208 4665 D
2236 4585 2456 4665 m_unem
2489 4571 2544 4626 iu
2576 4576 2911 4631 monasterio
2944 4577 3104 4633 vitam
3136 4580 3422 4653 degerent,
3453 4600 3518 4640 ex
3548 4580 3800 4638 Ambrosio

2240 4662 2461 4737 (Ερξιι.)
2511 4666 2850 4736 potissimum
2884 4674 3301 4743 cognoscimus.
3351 4676 3561 4744 Annus,
3591 4673 3800 4747 quo_vila

2238 4759 2562 4825 excesserit,
2596 4769 2653 4815 ut
2691 4752 2920 4831 plurima
2951 4764 3069 4834 ejus
3097 4777 3269 4836 gesta,
3297 4769 3538 4825 incertus
3568 4778 3663 4825 est.
3704 4765 3804 4821 Plu-

2238 4852 2352 4906 cuit
2376 4851 2683 4909 Balleriniis
2735 4855 2843 4913 580
2871 4855 2955 4912 vel
2980 4857 3111 4924 58l,
3152 4868 3208 4914 ut
3235 4860 3374 4917 adeo
3406 4877 3504 4933 per
3545 4874 3705 4916 annos
3730 4856 3799 4921 i3.

2239 4941 2499 5001 Ecclesia:
2521 4944 2850 5002 Veronensis
2878 4949 3119 5019 regimen
3153 4953 3407 5017 tenuerit,
3435 4951 3576 5025 quod
3602 4951 3802 5021 Spatium

2239 5035 2306 5091 ad
2334 5038 2515 5092 omnia
2541 5080 2555 5105 ,
2584 5054 2702 5109 anc
2732 5048 2840 5094 tam
2867 5041 3096 5098 obscure
3125 5045 3456 5114 accepimus,
3488 5041 3709 5116 gerenda
3733 5040 3804 5093 vix

2238 5129 2374 5184 satis
2406 5144 2659 5200 magnum
2693 5139 2905 5201 putant.
2926 5132 3008 5188 .Dc
3052 5135 3327 5191 miraculis
3376 5146 3433 5192 et
3478 5134 3724 5209 martyrio
3763 5131 3804 5185 in

2237 5223 2494 5293 praesenti
2525 5220 2657 5278 nihil
2687 5223 2869 5281 dicere
2894 5226 3107 5283 attinet.
3138 5227 3225 5283 Illa
3256 5229 3349 5300 qui
3391 5240 3563 5295 curat,
3595 5227 3806 5283 editores

2239 5330 2464 5386 Operum
2511 5316 2630 5386 ejus
2660 5328 2714 5371 et
2754 5316 2955 5384 fontes,
2992 5319 3136 5376 unde
3168 5320 3245 5376 illi
3278 5321 3595 5386 hauserunt,
3640 5316 3803 5377 adeat;

2236 5405 2510 5476 posterius
2537 5406 2774 5464 fabulam
2801 5425 2943 5475 esse,
2975 5411 3076 5482 ipsi
3103 5411 3380 5481 Ballerinii
3413 5411 3630 5484 majoris
3665 5420 3805 5480 quam

2241 5496 2380 5554 forte
2431 5513 2566 5570 opus
2596 5509 2713 5556 erat
2749 5516 2930 5573 opera:
2959 5502 3237 5574 impendio
3282 5506 3568 5577 probatum
3596 5504 3803 5560 iverunt.

2313 5590 2341 5663 §
2371 5590 2432 5647 ll.
2464 5592 2696 5665 Scripta.
2728 5625 2800 5636 —-
2826 5594 2961 5667 Ejus
2999 5609 3274 5669 supersunt
3318 5598 3596 5656 Sermones
3636 5595 3808 5667 longio-

2235 5699 2318 5738 res
2347 5699 2455 5749 xvr,
2489 5686 2797 5742 breviuscuh’
2826 5704 3068 5747 Lxxxvu.

2312 5775 2340 5850 ᾗ
2373 5777 2459 5833 Ill.
2489 5777 2781 5837 Editionet.
2804 5812 2877 5824 --
2902 5785 3043 5842 Ante
3084 5784 3408 5847 Ballerinios
3451 5783 3641 5841 fratres
3666 5790 3808 5838 nemo

2241 5873 2360 5944 fuit.
2405 5877 2492 5953 qui
2526 5877 2662 5940 bene
2687 5879 2756 5939 de
2794 5881 3010 5963 Zenone
3037 5884 3300 5949 meruisse
3321 5883 3427 5953 dici
3471 5891 3665 5963 posset.
3693 5876 3810 5939 Nam
