3960 6330
260 339 366 394 alii}

1256 335 1530 394 ΝΟΤΙΤΙΑ
1564 330 1983 391 LITTERABIA
2016 331 2082 388 ΙΝ
2122 334 2470 393 ZENONEM.

3447 347 3552 402 946

257 455 344 523 qui
377 451 530 507 valde
560 460 768 507 mature
812 450 1049 522 quidem,
1101 466 1241 506 anno
1290 450 1544 506 nimirum
1591 447 1754 515 1508,
1785 463 1850 502 ex
1880 455 1933 515 Α
1962 446 2200 502 indicant
2228 451 2608 506 annotationes
2631 450 2850 522 aliquze,
2890 454 2942 509 in
2984 455 3180 527 quibus
3203 456 3272 512 ad
3299 457 3558 514 observa-

255 546 435 602 codice
466 560 495 600 a
526 544 765 601 Guarino
791 543 1093 600 Veronensi
1119 552 1334 615 reperto
1363 543 1599 598 Zenonis
1629 540 1848 598 nomine

255 639 360 696 luci
400 637 513 696 dati
564 647 690 695 sunt
719 653 1020 706 sermones,
1054 654 1159 693 non
1192 637 1352 693 modo
1381 635 1512 691 nihil
1545 634 1704 689 fama;
1748 633 1849 688 hu-

246 734 333 802 jus
359 734 599 788 auctoris
627 732 966 803 profuerunt,
1012 730 1108 788 sed
1157 733 1318 787 etiam
1370 729 1434 785 ad
1467 728 1846 784 confundenda

251 825 531 882 doetorum
561 827 631 883 de
660 843 726 883 eo
763 827 965 897 judicia
1010 826 1317 892 valuerunt,
1355 832 1629 894 prmeunte
1659 823 1847 893 imprin

249 920 346 975 mis
366 919 446 976 Jo.
483 920 640 977 Sixto
668 922 894 978 Senensi
917 920 1006 991 (In
1033 917 1266 975 biblioth.
1300 928 1496 984 sancta,
1528 932 1601 982 tv,
1627 916 1706 970 ed.
1742 915 1843 970 col.

247 1013 346 1067 Ion.
380 1031 496 1085 agr.
537 1014 700 1080 1626,
736 1034 788 1086 p.
821 1013 973 1085 '59I),
1007 1015 1121 1084 qui,
1172 1027 1291 1068 cum
1341 1011 1545 1081 aliquot
1589 1015 1846 1063 tractatus

243 1103 716 1174 deprehendisset,
770 1106 858 1176 qui
907 1106 1101 1176 partim
1151 1103 1407 1158 Hilarium
1453 1107 1547 1155 aut
1585 1099 1842 1154 Basilium

240 1207 517 1254 auctorem
553 1199 841 1266 haberent,
873 1200 1064 1270 partim
1094 1207 1368 1251 auctorem
1411 1195 1570 1264 longe
1613 1191 1839 1259 Zenoni,

240 1291 388 1361 cujus
440 1291 671 1359 insuper
699 1301 912 1348 mtatem
962 1291 1163 1357 Sinus,
1213 1303 1335 1344 cum
1387 1288 1549 1342 Petro
1592 1285 1841 1355 Equilino

239 1384 490 1453 episcOpo
545 1383 612 1438 ad
667 1383 977 1440 Gallienum
1040 1397 1208 1452 usque
1261 1380 1521 1446 retraxit,
1578 1377 1838 1434 seriorem

238 1484 631 1542 monstrarent,
667 1476 822 1533 facile
848 1492 907 1532 se
936 1475 1272 1531 dubitatione
1316 1473 1488 1543 abripi
1539 1486 1728 1542 passus
1758 1478 1842 1525 est

237 1569 295 1623 ad
339 1567 502 1624 ﬁdem
557 1569 788 1641 reliquis
831 1571 991 1625 etiam
1043 1567 1293 1624 omnibus
1343 1563 1731 1635 derogandum,
1782 1570 1842 1617 ut

237 1660 418 1732 majori
447 1677 519 1716 ex
553 1674 707 1732 parte
755 1662 1018 1718 collectos
1063 1676 1183 1716 esse
1212 1675 1276 1715 ex
1323 1658 1560 1714 diversis
1606 1657 1838 1713 auctori-

234 1753 322 1809 bus
351 1796 366 1818 ,
397 1753 657 1808 ducentis
687 1769 823 1825 pene
853 1753 1007 1809 annis
1049 1753 1252 1808 Zenoni
1304 1751 1694 1822 posterioribus
1721 1759 1835 1805 sta-

1955 541 2130 596 tiones
2161 542 2212 596 in
2241 543 2459 599 eosdem
2491 553 2796 615 postremos
2823 563 3041 620 quoque
3066 565 3350 608 sermones
3379 552 3552 608 lecto-

1951 647 2064 687 rem
2095 634 2335 689 remittit.
2370 635 2529 692 Hisce
2558 647 2736 694 autem
2770 641 2820 694 in
2848 643 3290 700 annotationibus
3328 655 3385 702 et
3427 661 3550 702 cur-

1951 723 2192 793 ruptiora
2242 726 2487 796 quaedam
2522 729 2635 784 loca
2674 731 2901 787 tentavit
2927 734 3222 790 emendare
3267 747 3323 792 et
3362 737 3554 794 difﬁci-

1951 816 2114 872 liores
2140 818 2402 888 quasdam
2435 823 2732 878 sententias
2777 824 3051 894 explicare
3079 828 3299 883 naviter
3323 839 3378 884 et
3419 845 3548 886 eru-

1950 908 2061 963 dite
2109 909 2333 965 studuit.
2385 910 2502 968 Uno
2539 916 2728 970 codice
2755 932 2915 984 usus,
2968 935 3128 990 quem
3177 921 3349 976 serius
3386 923 3550 978 etiam

1949 1001 2224 1073 accepisse
2254 1004 2488 1073 videtur,
2525 1007 2668 1062 alios
2697 1024 2841 1080 saepe
2870 1001 3221 1081 desideravit,
3255 1016 3408 1086 queis
3437 1018 3551 1072 siu-

1947 1113 2129 1154 ceram
2162 1101 2450 1158 lectionem
2501 1107 2830 1162 restitueret.
2873 1109 3098 1178 Aliquos
3129 1121 3388 1168 tractatus
3414 1127 3541 1182 sup-

1947 1194 2216 1264 posititios
2269 1195 2424 1266 plane
2472 1201 2722 1268 cognovit
2743 1243 2758 1270 ,
2793 1210 2848 1257 at
2875 1217 2996 1258 cum
3026 1204 3298 1275 vulgatum
3327 1206 3394 1263 de
3423 1207 3548 1264 Gal-

1947 1285 2076 1340 lieni
2107 1295 2270 1342 aetate
2316 1290 2691 1360 prtejudicium
2737 1295 2976 1350 nondum
3023 1295 3345 1365 detexisset,
3391 1298 3548 1355 harsit

1945 1376 2162 1445 alicubi,
2193 1381 2485 1451 quominus
2529 1383 2742 1454 aliquos
2760 1385 3033 1442 addititios
3058 1396 3318 1443 tractatus
3340 1390 3546 1445 alienos

1945 1471 2212 1539 crederet,
2269 1475 2466 1531 alicubi
2510 1477 2671 1532 etiam
2718 1480 3010 1550 genuinum
3059 1480 3294 1536 Zenonis
3338 1497 3548 1538 sermo-

1942 1579 2090 1632 nem,
2140 1567 2230 1637 qui
2279 1570 2328 1624 ei
2361 1569 2506 1624 aetati
2553 1585 2658 1625 non
2691 1574 2958 1643 congruit,
3002 1573 3070 1628 ab
3114 1575 3306 1630 eodem
3335 1575 3544 1646 adjudi-

1941 1659 2171 1714 candum
2206 1663 2410 1732 putavit
2438 1681 2451 1716 :
2498 1674 2555 1718 ut
2582 1681 2648 1720 ne
2677 1671 2860 1722 tamen
2892 1678 3102 1722 certum
3133 1669 3224 1736 sit,
3257 1682 3322 1722 an
3369 1679 3542 1724 muta-

1942 1760 2093 1806 turus
2144 1753 2335 1810 fuisset
2389 1759 2744 1824 sententiam.
2806 1761 2851 1816 si
2908 1761 3133 1816 editioni
3200 1762 3542 1832 perficienda;

235 1854 421 1902 lueret.
485 1845 627 1902 Hinc
671 1847 946 1928 aliquanto
989 1846 1148 1917 plane
1195 1844 1497 1899 dubitatum
1543 1845 1660 1909 fuit,
1706 1859 1833 1898 num
1865 1855 1914 1916 B
1942 1845 2276 1918 longiorique
2316 1850 2652 1906 meditationi
2701 1863 2913 1924 tempus
2959 1855 3334 1926 superfuisset.
3385 1855 3539 1911 Nunc

243 1939 375 1992 inter
419 1939 726 2010 scriptores
770 1939 1166 1994 ecclesiasticos
1184 1937 1332 1993 Zeno
1353 1947 1498 1993 esset
1523 1936 1840 1992 referendus

231 2030 526 2102 (Mabillou.
560 2032 623 2085 de
648 2030 853 2086 Studiis
881 2041 1098 2086 manust.
1131 2039 1275 2102 parte
1300 2031 1492 2100 prima,
1523 2048 1578 2100 p.
1600 2029 1728 2096 277,
1747 2030 1832 2084 ed.

230 2125 456 2180 secundae
480 2125 1040 2197 Venet.l729,in-4°)?
1053 2128 1129 2181 Ac
1145 2141 1447 2196 quanquam
1466 2134 1714 2180 auctores
1725 2123 1837 2179 edi-

231 2217 662 2274 nisVerouensis
683 2233 829 2273 anno
858 2217 1017 2285 l586,
1053 2216 1312 2273 vindicias
1335 2223 1417 2271 sat
1442 2205 1679 2287 prolian
1708 2231 1835 2271 con-

230 2311 561 2377 texuerint;t
601 2326 723 2367 cum
758 2321 932 2367 tamen
955 2313 1066 2382 ipsa
1101 2313 1151 2366 in
1177 2311 1412 2366 editi0ne
1443 2320 1642 2382 przeter
1669 2310 1832 2365 alium

227 2417 536 2458 sermonum
569 2404 842 2471 ordinem,
871 2419 979 2475 quo
1008 2404 1093 2460 isti
1122 2404 1174 2459 iu
1199 2405 1334 2459 duos
1363 2403 1531 2458 libros
1560 2402 1833 2458 distributi

227 2509 513 2554 cernuntur
560 2499 696 2554 nihil
729 2509 978 2555 occurrat
1005 2500 1150 2565 novi,
1199 2499 1294 2555 sed
1337 2513 1526 2553 omnes
1571 2507 1829 2553 tractatus

227 2606 363 2660 teque
387 2592 505 2647 sint
547 2593 866 2663 perturbati,
895 2594 1147 2664 permixti
1175 2608 1236 2648 ac
1270 2608 1365 2663 pro
1392 2592 1717 2648 Zenonianis
1747 2591 1830 2646 di-

225 2686 429 2754 venditi,
468 2687 508 2742 ii
539 2689 723 2754 etiam,
752 2704 887 2760 quos
915 2689 1119 2766 alienos
1165 2703 1285 2744 esse
1329 2687 1463 2744 Sixti
1511 2697 1826 2758 argumenta

227 2781 815 2838 manifestumfecerant
846 2800 857 2836 :
889 2797 1242 2854 quamumque
1266 2783 1317 2837 in
1341 2792 1446 2836 tam
1472 2783 1627 2837 mala:
1649 2796 1826 2838 cnusze

227 2876 575 2943 patrocinium
593 2876 698 2932 dici
716 2886 962 2948 potuere,
983 2893 1087 2931 non
1112 2877 1286 2931 solum
1308 2875 1436 2930 nihil
1453 2873 1820 2946 profecerunt,

225 2967 308 3022 sed
336 2968 400 3024 ad
444 2969 879 3041 indignationem
935 2971 1114 3042 potius
1141 2970 1562 3026 exstimularunt
1595 2970 1823 3024 nonnul-

226 3061 380 3117 lorum
412 3063 657 3130 animos,
700 3080 1027 3136 causamque
1072 3066 1268 3136 ipsam,
1311 3080 1430 3135 quae
1462 3065 1821 3120 imbecillibus

224 3153 361 3210 valde
389 3157 736 3226 argumentis
765 3155 1026 3211 suﬂ‘ulciri
1052 3171 1115 3210 ac
1144 3156 1437 3212 sustentari
1479 3153 1686 3219 debuit,
1721 3155 1820 3209 im-

1944 1937 2165 1994 atfeetus
2217 1940 2303 1997 hic
2351 1943 2656 2013 Sparaverii
2701 1949 3122 2002 commentarius
3161 1949 3275 2017 ipse
3321 1962 3538 2018 quoque

1945 2030 2358 2089 Balleriniorum
2409 2035 2630 2092 editioni
2677 2041 2925 2094 accessit.
2971 2038 3184 2104 ﬂorum
3231 2041 3390 2111 igitur
3437 2041 3539 2096 im-

1941 2126 2156 2180 mortali
2194 2143 2354 2197 opera
2385 2130 2636 2185 effectum
2667 2141 2773 2198 est,
2823 2143 2898 2197 ttt,
2944 2134 3030 2188 cui
3071 2143 3226 2189 antea
3274 2134 3534 2190 honorem

1938 2218 2262 2286 scriptorum
2309 2229 2470 2291 atque
2501 2225 2676 2294 ipsum
2705 2231 2902 2279 statum
2930 2225 3074 2281 docti
3107 2225 3460 2298 denegarcnt,
3492 2229 3535 2282 is

1932 2310 2042 2380 jam
2089 2328 2335 2378 munere,
2381 2316 2588 2371 meritis
2617 2326 2672 2372 et
2702 2318 2916 2388 scriptis
2953 2317 3391 2374 luculentissimae
3421 2321 3536 2373 edi-

1937 2404 2097 2459 tionis
2121 2404 2327 2462 honore
2353 2407 2622 2464 decoratis
2660 2412 2952 2466 elucescat.
3000 2411 3414 2466 Balleriniorum
3442 2428 3533 2467 re.

1941 2496 2252 2552 censionem
2281 2513 2342 2552 ac
2375 2498 2809 2556 distributionem
2842 2516 3056 2557 secutus
3085 2513 3169 2558 est
3203 2503 3529 2559 Gallandim.

1931 2585 2250 2643 Novissime
2294 2588 2347 2643 in
2380 2589 2657 2646 Zenonem
2688 2607 2832 2648 cura:
2861 2604 2987 2648 sunt
3011 2591 3380 2650 Bartholomwi
3429 2595 3530 2650 Pc-

1929 2681 2125 2735 razzini
2171 2691 2225 2737 et
2268 2680 2450 2738 Jacobi
2481 2684 2810 2741 Marchionis
2860 2686 3084 2742 Dionisi.
3129 2687 3279 2744 Nunc
3304 2689 3373 2745 de
3411 2692 3554 2750 sin-“

1926 2774 2086 2845 gulis.

2642 2869 2802 2928 1508.

2003 2961 2250 3030 Veneriis,
2297 2965 2438 3034 apud
2482 2961 2676 3019 Bened.
2729 2963 2989 3020 Fontana.
3024 2965 3222 3022 Eximii
3261 2977 3316 3024 et
3345 2973 3524 3028 exceln

1925 3056 2085 3110 lentis
2128 3057 2226 3111 viri
2257 3056 2766 3126 praeclarissimique
2801 3057 3044 3113 Doctoris
3076 3060 3254 3115 Sancti
3285 3061 3520 3121 Zenonis

1921 3150 2160 3220 episcopi
2221 3148 2550 3204 Veronensis
2617 3164 2929 3205 sermonum
2997 3152 3521 3222 elegantissimorum

223 3248 547 3306 hecillinrem
581 3251 752 3305 multo
800 3250 1234 3320 deterioremque
1283 3264 1427 3312 esse,
1479 3264 1639 3319 quam
1686 3259 1810 3303 ante
1837 3249 1880 3312 C
1921 3245 1985 3301 ad
2029 3247 2285 3315 populum
2313 3256 2699 3316 excerptorum
2733 3261 2797 3302 ex
2832 3249 3200 3303 vetustissimo
3247 3252 3520 3309 volumine

222 3339 398 3407 fuerat,
429 3341 714 3412 aliquibus
746 3357 1090 3414 persuasere.
1125 3341 1204 3397 Ad
1233 3341 1611 3396 difficultatum
1642 3357 1807 3412 porro

220 3437 481 3492 cumulum
521 3436 624 3493 hac
653 3437 705 3492 in
734 3437 972 3493 editione
1002 3438 1230 3492 accessit
1251 3436 1410 3490 etiam
1443 3447 1672 3506 tempus,
1703 3450 1808 3504 quo

220 3527 270 3583 S.
296 3529 572 3587 Zenonem
614 3530 867 3586 ﬂoruisse
896 3527 1133 3586 editores
1160 3539 1482 3595 statuerunt,
1517 3528 1655 3600 quod
1684 3537 1804 3582 etnn

222 3620 406 3691 aliquot
437 3637 762 3678 sermonum
795 3623 1119 3678 testimoniis
1147 3621 1459 3678 adversetur
1497 3621 1802 3688 manifeste,

217 3728 302 3784 pro
331 3714 590 3771 sedandis
621 3716 1034 3787 repugnantium
1085 3716 1398 3772 criticorum
1447 3716 1662 3784 animis,
1711 3732 1805 3772 eos

219 3807 262 3861 in
289 3811 488 3879 majora
525 3809 751 3865 dissidia
784 3821 1134 3865 exacuerunt.
1178 3830 1196 3864 ›
1248 3811 1400 3880 Quod
1431 3811 1474 3864 si
1505 3811 1589 3866 his
1637 3810 1802 3867 addas

217 3914 550 3970 perversam,
603 3920 762 3973 quant
814 3905 863 3958 in
913 3904 1030 3974 ipso
1079 3913 1224 3958 textu
1272 3905 1582 3960 exhibendo
1635 3909 1803 3961 secuti

217 4003 327 4049 sunt
368 3997 664 4062 rationem,
708 4011 979 4066 quamque
1010 3995 1170 4052 iidem
1226 3997 1524 4065 Ballerinii,
1574 4013 1800 4069 quorum

218 4087 446 4154 superius
472 4103 696 4160 quoque
734 4101 817 4144 est
863 4089 1151 4160 judicium,
1205 4091 1408 4145 acriter
1453 4100 1707 4147 notarunt
1736 4109 1802 4148 ex

216 4191 364 4247 eaque
395 4179 661 4252 deinceps
692 4181 964 4236 Zenonem
997 4181 1326 4252 descriptum
1360 4183 1565 4252 videas,
1599 4185 1801 4240 senties

217 4280 409 4340 oportet
438 4287 554 4344 quo
580 4272 703 4344 jure
744 4275 943 4330 nemini
973 4284 1097 4330 ante
1128 4275 1450 4331 Ballerinios
1504 4278 1798 4348 quidquam

215 4361 444 4422 debuisse
471 4365 950 4425 afﬁrmaveritnus.
985 4369 1096 4426 Sub
1139 4368 1300 4426 linem
1335 4371 1515 4426 saeculi
1546 4375 1808 4442 przeteriti-

218 4467 337 4509 nova
367 4458 664 4526 parabatur
691 4459 880 4526 editio,
929 4471 1104 4516 morte
1151 4461 1274 4517 dein
1302 4465 1536 4518 auctoris
1567 4465 1799 4521 interce-

216 4558 306 4619 pta,
337 4551 404 4608 de
430 4569 538 4623 qua
576 4555 716 4624 apud
749 4555 967 4611 eosdem
1003 4556 1322 4612 Ballerinios
1356 4559 1469 4613 haec
1501 4559 1750 4630 leguntur
1780 4578 1793 4614 ε

1920 3339 2143 3394 Verona:
2168 3337 2510 3393 abGuarino
2555 3337 2854 3393 Veronensi
2903 3340 3019 3393 viro
3068 3342 3516 3410 eloquentissimo

1910 3431 1963 3486 in
1993 3430 2251 3501 episcOpii
2283 3430 2612 3486 Veronensis
2644 3430 2966 3486 bibliotheca
3001 3443 3244 3504 reperto.
3277 3434 3359 3489 Ad
3386 3440 3515 3508 pcat-

1911 3541 2066 3580 cem:
2115 3526 2195 3579 Ad
2246 3525 2462 3581 laudem
2508 3535 2564 3582 et
2606 3527 2829 3598 gloriam
2858 3543 3084 3583 summae
3126 3538 3181 3584 et
3225 3530 3514 3588 indlvidum

1910 3617 2213 3683 Trinitatis,
2236 3626 2292 3673 et
2318 3618 2644 3674 beatissimaa
2676 3619 2910 3690 Virginis
2927 3621 3130 3690 Marize,
3153 3633 3206 3680 et
3227 3624 3510 3682 beatorum

1911 3713 2227 3782 ponlilicum
2282 3711 2520 3769 Zenonis
2568 3724 2622 3767 et
2669 3710 2894 3769 Ctesarii
2931 3722 2985 3769 et
3011 3716 3250 3772 omnium
3280 3718 3512 3775 Sancto-

1909 3823 2050 3871 rum,
2084 3823 2368 3863 sermones
2399 3809 2451 3862 in
2491 3810 2594 3863 hoc
2623 3808 2894 3865 volumine
2925 3811 3109 3881 positi,
3133 3820 3190 3868 et
3217 3829 3508 3885 numquam

1907 3900 2038 3955 alias
2069 3901 2342 3972 impressi,
2372 3901 2729 3956 solertissime
2774 3903 3042 3972 recoyniti,
3086 3912 3142 3960 et
3171 3905 3508 3961 studiosissi-

1907 4010 1992 4049 me
2025 4008 2121 4063 per
2145 3994 2481 4049 venerabilem
2506 3994 2716 4049 Patrem
2756 3996 3020 4051 Albertum
3047 3997 3395 4053 Castelianum
3421 4017 3507 4054 or-

1906 4087 2042 4141 dinis
2075 4085 2485 4140 Prwdicatorum
2513 4089 2747 4150 correcti,
2782 4105 2843 4141 ac
2881 4105 2972 4158 per
3003 4089 3310 4160 Magistrum
3350 4090 3508 4145 Jaco-

1907 4179 2021 4233 bum
2070 4178 2134 4234 de
2187 4179 2360 4235 Leuce
2407 4182 2651 4251 impensis
2702 4181 2910 4236 Domini
2956 4182 3220 4238 Benedicti
3265 4183 3506 4240 Fontana

1915 4271 2136 4327 Vcnetiis
2178 4273 2594 4344 diligentissime
2634 4276 2872 4345 impressi
2909 4291 3054 4332 anno
3083 4277 3293 4333 Domini
3339 4278 3502 4347 1508,

1903 4368 1993 4422 die
2022 4367 2092 4422 24
2115 4369 2347 4436 januarii
2380 4367 2610 4424 feliciter
2633 4369 2952 4439 expliciunt.

1975 4459 2054 4514 Ex
2098 4460 2324 4530 pleniori
2355 4462 2456 4516 hoc
2488 4461 2642 4516 titulo
2683 4461 2838 4517 facile
2865 4474 3116 4534 apparet,
3157 4479 3440 4536 perperam
3471 4481 3499 4520 a

1903 4551 2083 4606 multis
2115 4552 2237 4606 inde
2263 4553 2420 4608 annis
2445 4553 2510 4607 ad
2541 4553 2882 4628 Ballerinios
2903 4571 3096 4627 usque,
3131 4559 3221 4628 qui
3267 4560 3499 4628 primttm

218 4640 509 4700 Ρναηεὶεσηε
540 4644 902 4716 Spartam-ius,
935 4647 1138 4704 Nobili,-
1186 4647 1510 4704 Vernnensis
1559 4650 1611 4704 in
1654 4651 1798 4706 Lari-
1824 4649 1878 4709 ])
1903 4643 2046 4699 hunc
2070 4659 2310 4699 errorem
2358 4657 2736 4715 correxerunt,
2772 4648 3032 4704 tributum
3080 4664 3202 4706 esse
3249 4653 3502 4707 editionis

217 4735 286 4790 nis
312 4737 622 4809 Graii-isque
671 4741 980 4796 auctoribus
1008 4742 1254 4811 apprime
1282 4755 1549 4810 versatus,
1583 4745 1798 4814 politio-

217 4844 420 4902 rumque
451 4833 755 4888 litterarum
787 4848 848 4890 ac
879 4835 1203 4890 eruditionis
1237 4835 1414 4890 cultor
1442 4837 1694 4904 eximius,
1728 4839 1796 4894 de

216 4936 305 4990 quo
325 4926 478 4994 plura
509 4925 694 4996 Scipio
737 4925 981 4983 Malleius
1028 4927 1260 4998 prodidit
1305 4938 1441 4998 part.
1480 4944 1515 4982 ll
1569 4927 1795 4984 Veronae

217 5015 520 5086 illustratae;
574 5029 856 5092 postquam
905 5021 1163 5076 nonnulla
1212 5022 1517 5077 lueubravit
1584 5038 1793 5078 summa

216 5123 318 5165 cum
350 5113 530 5180 laude,
565 5124 837 5183 postrema
870 5124 1027 5170 aetate
1075 5129 1265 5169 novam
1315 5115 1374 5170 S.
1423 5115 1653 5169 Zenonis
1680 5115 1795 5171 edi-

216 5202 393 5260 tionem
445 5206 831 5274 meditabatur,
874 5207 927 5262 in
976 5224 1134 5278 quam
1190 5207 1370 5277 plures
1419 5209 1792 5264 annotationes

217 5303 422 5366 paravit.
455 5303 527 5355 At
556 5311 728 5356 morte
773 5311 1081 5371 praeventus
1127 5316 1268 5356 anno
1303 5301 1460 5367 1697,
1509 5316 1643 5372 Opus
1696 5301 1794 5356 im-

218 5393 492 5459 perfectum
524 5394 760 5464 reliquit.
795 5393 1120 5450 Veronensis
1152 5406 1328 5449 autem
1362 5395 1604 5450 ordinem
1633 5411 1791 5451 secu-

219 5491 309 5549 tus,
355 5490 801 5543 commentarium
837 5488 1089 5558 produxit
1121 5489 1184 5544 ad
1218 5489 1452 5544 medium
1479 5504 1646 5560 usque
1675 5505 1793 5545 ser-

220 5589 411 5631 monem
441 5579 506 5632 de
533 5579 874 5651 rediﬁcatione
915 5579 1111 5634 Domus
1160 5581 1275 5644 Dei,
1311 5591 1434 5649 post
1482 5597 1639 5651 quem
1688 5593 1796 5638 tres

222 5667 296 5721 alii
322 5685 480 5741 supra
510 5671 694 5728 decem
731 5688 1014 5728 sermones
1041 5689 1100 5728 ea
1147 5675 1196 5728 in
1243 5673 1481 5730 editione
1508 5684 1798 5744 supersunt

224 5759 325 5816 sine
367 5763 474 5818 ullo
522 5768 938 5832 commentario;
989 5783 1146 5839 quem
1194 5776 1370 5823 tamen
1421 5783 1660 5838 parasse,
1695 5770 1796 5825 etsi

237 5852 522 5933 descriptus
549 5873 651 5918 non
680 5857 864 5934 fuerit,
897 5859 982 5921 vel
1013 5859 1202 5924 saltem
1232 5861 1413 5920 animo
1452 5862 1794 5936 prmeepisse,

1903 4737 2061 4807 hujus
2103 4737 2364 4793 honorem
2413 4738 2652 4796 Guarino
2699 4739 3020 4807 Veronensi,
3069 4744 3158 4815 qui
3206 4747 3312 4815 jam
3359 4759 3501 4800 anno

1902 4830 2083 4885 saeculi
2117 4846 2183 4885 xv
2230 4833 2570 4902 sexagesimo
2616 4834 2761 4890 diem
2805 4837 3037 4903 obierat,
3071 4836 3264 4906 cuique
3293 4838 3498 4892 codicis

1902 4924 2277 4979 tantummodo
2336 4925 2632 4981 Zenoniani
2694 4928 2896 4983 inventi
2949 4929 3120 4999 gloria
3174 4929 3493 4985 debebatur.

1904 5016 2194 5086 Dispertita
2226 5027 2304 5071 est
2338 5017 2390 5072 in
2424 5027 2534 5073 tres
2560 5019 2748 5086 libros,
2781 5035 3008 5090 quorum
3055 5020 3262 5092 primus
3292 5037 3501 5078 sermo-

1900 5127 1997 5166 nes
2025 5113 2403 5181 complectitur
2435 5114 2524 5177 17,
2556 5113 2643 5182 qui
2687 5123 2806 5166 sunt
2850 5112 2914 5167 de
2953 5113 3223 5168 virtutibus
3255 5125 3298 5170 et
3325 5117 3501 5182 vitiis;

1899 5203 2171 5260 secundus
2202 5219 2482 5260 sermones
2513 5205 2603 5271 58,
2637 5206 2726 5275 qui
2751 5206 2948 5260 suntde
2961 5207 3112 5261 rebus
3145 5207 3346 5262 Veteris
3376 5207 3502 5263 Tes-

1901 5298 2111 5360 tamenti
2127 5315 2140 5363 ;
2173 5299 2360 5353 tertius
2387 5313 2667 5353 sermones
2698 5299 2765 5353 50
2792 5298 2853 5352 de
2878 5299 3028 5353 rebus
3058 5301 3337 5355 testamenti
3362 5301 3499 5366 novi,

1900 5393 2154 5464 subjectis
2196 5393 2247 5447 in
2288 5392 2393 5448 ﬁne
2434 5392 2667 5448 homiliis
2703 5391 2758 5449 S.
2811 5390 3029 5448 Caesarii
3072 5394 3400 5472 Arelatensis
3447 5403 3504 5448 et

1904 5487 2025 5541 aliis
2063 5486 2382 5555 quibusdam
2407 5501 2433 5537 a
2456 5487 2704 5558 genuinis
2730 5496 2905 5541 tamen
2929 5486 3160 5541 Zenonis
3185 5485 3501 5541 tractatibus

1904 5593 2009 5633 non
2032 5579 2300 5634 distinctis
2320 5580 2399 5634 vel
2430 5579 2781 5648 inscriptione
2817 5579 3061 5641 secretis,
3095 5583 3291 5647 praeter
3337 5593 3500 5633 unum

1901 5687 2230 5738 sermonem,
2263 5673 2350 5742 qui
2385 5672 2442 5727 S.
2467 5671 2753 5727 Gaudentii
2777 5670 3018 5725 Brixiani
3042 5685 3238 5725 nomen
3266 5670 3502 5741 pratfert.

2620 5765 2783 5820 1586.

1983 5859 2215 5929 Verona,
2240 5860 2379 5936 apud
2407 5859 2621 5918 Hieron.
2641 5858 2988 5932 Diacipulum.
3021 5858 3193 5917 in-t°.
3220 5859 3512 5920 Sermones
