3960 6330
463 324 566 381 ⁵217

1831 319 2124 377 PROLEGl
2135 319 2295 375 lMEN
2306 323 2340 376 Α
2354 362 2366 376 .

3616 333 3705 387 948

459 443 528 497 de
559 441 802 514 plurimis
844 444 903 499 S.
948 440 1241 511 Scriptura:
1273 437 1408 494 locis
1436 447 1491 494 et
1521 452 1702 494 rerum
1745 437 2048 494 divinarum
2082 440 2127 499 Α
2154 454 2291 509 quos
2336 438 2541 511 scripto
2582 448 2708 494 ante
2745 453 2918 495 annos
2958 438 3177 495 circiter
3223 440 3363 496 mille
3405 458 3493 513 per
3529 447 3703 507 March,

460 534 821 613 argumentis;
869 549 991 591 cum
1036 533 1265 605 epistola
1317 533 1706 603 nuncupatoria
1753 532 1819 587 A.
1853 530 2054 587 Valerii

462 629 554 700 (ad
586 629 795 686 Sixtum
825 627 891 684 V.
926 626 988 684 P.
1021 626 1118 698 Μ.)

533 720 676 777 Nihil
724 721 888 777 habet
915 719 1172 789 praecipui
1214 719 1332 775 haec
1368 718 1536 774 editio
1577 717 1811 789 impulsu
1841 732 1905 773 ac
1930 732 2062 772 con-

459 812 582 869 silio
605 813 896 869 cardinalis
925 812 1213 885 Augustini
1242 812 1437 868 Valerii
1461 812 1707 883 praesulis
1731 810 2059 868 Veronensis

463 920 558 975 per
583 905 911 977 Rapbaelem
939 904 1189 977 Bagatom
1215 912 1270 960 et
1291 904 1580 973 Baptislam
1608 903 1871 959 Perettum
1898 903 2058 971 facta;

469 999 573 1053 nisi
604 1000 748 1070 quod
780 1013 1063 1055 sermones
1089 1012 1282 1054 omnes
1318 998 1374 1053 in
1402 997 1539 1053 duos
1581 997 1748 1052 libros
1790 996 2063 1052 distributi

464 1091 595 1147 sint.
621 1091 754 1146 Nam
789 1092 914 1147 licet
956 1098 1226 1146 vetustum
1257 1088 1501 1147 codicem
1531 1089 1825 1160 appellent,
1861 1105 1927 1144 ex
1956 1103 2064 1158 quo

459 1185 668 1255 aliquot
701 1185 839 1240 locis
882 1184 1219 1241 emendatior
1258 1183 1429 1239 factus
1459 1183 1531 1237 sit
1570 1183 1736 1250 Zeno,
1784 1191 2060 1237 ostensum

464 1288 644 1332 tamen
674 1293 703 1332 a
755 1278 1081 1340 Balleriniis,
1115 1275 1359 1333 codicem
1393 1275 1559 1331 fuisse
1608 1274 1848 1330 recentis
1878 1273 2063 1328 admo.

466 1368 593 1424 dum
635 1369 810 1424 anatis
838 1411 851 1432 ,
898 1368 1099 1424 saeculo
1143 1383 1211 1423 xv
1261 1368 1545 1437 scriptum,
1597 1366 1750 1436 cujus
1800 1381 1931 1422 usus
1976 1365 2065 1421 vix

469 1464 641 1534 major
667 1463 847 1530 luerit,
881 1478 1042 1532 quam
1076 1472 1135 1519 ut
1164 1477 1329 1533 pauca
1377 1461 1625 1531 qumdam
1673 1461 1811 1526 loca,
1843 1476 1962 1529 qua:
2011 1461 2064 1515 in

468 1554 641 1626 prima
685 1555 927 1610 editione
955 1564 1113 1610 erant
1140 1553 1575 1623 corruptissima,
1608 1552 1887 1607 emendari
1937 1566 2073 1622 pos-_

468 1654 610 1700 sent.
642 1644 828 1716 Neque
861 1661 995 1701 vero
1034 1646 1159 1711 hoc,
1203 1652 1263 1700 ut
1305 1659 1402 1715 par
1442 1654 1579 1709 erat,
1633 1644 1715 1698 usi
1771 1654 1919 1711 sunt,
1968 1642 2064 1699 sed

470 1742 762 1809 pessimum
790 1756 1002 1805 eorum,
1034 1740 1127 1811 qui
1152 1739 1257 1795 sub
1285 1739 1423 1795 Sixti
1445 1737 1491 1794 V
1513 1738 1765 1807 auspiciis
1790 1738 2065 1793 Ambrosii

2158 529 2469 601 Scipionem
2504 531 2772 588 Malfeiu'tu
2799 532 2853 587 itt
2881 530 3055 589 Gallia
3105 534 3319 590 collato.
3350 535 3713 598 Recensuerttnt

2156 638 2212 685 et
2239 628 2720 687 dissertationibus
2748 630 3133 702 perpetuisque
3161 633 3576 692 annotationibus
3609 638 3713 693 illu-

2156 731 2401 777 strarunt.
2452 722 2646 777 Petrus
2697 733 2745 779 et
2813 722 3162 795 Hieronymus
3229 723 3431 781 Fratres
3477 727 3713 785 Bullen'nii

2158 815 2466 886 presbyteri
2496 815 2847 872 Veronensis.

2233 907 2385 963 Hand
2417 908 2627 978 exigua:
2660 909 2906 980 profecto
2954 911 3115 966 molis
3160 921 3274 965 crat
3314 912 3466 968 talem
3512 914 3716 970 condere

2163 1001 2400 1056 Zenonis
2451 1004 2800 1074 reliquiarum
2849 1004 3169 1069 editionem,
3202 1005 3254 1060 in
3285 1022 3383 1074 qua
3433 1022 3532 1061 non
3570 1008 3718 1076 major

2162 1095 2305 1149 circa
2337 1094 2513 1165 ipsum
2555 1105 2768 1151 textum
2816 1112 2974 1167 quam
3002 1107 3276 1154 auctorem
3310 1098 3454 1153 labor
3477 1102 3721 1155 cxantlan-

2164 1185 2267 1241 dus
2296 1185 2412 1242 luit.
2444 1185 2650 1258 Nempe
2682 1190 2869 1259 patria:
2897 1205 3052 1245 amor
3078 1190 3182 1245 hoc
3217 1190 3404 1259 potuit,
3431 1192 3511 1247 cui
3540 1193 3721 1261 episco-

2167 1294 2292 1348 pum
2323 1294 2505 1336 rerum
2536 1289 2592 1336 et
2629 1281 2957 1349 scriptorum
2991 1283 3250 1338 memoria
3283 1283 3535 1338 illustrem
3574 1284 3722 1338 vindi-

2165 1371 2336 1425 catttri
2377 1381 2554 1427 erant.
2594 1372 2708 1427 Duo
2747 1382 2927 1429 atttcm
2962 1374 3227 1447 imprimis
3265 1374 3721 1445 ohstiterant,quu-

2167 1463 2346 1516 minus
2375 1478 2561 1519 verum
2590 1464 2690 1519 hac
2714 1466 2768 1520 in
2800 1480 2861 1521 re
2888 1466 3032 1521 docti
3063 1468 3458 1539 czctcroqninet
3483 1472 3611 1522 acuti
3638 1470 3721 1525 viri

2166 1557 2399 1613 antehac
2446 1568 2768 1626 cernerent,
2818 1561 3068 1619 videlicet
3115 1563 3406 1619 inveterata
3435 1579 3507 1623 ex
3553 1574 3726 1636 marty-

2169 1651 2378 1719 rologio
2405 1653 2610 1722 opinio,
2640 1652 2700 1710 S.
2730 1653 3002 1711 Zenonem
3029 1657 3130 1711 sub
3175 1656 3421 1713 Gallieno
3464 1659 3645 1713 vix’sse
3679 1669 3727 1713 et

2171 1745 2484 1815 martyrium
2525 1760 2646 1801 esse
2679 1761 2918 1817 passum,
2948 1757 3002 1803 et
3026 1749 3164 1805 Sixti
3209 1750 3462 1806 Senensis
3507 1749 3726 1821 pra-judi-

467 1846 627 1901 opera
656 1832 967 1898 ediderunt,
998 1833 1306 1901 exemplum
1336 1831 1530 1895 secuti,
1558 1838 1614 1885 ct
1639 1830 1843 1886 codicis
1870 1840 1923 1885 et
1953 1831 2064 1900 pri-
2098 1831 2143 1891 Β
2170 1834 2334 1898 cimn,
2374 1834 2691 1902 Sermones,
2735 1838 2824 1909 qui
2871 1838 3109 1896 Zenonis
3153 1841 3377 1896 audiunt
3416 1840 3722 1912 farraginem,

471 1938 575 1978 ma:
622 1923 876 1980 editionis
916 1924 1077 1980 ﬁdem
1140 1926 1340 1995 passim
1395 1922 1774 1987 deseruerunt,
1822 1922 1961 1978 adeo
2012 1931 2071 1977 ut

470 2014 777 2071 Balleriniis
821 2015 1095 2086 judicibus
1144 2017 1196 2071 iu
1246 2015 1348 2071 hac
1376 2014 1677 2071 Veronensi
1724 2014 1963 2070 editione
2006 2030 2070 2072 ac

467 2108 683 2162 cmteris
710 2107 832 2162 inde
859 2107 1121 2164 derivatis
1147 2119 1345 2178 praeter
1369 2106 1651 2163 confusam
1676 2107 2071 2177 perturbatam»
2112 2104 2119 2110 ’

466 2214 573 2271 quc
618 2190 920 2255 alienorum
967 2208 1290 2256 tractatuum
1337 2214 1461 2256 cum
1492 2200 1818 2256 Zenonianis
1850 2200 2068 2255 mixtio-

470 2306 632 2359 nem,
678 2293 962 2349 arbitraria
1004 2293 1213 2364 aliquot
1256 2294 1500 2350 locorum
1544 2292 1891 2363 interpolatio
1916 2335 1931 2359 ,
1978 2309 2071 2349 ne-

472 2384 603 2439 mini
633 2384 991 2453 ca'teroquin,
1025 2393 1084 2440 ut
1119 2385 1284 2440 iidem
1315 2394 1560 2448 monent,
1611 2384 1681 2440 ob
1727 2384 1914 2454 primae
1959 2384 2085 2440 edi--

473 2476 634 2532 tionis
688 2477 964 2533 raritatem
1031 2479 1318 2534 observata
1346 2520 1360 2544 ,
1435 2477 1723 2549 plurimum
1795 2477 2072 2535 oll‘endere

470 2568 684 2626 debeat.
714 2569 893 2627 Vitam
925 2570 1165 2627 Zenonis
1191 2570 1465 2643 pratisam
1491 2570 1652 2627 habet
1679 2569 1816 2641 Rap.
1847 2570 2069 2643 Bagata,

471 2676 529 2720 ut
556 2663 758 2734 ferunt,
790 2675 1032 2723 auctore.

546 2852 793 2910 Parisiis.
826 2853 1009 2911 in-fol.
1036 2761 1544 2922 Zeno:i538$er.Ep.
1564 2853 1635 2909 de
1648 2851 1897 2924 plurimis
1928 2853 1986 2910 S.
2008 2853 2068 2910 S.

466 2946 623 3014 locis,
660 2955 793 3014 etc.,
815 2959 1130 3011 sermones;
1160 2947 1216 3001 in
1245 2944 1384 3001 Bibi.
1429 2943 1546 3000 PP.
1577 2944 1843 3016 Bigneana
1868 2943 1955 3000 ed.
1986 2959 2074 3001 se-

471 3039 663 3096 cundac
688 3039 752 3095 Τ.
780 3039 870 3096 Ill.
936 3042 942 3049 ’

1192 3128 1357 3187 1618.

2172 1940 2237 1979 ex
2267 1927 2450 1981 multis
2477 1938 2532 1983 et
2576 1929 2889 1988 conditione
2932 1941 2989 1988 et
3034 1941 3282 2004 tempore
3325 1935 3477 2006 longe
3521 1937 3646 1991 inter
3680 1950 3728 1988 se

2172 2015 2405 2073 diversis
2435 2033 2557 2076 esse
2584 2024 2918 2079 auctoribus.
2966 2025 3118 2081 Unus
3166 2026 3428 2083 Baronius
3464 2028 3729 2097 suspicatus

2173 2119 2313 2175 erat,
2363 2122 2637 2168 auctorem
2688 2117 2846 2185 pattlo
2893 2129 3021 2175 ante
3065 2119 3123 2175 S.
3160 2121 3496 2176 Ambrosium
3541 2120 3727 2179 vixisse.

2175 2211 2285 2259 tum
2312 2220 2380 2260 ex
2410 2208 2657 2277 epistolis
2690 2211 2985 2278 Ambrosii,
3011 2223 3122 2267 tum
3148 2215 3293 2285 quod
3330 2215 3380 2269 in
3407 2222 3634 2277 tract-tm,
3655 2212 3728 2282 qui

2174 2304 2259 2351 est
2285 2295 2341 2352 lt.
2373 2297 2462 2353 ed.
2496 2299 2548 2364 7,
2583 2300 2618 2354 Ι.
2653 2316 2710 2366 ιι,
2741 2301 2939 2357 Arianzt
2971 2303 3198 2361 haeresis
3237 2305 3500 2377 tangitur;
3527 2314 3730 2359 attamen

2174 2389 2383 2446 salvum
2426 2393 2589 2447 etiam
2619 2395 2846 2465 cupiens
2873 2395 3149 2453 Zenonem
3176 2438 3192 2465 ,
3240 2412 3399 2469 quem
3445 2394 3732 2467 martyribus

2175 2483 2275 2539 sub
2308 2483 2557 2541 Gallieno
2585 2486 2720 2558 Imp.
2774 2488 3163 2562 adscripserat,
3214 2491 3485 2547 diversum
3543 2490 3667 2542 hunc
3707 2503 3731 2540 a

2176 2574 2475 2633 Veronensi
2516 2593 2828 2636 sermonum
2873 2583 3083 2638 auctori
3124 2595 3288 2655 atque
3330 2582 3466 2638 duos
3505 2580 3627 2636 adeo
3650 2578 3733 2632 Ze-

2177 2684 2350 2725 nones
2401 2672 2611 2727 Statuit.
2638 2672 2757 2728 Mox
2784 2682 2964 2731 tamen
2995 2690 3118 2732 cum
3148 2693 3176 2730 a
3208 2675 3601 2733 Veronensibus
3638 2672 3736 2727 edi—

2176 2762 2383 2819 toribus
2435 2764 2757 2833 didicisset,
2817 2766 3150 2826 Veronensis
3206 2769 3463 2826 Ecclesia:
3511 2772 3733 2838 perpetua

2175 2856 2467 2913 traditione
2512 2859 2718 2915 nullum
2768 2859 2933 2916 alium
2966 2860 3246 2918 Zenonem
3292 2863 3554 2932 cognitum
3597 2857 3736 2912 fuisse

2176 2961 2374 3021 praeter
2404 2952 2680 3009 Zenonem
2711 2955 3027 3027 episcopum
3060 2966 3114 3011 et
3139 2965 3453 3030 martyrem,
3496 2952 3734 3012 eumdem,

2176 3043 2269 3113 qui
2341 3045 2442 3100 sub
2496 3046 2746 3103 Gallieno
2801 3051 3116 3121 martyrium
3174 3050 3378 3105 obiisse
3428 3047 3734 3107 traderetur,

2175 3150 2443 3208 quemque
2471 3153 2783 3194 sermonum
2816 3153 3094 3198 auctorem
3113 3142 3187 3198 illi
3218 3141 3583 3206 defettderent,
3612 3135 3735 3206 prio-

545 3225 776 3281 Colonia:
814 3225 1133 3296 Agrippinw.
1184 3222 1365 3279 ill-fol.
1416 3221 1654 3279 Zenonis
1688 3222 1813 3279 νει·-
1848 3222 2068 3280 Sermo-
2099 3228 2146 3293 C
2178 3248 2289 3288 rem
2319 3234 2641 3289 sententiam
2674 3234 2979 3307 repudiavit
3026 3245 3082 3291 et
3130 3236 3257 3292 huic
3301 3234 3611 3304 subscripsit
3644 3232 3737 3285 :ita

471 3336 590 3378 nes.
620 3319 689 3376 In
715 3319 854 3376 Bibl.
884 3318 1007 3375 PP.
1034 3318 1098 3375 T.
1131 3322 1211 3374 in.

1196 3417 1220 3473 1
1233 3415 1357 3473 641.

547 3511 725 3566 Paris.
752 3529 840 3582 ap.
890 3510 1022 3585 ng.
1056 3510 1356 3578 Moralium,
1390 3511 1573 3567 in-l'ol.
1605 3510 1843 3567 Zenonis
1870 3510 2072 3568 Veron.

473 3604 575 3673 Ep.
629 3604 881 3676 Martyris
924 3614 979 3659 et
1026 3603 1271 3660 Doctoris
1314 3604 1496 3660 eximii
1544 3604 1613 3660 de
1642 3605 1883 3675 pluribus
1920 3605 1978 3661 S.
2011 3605 2071 3661 S.

472 3696 630 3761 locis,
680 3706 1114 3762 etc.,sermones
1150 3698 1204 3751 in
1251 3694 1390 3752 Bibl.
1424 3694 1547 3751 PP.
1586 3696 1652 3752 T.
1696 3712 1757 3765 tt,
1788 3698 1892 3754 col.
1943 3699 2071 3754 359.

475 3787 677 3845 Ibidem
707 3789 759 3844 itt
783 3788 971 3845 eadem
992 3788 1063 3845 de
1092 3804 1238 3844 anno
1267 3788 1427 3845 1654.

1200 3881 1363 3937 1657.

546 3974 810 4048 Lugduni,
830 3985 1019 4048 sumpt.
1042 3975 1202 4029 Laur.
1224 3975 1445 4030 Attisson
1462 3983 1517 4030 et
1537 3974 1608 4029 Jo
1620 3972 1776 4044 Bapt.
1805 3974 2069 4043 Devcnet.,

472 4070 654 4125 in-t’ol.
689 4068 927 4123 Zenonis
975 4082 1258 4124 sermones
1305 4068 1436 4123 varii
1488 4068 1540 4123 in
1573 4067 1770 4138 Atoysii
1801 4067 2074 4140 Lipomani

468 4159 663 4215 Catena
712 4160 766 4213 in
810 4157 1059 4226 δεηθείη,
1104 4174 1205 4215 nec
1231 4173 1337 4214 non
1366 4158 1452 4213 Ei.
1484 4159 1673 4215 eodem
1707 4159 1741 4213 Ι.
1773 4167 1830 4214 et
1852 4174 1902 4215 ιι.
1929 4159 2072 4214 edita

470 4250 664 4307 Catena
689 4251 745 4304 in
774 4250 1036 4305 Exedunt.

1189 4344 1350 4400 1662.

545 4438 799 4506 Parisiis,
827 4449 1018 4512 sumpt.
1047 4439 1168 4494 Ant.
1199 4438 1417 4507 Bertt'er,
1465 4438 1647 4496 in-lol.
1670 4439 1907 4496 Zenonis
1935 4439 2070 4495 varii

402 4563 413 4566 ο
470 4545 752 4587 sermones
785 4531 837 4586 in
868 4530 1062 4588 Franc.
1107 4532 1401 4603 Combe/itii
1430 4532 1569 4589 Bibl.
1614 4531 1735 4588 PP.
1783 4531 2070 4589 Conciona-

470 4626 629 4683 toria.

1186 4720 1348 4777 1677.

541 4810 810 4884 Lugduni,
841 4814 981 4883 apud
1008 4812 1334 4880 Anissonios,
1368 4811 1547 4869 in-l‘ol.
1591 4809 1829 4868 Zenmtis
1856 4828 2065 4869 sermo-

466 4919 568 4961 nes
592 4905 645 4958 in
673 4902 810 4958 Bibl.
849 4903 996 4960 Max.
1032 4903 1150 4961 PP.
1186 4904 1246 4960 Τ.
1279 4920 1356 4972 ιιι,
1388 4920 1441 4976 p.
1478 4904 1608 4970 559,
1640 4919 1764 4961 cum
1796 4906 1905 4961 vita
1927 4921 2067 4976 pra:-

471 4997 595 5064 tixa,
626 5012 678 5067 p.
708 4996 834 5054 556.
1610 5010 1613 5015 ·

1205 5092 1370 5152 1710.

543 5182 764 5239 Patavii.
784 5184 841 5240 S.
861 5184 1097 5243 Zenonis
1125 5201 1427 5244 sermones.
1452 5187 1648 5244 Recttsi
1671 5188 1738 5245 ad
1769 5189 2062 5246 editionem

465 5275 639 5347 Rapit.
671 5275 903 5348 Bagoae.

1182 5374 1340 5431 1739.

546 5467 775 5531 Veromz,
808 5469 946 5540 typis
975 5467 1253 5524 Seminarii
1282 5468 1425 5536 apud
1446 5468 1660 5538 August.
1685 5467 2058 5537 Carattom'um,

458 5551 641 5616 in’l‘ol.
694 5561 864 5634 (in-4°
937 5559 1137 5632 potius)
1187 5561 1368 5617 Sancti
1398 5561 1633 5617 Zenonis
1668 5577 1755 5633 ep.
1784 5561 2063 5619 Veronen-

437 5638 533 5707 Vsis
577 5667 876 5710 sermones.
911 5653 1067 5711 Nunc
1096 5654 1353 5726 primum,
1377 5670 1479 5725 qua
1503 5671 1598 5725 par
1620 5664 1756 5723 erat,
1785 5655 2059 5726 diligentia

458 5746 607 5799 editi.
661 5747 867 5804 Alienis
897 5749 1152 5805 nimirum
1182 5749 1448 5821 separatis
1477 5763 1542 5803 ac.
1586 5749 1639 5804 in
1689 5748 2057 5819 Appendicem

458 5839 694 5909 rejectis,
734 5844 1121 5913 codicibusque
1166 5845 1540 5917 compluribus
1585 5843 1869 5913 consultis,
1916 5844 2057 5901 inter

2180 3334 2239 3381 ut
2278 3341 2373 3382 eos
2403 3330 2775 3383 tantummodo
2805 3339 3087 3395 trantatus,
3119 3330 3171 3384 in
3205 3332 3405 3398 quibus
3447 3327 3735 3383 Arianorum

2180 3418 2384 3475 mentio
2430 3422 2521 3487 tit,
2571 3420 2640 3476 ab
2690 3422 3110 3479 amanuensibus
3161 3421 3489 3479 Zenmtianis
3536 3420 3740 3474 introsus

2180 3523 2411 3583 putaret.
2447 3513 2576 3569 Post
2601 3530 2724 3570 eum
2753 3529 2859 3570 non
2908 3515 3065 3572 latuit
3109 3516 3329 3588 quidem
3374 3517 3516 3570 viros
3556 3513 3736 3574 doctos,

2182 3604 2545 3662 Veronensem
2592 3608 2904 3679 episcopum
2945 3609 3010 3664 ad
3057 3611 3277 3665 tertium
3322 3608 3572 3667 saeculum
3608 3600 3741 3659 evehi

2179 3715 2285 3755 non
2332 3714 2519 3771 posse,
2567 3716 2728 3757 nemo
2761 3711 2937 3758 tamen
2969 3702 3037 3757 ad
3081 3702 3453 3759 discutiendas
3480 3698 3740 3756 enuclean-

2179 3794 2404 3866 dasque,
2437 3796 2631 3867 quibus
2671 3812 2760 3852 res
2792 3796 3047 3867 impedita
3080 3797 3385 3863 videbatur,
3435 3792 3744 3852 difﬁcultates

2179 3898 2398 3960 paratus
2424 3889 2546 3957 fuit,
2594 3905 2729 3961 quas
2779 3891 2995 3948 tandem
3044 3892 3371 3950 Ballerinios
3413 3904 3517 3948 tam
3546 3886 3744 3944 feliciter

2178 3982 2529 4038 cxtricavisse
2580 3983 2848 4040 laetamur.
2900 3986 3070 4054 Quam
3125 3988 3176 4042 in
3245 4002 3362 4044 rem
3419 3995 3542 4042 ante
3588 3980 3744 4037 omnia

2180 4091 2484 4131 memorare
2506 4088 2752 4148 oportet,
2784 4079 3045 4135 vindicias
3089 4098 3185 4151 pro
3212 4092 3438 4138 auctore
3465 4095 3527 4135 ac
3564 4089 3747 4131 seratu-

2180 4171 2336 4225 ttibtts
2381 4171 2500 4242 ejus
2547 4174 2877 4244 perscriptas
2930 4175 2980 4229 itt
3041 4177 3419 4248 prolegomenis
3469 4167 3748 4230 Zenoniam's

2178 4264 2352 4319 tribus
2380 4266 2848 4324 dissertationibus
2878 4272 3324 4340 comprehensis;
3356 4281 3576 4342 quarunt
3604 4264 3747 4336 prima

2175 4356 2246 4412 de
2292 4359 2543 4428 genuinis
2593 4360 2909 4416 tractatibus
2937 4360 2995 4417 S.
3027 4362 3263 4418 Zenonis
3293 4379 3381 4434 ep.
3430 4360 3553 4417 Ver.
3599 4365 3649 4413 et
3692 4353 3750 4405 de

2176 4451 2295 4521 ejus
2323 4461 2504 4517 actate,
2534 4453 2699 4507 altera
2739 4452 2809 4508 de
2839 4453 3090 4509 Doctrina
3131 4455 3272 4525 ejus,
3324 4455 3473 4509 tertia
3514 4450 3579 4505 de
3620 4444 3747 4502 Actis

2174 4546 2233 4599 S.
2263 4544 2499 4601 Zenonis
2522 4555 2578 4602 et
2604 4546 2674 4602 de
2703 4545 2949 4617 ejusdem
2980 4546 3129 4602 cultu
3158 4549 3290 4619 agit,
3336 4547 3530 4619 quibus
3564 4540 3626 4597 ad
3654 4537 3742 4594 cal-

2094 4629 2144 4690 D
2170 4652 2287 4693 cem
2346 4637 2682 4695 Monumenta
2747 4640 2813 4694 de
2865 4638 2928 4694 S.
2983 4638 3191 4694 Zenone
3240 4650 3291 4695 et
3343 4635 3624 4695 testimonia
3674 4644 3749 4683 sc-

2172 4731 2309 4786 lecta
2366 4730 2744 4801 subjiciuntur.
2798 4732 2975 4804 Atque
3018 4733 3188 4788 altera
3221 4732 3288 4787 ad
3341 4745 3441 4786 nos
3493 4741 3594 4782 non
3644 4735 3749 4793 per-

2172 4823 2325 4890 tinet,
2376 4826 2549 4880 tertize
2576 4825 2807 4882 debetur
2855 4826 3036 4882 brevis
3088 4827 3281 4882 notitia
3330 4826 3466 4882 Vitae
3511 4818 3743 4878 Zenonis.

2168 4930 2332 4986 quam
2384 4932 2546 4988 supra
2595 4918 2863 4974 dedimus.
2912 4917 3106 4975 Prima:
3156 4928 3389 4986 tantum,
3441 4932 3559 4989 qua:
3601 4910 3747 4968 totius

2170 5008 2441 5065 editionis
2472 5012 2710 5067 rationes
2755 5025 2820 5067 ac
2865 5011 3211 5069 fundamenta
3254 5012 3498 5079 exhibet,
3539 5017 3745 5073 consPc‘

2168 5109 2315 5156 ctum
2346 5100 2434 5158 hic
2460 5105 2737 5157 sistamus.

2243 5195 2302 5250 ln
2333 5196 2600 5265 prommio
2621 5196 2785 5251 variis
2810 5195 3122 5252 criticorum
3155 5197 3402 5252 censuris
3435 5209 3499 5250 ac
3537 5185 3746 5246 difﬁcul-

2168 5287 2369 5342 tatibus
2425 5287 2733 5354 recensitis,
2767 5288 3097 5360 supposititii
3149 5295 3412 5343 tractatus
3440 5301 3469 5338 τι
3517 5275 3744 5354 genuinis

2168 5381 2384 5437 tandem
2408 5389 2559 5437 certo
2586 5380 2833 5437 codicum
2872 5382 3073 5438 indicio
3100 5391 3421 5449 separantur
3442 5390 3610 5446 eoque
3638 5373 3744 5441 ipso

2167 5473 2286 5529 l'ons
2308 5488 2371 5530 ac
2392 5474 2553 5530 sedes
2582 5474 2851 5544 potiorum
2875 5473 3252 5529 difﬁcultatum
3283 5472 3569 5528 evertitur.
3603 5461 3739 5535 Quod

2163 5566 2381 5637 genuini
2407 5565 2643 5622 Zenonis
2688 5575 2947 5622 tractatus
2992 5584 3021 5622 ιι
3068 5566 3425 5638 supposititiis
3477 5556 3739 5632 dijudicari

2166 5675 2271 5714 non
2322 5668 2588 5730 poterant,
2644 5659 2912 5715 editorum
2960 5660 3303 5730 superiorum
3350 5660 3506 5729 culpa
3556 5654 3737 5711 factum

2165 5767 2287 5808 esse
2313 5761 2558 5816 tttonent,
2587 5753 2677 5823 qui
2705 5753 3077 5823 sttpposititios
3118 5753 3443 5810 Zenonianis
3485 5748 3738 5818 subjecws

2164 5845 2216 5900 in
2244 5845 2347 5901 line
2372 5844 2619 5900 codicum
2652 5845 2795 5901 haud
2825 5846 3118 5917 separatim
3141 5846 3421 5914 dederant,
3450 5844 3612 5900 immo
3646 5848 3735 5894 nec
