3894 6322
68 351 169 408 ξω

1085 350 1355 407 NOTITH
1401 348 1506 406 ΜΤ
1524 344 1817 404 ΙῈΠᾹΙὶΙΑ
1859 345 1923 402 IN
1964 345 2318 405 ZENONEM.

3268 348 3378 405 230

69 474 120 527 in
149 474 652 545 tuanuscriptorum
682 472 784 528 ﬁne
810 472 1162 543 positos-esse
1190 479 1514 526 monuerunt
1542 467 1662 538 qui-
1699 477 1741 532 ,χ
1774 473 1981 520 scatere
2004 466 2338 530 ostenditur;
2372 474 2645 537 postremo
2688 475 2820 521 a-tas
2847 465 2906 522 S.
2939 464 3192 532 Zenonis,
3238 479 3377 536 quae

67 567 211 632 dem,
229 568 389 639 (qua:
412 568 638 624 monitio
656 567 720 622 ad
743 582 959 623 omnem
989 567 1135 623 litem
1170 562 1526 621 dirimendum
1551 576 1675 615 cru-

69 660 195 716 ditis
219 662 360 717 satis
389 660 627 732 fuisset),
654 660 746 716 sed
778 674 876 716 eos
911 673 1036 715 cum
1079 655 1333 728 genuinis
1374 652 1675 725 permixtos

74 755 333 826 nullaque
354 755 642 811 distinctos
683 752 959 808 notatione
983 749 1351 806 exhibuerunt
1379 761 1443 801 ac
1469 745 1542 799 uti
1571 742 1675 799 Ze-

76 848 346 901 nonianos
389 847 690 917 promiscue
717 844 1061 900 venditarunt
1109 861 1122 896 :
1173 843 1316 912 iique
1351 855 1472 894 cum
1504 836 1678 892 Zeno-

76 954 197 995 nem
257 948 543 995 auctorem
600 938 801 993 habere
854 934 1186 1007 nequirent,
1230 946 1420 987 omnes
1464 942 1678 999 quoque

76 1030 428 1086 Zenonianos
472 1032 523 1085 in
571 1029 961 1084 dubitationem
1009 1025 1315 1095 coniecere.
1371 1020 1531 1077 Tales
1581 1035 1682 1075 nu-

76 1140 226 1180 mero
266 1134 402 1180 sunt
450 1132 505 1179 et
541 1132 855 1179 caustauter
895 1119 949 1175 in
997 1118 1103 1175 ﬁne
1141 1117 1379 1174 omnium
1432 1113 1680 1171 codicum

76 1219 329 1289 subjecti,
381 1216 674 1280 undecim,
723 1231 859 1285 quos
907 1212 1007 1284 ipsi
1057 1226 1271 1284 quoque
1324 1208 1561 1266 editores
1612 1204 1681 1260 ad

82 1314 282 1370 calcem
314 1311 573 1368 editionis
596 1326 708 1365 sum
735 1307 1074 1378 adjecerunt.
1130 1306 1224 1362 His
1262 1303 1495 1374 demptis
1523 1314 1684 1371 supe-

80 1416 259 1471 rerant
291 1405 366 1460 85
394 1418 621 1474 quorum
670 1417 835 1457 unum
864 1409 1145 1456 auctorem
1194 1412 1315 1454 esse
1360 1403 1601 1452 statuunt
1630 1401 1685 1449 et

81 1498 440 1567 argumentis,
468 1505 578 1551 tum
597 1511 628 1551 e
650 1493 950 1557 codicibus,
986 1502 1095 1548 tum
1117 1508 1182 1546 ex
1200 1491 1340 1563 stylo
1361 1486 1683 1556 desumptis,

83 1591 357 1661 variisque
387 1588 805 1660 objectionibus,
840 1601 975 1657 quas
1002 1585 1070 1639 ab
1100 1582 1402 1654 argumenti
1436 1621 1450 1646 ,
1483 1578 1685 1634 indolis

85 1693 136 1737 et
162 1681 519 1754 longitudinis
540 1678 856 1736 diversitate
877 1678 1148 1748 petierunt
1170 1676 1268 1730 viri
1296 1673 1463 1738 docti,
1479 1670 1685 1734 dilutis,

86 1776 361 1831 evincunt.
404 1774 529 1829 Haec
572 1772 748 1842 capite
796 1772 971 1841 primo
1005 1767 1033 1841 §
1070 1770 1129 1835 l,
1175 1767 1232 1822 ι.
1281 1766 1518 1838 Pergunt
1563 1779 1685 1832 cap.

1778 572 1900 613 cum
1930 559 2109 614 omnia
2139 560 2483 627 conveniant,
2528 560 2697 616 certis
2745 560 2963 628 finibus,
3015 561 3152 616 intra
3205 573 3380 616 annos

1777 652 1883 709 356
1930 660 1987 708 et
2023 650 2404 708 380dellnitur
2432 667 2553 723 cap.
2583 653 2640 720 5,
2672 652 2700 725 ᾗ
2756 654 2806 721 l,
2840 654 2893 712 5.
2930 681 3003 694 —
3045 652 3207 709 Multa
3241 667 3382 723 prat-

1782 752 1928 800 terea
1986 744 2222 800 historia:
2250 760 2312 800 ac
2334 746 2650 803 litteratum
2689 746 3073 803 ecclesiastica:
3094 747 3289 817 capita,
3322 753 3382 801 ut

1781 850 1966 911 postea
2019 840 2072 895 in
2116 838 2315 895 Leonis
2342 840 2620 911 operibus,
2669 840 2967 897 doctissimi
2992 840 3233 897 editores
3258 840 3383 895 atti-

1779 943 1975 1005 gerunt
1997 944 2053 990 et
2084 933 2482 997 discusserunt.
2528 951 2649 1006 quae
2697 936 2750 991 in
2776 937 3018 993 omnium
3047 936 3383 993 eruditorum

1783 1029 2044 1084 memoria
2081 1038 2386 1085 versantur.
2437 1028 2545 1085 Sed
2599 1030 2755 1085 nobis
2797 1030 2908 1101 jam
2951 1038 3165 1086 caeteris
3223 1029 3386 1099 bujus

1783 1122 2035 1179 editionis
2103 1123 2259 1180 dotes
2328 1124 2673 1180 declaranda:
2720 1133 2865 1179 sunt.
2911 1123 3116 1181 Novem
3160 1122 3389 1193 contigit

1785 1216 2024 1271 nancisci
2053 1214 2269 1271 codices
2296 1230 2526 1286 quorum
2557 1227 2682 1271 octo
2711 1230 2902 1272 omnes
2944 1228 3229 1271 sermones
3263 1228 3388 1268 con-

1787 1310 2051 1376 tinebant,
2075 1325 2214 1365 untts
2238 1316 2418 1365 autem
2448 1309 2867 1377 vetustissimus,
2912 1309 3222 1373 Remensis,
3266 1305 3388 1362 fons

1788 1403 2114 1473 reliquorum
2146 1402 2452 1459 videbatur.
2487 1401 2691 1457 Horum
2739 1402 2903 1474 igitur
2940 1417 3043 1472 0pc
3073 1417 3178 1457 non
3210 1400 3388 1456 solum

1788 1496 2162 1567 supposititios
2190 1504 2451 1552 tractatus
2476 1511 2504 1550 a
2535 1496 2786 1567 genuinis
2811 1503 3163 1553 secreveruut
3188 1534 3204 1559 ,
3237 1501 3295 1547 ut
3322 1506 3387 1547 ex

1790 1600 1915 1645 ante
1942 1588 2100 1645 dictis
2126 1591 2297 1660 patuit
2325 1630 2340 1655 ,
2368 1588 2464 1645 sed
2496 1588 2781 1660 insigniter
2826 1588 2988 1644 etiam
3019 1602 3082 1643 ac
3112 1586 3295 1643 multis
3337 1585 3392 1640 in

1791 1681 1926 1737 locis
1948 1684 2032 1737 vel
2063 1682 2426 1737 emendarunt
2471 1683 2557 1737 vel
2611 1683 2889 1753 antiquam
2937 1680 3228 1737 lectionem
3276 1693 3395 1734 mu-

1795 1775 2067 1830 niverunt.
2095 1775 2250 1842 Quod
2281 1774 2348 1830 ad
2369 1774 2711 1845 partitionem
2733 1789 2797 1829 ac
2816 1773 3061 1829 ordinem
3079 1785 3393 1828 sermonum

87 1867 257 1922 altero
280 1878 561 1922 auctorem
591 1863 781 1919 hOI'llll]
834 1871 1157 1917 traCtatttum
1190 1859 1479 1929 scripsisse
1506 1872 1557 1910 ιν
1588 1871 1687 1911 Sil:-
1720 1879 1767 1939 Β
1795 1869 2009 1932 auith
2042 1883 2217 1938 neque
2247 1867 2519 1923 editorum
2564 1866 2905 1938 superionl'“
2938 1879 3117 1935 neque
3144 1863 3395 1920 codicun‘

88 1961 208 2017 culo
229 2004 246 2028 ,
276 1960 567 2031 eidemque
590 1958 769 2013 omnia
798 1970 1123 2027 congruere,
1172 1969 1293 2024 qua:
1341 1953 1394 2007 in
1441 1950 1692 2005 omnibus

92 2054 408 2111 tractatibus
424 2052 822 2108 contineantur.
849 2047 946 2104 Hie
973 2050 1204 2119 primum
1235 2044 1471 2101 afferunt
1513 2043 1689 2098 locum

92 2147 356 2217 insignem
378 2160 443 2200 ex
478 2152 634 2199 tract.
670 2159 722 2210 ν,
754 2141 848 2198 bb.
877 2156 916 2208 ι,
941 2141 1031 2194 ubi
1062 2139 1464 2211 quadringentos
1506 2152 1571 2191 ex
1596 2151 1691 2190 sua

94 2249 389 2295 retrorsum
431 2235 498 2292 ad
546 2236 694 2291 Pauli
720 2233 954 2306 apostoli
1007 2240 1223 2289 tetatem
1282 2246 1456 2287 annos
1505 2238 1694 2284 auctor

94 2330 543 2403 uumerat;quod
592 2339 799 2386 temere
826 2328 1067 2384 editores
1097 2328 1439 2383 Veronenses
1491 2326 1542 2380 in
1590 2324 1693 2378 du-

95 2438 261 2481 centos
328 2432 711 2487 mutaverant,
758 2429 813 2478 et
863 2422 1124 2476 Baronius
1182 2419 1301 2475 aliis
1359 2417 1697 2489 argumentis

95 2518 286 2575 deinde
327 2517 614 2572 adstruere
634 2525 865 2570 conatus
904 2524 1053 2578 erat;
1098 2528 1218 2583 qum
1248 2511 1456 2581 singuli
1482 2509 1698 2564 diluun-

99 2624 198 2668 tur.
225 2612 367 2668 Tutn
414 2619 639 2681 urgetur
680 2617 1056 2679 argumentum
1101 2621 1268 2677 grave
1312 2613 1458 2675 quod
1510 2614 1699 2658 auctor

97 2715 279 2761 contra
302 2705 535 2761 Arianos
559 2703 833 2759 disserens
855 2715 910 2756 tv
960 2702 1161 2755 sacculo
1188 2695 1577 2765 adjudicandus
1604 2695 1696 2761 sit,

102 2800 345 2855 fulcitum
375 2799 444 2854 ab
469 2799 598 2864 alio,
621 2796 764 2868 quod
794 2796 978 2866 plures
1017 2793 1202 2849 sa‘culi
1254 2793 1433 2863 quarti
1462 2792 1700 2847 bzcreses

105 2893 155 2950 in
188 2895 273 2950 his
294 2892 610 2950 tractatibus
639 2892 1040 2961 itupuguentur.
1070 2887 1167 2943 llis
1194 2887 1401 2942 addunt
1431 2884 1699 2955 publicum

106 2988 157 3042 in
177 2990 315 3043 urbe
343 2986 553 3042 Verona
577 2991 1008 3047 monumentum,
1036 2982 1325 3037 ecclesiam
1372 2979 1474 3034 sub
1518 2977 1702 3047 auspi-

105 3081 200 3136 ciis
229 3081 347 3149 ejus
372 3079 685 3135 aediﬁcatam
718 3077 786 3131 ab
816 3091 989 3145 eoque
1018 3075 1257 3146 (tractat.
1309 3089 1384 3138 tv,
1433 3071 1525 3126 lib.
1576 3068 1614 3143 ι)
1647 3070 1699 3126 in

108 3186 235 3228 usus
271 3186 586 3228 communes
630 3179 872 3241 apertam
912 3181 975 3222 ac
1020 3165 1357 3227 dedicatam;
1389 3162 1530 3232 quod
1577 3171 1701 3218 ante

1795 1961 2102 2029 exemplum
2136 1961 2288 2030 sequi
2313 1975 2346 2015 e
2373 1974 2431 2014 re
2458 1960 2657 2025 visum,
2682 1957 2938 2029 quoniam
2960 1956 3100 2029 apud
3137 1964 3398 2027 utrosque

1796 2051 2073 2123 longiores
2101 2060 2157 2106 et
2189 2053 2468 2107 breviores
2497 2051 2800 2123 promiscue
2829 2051 3088 2115 conserti.
3109 2063 3400 2121 argumen-

1799 2157 1854 2201 to
1877 2156 1932 2201 et
1964 2145 2122 2200 titulo
2148 2146 2359 2201 similes
2386 2145 2623 2215 disjecti,
2657 2146 2726 2199 ab
2754 2145 2866 2201 illis
2893 2153 3155 2216 prieterea
3176 2144 3398 2213 genuini

1789 2255 1918 2325 cum
1966 2239 2165 2309 spuriis
2209 2239 2419 2296 confusi
2460 2247 2666 2295 essent.
2711 2238 2817 2295 Sed
2845 2238 3088 2294 collectis
3131 2242 3183 2293 tn
3234 2251 3399 2291 unum

1799 2331 2042 2398 ejusdem
2073 2331 2442 2401 inscriptionis
2471 2330 2790 2386 tractatibus
2810 2330 3092 2386 universos
3112 2342 3396 2385 sermones

1800 2426 1854 2481 in
1881 2426 2052 2482 libros
2089 2425 2227 2481 duos
2266 2425 2591 2489 diviserunt,
2625 2439 2857 2496 quorum
2890 2425 3095 2495 primus
3121 2422 3394 2492 longiores

1801 2533 1857 2577 et
1887 2521 2106 2591 quidem
2136 2535 2327 2574 omnes
2355 2519 2468 2575 fere
2495 2520 2565 2575 de
2595 2520 2739 2574 vitiis
2785 2531 2848 2573 ac
2884 2518 3168 2572 virtutibus
3201 2515 3395 2586 praeci-

1767 2633 1775 2642 ·
1802 2614 2190 2686 pientes,alter
2207 2614 2511 2681 breviores,
2531 2628 2757 2668 numero
2781 2612 2966 2681 plures
2989 2625 3054 2665 ac
3082 2618 3406 2680 argumento

1802 2707 2048 2763 diversos
2069 2706 2394 2760 contineret.
2430 2704 2505 2759 Ne
2540 2706 2662 2775 quis
2690 2718 2822 2759 vero
2851 2704 3101 2758 codicum
3130 2712 3186 2757 et
3208 2702 3405 2758 editio-

1805 2800 1889 2854 nis
1914 2796 2266 2865 Veronensis,
2298 2812 2418 2868 qua:
2451 2796 2611 2867 \ulgu
2641 2795 2924 2862 allegatur,
2974 2794 3222 2849 ordinem
3255 2792 3405 2849 desi-

1803 2891 2041 2954 deraret,
2070 2900 2357 2961 utrumque
2400 2904 2524 2944 cum
2566 2903 2705 2943 novo
2733 2887 2991 2943 collatum
3019 2887 3290 2944 distinctis
3321 2895 3408 2941 ta.

1803 2984 1946 3041 bulis
1991 2994 2118 3041 ante
2164 2985 2315 3055 ipsos
2361 2996 2643 3038 sermones
2667 2982 3049 3037 cxbibuerunt.
3095 2981 3152 3036 ln
3180 2990 3409 3036 annota-

1807 3080 2042 3135 tionibus
2071 3095 2177 3135 non
2206 3079 2379 3134 solum
2412 3077 2465 3133 id
2498 3079 2845 3133 intenderunt
2874 3119 2889 3143 ,
2923 3087 2978 3132 ut
3004 3076 3407 3133 correctionnm
3478 3090 3489 3103 ‘

1806 3177 2070 3232 rationem
2093 3173 2370 3241 afferrent,
2390 3174 2622 3230 sclectas
2651 3174 2918 3229 variantes
2947 3172 3207 3229 lectiones
3235 3187 3408 3244 appo-

108 3267 284 3324 s:eenli
314 3282 366 3320 tv
392 3274 630 3334 tempora
680 3262 798 3318 ﬁeri
828 3277 936 3318 non
964 3261 1215 3331 potuerit.
1249 3259 1381 3315 item
1423 3256 1565 3329 quod
1618 3256 1698 3311 in-

1807 3280 1996 3326 nerent
2019 3270 2102 3325 vel
2130 3268 2434 3325 difﬁciliora
2485 3267 2601 3322 loca
2654 3266 3011 3337 explicarent,
3059 3267 3155 3321 sed
3187 3265 3409 3322 uberius

110 3361 332 3415 terdicta
362 3356 618 3419 Gentibus
651 3357 976 3425 templorum
1030 3352 1316 3408 aedificatio
1360 3362 1413 3405 et
1458 3348 1702 3420 publicus

110 3452 456 3507 nihilominus
482 3449 805 3504 idololatria:
856 3448 1032 3502 cultus
1053 3444 1122 3502 de
1151 3444 1345 3517 quibus
1373 3453 1561 3499 auctor
1590 3457 1703 3498 tne-

115 3546 288 3617 tninit,
318 3554 526 3600 aetatem
559 3544 674 3613 ejus
702 3553 825 3615 past
857 3544 1095 3599 medium
1139 3549 1390 3612 quartum
1444 3537 1702 3594 saeculum

115 3657 176 3697 ac
217 3642 411 3697 Iuliani
469 3642 673 3696 obitum
729 3639 1054 3695 certioribus
1110 3636 1372 3691 limitibus
1420 3629 1701 3690 deﬁniant.

116 3736 282 3791 Porro
302 3750 405 3790 non
438 3734 768 3789 Lactantinm
802 3733 999 3797 solum,
1027 3730 1121 3787 sed
1149 3739 1204 3784 et
1234 3728 1496 3784 Hilarium
1526 3727 1706 3782 imita-

117 3838 223 3883 tum
253 3838 521 3883 aucturetn
553 3826 740 3883 videri.
763 3825 1004 3881 Tandem
1038 3822 1262 3893 insignis
1284 3819 1524 3876 auctoris
1555 3818 1707 3874 locus

108 3922 182 3977 ‘de
206 3921 535 3991 captivorum
567 3919 943 3987 redemptione
969 3933 1092 3972 cum
1112 3915 1232 3970 aliis
1253 3913 1462 3969 duobus
1492 3912 1550 3969 S.
1577 3913 1706 3967 Am-

117 4015 276 4071 brosii
306 4014 525 4071 miriﬁce
549 4029 882 4085 congruens,
914 4023 1161 4081 Spectarc
1184 4008 1489 4063 ostenditur
1518 4016 1706 4076 captos

112 4124 140 4163 a
193 4109 428 4167 barbaris
473 4116 594 4179 past
642 4106 1213 4175 Hadrianopolitanam
1270 4117 1501 4175 pugnam
1561 4114 1706 4156 anno

115 4203 239 4263 578,
262 4202 411 4256 simul
436 4216 546 4257 non
577 4200 714 4255 ultra
745 4214 873 4255 szec.
906 4215 978 4260 tv,
1004 4196 1243 4252 auctoris
1272 4204 1486 4250 aetatem
1516 4206 1708 4264 proro-

114 4294 225 4361 gari
246 4307 415 4362 posse,
439 4294 534 4350 sed
558 4303 685 4348 ante
704 4308 833 4347 ann.
855 4291 952 4347 39l
968 4330 982 4354 ,
1005 4305 1127 4345 eum
1148 4289 1400 4344 floruisse
1429 4286 1703 4342 statuitur.

122 4386 349 4457 Denique
372 4389 609 4457 obiectio
652 4386 718 4443 de
762 4383 1228 4457 persecutinnibus
1273 4392 1328 4438 et
1379 4380 1707 4453 martyribus

119 4477 389 4547 disjicitnr,
422 4480 568 4537 brevi
599 4481 1038 4550 persecutionum
1071 4475 1253 4530 saecli
1301 4476 1478 4546 quarti
1528 4474 1703 4528 histo-

120 4571 196 4625 ria
227 4586 338 4642 cap.
368 4574 424 4641 2,
458 4573 487 4646 ᾗ
525 4576 577 4639 l,
604 4574 658 4630 8.
692 4572 786 4628 His
811 4572 915 4627 ista
940 4569 1272 4641 prannonitis
1297 4611 1311 4634 ,
1343 4568 1503 4624 tertio
1531 4568 1707 4637 capite

1802 3378 2019 3436 quoque
2050 3361 2290 3419 studium
2340 3361 2392 3415 in
2448 3359 2704 3416 dictionis
2751 3358 3123 3414 tleclnratione
3151 3357 3411 3413 ostende-

1804 3465 1946 3512 rent.
1977 3455 2153 3527 Atque
2183 3454 2285 3511 boc
2307 3454 2473 3509 etiam
2498 3463 2609 3507 tum
2633 3451 2697 3506 ad
2724 3451 3148 3506 conﬁrmandam
3173 3452 3410 3506 auctoris

1805 3559 2042 3615 aetatem;
2074 3558 2187 3603 tum
2216 3545 2283 3601 ad
2304 3544 2787 3601 locutionislatina:
2815 3543 3103 3613 puritatem
3126 3540 3409 3598 vindican-

1806 3641 1952 3697 dam.
1986 3660 2006 3693 ‹
2043 3640 2101 3695 In
2136 3639 2362 3710 gratiam
2396 3637 2805 3700 nonnullorum,
2839 3636 3116 3706 inquiunt,
3148 3634 3238 3705 qui
3273 3649 3411 3704 prte-

1801 3733 2018 3806 judiciis
2044 3733 2248 3804 aliquot
2273 3731 2387 3804 jam
2422 3731 2632 3787 inolitis
2677 3729 2910 3784 devincti
2943 3737 3219 3792 tenentur,
3244 3740 3408 3795 Opor-

1806 3830 1927 3895 tuit,
1969 3843 2125 3900 pares
2154 3825 2414 3896 quasdam
2464 3825 2697 3880 aliorum
2729 3838 2805 3889 tv,
2841 3822 2924 3877 vel
2948 3820 3215 3892 sequioris
3244 3819 3411 3875 etiam

1806 3922 1989 3977 saeculi
2040 3921 2260 3976 Patrum
2308 3921 2609 3976 sententias
2658 3917 2858 3973 alicubi
2914 3916 3162 3977 recitare,
3215 3913 3413 3984 quibus

1806 4014 2016 4084 aliquas
2036 4013 2273 4070 Zenonis
2331 4010 2590 4066 formulas
2632 4026 2731 4064 seu
2777 4005 3085 4064 testimonia
3126 4004 3409 4068 nonnulla,

1807 4109 2132 4180 antiquioris
2153 4107 2325 4163 multo
2346 4106 2522 4162 :etatis
2545 4106 2704 4175 vulgo
2730 4103 3058 4167 existimata,
3086 4100 3140 4154 in
3159 4109 3412 4169 quartum

1806 4216 2045 4272 quoque,
2077 4201 2161 4255 vel
2192 4198 2461 4268 posterius
2500 4195 2662 4252 etiam
2695 4194 2955 4249 s:eculum
2986 4191 3185 4248 cadere
3215 4190 3414 4262 proba-

1809 4302 1980 4349 retur.
2017 4293 2190 4349 Voces
2235 4307 2330 4346 seu
2382 4289 2639 4360 loquendi
2693 4291 2932 4343 rationes
2985 4284 3195 4355 aliquot
3237 4284 3416 4338 minus

1807 4389 2060 4453 usitatas,
2093 4403 2213 4453 qua:
2263 4385 2491 4440 exotica:
2543 4382 2622 4437 vel
2680 4380 2878 4436 inﬁma:
2920 4380 3205 4435 latinitatis
3243 4376 3416 4433 videri

1811 4490 2056 4554 possent,
2088 4479 2481 4550 probatiorum,
2516 4476 2560 4531 si
2590 4474 2707 4529 ﬁeri
2740 4475 2937 4545 potuit,
2969 4473 3296 4542 scriptorum
3331 4470 3417 4524 in-

1808 4574 2005 4631 dicatis
2045 4571 2312 4641 exemplis
2340 4584 2567 4641 purgare
2597 4566 2929 4632 studuimus,
2982 4564 3150 4631 adeo,
3205 4572 3266 4619 ut
3292 4578 3418 4634 per-

123 4664 341 4733 probare
380 4668 717 4729 annituntur,
749 4672 1026 4720 auctorem
1059 4670 1382 4717 tractatuum
1407 4702 1423 4729 ,
1464 4675 1624 4732 quem
1650 4676 1703 4715 tv
1731 4669 1785 4729 Ι)
1810 4683 1993 4739 pauca:
2041 4666 2169 4730 illm,
2198 4679 2332 4735 quas
2362 4662 2502 4732 apud
2532 4661 2804 4716 neminem
2831 4658 3160 4730 repet-intus,
3192 4656 3323 4712 satis
3349 4671 3415 4712 ex

124 4770 250 4811 saec.
279 4760 469 4816 vixisse
495 4759 871 4826 ostenderant,
895 4773 1018 4815 esse
1037 4758 1094 4814 S.
1125 4757 1399 4812 Zenonem
1432 4756 1709 4827 Ep.Vero-

128 4864 359 4918 nensem,
391 4860 746 4923 provocantes
774 4852 1006 4922 primum
1049 4849 1114 4905 ad
1143 4848 1360 4904 codices
1387 4858 1439 4902 et
1461 4849 1710 4915 antiquos

131 4950 291 4999 testes
321 4957 373 5001 et
412 4948 667 5004 Ecclesiae
695 4944 1025 5002 Veronensis
1060 4942 1426 5005 traditionem,
1455 4955 1486 4995 a
1516 4940 1711 5010 quibus

130 5037 368 5093 omnibus
412 5049 671 5096 tractatus
727 5039 813 5094 isti
867 5036 1071 5095 Zenoni
1149 5034 1276 5090 ltuic
1337 5034 1520 5090 tributi
1582 5034 1709 5088 sint.

135 5128 327 5184 Deinde
357 5132 569 5203 vulgare
598 5130 968 5202 praeiudicium
1013 5128 1081 5183 de
1118 5127 1175 5183 S.
1209 5126 1445 5183 Zenonis
1473 5141 1589 5179 aevo
1615 5124 1716 5179 sub

134 5218 405 5290 Gallieno,
451 5224 592 5294 quod
644 5238 807 5278 unum
862 5221 1125 5277 hactenus
1164 5220 1475 5275 constitutis
1516 5217 1714 5289 opponi

139 5328 291 5380 posse
317 5317 606 5385 videretur,
658 5316 724 5371 ad
774 5331 1004 5372 examen
1054 5322 1339 5380 revocant,
1370 5312 1632 5383 originem
1662 5320 1718 5367 et

140 5407 554 5477 fundamentum,
582 5426 779 5480 nempe
797 5409 1053 5465 Coronati
1095 5406 1303 5464 Notarii
1328 5405 1714 5471 narrationem,

141 5503 403 5559 declarant
427 5513 587 5577 atque
612 5504 978 5561 monumentis
1007 5503 1172 5557 certis
1219 5499 1277 5557 S.
1333 5498 1604 5556 Ambrosii
1650 5499 1718 5554 ad

143 5594 410 5665 Syagrium
448 5595 679 5667 epistola
714 5605 784 5652 et
823 5594 1015 5650 ordine
1065 5593 1289 5663 antiquo
1338 5591 1716 5664 episcoporum

148 5687 522 5745 Veronensium
567 5705 617 5744 tv
663 5688 865 5744 saeculo
905 5702 1031 5743 eum
1079 5686 1284 5742 vixisse
1340 5685 1716 5756 comprobant.

149 5782 362 5854 Insuper
388 5785 615 5858 denique
643 5787 895 5843 Coronati
946 5784 1151 5841 Notarii
1203 5786 1443 5840 narratio
1490 5788 1720 5855 septimo

150 5877 234 5931 vel
269 5888 451 5934 octavo
491 5880 686 5936 seculo
731 5878 930 5951 scripta
986 5880 1365 5951 perstringitur
1419 5886 1475 5931 et
1524 5876 1719 5934 fabulis

1811 4760 2025 4818 creteris
2050 4758 2333 4813 vindicata:
2362 4763 2633 4816 maneant,
2677 4769 2800 4809 cum
2831 4751 3135 4823 prtesertim
3163 4764 3271 4804 non
3302 4763 3418 4803 om-

1814 4867 1911 4908 nes
1935 4852 2192 4907 Romanae
2213 4858 2267 4905 et
2287 4851 2523 4917 antiquae
2552 4860 2717 4901 voces
2738 4847 2791 4900 in
2818 4845 2971 4901 libris
2994 4853 3241 4900 veterum
3270 4840 3420 4895 inve-

1813 4945 2055 5001 niantur.
2083 4961 2104 4995 ι
2138 4941 2427 4997 Tractatns
2472 4955 2524 4995 st
2584 4946 2868 4994 auctorum
2902 4938 3131 4991 aliorum
3159 4932 3421 5005 appendi-

1813 5040 1892 5096 cis
1923 5037 2085 5095 modo
2114 5036 2335 5108 adjecti,
2385 5035 2487 5091 etsi
2538 5033 2772 5089 similem
2826 5047 3011 5087 curam
3060 5029 3268 5098 experti
3311 5042 3419 5084 non

1814 5133 1944 5198 sint,
1999 5146 2106 5186 non
2174 5138 2353 5183 tamen
2406 5126 2759 5182 annotatione
2791 5123 2980 5179 critica
3027 5122 3417 5176 destituuntur.

1816 5225 1949 5282 Post
1976 5221 2332 5295 appendicem
2364 5218 2609 5275 succedit
2626 5232 2747 5273 cum
2779 5215 3092 5286 pr:efati0ue
3115 5221 3172 5269 ct
3192 5212 3421 5285 cpistola

1819 5316 2215 5388 nuncupatoria
2261 5313 2349 5370 ed.
2400 5312 2522 5368 Ver.
2568 5326 2711 5366 anno
2754 5308 2909 5365 1586.
2966 5306 3236 5362 Francim’
3282 5306 3423 5374 Spu-

1816 5411 2001 5467 raverii
2029 5409 2440 5465 annotatiouum
2489 5403 2919 5477 αὑτοσχεδίασμα
2940 5416 3068 5456 cum
3101 5400 3293 5470 prtevia
3326 5398 3421 5452 ad-

1821 5504 2121 5560 monitione
2146 5501 2440 5564 editorum,
2471 5514 2535 5554 ex
2568 5514 2670 5567 qua
2717 5497 2875 5567 paulo
2897 5505 3023 5549 ante
3048 5492 3291 5564 quzedam
3322 5490 3422 5544 de.-

1818 5596 2128 5654 libavimus.
2156 5593 2304 5650 Multi
2314 5593 2433 5664 plex
2461 5591 2622 5648 lectio
2645 5590 2698 5645 in
2719 5588 2999 5657 utriusque
3027 5585 3219 5653 lingua:
3236 5594 3425 5637 aucto-

1818 5691 1974 5747 ribus
2008 5704 2163 5761 :cque
2200 5703 2265 5742 ac
2312 5685 2670 5755 scriptoribus
2715 5678 3097 5736 ecclesiasticis
3126 5686 3181 5732 et
3224 5677 3421 5743 ingenii

1817 5782 2049 5840 facilitas
2079 5783 2131 5835 in
2172 5778 2493 5848 explicando
2519 5788 2571 5832 et
2598 5771 2939 5830 emendando
2966 5769 3255 5839 ubiquein
3295 5768 3417 5824 istis

1819 5875 2034 5934 animad
2042 5871 2382 5931 versionibus
2395 5868 2859 5929 elucet.Caeternm
2878 5863 3151 5935 praeclara:
3166 5860 3410 5918 buicedi-
