3894 6322
474 304 577 360 251

1856 301 2081 367 Ριιοιιῖ

2194 304 2387 361 “ENA.
3628 320 3701 375 9’53

471 422 603 477 tioni
642 436 739 478 nec
767 422 925 478 index
953 419 1198 488 idoneus,
1235 434 1334 477 nec
1375 420 1643 491 prmfatio,
1689 419 1920 494 diligens
1969 435 2069 478 nec
2094 424 2438 486 Aordiolum
2463 429 2547 484 vel
2575 430 2727 486 unica
2746 431 2906 486 etiam
2935 430 3211 503 periodus.
3262 432 3372 491 Sed
3419 435 3481 491 ad
3521 441 3703 510 proposi-

473 514 695 586 dignum
726 515 891 571 decus
917 523 1034 569 arte
1057 514 1442 587 typograpbica
1476 514 1655 582 deest,
1688 530 1864 588 neque
1895 524 2075 587 patro-

468 624 591 676 nus,
623 624 731 679 quo
759 608 858 664 ista
891 616 1050 666 aetate
1094 609 1317 680 gloriari
1361 611 1572 677 liceret,
1620 609 1818 681 cuique
1865 624 2075 667 nuncu-

438 712 455 717 ’
476 710 599 772 pata
630 709 736 770 est,
767 700 975 758 cardin.
1005 699 1341 757 Passioneus.

1190 796 1351 854 1769.

544 888 723 945 Venet.
753 905 836 945 ex.
873 898 1006 962 typ.,
1033 886 1121 944 lo.
1152 888 1309 961 Bapt.
1340 889 1567 945 Albritii.
1601 880 1780 945 in-fol.
1809 886 1866 946 S.
1894 886 2075 945 Zeno-

463 981 549 1038 nis
578 982 676 1054 Ep.
708 982 835 1038 Ver.
865 982 1155 1038 Tractatus
1192 998 1262 1039 ex
1310 983 1578 1040 luculenta
1627 983 1918 1039 Ballerinia
1959 984 2076 1040 edi-

465 1077 615 1132 tione
645 1076 946 1134 Veronensi
997 1076 1124 1133 anni
1171 1077 1331 1140 1759.
1361 1092 1489 1134 cura
1524 1077 1686 1132 Andr.
1723 1076 1990 1133 Gallandii
2022 1078 2073 1133 in

466 1174 638 1231 Tomo
667 1190 722 1242 v,
746 1171 881 1229 Bibl.
914 1171 1036 1228 PP.
1072 1188 1123 1244 p.
1161 1172 1418 1230 l07-l57.
1467 1173 1670 1230 Textus
1701 1172 2077 1229 tantummodo

469 1267 831 1337 transcriptus
858 1276 960 1322 est.
981 1266 1401 1323 Observationes
1419 1267 1623 1339 aliquot
1653 1267 1787 1322 locis
1812 1266 2070 1337 adjectas,

467 1376 592 1433 qure
624 1359 965 1426 Ballerinios,
999 1369 1058 1416 ut
1095 1361 1303 1426 scribit,
1333 1361 1534 1433 fugisse
1559 1359 1895 1425 viderentur,
1927 1373 2078 1414 com-

471 1469 806 1513 memorasse
833 1457 919 1513 vix
955 1472 1135 1529 operm
1174 1467 1312 1515 erat.
1345 1458 1421 1515 De
1449 1458 1667 1515 Zenone
1696 1457 1911 1514 disserit
1947 1456 2081 1513 Pro—

472 1549 613 1621 legg.
645 1564 764 1622 cap.
790 1550 881 1617 12,
913 1565 1037 1623 pag.
1069 1551 1135 1609 19
1164 1561 1219 1609 et
1241 1551 1332 1607 20.

1193 1647 1356 1704 1784.

550 1737 773 1795 Verona.
802 1738 986 1796 in-fol.
1006 1739 1083 1797 Le
1104 1739 1278 1812 Opere
1306 1740 1359 1797 di
1381 1741 1438 1799 S.
1469 1741 1690 1799 Zenone
1718 1743 2079 1815 volgarizzate

2177 529 2289 575 tum
2322 537 2693 593 properamus.
3498 570 3507 577 κ

2247 610 2324 669 De
2354 612 2572 669 (ἕναήηί
2603 615 2777 672 codice
2823 618 3028 673 mentio
3080 617 3192 689 jam
3249 633 3413 691 supra
3458 620 3601 676 allata
3638 635 3707 681 at.

2175 704 2391 763 Nullum
2458 707 2570 779 jam
2632 708 2878 766 codicum
2945 708 3190 767 Zenonis
3244 714 3524 785 vestigium
3579 716 3621 770 in
3661 717 3713 772 la'.

2176 798 2451 856 bliotheca
2499 802 2719 873 capituli
2763 801 3096 861 Veronensis
3152 815 3425 878 superest.
3473 806 3600 863 lnter
3628 809 3713 865 Bal.

2176 893 2469 949 lerinianos
2497 896 2675 951 nullus
2701 897 2974 969 antiquior
3004 897 3106 953 fuit
3132 913 3193 954 ac
3227 900 3563 968 praestantior
3599 918 3714 973 quam

2250 983 2539 1055 Remensis,
2583 1004 2745 1059 quem
2788 990 3142 1047 Remensium
3184 990 3637 1048 Benedictinouunt
3662 995 3715 1049 bi-

2179 1077 2467 1135 bliotheca:
2521 1090 2645 1137 ante
2706 1097 2879 1137 annos
2933 1081 3103 1140 ferme
3153 1096 3458 1155 nongentos
3503 1084 3566 1141 ab
3604 1085 3717 1143 [linc-

2180 1187 2332 1227 maro
2376 1173 2633 1246 episcopo
2678 1173 2823 1231 dono
2867 1173 3075 1230 datum.
3122 1175 3184 1233 P.
3232 1174 3545 1232 Ruinartius
3571 1177 3616 1233 in
3637 1194 3716 1233 act:

2179 1265 2238 1322 S.
2269 1266 2508 1334 Arcadii,
2550 1276 2606 1323 et
2654 1266 2715 1323 P.
2750 1268 3099 1325 Constantius
3142 1270 3195 1324 in
3249 1270 3390 1326 Vett.
3448 1270 3603 1327 Codd.
3640 1274 3719 1327 vin.

2179 1362 2335 1417 diciis
2367 1380 2417 1433 p.
2450 1361 2579 1429 295,
2629 1380 2692 1421 ac
2733 1363 2785 1420 in
2838 1365 2926 1420 ed.
2981 1364 3167 1421 Hilarii
3214 1382 3335 1437 pag.
3389 1365 3515 1433 465,
3564 1368 3720 1423 edie-

2179 1470 2298 1511 ron.
2333 1455 2534 1527 aliique
2565 1458 2730 1513 etiam
2774 1458 2903 1514 alibi
2944 1470 3464 1514 commemorarunt.
3514 1460 3718 1529 Quoniam

2180 1553 2234 1607 in
2284 1566 2352 1607 eo
2398 1560 2672 1623 tamquam
2724 1553 3104 1624 antiquissimo
3146 1553 3311 1609 totius
3355 1553 3564 1610 fabrica:
3603 1555 3720 1611 veluti

2181 1646 2329 1702 basis
2380 1662 2445 1702 ac
2494 1646 2904 1725 fundamentum
2984 1647 3099 1715 sit,
3149 1658 3461 1705 accuratam
3512 1648 3616 1720 ejus
3658 1648 3718 1704 de

2180 1738 2531 1809 scriptionem
2574 1754 2677 1794 una
2713 1755 2836 1796 cum
2868 1739 3081 1797 duobus
3108 1740 3500 1812 speciminibus
3544 1739 3590 1794 in
3610 1739 3719 1812 pref.

468 1830 557 1886 dlll
608 1831 887 1891 Marchese
940 1832 1058 1889 Gio.
1114 1832 1315 1906 [acopo
1359 1826 1567 1891 Dionisi
1611 1836 1878 1892 canonico
1909 1836 2078 1893 Vero.
2109 1815 2156 1877 Β
2186 1848 2235 1902 p.
2267 1847 2339 1897 Vl,
2372 1847 2423 1885 lx
2452 1830 2741 1888 dederunt.
2772 1831 2936 1888 iidem
2952 1831 3247 1888 exindiciis
3268 1831 3435 1888 certis
3453 1830 3644 1888 codices
3658 1847 3722 1886 att-

471 1941 667 1981 ncnse.
702 1923 769 1981 In
799 1928 901 1997 ﬁne
932 1945 951 1983 :
980 1943 1169 1999 presso
1200 1928 1407 2001 Dionigi
1441 1929 1777 1985 Ramanzini.

545 2017 622 2073 De
650 2020 919 2075 versionis
951 2021 1191 2077 bonitate
1222 2031 1467 2077 nostrum
1515 2021 1762 2092 judicare
1808 2037 1915 2077 non
1971 2032 2073 2079 est.

471 2111 582 2167 Sed
625 2113 1058 2183 magnillcentius
1090 2123 1218 2183 puto
1240 2156 1254 2180 ,
1295 2129 1457 2185 quam
1502 2113 1708 2170 Zenoni
1740 2117 2081 2187 competehat

464 2203 541 2269 de
564 2202 886 2274 eloquentia:
908 2204 1027 2275 ejus
1051 2206 1103 2260 vi
1134 2220 1198 2262 ac
1220 2208 1461 2262 numeris
1492 2206 1791 2280 iisdemque
1820 2209 1872 2264 in
1904 2199 2077 2265 trans-

471 2293 699 2351 ferendo
738 2295 1097 2367 assequendis
1145 2308 1337 2353 auctor
1396 2297 1587 2355 sensit.
1640 2299 1811 2369 Quam
1868 2300 1919 2355 in
1964 2316 2077 2358 rem

472 2388 643 2444 multa
665 2388 734 2444 ab
755 2404 821 2446 eo
848 2393 900 2445 in
933 2390 1251 2461 praefatione
1281 2391 1554 2463 disputata
1579 2405 1723 2461 sunt,
1764 2409 1886 2466 qua:
1921 2372 2080 2467 mque

479 2482 548 2538 ad
571 2484 878 2539 communia
913 2486 1272 2543 transferendi
1304 2496 1569 2558 praecepta
1585 2503 1647 2543 ac
1667 2490 1899 2560 regulas,
1916 2505 2076 2562 quam

477 2575 846 2632 Zenonianam
899 2577 1037 2634 hanc
1078 2579 1469 2637 traductionem
1516 2590 1780 2653 spectant.
1812 2580 2079 2640 Universe

473 2672 783 2727 sententias
839 2682 895 2728 et
954 2673 1227 2745 ingenium
1289 2673 1529 2730 Zenonis
1555 2676 1869 2747 exprimere,
1908 2677 2079 2747 magis

471 2780 633 2837 quam
660 2765 822 2821 verba
853 2776 907 2822 et
937 2766 1191 2822 dictionis
1218 2767 1455 2822 colorem
1502 2767 1781 2824 laborasse
1827 2783 1887 2824 se
1931 2767 2081 2823 afﬁr-

474 2871 606 2916 mat.
668 2858 775 2917 Sed
824 2860 973 2939 quod
1010 2861 1076 2916 ad
1133 2861 1317 2932 plures
1347 2861 1485 2917 forte
1519 2863 1773 2934 pertinet,
1804 2862 2080 2934 singulare

476 2954 639 3009 habet
669 2968 865 3008 munus
892 2937 1009 3008 haec
1035 2953 1202 3009 editio
1229 2970 1259 3009 a
1289 2955 1492 3011 criticis
1528 2966 1579 3010 et
1618 2956 1915 3026 exegeticis
1942 2954 2078 3011 Bar-

482 3046 746 3101 thofonnei
779 3044 1076 3113 Perazzini,
1106 3046 1565 3119 archipresbyteri
1595 3046 1949 3115 Veronensis,
1982 3065 2078 3103 an-

478 3137 869 3202 notationibus,
902 3139 1130 3210 singulis
1183 3139 1498 3196 tractatibus
1527 3139 1774 3210 adjectis,
1804 3140 1855 3197 in
1886 3141 2080 3213 quibus

477 3232 671 3304 partim
714 3207 1098 3303 interpunciio,
1153 3234 1346 3303 partim
1395 3234 1506 3305 ipsa
1556 3233 1743 3302 verba,
1792 3246 1950 3306 prout
1994 3207 2153 3291 velCI

475 3325 889 3383 Ballerininrum
922 3328 1005 3382 vel
1039 3329 1279 3384 omnium
1331 3329 1554 3383 omnino
1608 3326 1904 3385 editibuum
1944 3343 2078 3385 con-

475 3433 669 3475 sensus
723 3419 807 3476 vel
858 3420 999 3476 ratio
1047 3419 1129 3476 his
1176 3421 1430 3477 omnibus
1478 3422 1655 3493 potior
1710 3424 1941 3480 suadere
2003 3425 2079 3505 vi-

477 3509 718 3580 deretur,
756 3524 1000 3571 correcta
1032 3515 1120 3571 vel
1161 3516 1459 3573 sententias
1509 3517 1670 3573 aliter
1716 3534 1779 3575 ac
1821 3519 2081 3577 hactenus

479 3606 761 3662 eonsuevit
798 3608 1091 3677 explicatas
1121 3610 1363 3665 invenias
1395 3612 1661 3681 sagaciter
1688 3622 1744 3669 et
1786 3629 1908 3669 cum
1941 3613 2080 3669 insi—

480 3699 569 3768 gni
594 3697 820 3767 judicio.
851 3697 959 3754 Nec
989 3714 1117 3755 vero
1150 3716 1331 3770 pauca
1375 3717 1455 3758 eae
1496 3712 1645 3770 sunt,
1687 3720 2011 3776 quamquam
2051 3720 2081 3760 a

481 3784 745 3846 versionis
776 3800 1019 3855 auctore,
1051 3790 1140 3862 qui
1165 3792 1361 3863 stylum
1385 3808 1600 3863 quoque
1629 3796 2079 3863 accommodavit,

480 3884 535 3940 in
561 3884 776 3940 brevius
801 3892 1116 3940 contractas.
1163 3884 1389 3942 Accedit
1419 3896 1679 3957 praeterea
1713 3887 1816 3944 boc
1842 3905 2084 3946 comnio-

481 3977 630 4046 dum,
665 3990 721 4033 ut
749 3978 802 4033 in
833 3978 1011 4034 indice
1064 3995 1169 4034 non
1217 3979 1514 4035 desultorie
1558 3982 1806 4037 confecto
1852 3998 1959 4039 uno
2001 3984 2082 4041 in-

484 4072 622 4127 tuitu
649 4071 909 4127 lectiones
940 4087 1118 4137 novas,
1156 4072 1483 4143 postliminio
1515 4072 1755 4130 reducta:
1780 4120 1794 4143 ,
1824 4078 2083 4150 suppleta:

482 4163 740 4237 aliteque,
807 4154 918 4222 'nec
990 4183 1097 4222 non
1182 4168 1678 4239 interpunctionum
1758 4171 2083 4228 mutationes

483 4259 715 4327 Spectari
774 4260 1003 4328 possint.
1054 4256 1326 4317 Caeterum
1384 4270 1506 4333 post
1548 4263 1917 4332 praefationem
1962 4264 2083 4320 Vita

484 4347 722 4405 Zenonis
764 4349 943 4406 addita
971 4394 986 4416 ,
1046 4352 1361 4409 inscribitur
1408 4363 1589 4410 autem
1630 4353 1726 4410 Pio
1761 4354 1847 4423 Vl,
1903 4355 1961 4412 S.
2016 4354 2079 4412 P.

481 4441 636 4498 Nitor
666 4451 914 4516 typorum
969 4453 1131 4518 atque
1172 4445 1482 4503 chartarum
1529 4457 1613 4503 est
1641 4447 1800 4519 plane
1825 4448 2079 4506 eximius.

556 4534 786 4592 Codices.
819 4536 933 4593 Hoc
961 4538 1077 4595 loco
1113 4552 1408 4597 annotasse
1452 4558 1559 4597 non
1610 4541 1808 4614 pigeat,
1854 4558 1975 4614 quas
2015 4542 2084 4600 de

2182 1924 2443 1997 tiqniorcs
2474 1924 2695 1980 librario
2717 1926 2835 1998 ejus
2866 1925 2933 1981 ad
2962 1942 3181 1982 manum
3208 1925 3376 1981 fuisse
3398 1936 3596 1982 notant.
3617 1925 3723 1981 Hunc

2181 2026 2382 2089 prmter
2412 2027 2614 2088 praesto
2649 2017 2803 2075 fuere

2254 2109 2568 2165 Talentinas.
2632 2110 2874 2169 Venetiis
2932 2112 2986 2167 in
3058 2110 3388 2170 bibliotheca
3460 2110 3721 2167 clericorum

2181 2208 2508 2276 regulariunt
2589 2204 2992 2263 Tolentinatum
3064 2205 3304 2260 existens
3372 2204 3539 2261 codex
3598 2220 3720 2258 mein-

2182 2300 2483 2358 branaceus
2530 2298 2994 2373 pulcherrimique
3051 2297 3407 2363 characteris,
3452 2297 3631 2370 quique
3680 2294 3722 2350 ad

2181 2411 2272 2451 xm
2318 2389 2536 2452 circiter
2586 2396 2845 2451 saeculum
2901 2396 3175 2464 pertinere
3261 2388 3496 2460 putatur.
3561 2389 3722 2445 Lectio-

2183 2504 2281 2544 nes
2329 2489 2397 2544 ad
2428 2490 2753 2546 Remenseni
2802 2486 3028 2542 multum
3071 2484 3363 2551 accedunt,
3396 2495 3454 2539 ut
3491 2500 3520 2537 a
3559 2482 3723 2537 librario

2183 2584 2361 2639 minus
2379 2583 2618 2654 peritoet
2636 2577 2937 2651 indiligenti
2961 2568 3575 2649 scriptusapparet,cum
3588 2574 3725 2630 eadem

2181 2690 2314 2731 voce
2337 2675 2535 2731 alicubi
2565 2685 2900 2739 recurrente,
2938 2670 3254 2743 frequentes
3276 2670 3444 2726 saltus
3470 2678 3724 2724 occurrant.

2264 2766 2541 2822 Vaticanus
2602 2783 2659 2823 n.
2724 2766 2866 2822 1255
2895 2808 2909 2832 ,
2957 2763 3406 2820 membranaceus
3438 2806 3452 2829 ,
3522 2777 3607 2818 xm
3658 2775 3727 2814 se-

2182 2861 2302 2916 cnlo
2324 2860 2580 2931 scriptus,
2618 2876 2682 2915 ex
2700 2857 2892 2916 eodem
2914 2873 3035 2915 cum
3056 2854 3265 2916 Veneto
3288 2855 3437 2911 fonte
3470 2853 3718 2928 profectus,

2189 2942 2314 3008 licet
2367 2954 2729 3018 emendatior,
2773 2952 2968 3022 cuique
3010 2948 3254 3006 codicem
3288 2947 3569 3006 aGuarino
3590 2961 3726 3014 repet-

2186 3057 2295 3102 tum
2338 3045 2671 3117 persimilem
2724 3044 2892 3100 fuisse
2916 3043 3083 3099 videri
3112 3042 3253 3098 Edd.
3278 3043 3444 3098 n05tri
3466 3042 3719 3096 observant

2270 3138 2542 3195 Vaticanus
2578 3138 2802 3195 Urbinas
2835 3138 2961 3205 l50,
2995 3137 3449 3219 membranaccus.
3482 3136 3620 3198 item,
3659 3130 3723 3185 sed

2181 3234 2292 3306 jam
2320 3234 2595 3304 descripto
2617 3233 2895 3305 aliquanto
2926 3230 3198 3303 posterior
3221 3242 3278 3287 et
3305 3229 3497 3286 saeculo
3527 3228 3649 3284 forte
3664 3241 3723 3280 xiv

2182 3340 2435 3383 exaratos
2463 3327 2562 3400 (1).

2256 3418 2429 3474 Codex'
2455 3418 2696 3474 Basilicm
2745 3418 2807 3474 S.
2854 3417 2999 3474 Petri
3026 3418 3080 3472 in
3122 3415 3371 3473 Vaticano
3392 3457 3406 3483 ,
3438 3414 3647 3485 scriptus
3669 3413 3725 3465 in-

2183 3519 2346 3567 eunte
2400 3527 2526 3568 stre.
2582 3528 2695 3577 xm,
2752 3512 2835 3567 vel
2904 3512 3124 3568 ineunte
3163 3526 3277 3581 xiv,
3322 3511 3555 3580 signatus
3593 3505 3723 3561 littera

2184 3603 2245 3660 F.
2277 3605 2373 3671 53,
2418 3613 2615 3676 praeter
2664 3604 2845 3660 titulos
2903 3620 3215 3661 sermonum
3268 3604 3321 3658 in
3363 3603 3598 3658 omnibus
3636 3612 3723 3654 eunt

2185 3700 2438 3757 ltemensi
2469 3701 2783 3757 concordat.
2819 3698 2987 3772 Hujus
3030 3714 3138 3754 non
3167 3699 3385 3769 plenam
3416 3696 3722 3753 collationem.

2184 3794 2279 3850 Sed
2303 3793 2507 3864 aliquot
2527 3793 2704 3848 solum
2726 3803 3047 3849 tractatuum
3071 3799 3126 3847 et
3146 3790 3509 3847 difficiliorum
3535 3790 3723 3844 locorum

2186 3889 2458 3944 variantes
2486 3886 2747 3942 lectiones
2786 3885 3113 3957 procedente
3136 3885 3248 3958 jam
3277 3885 3511 3942 editione
3542 3879 3725 3955 postulao

2183 3992 2373 4037 verant
2398 3990 2452 4036 et
2476 3982 2846 4037 obtinuerant.

2275 4072 2575 4129 Veronensis
2642 4075 2943 4130 monasterii
3003 4074 3064 4131 S.
3135 4073 3403 4141 Zenonis,
3451 4067 3726 4130 'rccentioris

2186 4171 2380 4234 astatis,
2410 4171 2595 4226 saeculi
2622 4187 2716 4237 xv,
2747 4171 2889 4226 haud
2936 4169 3121 4238 dubie,
3175 4187 3241 4226 ex
3284 4168 3599 4227 membranis
3615 4177 3727 4220 com-

2185 4274 2397 4335 pactus,
2469 4263 2609 4318 idem
2686 4263 2799 4328 ille,
2875 4279 3036 4335 quem
3105 4262 3456 4329 Veronenses
3533 4260 3728 4318 Editorcs

2186 4373 2314 4412 ann.
2376 4355 2873 4424 l586,'Vctustum
2931 4356 3294 4429 appellarunt.
3348 4355 3486 4414 Cum
3527 4346 3726 4411 Rcmensi

2186 4464 2401 4523 quoque
2426 4447 2600 4520 quoad
2623 4447 2867 4505 ordinem
2892 4460 2947 4503 et
2973 4463 3257 4504 numerum
3283 4455 3609 4511 tractatuum,
3630 4444 3727 4497 titu-

2188 4544 2257 4599 lis
2305 4544 2467 4599 modo
2516 4544 2798 4614 exceptis,
2850 4544 2899 4598 ei
2951 4543 3228 4599 convenit.
3280 4542 3555 4598 Diversum
3592 4543 3727 4591 autem

484 4628 809 4686 collectione
852 4630 1174 4688 Sermonum
1207 4635 1267 4691 S.
1296 4635 1529 4692 Zenonis
1568 4636 1841 4694 Ballerinii
1889 4637 2079 4694 obser-
2108 4608 2165 4672 D
2192 4639 2334 4694 hunc
2359 4653 2482 4694 esse
2508 4653 2537 4693 a
2570 4638 2959 4708 codice,quem
2993 4637 3185 4692 Petrus
3228 4635 3363 4692 Calo
3394 4635 3590 4692 ordinis
3621 4628 3729 4683 Pf‘JT‘

486 4731 700 4789 varunt,
755 4737 872 4779 eam
930 4724 1089 4795 paulo
1139 4738 1257 4797 post
1305 4728 1365 4785 S.
1421 4727 1673 4800 Episcopi
1704 4739 1932 4786 mortem
1966 4730 2084 4801 ipso

486 4826 679 4887 quarto
708 4818 908 4873 sarculo
937 4830 1174 4877 exeunte
1206 4821 1290 4876 vel
1319 4822 1537 4878 ineunte
1557 4823 1747 4894 quinto
1779 4840 1846 4879 ex
1866 4823 2085 4882 schedis

487 4913 607 4983 ejus
632 4912 863 4968 Veronae
887 4912 1090 4969 relictis
1111 4913 1360 4970 eductam
1397 4926 1559 4988 atque
1597 4931 1911 4986 expressam
1939 4931 2081 4974 esse.

491 5004 780 5063 Auctorem
830 5009 1003 5080 ipsum
1054 5024 1173 5066 eam
1227 5025 1444 5082 parasse
1497 5026 1562 5068 ac
1610 5012 1845 5069 edidisse
1889 5024 2087 5087 negant

494 5109 803 5170 propterea,
829 5102 972 5172 quod
1006 5102 1187 5174 plures
1217 5103 1538 5171 imperfecti,
1574 5105 1789 5176 repetiti
1817 5122 1884 5162 ac
1916 5108 2090 5167 mutili

494 5202 783 5248 occurrant
812 5194 955 5251 unde
979 5196 1257 5266 probabile
1296 5212 1417 5253 esse
1444 5197 1757 5253 exiStimant
1777 5241 1792 5266 ,
1825 5199 1966 5269 quod
1998 5215 2086 5269 ea,

492 5300 612 5357 qua:
639 5285 692 5341 in
723 5302 875 5342 usum
915 5305 1245 5356 sermonum,
1276 5306 1414 5363 quos
1442 5290 1507 5347 ad
1556 5292 1811 5364 populum
1839 5292 2090 5365 frequen-

496 5380 734 5436 tissimos
766 5381 973 5449 habuit,
1005 5394 1125 5453 post
1161 5393 1392 5438 mortem
1423 5384 1476 5440 in
1508 5384 1723 5441 schedis
1756 5385 2088 5459 reliquisset,

503 5473 570 5529 ab
603 5474 723 5532 aliis
753 5476 1004 5545 inventa,
1063 5476 1133 5532 ob
1186 5478 1440 5534 eximiam
1488 5481 1591 5537 viri
1632 5483 2091 5541 existimationem

499 5568 798 5640 colligenda
823 5573 1034 5628 naviter
1062 5572 1175 5628 visa
1208 5573 1316 5628 sint
1342 5616 1358 5640 ,
1384 5575 1543 5647 idque
1569 5588 1713 5632 tanta
1746 5579 1940 5634 factum
1974 5582 2095 5636 dili-

503 5663 703 5731 gentia,
732 5673 789 5718 ut
818 5666 1074 5737 quidquid
1104 5668 1331 5735 reperiri
1361 5671 1596 5741 potuerit
1637 5671 1753 5728 sive
1800 5674 2099 5743 perfectum

506 5763 621 5819 sive
647 5766 846 5834 minus,
880 5778 1048 5831 totum
1076 5769 1402 5835 collectione
1432 5779 1487 5830 et
1512 5771 1754 5832 editione
1773 5772 1988 5846 dignum
2011 5772 2095 5842 ju.

522 5857 755 5917 dicatum
784 5863 873 5931 sit,
903 5861 1254 5936 fragmentum
1279 5863 1403 5925 licet
1418 5865 1859 5942 exiguum-esset,
1887 5864 1973 5926 vel
2002 5880 2095 5927 ex-
2148 5900 2163 5910 -

2190 4731 2487 4789 dicatorum
2521 4731 2741 4787 ineunte
2761 4745 2888 4786 saec.
2922 4746 3010 4787 xlv
3037 4744 3096 4786 se
3129 4729 3332 4786 ibidem
3362 4729 3550 4785 vidisse
3568 4726 3610 4782 in
3629 4736 3727 4778 mss.

2190 4822 2551 4882 Collectaneis
2581 4826 2649 4881 ab
2675 4823 3017 4883 Henschenio
3049 4821 3280 4879 laudatis
3321 4831 3565 4886 testetur,
3592 4816 3728 4874 Balle-

2191 4918 2295 4973 rini
2319 4917 2612 4975 afﬁrmant.

2264 5013 2697 5087 Sparauerianus.
2749 5013 2847 5069 Ms.
2899 5013 3058 5081 liber,
3103 5028 3266 5083 quem
3325 5012 3384 5067 F.
3435 4999 3731 5077 Sparaverills

2193 5110 2321 5167 olim
2350 5125 2472 5166 cum
2505 5109 2667 5165 editis
2696 5107 2943 5177 contulit,
2981 5107 3365 5175 variantesque
3393 5103 3506 5175 ejus
3529 5096 3732 5155 lectiones

2194 5203 2404 5260 notavit
2450 5204 2502 5258 in
2546 5202 2693 5258 obss.
2743 5216 2843 5259 suo
2885 5203 3004 5258 loco
3049 5200 3301 5256 laudatis.
3326 5199 3457 5267 Quis
3484 5196 3567 5250 ille
3594 5187 3730 5246 fuerit.

2194 5297 2491 5368 ignoratur.
2527 5296 2848 5365 Plerumque
2889 5295 2937 5350 ei
2981 5308 3105 5350 cum
3151 5290 3341 5349 codice
3390 5280 3663 5346 monasterii
3688 5276 3729 5331 S.

2270 5452 2347 5528 (1)
2387 5454 2503 5510 Duo
2548 5464 2746 5528 printer
2800 5454 2899 5508 hos
2946 5452 3000 5507 in
3049 5449 3302 5528 Vaticana
3353 5438 3732 5528 Codices???

2199 5515 2285 5585 nis
2329 5515 2693 5589 extant,"sed
2741 5540 2865 5580 cum
2919 5523 3152 5588 numeri,
3195 5522 3391 5592 quibus
3433 5516 3583 5573 notati
3621 5515 3731 5592 sunt.

2203 5579 2315 5658 non
2341 5579 2723 5655 invisi—ductum
2754 5579 3399 5670 suppeterentpdjnrunt
3437 5598 3618 5670 tantum

2209 5650 2472 5731 ιῖιῖὶηιίιῖἱι
2499 5650 2875 5743 cupiebat)...
2893 5650 3133 5745 joSepho
3182 5662 3489 5729 Blanchinio
3512 5656 3626 5729 ipsis
3648 5650 3731 5706 ηπί

2203 5753 2434 5825 poterat.
