3960 6330
396 272 399 277 ’
447 289 558 351 est;

1810 285 2051 344 SANCTI
2096 285 2385 343 ZENONIS

3627 286 3719 342 9.56

450 408 1141 487 prtecedens'amplectatur
1173 404 1328 475 ﬁdes,
1353 420 1473 479 qua:
1500 415 1608 462 tam
1639 404 1768 467 sibi,
1792 420 1949 475 quam
1972 403 2046 458 illi
2077 412 2129 472 Α
2157 404 2244 467 tis,
2278 417 2384 458 non
2416 410 2738 473 argumento
2760 445 2773 468 ,
2808 415 2915 456 non
2943 398 3269 457 necessitate
3291 442 3307 469 ,
3359 398 3451 456 sed
3477 400 3724 459 voluntate

448 507 724 565 credendo
798 513 1016 577 prtestet
1087 502 1140 575 5
1183 499 1464 567 effectum;
1534 496 1827 554 insinuatio
1877 496 2053 552 inanis

450 600 557 658 erit
585 618 599 656 :
643 600 767 672 quia
796 595 1076 654 incredulo
1103 593 1378 650 credentis
1399 592 1630 648 fructum
1660 598 1921 662 przestare
1944 603 2052 644 non

450 693 669 765 poterit.
703 691 945 760 Denique
973 686 1243 745 Abraham
1274 685 1471 757 placuit
1497 684 1609 740 Deo
1634 682 1712 755 (ti)
1737 680 2054 737 credulitate

447 788 569 844 sine
598 786 716 857 lege
742 784 940 858 (Galat.
971 798 1052 847 tu,
1074 779 1131 853 6)
1157 823 1172 847 ,
1204 787 1259 835 et
1285 777 1539 834 Judaictts
1580 775 1812 848 populus
1860 773 2051 845 displi-

450 879 564 935 cuit
589 878 700 933 Deo
724 875 1111 933 incredulitate
1154 887 1275 928 cum
1308 873 1443 943 lege.
1474 868 1630 928 Unde
1677 868 1901 923 dubium
1949 883 2055 922 non

454 980 541 1029 est
599 971 772 1042 legem
814 984 924 1025 non
956 981 1119 1039 posse
1172 968 1290 1022 sine
1320 964 1426 1020 llde
1457 1006 1472 1029 ,
1512 958 1675 1018 ﬁdem
1730 976 1889 1032 posse
1940 961 2059 1017 sine

450 1065 597 1137 lege:
625 1063 868 1133 alioquin
895 1060 973 1135 (7)
1024 1059 1215 1116 isthmc
1257 1057 1670 1114 innumerabilis
1714 1055 2058 1125 simplicitate

454 1173 554 1215 sua
585 1157 798 1213 felicior
842 1155 995 1211 tttrba
1021 1155 1078 1228 θ
1116 1153 1292 1208 adhuc
1322 1152 1513 1208 mortis
1544 1151 1772 1221 imperio
1816 1148 2062 1219 subjace-

454 1262 562 1319 ret,
591 1250 638 1308 si
670 1251 803 1323 legis
834 1250 993 1321 periti
1033 1258 1239 1305 tantum
1280 1244 1568 1318 justiticari
1620 1244 1965 1300 meruissent.
1993 1243 2065 1299 At

455 1354 578 1396 cum
609 1340 871 1409 scriptum
899 1339 992 1405 sit,
1024 1336 1219 1392 Littera
1247 1336 1457 1402 occidit,
1481 1335 1693 1405 spiritus
1734 1342 1904 1387 autem
1934 1332 2058 1386 vivi-

456 1433 581 1503 ﬁcat
601 1430 664 1500 (il
686 1430 805 1487 Cor.
840 1446 918 1497 ιιι,
943 1430 1022 1501 6).
1053 1431 1177 1501 quia
1210 1445 1319 1485 non
1348 1429 1448 1483 sub
1480 1428 1604 1499 lege
1635 1468 1649 1493 ,
1692 1426 1787 1482 sed
1815 1427 1917 1482 sub
1938 1440 2061 1497 gra-

459 1525 535 1581 tia
555 1539 774 1588 sumtis,
802 1539 921 1597 qua:
949 1538 1050 1579 nos
1074 1523 1300 1595 diligere
1350 1521 1517 1578 Deum
1554 1562 1568 1584 ,
1621 1535 1684 1574 ac
1710 1520 1810 1575 soli
1841 1520 1918 1575 illi
1946 1535 2064 1575 ser-

457 1618 576 1674 vire
603 1618 656 1673 in
687 1626 1029 1673 sacramento
1049 1618 1219 1673 semel
1249 1614 1472 1672 credita:
1515 1612 1595 1687 (8)
1623 1615 1797 1670 unica:
1824 1613 2064 1670 Trinita-

2155 494 2470 565 compellit;
2506 494 3010 552 manifestissimum
3064 503 3189 565 puto
3217 535 3234 563 ,
3268 492 3427 550 nimis
3449 493 3526 567 (9)
3563 503 3724 551 asmto

2157 604 2281 645 esse
2322 590 2621 660 simplicem
2665 588 2988 646 meliorem:
3053 588 3174 660 quia
3225 587 3455 659 simplex
3500 587 3726 644 omnibus

2161 681 2258 737 Dei
2285 681 2463 737 verbis
2510 681 2834 752 simpliciter
2878 680 3085 746 credit;
3138 687 3351 735 astutus
3379 689 3554 736 autem
3582 681 3729 737 nimia

2158 778 2424 848 sapientia
2455 777 2745 832 inlatuatus
2768 819 2782 843 ,
2832 775 3275 849 inquisitionibus
3325 775 3477 829 vanis
3503 775 3730 847 semetip-

2168 889 2289 929 sum
2319 871 2626 929 confundit.

2234 964 2295 1020 ll.
2328 964 2433 1021 Sed
2461 962 2604 1020 dicet
2625 964 2822 1035 aliquis
2846 983 2858 1019 :
2883 965 2926 1020 si
2961 965 3033 1019 ita
3060 970 3172 1029 est,
3207 959 3346 1017 nulli
3371 975 3496 1032 ergo
3526 958 3628 1033 (10)
3656 960 3730 1023 lex

2164 1057 2400 1128 prodest.
2433 1058 2611 1113 Absit.
2646 1058 2890 1121 Prodest,
2930 1056 3227 1129 etquidem
3284 1054 3601 1126 plurimum:
3626 1069 3733 1110 nam

2159 1168 2255 1223 per
2276 1152 2443 1223 ipsam
2477 1151 2571 1207 Dei
2599 1153 2845 1206 voluntas
2871 1150 3087 1223 populis
3111 1151 3433 1207 intimatur:
3468 1166 3558 1221 per
3586 1151 3733 1221 ipsam

2164 1245 2450 1313 disciplina
2490 1247 2734 1302 ctelestis
2766 1245 2880 1319 (li)
2907 1246 3182 1317 colligitur
3211 1260 3277 1302 ac
3327 1255 3534 1307 tenetur
3580 1243 3733 1317 (Rcui.

2167 1355 2246 1397 ιιι,
2280 1338 2353 1393 ‘20
2380 1349 2426 1394 et
2459 1355 2550 1403 vn,
2576 1340 2668 1410 7):
2718 1354 2817 1412 per
2845 1340 3014 1411 ipsam
3042 1381 3056 1406 ,
3094 1341 3312 1411 inquam
3348 1380 3365 1406 ,
3414 1354 3576 1409 genus
3598 1352 3737 1394 omne

2168 1432 2418 1501 peccati,
2460 1447 2528 1486 ne
2571 1432 2692 1501 quis
2742 1432 3059 1502 imprudens
3107 1432 3340 1486 intereat
3369 1473 3384 1497 ,
3439 1429 3735 1487 diliamatur.

2169 1523 2398 1597 Semper
2423 1539 2647 1582 monere
2678 1540 2786 1580 non
2816 1523 3049 1592 desinit,
3081 1524 3388 1595 ignorantia
3409 1537 3474 1578 ne
3493 1524 3608 1593 quis
3629 1538 3736 1578 reas

2171 1629 2283 1674 tum
2307 1628 2563 1677 excuset:
2591 1634 2734 1675 nunc
2761 1634 2975 1685 severa,
2991 1632 3134 1673 nunc
3156 1616 3355 1672 blanda
3380 1615 3491 1687 (12)
3516 1614 3738 1671 demons-

461 1737 609 1811 _tibus
641 1735 787 1811 ﬁdei,
817 1744 964 1811 patet
987 1751 1053 1790 ex
1078 1733 1309 1811 eo_quod
1337 1732 2061 1811 subditur,disputatiouem
2095 1743 2141 1803 B
2170 1738 2369 1806 beciili,
2398 1755 2519 1811 qua:
2550 1739 2603 1794 in
2636 1738 2763 1795 ﬁdei
2810 1737 3153 1811 dogmatibus
3198 1736 3327 1811 sine
3371 1734 3516 1806 gravi
3540 1733 3738 1792 crimine

457 1807 785 1878 huiusmodi,
821 1808 865 1861 si
889 1816 1092 1861 versuta
1119 1806 1223 1871 sit,
1256 1806 1535 1860 eradicare
1568 1805 1748 1871 tidem,
1782 1807 1903 1878 quia
1933 1805 2062 1878 ﬁdes

462 1876 693 1951 profecto
720 1895 831 1951 non?
865 1887 959 1944 est,
1005 1877 1093 1933 ubi
1133 1878 1383 1948 quwritur
1409 1877 1559 1945 ﬁdes,
1601 1892 1702 1951 seu
1725 1878 1821 1951 ubi
1855 1877 1924 1933 de
1954 1876 2063 1951 llde

459 1947 1000 2023 per'disptttationem
1030 1962 1302 2023 movetur
1341 1950 1590 2023 quaestio.
1652 1947 1913 2006 Similiter
1935 1950 2065 2023 duc-

464 2020 816 2079 irinatn'ﬁdei
843 2021 901 2078 S.
916 2020 1161 2076 Antistes
1183 2022 1343 2091 legem
1366 2020 1624 2090 appellat,
1652 2035 1774 2075 cum
1798 2038 1856 2091 ιι.
1883 2027 1919 2076 5
1936 2022 2024 2091 ait
2048 2038 2061 2074 :

462 2093 567 2176 Qur
586 2093 755 2176 legem
781 2092 1184 2176 legeodistringis
1201 2090 1363 2176 ?’cur_
1391 2092 1484 2175 sub
1521 2092 1743 2176 imagine
1764 2090 2065 2176 ﬁdei'ﬁde’m

463 2163 721 2238 deponis?
750 2172 805 2219 et
830 2163 954 2219 aliis
988 2164 1057 2238 (id
1082 2164 1303 2238 generis
1350 2163 1503 2238 locis.
1532 2165 1682 2238 lianc
1711 2164 1838 2238 legis
1863 2163 2065 2238 signiti-

462 2234 734 2292 cationem
769 2278 799 2307 ,ί
829 2252 950 2307 qua:
980 2234 1227 2307 fortassis
1258 2235 1326 2291 ab
1354 2236 1717 2307 ea‘locutione
1767 2234 1919 2289 Pauli
1951 2237 2063 2290 ori-

464 2308 645 2378 ginem
681 2304 861 2373 ducit,
883 2323 988 2379 qua
1014 2306 1081 2362 ad
1114 2307 1268 2362 Rom.
1300 2322 1379 2371 tn,
1410 2304 1504 2379 27,
1536 2307 1696 2379 legem
1726 2307 1846 2375 ﬁdei
1871 2316 2062 2379 vocat.

467 2381 671 2435 indicat
710 2382 873 2435 etiam
1018 2382 1245 2451 August.
1303 2380 1367 2434 de
1409 2378 1561 2451 Gest.
1591 2377 1781 2451 Pelag.
1811 2377 2068 2451 ιιεᾷηιώἰ

467 2453 631 2523 hujus
653 2451 853 2508 dictum
897 2450 964 2507 de
1002 2448 1129 2523 legis
1159 2452 1370 2506 scientia
1417 2449 1769 2507 Considerans
1795 2491 1810 2513 ,
1845 2448 1911 2523 Si
1936 2448 2070 2519 forte

471 2521 740 2594 Pelagius,
772 2524 964 2595 inquit,
993 2521 1339 2595 responderet,
1397 2523 1531 2577 hanc
1556 2529 1723 2595 ipsam
1772 2538 1827 2575 se
1876 2521 2070 2595 dixisse

465 2597 749 2667 scientiam,
786 2594 1006 2667 legis...,
1051 2594 1168 2667 qua:
1197 2612 1286 2664 per
1314 2594 1598 2651 doctrinam
1626 2594 1749 2667 ﬁdei
1775 2594 2065 2667 neapltgtis,

464 2678 619 2740 atque
636 2668 691 2721 in
713 2664 918 2722 Christo
939 2664 1169 2740 parvulis
1197 2668 1443 2733 traditur,
1470 2684 1570 2738 qua
1593 2666 1747 2720 etiam
1776 2664 2070 2740 baptizandi

465 2735 866 2811 catechizantur,
897 2735 951 2793 ut
997 2739 1283 2811 symbolum
1333 2735 1594 2803 noverint;
1619 2754 1721 2811 non
1748 2735 2070 2811 quidemista

463 2811 682 2882 intelligi
728 2810 878 2875 solet,
910 2809 1119 2882 quando
1149 2811 1333 2866 habere
1356 2813 1623 2880 quisquam
1648 2809 1912 2882 scientiam
1942 2809 2071 2882 legis

468 2879 688 2949 dicitur;
711 2883 904 2951 quibus
919 2879 1098 2938 verbis
1128 2900 1235 2937 non
1260 2882 1310 2937 id
1341 2879 1375 2934 a
1397 2881 1790 2937 c0usuetndiue
1816 2879 2069 2951 loquendi

468 2955 705 3009 alienum
733 2950 906 3018 notat,
940 2956 1082 3025 quod
1106 2955 1189 3009 lea:
1216 2968 1311 3024 pro
1339 2953 1571 3007 doctrina
1600 2950 2066 3025 ﬁdeiacripialur,

471 3026 566 3082 sed
598 3024 738 3095 quod
770 3022 1006 3079 doctrina
1036 3026 1192 3094 ﬁdei,
1218 3022 1347 3096 quae
1370 3024 1771 3096 catccliutnenis
1799 3022 2068 3096 traditur,

470 3092 774 3167 appelletur
802 3092 1064 3151 scientia:
1100 3114 1221 3152 nam
1244 3092 1482 3159 scicntia,
1507 3094 1936 3167 subdit,_uocatur
1955 3092 2066 3156 illa,

469 3143 751 3222 seclimdum
796 3184 948 3241 quam
977 3143 1102 3239 259:;
1130 3143 1298 3241 periti.
1320 3143 2070 3241 αμῇεἱιᾶιῖῖιῇίξἰὶὶιῖὲίιιοὶῖιὶὲ
2097 3143 2140 3206 C

470 3240 521 3294 in
559 3246 787 3295 tractatu
811 3240 870 3295 S.
915 3240 1063 3295 Zeno
1088 3239 1154 3295 ex
1203 3256 1414 3305 eorum,
1443 3253 1579 3309 quos
1611 3239 1914 3307 impugnat,
1942 3250 2069 3309 seu-r-

471 3311 660 3376 tentia,
715 3311 876 3382 legem
906 3328 1011 3366 non
1044 3320 1151 3367 tam
1194 3327 1290 3382 pro
1320 3308 1549 3381 simplici
1593 3309 1903 3382 dogtiiattttu
1945 3308 2065 3382 lidei

471 3382 737 3449 doctrina,
764 3378 930 3454 quam
959 3399 1058 3454 pro
1090 3378 1207 3454 ipsa
1225 3378 1448 3440 scientia
1477 3392 1534 3437 et
1564 3378 1900 3454 peritiaiidei
1950 3379 2066 3448 ple-

470 3469 696 3523 rumque
724 3452 971 3522 accepit,
1007 3452 1191 3526 pro‘ea
1226 3455 1477 3510 nimirum
1507 3452 1636 3526 lidei
1665 3452 1874 3526 peritia,
1907 3466 2065 3526 quam

470 3525 544 3579 illi
594 3521 956 3581 necessariam
992 3521 1417 3596 proﬁtebantur,
1450 3527 1540 3595 qui
1590 3523 1904 3578 obscuriora
1936 3521 2062 3577 ﬁdei

470 3596 723 3665 dogmata
754 3596 822 3651 de
855 3596 1117 3653 Trinitate
1149 3597 1463 3653 tractatibus
1489 3597 1781 3667 explicare,
1812 3606 1866 3649 et
1911 3610 2067 3667 argu-

371 3710 380 3721 .
470 3669 654 3721 mentis
679 3684 772 3740 pro
792 3668 982 3737 ingenii
1001 3670 1251 3740 qualitate
1272 3685 1499 3725 asserere
1532 3666 1899 3740 conabantur:
1925 3666 2065 3740 unde

474 3740 595 3810 bos,
628 3736 858 3808 perinde
896 3755 959 3795 ac
988 3736 1319 3809 Augustinus
1345 3739 1647 3810 Pelagium,
1673 3738 1871 3810 rel‘l-llit
1906 3736 2065 3791 allata

474 3809 527 3864 in
582 3810 817 3865 medium
868 3808 1251 3880 simpliciormu
1297 3808 1637 3879 turba,‘qn:r.
1667 3808 1837 3880 adhuc
1891 3810 2067 3862 mortis

472 3882 689 3947 imperio
716 3879 1018 3952 subiaceret,
1048 3885 1092 3938 si
1114 3884 1239 3955 legis
1269 3884 1640 3955 iterititantttnt
1659 3879 2067 3955 justiﬁcari_t_nc-

473 3954 699 4008 ruissent
719 3994 733 4018 ,
765 3950 862 4023 pro
890 3955 1085 4023 quibus
1110 3950 1180 4008 nf
1199 3956 1228 4009 4
1257 3954 1331 4008 ait
1357 3972 1369 4009 :
1399 3951 1522 4008 Non
1548 3950 1737 4005 habent
1769 3966 1889 4023 ergo
1915 3950 2067 4023 [idem

470 4026 557 4096 qui
584 4022 777 4079 litteras
807 4026 1037 4080 nesciunt
1069 4045 1081 4080 :
1114 4034 1167 4081 et
1205 4026 1455 4081 similiter
1478 4042 1533 4096 ιι.
1560 4024 1624 4096 5,
1648 4022 2067 4096 imperitoslegis

474 4093 675 4162 laudat,
707 4111 875 4165 seque
923 4099 1091 4152 minus
1124 4099 1343 4165 peritum
1392 4095 1632 4160 profiteri
1679 4093 1784 4149 non
1834 4093 2061 4156 dubitat,

473 4182 580 4222 non
608 4167 752 4238 quod
793 4167 1071 4224 Trinitatis
1105 4168 1264 4224 ﬁdem
1325 4183 1430 4222 non
1472 4167 1735 4232 calleret,
1781 4166 1876 4220 sed
1922 4165 2062 4234 quod

472 4253 577 4293 nec
604 4246 861 4294 tractatus
894 4240 962 4295 de
982 4238 1072 4294 illa
1103 4242 1286 4303 edere,
1320 4255 1422 4296 nec
1453 4240 1662 4294 ratione
1691 4252 1809 4292 eam
1836 4238 2063 4292 scrutari

473 4317 529 4380 et
564 4309 853 4379 explicare,
887 4321 946 4365 ut
974 4311 1154 4368 Ariani
1198 4311 1492 4376 audebant,
1524 4325 1583 4365 se
1610 4324 1769 4380 posse
1795 4306 2060 4380 crederet.

473 4378 623 4455 lianc
640 4378 862 4455 quidem
890 4381 1070 4455 legem,
1096 4398 1255 4455 quam
1278 4383 1401 4453 ﬁdei
1420 4397 1543 4437 mox
1565 4378 1818 4455 opponit,
1835 4387 1888 4434 et
1909 4394 1946 4455 ει
1961 4378 2066 4455 ﬁde

473 4451 1220 4529 distingpitacum'aitlegem
1272 4451 1375 4509 non
1424 4469 1571 4525 posse
1611 4451 1721 4509 sine
1745 4451 1865 4522 ﬁde,
1910 4451 2064 4529 ﬁdem

474 4539 621 4596 posse
645 4525 754 4596 sine
776 4525 904 4596 lege,
934 4543 985 4580 ιι.
1019 4525 1076 4593 4,
1105 4522 1387 4583 doctrinam
1412 4522 1585 4592 vocat,
1617 4539 1845 4592 eamque
1890 4522 2065 4577 credu-

474 4595 630 4661 litati,
660 4595 709 4677 id
740 4595 1242 4677 est’simplicilidei
1303 4600 1353 4653 in
1402 4597 1647 4677 eamdem
1700 4596 1878 4677 plane,
1905 4609 2065 4677 quam

475 4666 827 4739 exposuimus
867 4666 1187 4725 sententiam
1212 4712 1226 4735 ,
1273 4685 1338 4726 ex
1367 4669 1615 4739 Opposita
1665 4670 1875 4739 statuit,
1910 4666 1982 4739 ita
2017 4677 2074 4739 ut

477 4738 619 4793 idem
653 4738 755 4792 hoc
786 4739 905 4794 loco
933 4740 1001 4794 sit
1025 4742 1126 4803 lex,
1150 4742 1292 4811 quod
1324 4735 1677 4803 ibidoctrina,
1708 4750 1761 4811 et
1786 4737 1924 4793 idem
1954 4735 2074 4791 heic
2139 4763 2142 4766 η

475 4811 541 4865 sit
572 4811 719 4877 ﬁdes,
765 4824 830 4865 ac
857 4811 1000 4881 quod
1031 4812 1099 4864 ibi
1122 4809 1476 4866 credulitatem
1506 4820 1692 4872 vocat,
1726 4809 1793 4865 de
1814 4824 1916 4879 qua
1943 4823 2076 4864 voce

479 4881 629 4951 plura
681 4881 868 4937 adnot.
925 4882 1192 4953 sequenti.
1226 4883 1439 4938 Variani
1471 4884 1611 4937 hanc
1646 4882 1772 4951 legis
1800 4882 2074 4949 acceptio-

479 4969 604 5007 ιιιειιι
631 4956 801 5025 hocin
826 4963 1054 5009 tractatu
1078 4956 1384 5025 promiscue
1403 4963 1713 5025 usurpatam
1737 4953 2077 5025 animadver-

478 5032 594 5096 tere
621 5034 673 5079 et
713 5023 1044 5096 distinguere
1073 5022 1305 5081 maxime
1332 5022 1581 5080 interest.
1614 5024 1726 5079 Hoc
1755 5023 1936 5096 itaque
1958 5022 2078 5078 loco

478 5094 762 5167 insinuatio
811 5094 938 5167 legis
981 5112 1078 5158 pro
1105 5097 1227 5151 lidci
1282 5096 1574 5152 didascalia
1623 5096 1792 5161 accipi
1823 5094 2075 5148 videtur:

479 5181 641 5239 quam
690 5165 900 5239 idcirco
954 5168 1086 5237 ﬁdes
1119 5170 1413 5239 prwcedens
1458 5168 1795 5239 amplectatur
1843 5173 2077 5239 oportet,

479 5236 622 5308 quod
649 5237 751 5292 nisi
776 5239 895 5307 quis
918 5236 977 5294 se
997 5240 1071 5305 ei,
1093 5236 1181 5310 qui
1207 5239 1328 5295 ﬁdei
1355 5236 1616 5309 praecepta
1640 5238 1822 5304 tradit,
1852 5237 2079 5310 docilem

481 5307 740 5380 praebeat.
774 5310 949 5364 inanis
979 5307 1136 5381 plane
1176 5307 1365 5365 omnis
1392 5307 1751 5365 insinuationis
1780 5323 1875 5363 sett
1904 5307 2082 5381 didas-

477 5382 633 5436 calia:
662 5381 814 5436 labor
839 5380 1051 5437 futurus
1078 5385 1166 5437 sit.
1204 5383 1328 5438 Hzec
1378 5392 1558 5439 autem
1607 5383 1658 5436 in
1690 5396 1803 5435 rem
1835 5394 1985 5433 suam
2019 5380 2076 5434 S.

481 5452 629 5508 Zeno
652 5453 904 5515 inculcat,
936 5469 1042 5509 non
1067 5462 1124 5509 ut
1147 5454 1491 5510 didascaliam
1515 5453 1874 5509 necessariam
1899 5462 2078 5520 neget,

482 5524 578 5580 sed
606 5533 666 5580 ut
682 5522 857 5650 ¢(quod
890 5525 1103 5580 dixerat
1131 5527 1289 5592 paulo
1330 5526 1480 5594 ante)
1512 5524 1667 5593 ﬁdem
1718 5539 1821 5577 non
1865 5522 1928 5575 ab
1975 5523 2080 5578 alio

482 5612 681 5650 comma
719 5597 821 5650 ari.
852 5596 948 5650 sed
978 5597 1190 5650 m'onria
1230 5613 1293 5650 ea:
1318 5598 1579 5650 voluntate
1600 5595 1741 5648 nasci
1771 5591 2074 5648 cnnlirtnet.

482 5591 821 5662 commodari,
852 5596 948 5653 sed
976 5591 1190 5667 prapria
1230 5613 1293 5652 ea:
1318 5591 1579 5651 voluntate
1600 5595 1741 5648 nasci
1771 5591 2074 5648 conﬁrmet.

554 5667 633 5738 (6)
665 5666 956 5723 Credulitas
1002 5683 1191 5725 noSIro
1245 5668 1465 5723 Auctori
1510 5667 1708 5734 plttries
1733 5675 2033 5738 memorata
2063 5706 2080 5733 ,

487 5735 661 5817 neque
706 5739 934 5794 sumitur
962 5756 1058 5807 pro
1114 5741 1284 5796 nimia
1310 5739 1567 5817 facilitate
1617 5735 1875 5817 credendi
1902 5775 1918 5802 ο
1959 5750 2083 5817 quae

487 5806 619 5861 vitio
646 5822 750 5862 non
777 5817 925 5867 caret
948 5806 973 5879 ,ί
990 5826 1168 5883 neque
1197 5825 1297 5883 pro
1334 5810 1594 5881 opinione
1643 5806 1853 5864 inﬁrma
1892 5816 1945 5863 et
1972 5806 2077 5861 ἱιιι-

2168 1812 2346 1867 locum
2372 1808 2477 1866 non
2503 1810 2662 1867 habet
2685 1852 2699 1874 ,
2729 1810 2824 1865 sed
2859 1826 2954 1876 pro
2979 1808 3207 1880 simplici
3238 1809 3390 1880 ﬁdei,
3437 1822 3550 1877 qua:
3573 1814 3737 1880 aucto-

2169 1884 2311 1938 ritati
2341 1884 2452 1937 sine
2470 1884 2598 1952 lege,
2636 1883 2684 1936 id
2713 1892 2792 1936 est
2822 1881 2940 1937 sine
2970 1879 3183 1935 ratione
3214 1879 3537 1952 adhibetur,
3589 1879 3736 1952 qualis

2167 1969 2298 2010 sane
2328 1950 2565 2010 Abrahae
2611 1953 2749 2008 ﬁdes
2774 1952 2875 2008 fuit
2900 1995 2914 2018 ,
2941 1954 3028 2021 qui
3066 1968 3172 2006 non
3198 1951 3377 2006 solum
3426 1951 3565 2005 nulla
3593 1950 3732 2019 petita

2169 2026 2383 2082 ratione
2427 2025 2658 2081 credidit
2687 2024 2835 2090 Deo,
2867 2025 2960 2080 sed
2988 2023 3153 2079 etiam
3188 2065 3204 2088 ,
3261 2031 3322 2078 ut
3351 2023 3502 2077 item.
3534 2036 3584 2075 tv
3605 2064 3618 2086 ,
3648 2021 3732 2088 18,

2172 2108 2355 2154 monet
2380 2098 2676 2164 Apostolus
2700 2138 2716 2160 ,
2747 2097 2858 2152 Deo
2902 2095 3132 2151 credidit
3174 2109 3357 2149 contra
3400 2110 3573 2161 spem,
3597 2108 3733 2164 quam

2170 2171 2310 2225 ratio
2342 2162 2604 2225 naturalis
2632 2168 3052 2239 injiceret..ﬂoc
3083 2178 3282 2239 tamen!
3312 2165 3545 2239 inloco,
3577 2162 3735 2239 tibide

2174 2240 2278 2296 [ide
2307 2241 2522 2310 proprie
2548 2234 2894 2295 dicta'sermo
2918 2248 3021 2303 est,
3053 2239 3147 2294 illa
3170 2237 3356 2311 potius
3379 2236 3599 2291 Abralia:
3624 2234 3734 2311 ﬁdes

2172 2304 2495 2367 credulitatis
2547 2313 2764 2367 nomine
2812 2304 3188 2366 commendata
3244 2311 3456 2364 videtur
3486 2349 3499 2374 ,
3524 2323 3621 2378 qua
3659 2304 3734 2361 ille

2170 2383 2390 2440 Christo
2411 2399 2476 2439 ex
2505 2399 2604 2438 suo
2629 2383 2840 2438 semine
2868 2383 3141 2453 gignendo
3171 2382 3357 2437 divina
3384 2379 3485 2435 [ide
3506 2377 3729 2453 credidit,

2172 2463 2460 2525 antequam
2485 2456 2552 2510 de
2575 2455 2676 2510 lroc
2702 2451 2953 2525 dogmate
2989 2463 3250 2509 tractatus
3282 2453 3374 2507 olli
3400 2495 3415 2518 ,
3442 2464 3570 2525 quos
3595 2451 3731 2525 legem

2171 2521 2362 2584 auctor
2387 2528 2652 2587 nominat.
2688 2521 3038 2597 per'Arianos
3059 2536 3156 2581 aut
3181 2525 3322 2580 alios
3340 2521 3599 2597 quoslibet
3621 2522 3732 2597 ede-

2173 2610 2400 2654 rentur:
2431 2614 2535 2668 qua
2563 2592 2704 2653 sane
2735 2598 2803 2653 de
2830 2612 3018 2653 caussa
3045 2597 3103 2654 S.
3148 2592 3495 2668 Ambrosius,
3525 2592 3613 2668 lib.
3640 2592 3733 2648 tde

2175 2665 2595 2739 Abraham—cap.
2626 2672 2681 2733 5,
2716 2685 2771 2723 ιι.
2800 2670 2902 2734 21,
2933 2667 3075 2723 hunc
3107 2669 3329 2739 laudat_,
3359 2665 3731 2739 quiarrationeiu
3771 2674 3778 2681 '

2176 2759 2278 2796 non
2300 2734 2578 2808 qutcsivit',
2619 2741 2708 2796 sed
2754 2741 3135 2811 promptissima
3181 2734 3542 2811 ﬁde'credidil
3571 2777 3586 2802 ,
3634 2748 3734 2811 qute

2175 2807 2336 2882 plane
2366 2815 2506 2868 idem
2538 2824 2661 2869 sunt
2691 2807 2763 2867 ac'
2792 2807 2933 2883 apud
2964 2807 3212 2883 nostrum
3243 2809 3549 2883 Atttistitetu
3579 2807 3735 2883 credu-

2175 2879 2293 2940 litas
2322 2886 2431 2940 sine
2461 2885 2588 2955 lege.
2645 2885 2754 2940 llac
2782 2879 2850 2940 de
2905 2882 3287 2955 lideAbrahae
3335 2881 3487 2955 plura
3538 2879 3734 2955 inferius

2175 2956 2359 3012 adnot.
2388 2956 2479 3012 56.
2511 2953 2778 3011 Casterum
2804 2957 2856 3010 in
2885 2954 3129 3009 eamdem
3160 2954 3485 3009 sententiam
3514 2953 3595 3007 alii
3622 2963 3736 3020 quo-

2179 3044 2286 3098 que
2316 3030 2609 3097 scriptores
2654 3028 2796 3083 idem
2828 3026 3149 3081 credulitatis
3176 3040 3376 3098 nomen
3422 3039 3514 3093 pro
3538 3023 3631 3093 ﬁde
3649 3025 3737 3098 δατ

2176 3090 2396 3169 cepere.
2420 3090 2773 3155 Nemesianns
2797 3140 2813 3164 ,
2855 3099 3096 3162 Dativus,
3125 3108 3181 3153 et
3203 3097 3388 3169 Victor
3411 3090 3659 3169 martyres
3669 3090 3736 3169 ad

2174 3165 2588 3243 SCCyprianum
2613 3186 2700 3240 ep.
2730 3185 2931 3226 Lxxvttt
2958 3168 3126 3243 :Dum
3138 3186 3246 3243 non
3266 3165 3737 3243 desinistractatibus

2172 3242 2272 3297 tuis
2310 3236 2634 3297 sacramenta
2650 3236 2862 3296 occulta
2911 3241 3110 3295 nudare
3134 3283 3150 3304 ,
3184 3241 3259 3295 sic
3301 3255 3392 3293 nos
3430 3240 3481 3292 in
3510 3237 3604 3308 ﬁde
3628 3236 3738 3308 {vicis

2172 3330 2415 3380 crescere,
2436 3325 2484 3369 et
2510 3314 2574 3369 de
2594 3315 2782 3368 saeculo
2801 3313 3029 3368 homines
3048 3312 3118 3365 ad
3132 3311 3489 3367 credulitatem
3510 3307 3735 3362 accedere.

2172 3386 2463 3449 Arnobius,
2497 3386 2590 3441 lib.
2620 3402 2655 3440 ιι
2683 3384 2942 3440 adversus
2980 3384 3186 3440 Gentes
3226 3398 3282 3454 p.
3310 3383 3406 3437 i7:
3442 3380 3740 3454 Ridere_uos-

2172 3466 2306 3511 "am
2333 3448 2490 3527 ﬁdem
2516 3458 2822 3521 εοηδαεδιίεν
2849 3466 3000 3528 algae
3026 3456 3196 3528 ipsam
3219 3448 3590 3528 credulitatem.
3617 3448 3739 3528 (lou-

2169 3519 2348 3583 cilinm
2372 3528 2779 3592 Eliberitanum,
2808 3519 2860 3582 ε.
2883 3519 2988 3581 ιιέε
3015 3519 3096 3579 Ad
3116 3526 3275 3596 ﬁdem
3300 3527 3519 3595 primum
3543 3519 3741 3596 creduli-

2171 3600 2290 3653 tatis
2335 3598 2620 3665 accetlunt,
2660 3608 2714 3653 ct
2751 3614 2802 3654 c.
2847 3600 2943 3654 44:
3006 3599 3067 3653 Si
3108 3592 3454 3669 (postmodum
3492 3597 3556 3669 ad
3579 3592 3738 3669 credu-

2173 3671 2368 3726 litatem
2395 3660 2645 3726 verterint.
2669 3670 2940 3735 Sedulius,
2973 3670 3012 3724 Ι.
3040 3685 3058 3723 l
3084 3660 3282 3737 O'peris
3310 3666 3597 3729 Paschalis,
3622 3679 3664 3717 c.
3692 3660 3738 3714 2:

2174 3741 2303 3798 Haec
2324 3753 2397 3797 est
2419 3759 2537 3797 vera
2566 3742 2695 3812 ﬁdes
2745 3752 2793 3797 et
2824 3742 2974 3811 ﬁrma
3000 3740 3308 3795 credulitas.
3347 3739 3567 3812 Exstant
3593 3737 3638 3788 in
3662 3748 3742 3812 an-

2174 3815 2337 3883 tiquis
2363 3804 2654 3884 Ordinibus
2702 3804 2834 3869 ﬁdei
2877 3813 3136 3884 formulas
3167 3814 3457 3884 inscriptae
3508 3804 3741 3884 For-inulte

2173 3881 2513 3939 credulitatis.
2541 3883 2717 3954 thue
2750 3886 2857 3938 alia
2908 3886 3074 3939 multa
3126 3882 3180 3937 id
3207 3887 3424 3953 generis
3471 3881 3741 3954 testimonia

2180 3950 2659 4025 prmtcrmittamds
2685 3997 2699 4020 ,
2750 3956 3039 4011 Ratherius
3078 3950 3271 4011 noster
3296 3954 3574 4025 episcopus
3595 3950 3642 4004 in
3668 3961 3742 4015 sy-

2172 4023 2362 4083 nodica
2382 4028 2449 4099 ad
2483 4028 2860 4098 presbyteros:
2889 4027 3047 4081 Fides
3066 4037 3259 4099 autem,
3278 4025 3470 4096 inquit,
3497 4023 3547 4076 id
3567 4030 3742 4099 esterg-

2170 4098 2362 4154 dult'tas
2386 4089 2504 4154 Dei.
2536 4089 2666 4155 "the
2686 4099 2910 4154 dicenda
2957 4106 3113 4153 erant
3150 4089 3482 4163 fusius-non
3512 4089 3641 4164 quod
3675 4090 3744 4164 hic

2169 4170 2319 4244 locus
2336 4172 2386 4225 id
2412 4176 2666 4244 postulet,
2693 4170 2788 4225 sed
2807 4181 2862 4244 ut
2891 4160 3742 4244 bacpraztuonitionelectoriutel-

2170 4241 2331 4313 ligat,
2358 4235 2478 4312 quae
2505 4243 2556 4297 in
2588 4243 2937 4311 sequentibus
2966 4235 3280 4297 obscuriora
3309 4238 3551 4313 luissem.
3574 4235 3652 4313 ubi
3670 4245 3745 4285 ea-

2170 4307 2293 4369 dem
2309 4307 2434 4378 vos,
2460 4329 2620 4369 sensu
2650 4307 2755 4369 non
2781 4314 2851 4368 ita
2870 4314 3175 4382 explorato,
3200 4311 3427 4380 repetita
3457 4307 3743 4382 invenietur.

2244 4384 2440 4458 (7)5ic
2470 4401 2572 4440 ms.
2609 4385 2798 4458 Pomp.
2841 4378 2963 4458 cum
2999 4384 3088 4439 alii
3144 4378 3306 4458 codd.
3361 4383 3585 4458 habeant
3627 4378 3745 4458 ista:

2167 4447 2503 4512 illu‘daulem
2538 4447 2953 4527 prteeligeiidum
3000 4455 3441 4527 putavimus,'ut
3490 4447 3747 4527 impedire-

2094 4548 2148 4609 D
2173 4536 2261 4609 t_ur
2284 4519 2639 4596 tequivocatio
2662 4568 2678 4593 ,
2708 4519 2766 4584 ἐι
2794 4528 2846 4583 id
2871 4519 3165 4599 pronomen
3195 4525 3265 4582 ad
3305 4525 3505 4580 turbam
3531 4519 3744 4578 referen-

2177 4598 2304 4654 dum
2337 4609 2562 4667 pateret.

2251 4669 2328 4811 ξε)
2360 4669 2489 4725 Mss.
2520 4670 2710 4741 Pomp.
2739 4681 2791 4727 et
2819 4670 2950 4727 Zen.
2983 4670 3163 4726 unitw.

2276 4741 2329 4807 9)
2385 4742 2509 4798 Haec
2536 4759 2638 4797 ms.
2674 4744 2863 4811 Pomp.
2913 4743 3074 4799 lectio
3100 4758 3163 4796 [Ill

2276 4738 2329 4807 9')
2385 4742 2509 4798 Haec
2536 4759 2638 4797 ms.
2662 4738 2863 4812 Pomp.
2913 4743 3074 4799 lectio
3100 4740 3294 4797 melior
3312 4738 3429 4812 visa
3442 4743 3528 4812 est
3553 4775 3568 4799 .
3617 4738 3748 4812 vi,”

2179 4809 2436 4867 contextu
2478 4820 2728 4883 apparet:
2782 4809 2993 4870 tametsi
3038 4813 3179 4868 idem
3224 4809 3490 4883 codcfxrin
3537 4809 3749 4883 margine

2180 4878 2572 4939 correctionem
2598 4887 2843 4955 prmlerttt
2861 4895 3030 4950 acute,
3052 4883 3195 4955 quod
3215 4883 3266 4937 in
3291 4880 3516 4955 editisut
3537 4878 3746 4955 mssesl.

2256 4955 2372 5026 (10)
2406 4955 2536 5028 Heic
2565 4947 2725 5028 legem
2755 4960 2971 5028 praprie
2994 4947 3161 5011 sumit
3201 4947 3746 5028 protloctriualegisi

2187 5020 2307 5081 haec
2336 5026 2478 5081 enim
2503 5020 2736 5098 est,'per
2756 5020 2916 5097 quam
2947 5027 3044 5082 Dei
3069 5020 3309 5082 voluntas
3342 5022 3543 5097 populis
3566 5020 3749 5098 intima:

2183 5107 2288 5170 tur,
2321 5091 2601 5169 disciplina
2630 5091 2846 5155 cmlesiis
2875 5100 3141 5170 colligitur
3165 5140 3179 5162 ,
3210 5091 3370 5170 genus
3396 5091 3555 5170 autne
3579 5091 3749 5170 ῃςοςαὲί

2185 5160 2486 5243 άὶΙΤαηιαιιιί·
2503 5211 2518 5234 ,
2551 5179 2658 5243 etc.
2686 5170 2756 5225 At
2782 5180 2902 5241 post
2930 5160 3100 5243 pauca
3133 5160 3233 5239 prd
3255 5167 3498 5224 doctrina
3526 5160 3643 5218 ﬁdei
3666 5160 3750 5210 ite—

2184 5255 2302 5294 rum
2323 5242 2520 5310 accipit
2542 5284 2556 5306 ,
2585 5241 2751 5296 immo
2781 5241 2942 5297 etiam
2976 5256 3072 5310 pro
3102 5252 3352 5310 utroque.

2258 5310 2372 5385 (ii)
2404 5307 2459 5385 lii
2492 5312 2693 5368 Veneta
2717 5312 2849 5368 edit.
2875 5322 2931 5368 et
2960 5307 3090 5385 mss.
3119 5307 3622 5385 Poni'p.‘ac_'l‘oleut.
3645 5311 3749 5385 per:

2184 5377 2369 5455 Pellam
2401 5384 2590 5453 ιθῧίῑηΐ
2612 5385 2913 5455 corrigitur,
2940 5383 3086 5453 quod
3115 5377 3289 5438 tamen
3319 5382 3370 5455 iu
3399 5379 3561 5449 ipsius
3583 5377 3744 5451 Pomp.

2183 5454 2388 5509 codicis
2414 5455 2658 5525 margine
2676 5453 3020 5511 euicndannn
3042 5465 3123 5511 est
3148 5455 3243 5517 ita,
3276 5464 3333 5525 ιιι
3354 5453 3405 5525 iu
3438 5456 3578 5525 textu
3599 5455 3747 5525 scrip-

2185 5527 2354 5581 simus
2398 5542 2466 5581 ex
2498 5521 2616 5581 aliis
2656 5542 2786 5581 mss.
2812 5525 3237 5582 eteditionibus.
3286 5521 3555 5590 Dilfamari
3587 5523 3747 5590 auten]

2184 5578 2346 5670 ριιῖιῖέ
2375 5578 2785 5670 ρέἐεέιῖἵςέιῖιὶέ
2810 5578 2915 5669 per
2926 5578 3473 5670 legemndiciturupro
3497 5606 3559 5647 eo
3578 5630 3594 5655 ν
3623 5578 3746 5670 Ψξξῖίξ

2183 5664 2387 5725 Paulus
2411 5670 2477 5724 ad
2508 5664 2666 5725 Rom.
2697 5687 2753 5726 ιιι
2783 5664 2914 5738 {20,
2940 5664 3046 5725 ait:
3081 5667 3184 5722 Per
3210 5668 3367 5742 legem
3395 5666 3525 5721 enim
3547 5664 3745 5730 ragttilla

2223 5742 2402 5795 eccati.

2184 5756 2711 5883 ρεῇἒῖῬι-οικιωυε
2759 5812 3139 5884 repetitionem
3211 5808 3365 5882 plane
3412 5800 3741 5863 lenoniam”
