3894 6322
106 302 220 361 257

1353 289 1561 350 LIBER
1592 294 1630 350 Ι.
1672 287 2085 361 ΤΚΑίξΤΑΤυδ
2123 290 2166 348 1.

3302 289 3414 350 9.58

104 430 216 473 trat
247 418 526 488 prmmium
560 456 576 483 ,
603 415 938 472 demonstrat
964 420 1021 468 et
1047 410 1281 483 gladium
1311 451 1326 476 ,
1361 410 1654 480 unicuique
1683 450 1697 475 ,
1728 413 1774 472 Α
1804 419 1927 465 vata
1957 427 1969 463 :
1998 408 2125 482 quia
2158 408 2245 466 lex
2274 424 2488 480 semper
2516 415 2699 463 manat
2738 423 2803 464 ex
2833 406 2969 465 libro
3001 408 3116 483 (18)
3139 412 3363 484 genitali
3396 454 3414 482 ,

103 510 257 582 quod
297 507 565 581 elegerit,
608 508 872 561 tributura
904 545 919 569 ,
971 513 1025 559 ut
1047 505 1171 575 jure
1225 505 1395 575 possit
1434 501 1661 572 implere
1695 544 1709 569 ,

104 600 258 673 quod
280 603 438 673 gerit.
467 597 789 670 Qui(15)ad
817 613 874 653 se
890 596 1135 663 veniunt,
1166 594 1558 667 professionem
1588 607 1708 649 cre-

107 696 360 751 dulitatis
388 695 457 750 ab
481 695 563 750 eis
588 693 758 748 solam
794 690 937 756 ideo,
962 691 1084 762 quia
1114 706 1301 745 eorum
1332 690 1491 745 ﬁdem
1522 688 1715 744 videre

108 802 223 844 non
255 795 454 859 potest,
484 784 685 857 exigit:
732 798 891 855 quam
919 782 964 838 si
1005 785 1195 838 abesse
1223 797 1288 837 ex
1335 781 1572 837 moribus
1619 781 1716 836 de—

108 881 487 955 prehenderit,
509 880 796 936 confestim
819 890 873 933 ut
897 877 1160 950 perﬁdum
1194 880 1345 945 punit
1368 878 1521 933 irata-
1551 892 1713 949 quem

107 976 328 1033 docuit:
363 976 676 1045 nullamque
723 971 981 1028 aliam-ob
1011 986 1262 1027 caussam
1311 970 1712 1043 promulgatam

105 1088 172 1129 se
202 1085 327 1127 esse
360 1076 610 1130 testatur,
643 1067 749 1123 nisi
775 1077 833 1122 ut
859 1066 994 1121 ﬁdes
1025 1066 1094 1121 de
1137 1065 1448 1122 inﬁdelibus
1475 1064 1716 1120 vindice-

106 1177 222 1221 tur.
258 1164 500 1234 DeniQue
523 1162 652 1218 tolle
680 1169 991 1232 peccatum;
1021 1169 1204 1215 cessat
1239 1161 1375 1229 legis
1402 1159 1713 1229 imperium.

102 1259 224 1316 Lex
244 1258 416 1325 enim,
441 1259 581 1314 sicut
610 1257 873 1325 scriptum
900 1263 1005 1318 est,
1026 1254 1169 1326 justo
1199 1255 1364 1322 posita
1388 1260 1606 1318 nonest,
1629 1252 1718 1306 sed

105 1353 409 1425 peccatori:
437 1351 559 1422 quia
583 1354 760 1423 justus
782 1364 849 1403 ea:
893 1350 996 1418 [ide
1022 1349 1139 1402 vivit
1171 1344 1215 1419 (1
1239 1345 1373 1401 Tim.
1410 1363 1461 1412 ι,
1492 1346 1562 1414 9;
1593 1344 1710 1400 Gal.

101 1460 190 1505 ιιι,
226 1442 352 1517 ll),
384 1441 619 1498 inﬁdelis
661 1440 881 1511 injuste.
916 1440 1076 1494 Errat
1101 1438 1265 1509 igitur
1314 1438 1559 1509 quisquis
1603 1436 1715 1492 dis-

101 1535 447 1607 putationem
472 1534 606 1604 legis
634 1534 866 1587 insumat
896 1531 1089 1587 ﬁdem:
1121 1528 1235 1604 (14)
1264 1529 1510 1601 quisquis
1525 1528 1633 1582 duo
1661 1530 1712 1583 in

100 1647 280 1686 unum
308 1628 521 1685 diversa
544 1627 842 1682 confumlit.
870 1625 1177 1697 Disputatio
1203 1628 1346 1680 enim
1370 1624 1422 1695 7
1455 1624 1591 1680 sicut
1619 1638 1715 1678 ex-

98 1723 239 1780 colit
264 1722 436 1794 legem
463 1764 480 1789 ,
506 1721 579 1776 ita
605 1762 619 1786 ,
654 1722 697 1775 si
734 1720 850 1792 (l5)
873 1727 1093 1775 versuta
1126 1719 1215 1785 sit,
1249 1717 1490 1773 eradicat
1516 1715 1710 1773 ﬁdem:

1819 508 1952 562 lides
1978 514 2156 561 autem
2188 505 2693 561 tenaciterinbaeret
2722 520 2822 561 suo
2839 504 2941 559 soli
2970 510 3267 577 proposito.
3300 509 3417 566 Lex

1820 597 1887 652 ab
1909 598 2016 652 alio
2039 597 2298 653 transitio
2317 597 2502 664 alium,
2520 596 2655 653 ﬁdes
2672 597 2875 665 interit,
2893 598 2937 653 si
2956 597 3114 671 (19)::
3144 617 3245 657 suo
3270 611 3418 658 statu

1816 689 2108 760 aliquando
2138 689 2221 745 vel
2252 688 2434 758 aliquo
2469 688 2842 746 declinaverit.
2879 689 2992 746 Lex
3018 691 3256 751 hominis
3278 710 3417 751 con-

1819 781 2101 836 scientiam
2124 779 2326 853 alloqui
2373 787 2580 835 tantum
2611 788 2818 852 potest,
2850 782 3034 841 videre
3074 796 3255 842 autem
3308 803 3418 844 non

1821 884 1999 946 potest
2021 892 2033 928 :
2051 873 2182 928 ﬁdes
2202 872 2592 929 conscientiam
2609 873 2919 930 medullitus
2941 876 3063 949 (20)
3079 879 3321 948 mundat,
3351 897 3422 937 ne

1818 969 1947 1040 quid
1980 968 2151 1023 reatui
2175 966 2259 1022 vel
2307 964 2636 1022 intrinsecus
2665 966 2895 1023 debeat:
2925 970 3016 1039 qui
3067 970 3211 1027 enim
3265 989 3421 1029 suam

1816 1065 2206 1120 conscientiam
2230 1077 2338 1117 non
2372 1061 2543 1126 timet,
2573 1061 2617 1116 is
2644 1070 2727 1116 est
2761 1063 2853 1132 qui
2906 1062 3072 1119 Deum
3104 1080 3213 1121 non
3244 1067 3419 1123 timet.

1826 1154 1941 1229 (il)
1969 1153 2145 1219 Adde,
2171 1154 2313 1226 quod
2345 1153 2430 1209 lex
2447 1153 2564 1225 (22)
2585 1154 2824 1226 partibus
2846 1163 2902 1210 et
2930 1155 3156 1212 discitur
3182 1166 3237 1213 et
3258 1160 3427 1216 doce-

1826 1258 1931 1302 tur.
1966 1246 2139 1315 Adde,
2168 1246 2310 1317 quod
2344 1255 2456 1302 tota
2486 1261 2586 1301 nec
2612 1247 2953 1318 intelligitur,
2986 1263 3088 1305 nec
3122 1248 3239 1322 (15)
3268 1263 3424 1308 tene-

1826 1355 1933 1398 tur.
1958 1340 2293 1411 Adde,quod
2324 1356 2353 1394 a
2396 1340 2640 1410 quolibet
2666 1358 2762 1410 pro
2794 1341 2996 1412 ingenii
3045 1344 3305 1413 qualitate
3334 1361 3425 1400 ar-

1819 1434 2090 1507 gumentis
2114 1434 2390 1489 asseritur.
2426 1432 2578 1488 Adde
2606 1474 2621 1499 ,
2655 1432 2797 1503 quod
2855 1433 2922 1488 ab
2974 1433 3225 1490 omnibus
3256 1452 3425 1508 appe-

1821 1529 1970 1591 titur,
1987 1523 2171 1598 (%)et
2199 1539 2227 1579 a
2255 1524 2403 1579 nullo
2416 1524 2736 1596 completur.
2759 1523 3090 1598 Adde,quod
3115 1527 3276 1584 iudex
3305 1529 3425 1602 (25)

1819 1618 1912 1674 Dei
1942 1616 2237 1675 voluntatis
2266 1626 2372 1683 est,
2408 1632 2513 1672 non
2537 1616 2632 1673 Dei
2664 1617 2890 1689 originis
2909 1662 2925 1687 ,
2951 1630 3047 1676 aut
3087 1629 3317 1677 naturae.

1888 1714 1965 1785 8.
2005 1711 2092 1767 Ill.
2125 1711 2401 1781 Sequitur,
2435 1722 2491 1765 ut
2535 1712 2677 1768 scire
2705 1712 3038 1781 debeamus,
3079 1722 3258 1771 utrum
3295 1714 3423 1788 (26)

96 1819 237 1888 quia
266 1815 404 1871 ﬁdes
426 1815 668 1884 profecto
717 1830 824 1869 non
854 1824 938 1869 est
963 1854 978 1880 ,
1012 1813 1100 1868 ubi
1126 1811 1239 1883 (16)
1269 1811 1530 1882 quaeritur
1559 1809 1715 1866 ﬁdes.
1748 1795 1797 1856 Β
1829 1816 2116 1862 tractatum
2139 1803 2286 1871 tidei,
2310 1818 2377 1858 an
2405 1802 2520 1876 (27)
2549 1803 2707 1860 tidem
2736 1813 2996 1863 tractatus
3020 1806 3317 1865 debeamus
3334 1824 3427 1865 as-

97 1911 230 1983 (17)
254 1908 462 1967 Deinde
492 1908 615 1980 quia
639 1907 723 1963 lex
762 1907 1067 1965 communis
1097 1916 1182 1963 est
1206 1948 1221 1975 ,
1278 1904 1413 1962 ﬁdes
1445 1919 1576 1961 vero
1609 1906 1720 1977 pri-
1778 1908 1783 1913 ’

97 2093 264 2151 verbi
286 2092 625 2155 demonstrat,
644 2106 764 2162 qua:
786 2090 1018 2147 occurrit
1040 2092 1093 2146 in
1115 2105 1216 2146 ms.
1244 2090 1374 2148 Urb.
1397 2100 1451 2146 et
1478 2089 1712 2146 ed.Ven.

186 2165 308 2238 (ιζ)
334 2164 397 2238 Id
421 2173 511 2238 est
525 2163 616 2238 qui
638 2162 707 2217 ad
732 2162 889 2220 fidem
908 2163 1204 2238 accedunt:
1221 2163 1308 2238 ubi
1334 2164 1496 2233 legem
1521 2162 1719 2238 accipit

101 2234 213 2310 pro
244 2234 382 2310 Fide
408 2234 697 2310 catholica,
726 2250 848 2310 quje
875 2238 944 2310 ali
974 2236 1039 2289 iis
1059 2236 1188 2310 ,_qui
1218 2235 1284 2310 ad
1318 2250 1380 2310 se
1404 2234 1670 2310 accedunt
1697 2275 1711 2300 ,

102 2304 489 2383 professionem
518 2304 859 2383 credulitatis,
886 2305 1026 2362 idest
1055 2304 1317 2383 simplicis
1345 2307 1505 2383 ﬁdei,
1522 2307 1713 2383 exigit.

186 2325 489 2380 olesstonent
518 2325 859 2371 creautuatts,
887 2325 1026 2362 ιαεει
1055 2325 1317 2373 SIIII|IIICIS
1345 2325 1465 2361 lltlel
1490 2348 1505 2368 ,
1534 2325 1613 2361 ext
1656 2325 1713 2361 ιι.

186 2380 312 2453 (14)
334 2378 412 2453 εξ
431 2378 822 2453 antiquissimis
840 2378 1413 2453 inanuscriptisltem.,
1437 2325 1713 2443 Tol.,\7at.

104 2464 161 2510 et
187 2448 335 2509 edit.
365 2449 500 2505 Ven.
525 2448 831 2503 addidimus
858 2449 1106 2517 quisquis,
1133 2465 1230 2519 pro
1251 2464 1360 2519 quo
1391 2460 1569 2505 tamen
1602 2465 1715 2504 me.

104 2526 217 2580 lius
244 2522 538 2594 legendum
569 2521 992 2594 videturqnippe
1006 2522 1113 2591 qui.
1137 2522 1269 2576 Cod.
1300 2521 1488 2594 Pomp.
1514 2521 1615 2576 alia
1641 2522 1723 2575 in-

107 2592 507 2666 terpunctione
529 2593 745 2666 scribit:
774 2592 1006 2666 inﬁdelis
1034 2593 1223 2666 injuste
1248 2604 1377 2647 erat.
1398 2592 1569 2664 Igitur
1586 2593 1724 2666 quis-

107 2664 227 2740 quis
254 2665 659 2740 disputotiimem
682 2664 809 2740 legis
834 2664 1052 2717 testimat
1080 2664 1257 2740 ﬁdem,
1280 2665 1381 2740 duo
1398 2666 1449 2718 in
1467 2681 1624 2719 unum
1639 2665 1723 2740 dif

75 2769 83 2776 ~
108 2734 261 2795 cerea
284 2734 558 2808 confundit
589 2734 744 2808 .joua:
770 2734 1130 2808 interpunctio
1156 2737 1293 2790 adeo
1316 2738 1511 2805 placet,
1537 2747 1589 2790 ut
1622 2737 1723 2808 nisi

108 2805 490 2881 antiquiorum
509 2806 756 2881 Codicum
777 2805 990 2862 lectioni
1007 2806 1407 2873 adversaretur,
1422 2822 1542 2863 eam
1560 2807 1725 2862 textui

112 2878 484 2938 libentissime
502 2878 933 2934 inseruissemus.

187 2954 312 3025 (15)
364 2950 587 3006 Versata
614 2950 897 3025 disputatio
925 2950 1070 3022 legis,
1102 2967 1224 3020 quae
1253 2950 1371 3025 beic
1398 2951 1722 3025 appellaiitr,

113 3022 245 3080 sunt
278 3025 359 3078 illi
392 3030 652 3077 tractatus
680 3022 805 3078 fidei
844 3038 967 3075 mox
998 3022 1316 3078 recensendi
1345 3022 1531 3077 adnot.
1561 3022 1633 3076 ‘26
1674 3032 1729 3075 et

115 3113 277 3166 seqq.
313 3097 519 3166 quibus
546 3092 733 3148 Ariani
776 3092 935 3147 nimia
964 3096 1217 3166 sapientia
1254 3094 1499 3161 infamati
1520 3137 1533 3157 ,
1558 3094 1729 3166 inqui—

116 3165 401 3223 sitionibtts
424 3166 569 3219 vanis
594 3165 791 3234 δείμασι
816 3165 1218 3245 confundebant,
1240 3177 1301 3245 ιιι
1321 3184 1372 3219 ιι.
1399 3182 1421 3245 t
1438 3168 1510 3245 ait
1541 3165 1721 3245 Zeno:

1822 1916 2027 1958 serere.
2079 1902 2136 1959 Si
2182 1908 2468 1958 tractatum
2520 1899 2643 1957 ﬁdei
2688 1901 3021 1971 dixerimus;
3066 1903 3425 1962 vehementer

1821 2090 1975 2160 sequi
2002 2088 2320 2145 contendat.
2356 2090 2423 2144 At
2454 2089 2588 2144 citra
2618 2088 2779 2145 fidem
2809 2088 3057 2146 codicum
3088 2101 3295 2147 mutare
3327 2108 3427 2149 no-

1819 2161 2016 2217 luimus
2047 2180 2059 2214 :
2087 2176 2211 2217 cum
2259 2162 2505 2216 fortassis
2526 2161 2594 2215 de
2627 2160 2744 2230 lege
2777 2177 2985 2233 morum
3028 2162 3172 2233 loqui
3198 2174 3421 2220 sanctus

1820 2233 1969 2288 Zeno
1989 2234 2253 2297 voluerit,
2288 2248 2448 2302 quam
2491 2234 2769 2288 voluntatis
2796 2231 2894 2287 Dei
2923 2231 3145 2288 indicem
3175 2250 3296 2290 mox
3338 2236 3424 2290 af-

1818 2307 2018 2361 firmat.
2050 2306 2385 2376 Quamquam
2415 2313 2468 2359 et
2491 2306 2659 2374 ipsam
2690 2304 2811 2360 ﬁdei
2843 2306 3123 2360 scientiam
3157 2324 3184 2357 a
3211 2307 3430 2362 nomine

1818 2379 2079 2443 compleri
2109 2377 2291 2431 dicere
2324 2377 2595 2448 potuitin
2618 2390 2739 2431 eam
2768 2379 3091 2432 sententiam
3116 2421 3131 2447 ,
3157 2394 3259 2448 qtta
3303 2396 3356 2432 ιι.
3389 2379 3426 2434 4

1825 2448 1893 2503 de
1923 2448 2141 2503 Arianis
2164 2448 2463 2502 doctrinam
2498 2447 2652 2519 legis,
2690 2462 2788 2503 seu
2811 2448 2933 2503 ﬁdei
2965 2464 3076 2519 prio
3102 2447 3423 2506 seferenti-

1829 2521 1959 2583 bus,
1994 2529 2043 2575 et
2072 2536 2168 2589 per
2194 2528 2454 2573 tractatus
2482 2518 2769 2589 acquirere
2805 2521 3125 2575 conantibus
3156 2521 3385 2588 loquens
3408 2564 3424 2586 ,

1827 2589 1980 2657 chis
2026 2591 2328 2656 scientiam,
2381 2591 2587 2659 inquit,
2640 2590 2709 2644 ad
2752 2592 3112 2659 perfectionem
3151 2596 3436 2659 perducere

1829 2664 1986 2717 nullis
2012 2662 2296 2716 rationibus
2318 2671 2576 2731 possunt:
2608 2662 2748 2725 quod
2779 2664 2920 2717 idem
2944 2672 3026 2715 est
3056 2674 3217 2729 atque
3250 2664 3370 2719 beic
3391 2681 3424 2719 a

1831 2735 1976 2788 nullo
2001 2735 2306 2804 completur,
2341 2732 2477 2788 idest
2497 2747 2529 2787 a
2559 2732 2709 2789 nullo
2741 2732 2811 2786 ad
2839 2733 3202 2806 perfectionem
3229 2734 3427 2806 perdu-

1830 2806 1982 2860 citur.

1906 2874 2027 2949 ('25)
2067 2876 2236 2931 Index
2258 2875 2457 2931 divinae
2483 2874 2778 2949 voluntatis
2804 2885 2890 2931 est
2907 2876 2992 2931 lex
3017 2876 3234 2949 proprie
3254 2876 3397 2933 dicta
3421 2919 3438 2945 ,

1830 2966 1949 3019 qua:
1988 2948 2197 3003 murum
2231 2960 2499 3016 praecepta
2548 2948 2793 3020 enminet
2837 2965 2851 3002 :
2899 2961 2953 3003 at
2997 2948 3225 3020 intelligi
3269 2949 3436 3005 etiam

1832 3030 2013 3093 potest
2054 3021 2143 3075 lex
2192 3020 2349 3082 ﬁdei,
2384 3030 2652 3093 quatenus
2694 3019 2930 3093 indit-at,
2962 3019 3091 3090 quid
3147 3019 3287 3076 Deus
3336 3037 3437 3077 nos

1833 3091 2058 3148 credere.
2088 3093 2249 3155 velit,
2279 3105 2331 3144 nt
2367 3107 2434 3146 ne
2461 3091 2640 3145 tamen
2671 3091 3072 3147 crcdeudorom
3094 3094 3357 3159 originem
3384 3103 3443 3149 et

1837 3166 2103 3219 rationem
2133 3162 2423 3235 patefaciat
2442 3204 2458 3230 ,
2492 3179 2653 3233 qttatn
2698 3163 2881 3217 Ariani
2912 3164 3232 3221 tractatibus
3261 3175 3317 3222 et
3345 3181 3438 3220 ar-

117 3251 176 3295 et
202 3241 257 3294 bi
294 3248 561 3294 tractatus
579 3230 734 3293 erant
754 3278 770 3303 ,
801 3236 891 3306 qui
914 3230 1030 3293 ἰιυιι
1058 3237 1353 3292 excolebant
1399 3238 1558 3293 ﬁdem
1579 3278 1593 3300 ,
1630 3238 1725 3292 sed
1756 3230 1802 3293 C
1833 3237 2102 3308 gumcntis
2130 3230 2404 3306 exponere
2430 3230 2785 3290 conabantur.

117 3312 482 3366 eradicabam.

198 3381 326 3455 (l6)
368 3379 1116 3455 Pungit_Arianosisuperiori
1153 3382 1501 3455 annotatione
1530 3394 1734 3435 memo-

121 3450 315 3515 ratlos,
350 3467 523 3523 quos,
546 3450 674 3507 dum
704 3452 868 3523 variis
890 3452 1207 3507 tractatibus
1229 3454 1562 3522 quan‘ebant,
1585 3468 1734 3521 qua:-

124 3544 254 3580 nam
287 3521 428 3580 ﬁdes
451 3524 590 3579 inter
622 3521 950 3592 multiplices
975 3523 1044 3577 ab
1065 3521 1259 3579 iisdem
1282 3524 1456 3579 editas
1480 3525 1601 3579 ﬁdei
1627 3524 1738 3578 [οι-ο

123 3598 308 3654 mulas
331 3595 560 3651 tenenda
589 3602 773 3653 esset:
804 3594 965 3648 ﬁdem
989 3611 1097 3649 non
1128 3596 1327 3650 habere
1365 3596 1660 3651 convincit.

201 3669 322 3741 (17)
359 3667 487 3741 Mss.
515 3667 666 3741 duo:
702 3663 937 3741 Denique
961 3668 1221 3741 quiu,etc.
1245 3665 1428 3741 Legem
1452 3683 1612 3741 porro
1640 3682 1735 3721 vo-

125 3738 596 3795 czit'didascaliattt
629 3738 793 3808 legis,
818 3752 938 3807 quae
976 3753 1100 3792 cum
1129 3740 1180 3792 in
1216 3739 1443 3809 publicis
1484 3739 1740 3794 Ecclesia:

125 3812 372 3868 coetibus
396 3810 675 3871 habeatur,
707 3809 1012 3864 communis
1040 3818 1126 3863 est
1161 3811 1414 3864 omnibus
1449 3827 1460 3862 :
1494 3810 1544 3865 ei
1566 3826 1649 3869 me
1678 3811 1739 3863 li-

127 3884 260 3938 dent
301 3881 484 3938 cordis
514 3882 777 3951 opponit,
818 3895 883 3935 ac
929 3879 1154 3950 proinde
1203 3881 1350 3937 illam
1380 3897 1739 3946 communem,

128 3955 281 4010 hanc
313 3954 579 4023 privatam
594 3953 851 4023 appellat.

206 4021 331 4095 (18)
377 4022 627 4078 Genitalis
657 4022 782 4077 liber
800 4021 998 4095 dicitur
1030 4023 1168 4079 liber
1211 4024 1301 4079 ille
1330 4024 1463 4093 legis
1483 4067 1497 4091 ,
1523 4041 1683 4095 quem
1714 4040 1744 4079 a

128 4096 477 4167 genitoribus
496 4095 564 4149 ad
586 4109 650 4167 sic!
678 4094 1055 4167 transmissum
1083 4108 1410 4164 acceperunt
1436 4095 1631 4154 Judzei.
1657 4098 1745 4162 qui

129 4163 344 4224 deinde
364 4167 432 4222 ad
464 4182 563 4221 nos
591 4163 930 4220 Cbri~tianos
963 4182 1065 4220 una
1096 4163 1225 4220 cunt
1250 4172 1420 4221 sacris
1464 4169 1750 4223 codicibus

129 4240 389 4297 transiit.
420 4238 561 4293 unde
586 4237 838 4291 additur:
873 4235 982 4291 Lex
1021 4236 1083 4290 ab
1114 4238 1218 4291 alio
1250 4239 1435 4293 transit
1479 4240 1535 4292 in
1564 4238 1745 4292 alium.

216 4310 344 4382 (19)
386 4309 480 4365 Sis.
514 4308 705 4378 Pomp.
731 4307 936 4382 abesto.
977 4309 1142 4382 Paulo
1170 4321 1290 4379 post
1318 4325 1415 4379 pro
1441 4308 1615 4381 aliqua
1646 4325 1747 4365 ms.

134 4378 265 4439 Vat.
294 4378 351 4436 in
377 4382 579 4451 aliqua,
608 4393 663 4434 et
688 4378 855 4435 editio
883 4378 1019 4452 Ven.
1050 4381 1105 4434 in
1124 4378 1247 4452 quo.

213 4455 340 4525 (20)
382 4452 526 4525 [dest
554 4458 748 4525 purgat
774 4453 844 4506 ita
886 4451 1181 4507 medullitus
1207 4461 1264 4507 et
1299 4451 1488 4525 intime
1509 4494 1523 4516 ,
1555 4462 1612 4507 ut
1646 4466 1753 4525 non

132 4523 326 4582 solum
362 4523 497 4577 niltil
535 4523 776 4578 exterius
823 4535 1045 4594 propter
1072 4526 1233 4578 verba
1259 4565 1274 4589 ,
1308 4524 1393 4578 vel
1423 4539 1622 4595 opera,
1657 4523 1753 4578 sed

1910 3331 2024 3414 (26)
2043 3329 2183 3412 (λιιι).
2200 3337 2432 3385 tractare
2459 3328 3037 3414 dicerentur‘cpiscopi
3055 3329 3129 3414 Ide
3156 3329 3446 3414 ecclesias-

1839 3399 1960 3458 ticis
1990 3399 2218 3472 negotiis
2262 3412 2480 3471 agentes
2502 3441 2516 3465 ,
2570 3410 2649 3473 ιιιΔ
2672 3399 3008 3469 exploratum
3053 3403 3113 3456 lit
3149 3417 3214 3457 ex
3247 3402 3308 3458 ὃ.
3335 3400 3443 3473 Cy-

1840 3475 2011 3543 priani
2038 3469 2196 3543 epist.
2232 3469 2457 3527 uelut
2483 3481 2534 3539 ,ι
2565 3469 2652 3525 ubi
2683 3480 2927 3544 (ructatus
2978 3474 3117 3526 inter
3162 3469 3449 3544 episcopos

1844 3545 2008 3599 Itabiti
2047 3542 2573 3607 commemorantur;
2619 3542 3019 3611 expositiones,
3069 3560 3163 3597 seu
3197 3542 3445 3601 formula:

1846 3616 1967 3670 lidei
2018 3615 2086 3669 ab
2135 3614 2407 3684 episcoiiis
2456 3613 2512 3669 itt
2560 3613 2791 3668 concilio
2834 3615 3188 3684 tractantibus
3237 3615 3400 3671 edita:
3429 3661 3443 3679 .

1843 3685 2117 3743 Tractntns
2151 3684 2298 3758 lf‘itlci
2322 3701 2461 3758 ,seu
2492 3686 2656 3758 etiam
2687 3684 2879 3758 solunt_
2887 3683 3163 3758 Tractatus
3176 3688 3449 3758 appellari

1844 3759 2114 3814 solebant.
2144 3757 2395 3813 Formula
2425 3756 2547 3812 ﬁdei
2573 3754 2805 3811 Nicaeum
2839 3754 3107 3812 Tractattts
3138 3754 3332 3815 Nician:
3353 3774 3451 3812 vo-

1846 3838 2000 3902 Ctlllll‘
2025 3836 2086 3902 in
2136 3829 2451 3902 deﬁnitione
2479 3827 2671 3902 synodi
2704 3827 3084 3902 At‘ituincusis.
3122 3829 3315 3902 fragm.
3343 3846 3443 3894 VII,

1847 3901 1987 3971 apud
2024 3900 2304 3972 Ililar.,in.
2337 3900 2371 3955 '5
2400 3908 2456 3954 et
2484 3900 2553 3968 4',
2581 3914 2679 3972 nec
2718 3915 2825 3954 non
2861 3902 2910 3954 itt
2944 3900 3171 3971 epi~tola
3201 3900 3448 3972 ejusdem

1848 3970 2042 4046 synodi
2091 3971 2158 4027 ad
2201 3970 2812 4046 Ctutstantianiragm.
2846 3970 3062 4046 Vlll,_;tt.
3099 3974 3120 4027 1
3164 3989 3179 4038 ;
3212 3970 3282 4046 et
3312 3973 3454 4042 apud

1851 4041 2198 4100 A'mbrosium
2234 4044 2325 4099 lib.
2374 4059 2433 4098 ιιι
2473 4043 2539 4097 de
2586 4041 2741 4108 Fide,
2774 4057 2894 4111 cap.
2932 4041 2998 4097 15
3022 4084 3037 4106 ,
3082 4060 3137 4096 ιι.
3182 4044 3320 4110 125ς
3351 4041 3457 4099 nec

1853 4132 1961 4170 non
1990 4115 2057 4168 ab
2090 4124 2313 4171 auctore
2342 4122 2601 4169 tractatus
2645 4114 2707 4166 de
2751 4111 2881 4167 Fide
2927 4112 3234 4170 Ortlwdoxa
3275 4126 3458 4170 contra

1853 4188 2110 4255 Arianos,
2138 4203 2188 4242 c.
2230 4189 2285 4253 8,
2315 4201 2424 4256 quo
2464 4185 2762 4254 respiciens
2802 4184 3004 4241 Marius
3048 4186 3350 4243 Victorinus
3378 4188 3462 4244 lo-

1854 4273 2027 4329 quens
2051 4257 2121 4315 de
2158 4274 2288 4315 voce
2314 4256 2615 4330 Ὅμοούσιον
2647 4273 2658 4308 :
2690 4256 2755 4330 At
2782 4258 2950 4330 enim,
2983 4261 3175 4330 inquit.
3204 4261 3323 4329 quia
3338 4275 3458 4330 Anon

1854 4328 2180 4401 intelligitur,
2210 4339 2256 4385 et
2281 4328 2585 4383 scandalum
2607 4328 3085 4401 faciti,_t_ollendtttn
3114 4340 3188 4385 est
3218 4328 3297 4385 de
3326 4328 3461 4387 Fide

1858 4412 1903 4457 ct
1934 4399 2214 4467 Tractatu,
2262 4410 2351 4456 aut
2389 4411 2554 4465 certe,
2584 4411 2689 4455 etc.
2731 4399 2860 4453 Vide
2905 4409 3035 4456 tom.
3086 4417 3136 4455 tv
3179 4401 3315 4457 Bibl.
3353 4401 3457 4458 PP.

1858 4473 1992 4527 edit.
2019 4471 2213 4544 Lugd.,
2245 4491 2297 4539 p.
2320 4472 2445 4527 275.
2481 4471 2611 4544 lleic
2643 4478 2820 4544 autem
2868 4470 2924 4526 S.
2960 4471 3108 4526 Zeno
3138 4488 3242 4544 non
3284 4473 3461 4528 Nico:-

1863 4561 1989 4599 num
2023 4540 2308 4599 tractatum
2340 4542 2614 4612 intelligit,
2643 4540 2739 4596 sed
2770 4556 2887 4607 eos,
2915 4544 3006 4614 qui
3034 4554 3154 4613 post
3178 4542 3459 4599 Nicarnum

136 4595 743 4689 {tibilffisfgigfgr_ius
765 4605 986 4665 ιποριθτ
1003 4595 1357 4666 cogitationes
1380 4601 1547 4650 remi
1574 4596 1759 4650 debat:
1786 4629 1838 4689 ι)
1863 4595 2001 4670 alia
2013 4595 2177 4670 ista.
2199 4595 2734 4689 εόὲιεόᾖιριιῖιιέτυιιι
2753 4655 2769 4679 ,
2796 4595 3466 4689 ᾁυὸέγίιιέιβεῖιοξῖἦιῖἱζ

136 4682 249 4731 tur.
286 4682 387 4721 seu
415 4678 684 4733 peccetur.

216 4739 344 4808 (21)
359 4737 455 4793 Ms.
469 4736 645 4793 'Retn.
667 4737 788 4794 beic
808 4748 861 4793 et
881 4736 935 4792 in
962 4738 1317 4809 sequentibus
1344 4737 1761 4809 repetitionibus

139 4813 351 4870 scribit
372 4809 541 4863 Addo.

219 4879 354 4955 (22)
392 4879 534 4955 [dest
556 4896 651 4955 per
681 4890 861 4955 partes
884 4878 1117 4936 traditur
1139 4893 1194 4937 et
1222 4881 1471 4955 discitur.

223 4951 355 5023 (25)
395 4951 537 5008 Edtt.
570 4952 709 5009 Ven.
758 4953 921 5008 habet
948 4955 1179 5014 docetur.
1209 4953 1307 5009 sed
1338 4952 1516 5007 minus
1543 4953 1755 5023 placet,

140 5044 275 5083 cum
311 5028 490 5094 inepta
517 5026 589 5078 sit
613 5023 872 5093 proxima:
913 5025 1198 5080 sententia:
1242 5025 1515 5095 repetitio.
1562 5024 1753 5079 'l‘otam

141 5108 342 5155 autem
373 5096 575 5166 legem,
598 5112 720 5165 qua:
751 5110 848 5161 pro
880 5096 1000 5151 fidei
1032 5096 1302 5155 dot-trina.
1322 5096 1442 5151 beic
1468 5095 1749 5164 accipitur.

142 5186 257 5226 nec
292 5169 522 5238 intelligi
552 5170 807 5231 allirmat,
831 5167 972 5236 quod
998 5168 1048 5221 in
1073 5167 1178 5222 fide
1202 5171 1352 5235 plura
1375 5170 1481 5223 sint
1505 5167 1759 5229 obseura.

144 5258 255 5298 nec
303 5249 475 5293 totam
523 5240 694 5295 teneri
716 5280 731 5302 ,
774 5238 918 5308 quod
944 5255 1050 5293 non
1078 5241 1259 5294 omnia
1291 5241 1543 5309 dogmata
1574 5239 1765 5294 Ariani

144 5313 493 5381 crederent:
526 5311 575 5365 id
603 5312 748 5365 enim
778 5317 964 5381 eontra
999 5309 1226 5365 Arianos
1266 5311 1522 5381 objicitur
1560 5327 1573 5363 :
1625 5311 1766 5377 unde

148 5402 208 5441 ιι.
237 5388 274 5441 5
306 5400 322 5434 :
356 5380 418 5437 Si
445 5384 557 5454 ejus
587 5391 789 5451 partem
814 5380 993 5452 probes
1012 5420 1028 5447 ,
1069 5382 1307 5453 reprobes
1342 5380 1614 5452 partem...
1653 5399 1768 5437 cum

151 5457 409 5510 universa
436 5470 541 5507 non
567 5454 755 5509 credis.

150 5558 159 5583 σ
230 5545 369 5613 (24)
422 5544 561 5599 Edit.
596 5544 794 5618 Veron.
821 5554 877 5599 nt
901 5560 1000 5618 pro
1033 5555 1101 5601 et.
1135 5545 1277 5603 Edit.
1310 5546 1446 5603 Ven.
1475 5547 1766 5616 complecti-

154 5629 244 5673 tur
278 5630 390 5688 pro
416 5617 714 5686 completur.
738 5616 872 5690 Cum
902 5616 972 5674 de
999 5618 1147 5690 lege,
1179 5632 1274 5673 seu
1306 5621 1529 5675 scientia
1560 5618 1683 5673 ﬁdei
1711 5619 1763 5673 in

155 5699 281 5745 ιοιο
303 5697 589 5762 contextu
612 5703 792 5744 sermo
816 5689 936 5762 sit,
977 5689 1261 5745 mallemus
1299 5690 1675 5762 complectitur,
1703 5704 1770 5744 eo

159 5760 320 5834 quod
355 5773 547 5839 omnes
580 5760 716 5815 banc
750 5760 1030 5839 scientiam
1061 5770 1316 5839 appetant
1339 5760 1773 5839 ,_complectatur

152 5832 337 5894 nemo
359 5870 379 5900 ,
429 5832 530 5887 etsi
555 5833 867 5889 tractatibus
896 5839 953 5889 et
976 5832 1476 5891 ratiocinationibus
1516 5849 1635 5891 eam
1687 5849 1775 5891 as-

1869 4697 1948 4742 tas
1971 4696 2217 4741 tractatus
2238 4686 2512 4759 appellat,
2545 4691 2831 4759 proiiterea
2871 4686 3014 4759 quod
3057 4686 3239 4756 plures
3268 4697 3378 4743 tum
3410 4689 3465 4743 in

1872 4756 2307 4830 pseudosyoodis
2322 4800 2335 4820 ,
2364 4769 2473 4812 llllll
2501 4756 2669 4830 etiam
2695 4770 2726 4830 a
2754 4758 3031 4813 nonnullis
3059 4759 3332 4827 episc0pis
3375 4773 3464 4814 sc-

1871 4826 2253 4900 paratim'editi
2287 4828 2460 4884 fuere.
2494 4828 2603 4884 Hos
2628 4826 2954 4900 Arianorum
2983 4826 3463 4885 tractatus’memm

1869 4897 1990 4955 rant
2011 4901 2069 4957 S.
2105 4901 2356 4963 Hilarius,
2385 4900 2476 4955 lib.
2510 4916 2546 4955 tt
2577 4899 2643 4955 ad
2677 4897 3055 4955 Constantium
3085 4918 3234 4956 num.
3260 4899 3295 4955 4
3323 4915 3375 4959 et
3404 4899 3461 4968 5,

1865 4972 2061 5045 Marius
2082 4971 2412 5045 Yictorinus,
2437 4972 2489 5045 in
2515 4971 2759 5045 oratione
2775 4971 2837 5045 de
2856 4973 3149 5045 recipiendo
3169 4972 3465 5045 ὁμοούσιον,

1865 5059 1983 5115 pag.
2017 5043 2125 5100 295
2156 5043 2377 5098 laudatae
2407 5043 2678 5115 editionis,
2730 5041 3058 5115 Pltmbadius
3087 5044 3137 5099 in
3169 5041 3311 5101 libro
3337 5062 3471 5102 con-

1872 5113 1955 5170 tra
1983 5117 2235 5173 Artanos.
2262 5131 2312 5184 p.
2347 5115 2475 5182 300,
2507 5126 2560 5170 ct
2586 5113 2697 5168 alii.
2746 5114 3303 5173 Animadvertendum
3337 5133 3471 5173 vero

1869 5196 1983 5251 est,
2013 5202 2120 5242 nan
2151 5186 2424 5257 simplices
2453 5185 2575 5241 lidei
2607 5184 2867 5257 forntulas
2891 5188 2959 5242 ab
2986 5185 3207 5244 Ariauis
3236 5190 3472 5244 emissas

1871 5269 2118 5313 tractatus
2150 5256 2395 5313 huc-loco
2420 5257 2557 5325 dici,
2588 5270 2723 5327 quas
2751 5256 2879 5325 ﬁdes
2912 5260 3214 5314 nominatas
3245 5276 3367 5315 mox
3391 5263 3472 5315 vi-

1872 5330 2155 5396 debimus;
2190 5329 2283 5385 sed
2314 5328 2546 5383 fusiores
2587 5328 2958 5399 expositiones
3001 5330 3164 5397 ﬁdei,
3191 5331 3244 5385 iit
3278 5331 3475 5399 quibus

1872 5416 2022 5473 suam
2047 5404 2277 5473 quisque
2302 5399 2422 5455 lidei
2441 5398 2773 5473 _.~ententiam
2802 5402 3138 5471 argumentis
3168 5413 3221 5456 et
3245 5398 3471 5457 rationi-

1870 5472 1971 5529 bus
1991 5471 2273 5530 adStruere
2302 5471 2620 5539 conabatur,
2645 5480 2701 5526 ut
2728 5484 2795 5527 ex
2825 5481 3080 5529 contextu
3123 5473 3469 5544 exploratum

1873 5554 1975 5601 εει.

1946 5614 2272 5690 (27)Fidcm
2321 5622 2571 5670 tractatus
2612 5614 2866 5690 appellat
2897 5612 3087 5690 ﬁdem.
3134 5627 3307 5690 quan_t_
3348 5615 3472 5685 quis

1875 5684 2195 5746 tractatuum
2226 5702 2324 5743 seu
2352 5692 2786 5756 argumentorum
2819 5685 2867 5756 vi
2896 5684 3191 5756 concipere
3205 5685 3335 5740 velit
3354 5684 3379 5752 ,7
3404 5704 3471 5743 eo

1875 5762 2015 5831 quod
2046 5759 2177 5815 nolit
2207 5754 2462 5831 credere,
2491 5757 2590 5810 nisi
2620 5772 2740 5827 qua:
2768 5754 2869 5810 sibi
2895 5755 3226 5825 argumentis
3250 5766 3304 5812 ct
3331 5769 3473 5818 trac-

1880 5830 2080 5890 tatibus
2111 5830 2561 5903 persuadeantur.
