3894 6322
441 291 548 353 807

1820 268 2065 333 SANCTI
2103 265 2400 328 ZENONIS

3624 266 3708 324 268

442 399 765 462 conaris?Si
780 397 898 473 (ιθ)
923 395 1167 467 peritiam
1190 393 1323 465 legis
1346 392 1634 450 ostendere
1646 392 1821 463 cupis,
1844 391 2038 447 lectio-
2066 406 2121 468 Α
2143 387 2225 457 gis
2252 400 2315 441 ac
2344 382 2491 449 ﬁdei,
2518 381 2794 439 saecularis
2816 395 2998 439 amore
3013 381 3293 453 jactantite
3317 395 3588 448 accensus,
3610 400 3707 439 nas-

444 514 572 556 num
605 495 784 555 nubila
808 493 1106 549 disserens.
1137 489 1281 544 Doce
1322 502 1444 543 eam
1473 485 1574 542 sibi
1605 501 1711 541 non
1742 499 1866 541 esse
1904 498 2034 539 con.

447 590 667 649 trariam
692 605 706 641 :
730 586 865 642 doce
892 582 1094 643 omnia,
1124 595 1243 651 quae
1268 579 1437 644 canit,
1460 591 1584 634 esse
1607 575 1895 634 credenda.
1923 572 2041 630 Cre-

444 692 619 740 terum
645 681 690 736 si
717 678 834 748 ejus
857 685 1065 749 partem
1096 672 1313 744 probes,
1354 671 1612 741 reprobes
1640 679 1878 741 partem;
1906 681 2041 739 quo-

443 775 604 832 modo
629 787 724 844 per
754 773 892 826 lianc
922 768 1083 824 ﬁdem
1110 766 1330 839 quaeris,
1352 779 1512 836 quam
1539 765 1703 821 etiam
1730 763 1900 833 ipsam
1925 762 2041 816 inﬁ-

439 865 678 925 delitatis
731 877 880 920 ream
928 860 1253 925 constituis,
1304 858 1571 931 (50)cnm
1630 857 1878 912 universa
1932 870 2039 910 non

438 956 650 1018 credis?
679 956 776 1013 Sin
808 969 942 1011 vero
986 953 1146 1008 ﬁdem
1192 951 1415 1021 spiritus
1441 950 1608 1005 calles
1629 992 1644 1016 ,
1685 949 1918 1019 aliquam
1947 948 2040 1004 de-

438 1059 681 1108 monstra
710 1048 983 1103 virtutem.
1016 1045 1224 1113 Impera
1269 1042 1580 1105 montibus,
1616 1050 1673 1096 ut
1718 1041 2044 1098 transferant

437 1157 580 1200 sese.
626 1141 684 1197 In
729 1138 1142 1195 admirationem
1187 1134 1262 1190 tui
1306 1135 1441 1190 rictu
1471 1133 1777 1189 blandiente
1825 1134 2041 1189 leonum

438 1238 622 1296 rabies
645 1243 955 1292 evanescat.
988 1231 1099 1288 Sub
1132 1229 1409 1302 gressibus
1437 1228 1539 1283 tuis
1570 1229 1733 1282 maris
1760 1227 1901 1282 unda
1934 1226 2044 1297 pin-

438 1345 729 1404 guescens,
754 1340 1057 1384 marmoreo
1086 1334 1305 1409 stupore
1329 1322 1607 1378 solidetur.
1634 1320 1821 1376 Cetina
1849 1321 2041 1393 cymba

441 1424 586 1481 inter
609 1422 886 1478 aestuantis
901 1418 1077 1491 pelagi
1094 1418 1359 1473 sollicitos
1373 1415 1525 1470 sinus
1558 1414 1673 1485 (at)
1708 1413 1866 1467 (idem
1897 1424 2040 1467 tuam

441 1515 679 1575 ﬁdeliter
710 1504 904 1584 portet.
939 1510 1081 1567 Solis
1102 1523 1294 1565 cursus
1317 1523 1381 1563 ac
1397 1506 1564 1563 Lunae
1589 1506 1657 1561 ab
1687 1504 1899 1561 occidui
1924 1520 2043 1560 car-

439 1612 585 1669 ceris
626 1609 966 1678 receptaculo
990 1602 1251 1661 orationis
1277 1602 1430 1657 freno
1462 1600 1694 1655 relrena.
1725 1598 2044 1655 Anhelantis

440 1703 636 1760 camini
672 1701 808 1773 ignis
846 1708 1150 1755 exmstuans
1169 1739 1183 1763 ,
1220 1694 1359 1750 victa
1386 1701 1575 1747 natura
1596 1734 1611 1757 ,
1638 1693 1834 1748 sentiat
1863 1707 1962 1764 per
1991 1701 2042 1748 te

2143 480 2318 534 centis
2337 477 2430 532 Dei
2460 476 2529 532 dc
2559 476 2671 532 Deo
2694 475 3161 549 (i52)Spirilusque
3188 476 3365 532 sancti
3393 477 3704 535 intestinum-

2142 574 2247 630 lem
2266 571 2975 644 incomprehensibilemque
2988 571 3293 628 divinitatis
3308 574 3703 643 perpetuitatem,

2135 666 2257 737 jure
2288 668 2427 738 ipso,
2457 681 2564 737 quo
2594 681 2658 720 ex
2685 680 2807 721 sese
2832 676 2939 732 εει,
2973 664 3311 737 argumentis
3330 677 3381 729 te
3399 680 3595 737 cogere,
3610 669 3707 739 (33)

2142 760 2475 825 examinare,
2508 759 2723 826 metiri,
2756 772 2820 815 ac
2866 758 3174 815 discernere
3226 774 3385 829 posse
3429 765 3706 833 praesumis;

2142 850 2232 906 hic
2259 852 2354 907 tibi
2382 867 2482 923 ego
2511 851 2841 923 respondere
2864 866 2969 908 non
2991 852 3169 908 audeo
3228 852 3347 927 (54)
3373 872 3388 910 :
3438 855 3507 912 sit
3537 856 3709 928 quippe

2146 959 2269 999 cum
2300 945 2465 1000 tutius
2496 944 2804 1014 imperitum
2834 944 3002 1000 videri
3027 988 3039 1009 ,
3074 961 3235 1016 quam
3257 962 3381 1003 esse
3406 949 3705 1021 sacrilegum.

2143 1034 2214 1091 Et
2235 1046 2411 1091 tamen
2435 1036 2608 1103 habeo
2629 1080 2642 1103 ,
2676 1036 2765 1107 qui
2798 1052 2894 1107 pro
2923 1052 3010 1092 me
3043 1038 3135 1093 tibi
3170 1036 3292 1110 (55)
3321 1040 3573 1096 obsistat:
3605 1058 3710 1097 nant

2147 1132 2255 1197 lex,
2288 1148 2382 1202 per
2407 1147 2565 1202 quam
2595 1148 2681 1188 me
2711 1131 2849 1188 forte
2878 1132 3058 1190 minus
3086 1134 3322 1205 peritum
3354 1151 3563 1206 peccare
3584 1152 3713 1193 com-

2145 1220 2332 1295 pellis‘,
2375 1225 2501 1295 ipsa'
2541 1234 2592 1280 te
2623 1240 2954 1295 magnopere
2984 1225 3283 1282 retundens
3313 1242 3376 1283 ac
3418 1227 3714 1300 redsrguens

2144 1317 2463 1383 confutabit,
2491 1316 2783 1374 Salomone
2809 1317 3022 1374 dicente
3045 1337 3060 1374 :
3087 1319 3291 1374 Altiora
3314 1329 3363 1374 te
3382 1338 3441 1375 ne
3464 1324 3714 1392 caminis,

2145 1420 2193 1465 et
2228 1411 2443 1481 fortiora
2473 1419 2519 1464 te
2538 1410 2656 1484 (56)
2683 1428 2746 1465 ne
2787 1420 3044 1466 scrutatus
3072 1412 3162 1466 sis.
3218 1412 3347 1480 Quae
3379 1417 3603 1485 pracepit
3641 1418 3716 1471 tibi

2146 1503 2306 1568 Deus,
2324 1506 2417 1560 illa
2440 1507 2850 1577 cogitascmper;
2877 1515 2922 1560 et
2949 1506 3003 1560 in
3028 1506 3269 1575 plurimis
3287 1507 3510 1579 aperibo:
3530 1509 3717 1563 illam

2146 1616 2248 1654 non
2279 1600 2379 1654 eris
2420 1600 2651 1654 curiosus
2679 1615 2698 1653 :
2729 1600 2917 1654 multos
2964 1600 3098 1654 enim
3131 1600 3338 1655 seduxit
3375 1603 3590 1671 suspicio
3616 1602 3722 1656 ille—

2146 1709 2263 1747 rum
2282 1734 2296 1761 ,
2329 1691 2450 1765 (57)
2481 1703 2524 1747 et
2548 1693 2601 1746 in
2627 1694 2851 1747 vanitate
2871 1692 3088 1747 detinuit
3116 1710 3295 1748 sensus
3322 1694 3519 1748 illorum
3545 1693 3717 1766 (Ereti.

442 1809 619 1855 tecum
670 1804 725 1852 et
767 1796 883 1865 ipse
928 1791 1289 1863 refrigerium.
1317 1787 1650 1843 Mortuorum
1696 1788 1748 1841 in
1783 1786 2044 1856 postlimi-
2071 1793 2120 1856 Β
2148 1803 2239 1855 ιιι,
2277 1787 2370 1853 22,
2401 1787 2557 1859 etc.).
2601 1788 2860 1844 Similiter
2897 1786 3099 1843 Paulus
3139 1788 3355 1843 curioso
3399 1789 3722 1845 rescribitdi—

438 1888 589 1947 nium
616 1890 739 1945 vitae
765 1883 973 1942 animas
1001 1883 1253 1940 reductas
1286 1880 1507 1950 inspira.
1537 1878 1751 1933 Discute
1777 1878 2030 1934 laboran-

437 1984 579 2041 tibus
607 1981 846 2047 morbos,
875 1994 1003 2035 cnra
1026 1977 1336 2048 languores,
1365 1974 1416 2027 in
1448 1971 1832 2026 tentationibus
1860 1972 2036 2041 gaude

437 2090 493 2136 et
534 2079 587 2133 in
635 2074 919 2132 tormentis
963 2086 1061 2142 pro
1109 2068 1327 2124 nomine
1356 2064 1590 2121 Domini.
1621 2062 1679 2120 Si
1719 2064 2038 2119 obvenerint

437 2173 596 2238 dura,
625 2170 808 2238 ﬁdem,
841 2178 1110 2237 tamquam
1137 2176 1365 2232 granum
1394 2158 1615 2229 sinapis,
1646 2165 1697 2213 te
1723 2157 1925 2213 habere
1946 2156 2039 2213 dc-

440 2271 704 2319 monstra.
728 2260 824 2317 Sin
845 2274 998 2324 vero,
1035 2255 1134 2330 17
1156 2252 1298 2327 quod
1327 2251 1496 2324 magis
1525 2259 1604 2307 est
1624 2290 1639 2317 ,
1672 2250 1772 2306 sub
1799 2264 1935 2306 sono
1965 2249 2040 2309 le-

514 2441 954 2515 (49)Peritoru_m_
971 2437 1175 2515 in_leg_e_
1201 2433 1345 2501 lidei,
1377 2432 1686 2515 de_quab_ic
1708 2447 1888 2515 sermo
1919 2445 2024 2515 est,

434 2505 670 2572 cilicia'a
707 2510 986 2568 catholicis
1015 2505 1264 2563 Patribus
1301 2506 1548 2572 exculta,
1576 2505 1676 2560 tria
1709 2507 1823 2559 lucc
1848 2507 2028 2565 fuisse

434 2604 500 2644 ex
532 2584 781 2658 praesenti
821 2580 1057 2658 Z_enonis
1084 2579 1392 2658 testimonio
1432 2578 1836 2649 cognoscimus;
1866 2580 2025 2658 nimi.

436 2650 557 2715 rum
582 2658 812 2713 obscura
839 2653 1151 2720 Scriptura},
1177 2666 1297 2718 qua:
1328 2650 1469 2723 inter
1490 2663 1642 2703 sacra
1671 2652 1923 2720 mysteria
1952 2650 2030 2723 le-

431 2730 658 2801 gebatur
678 2769 692 2791 ,
724 2727 840 2783 loca
869 2724 1183 2801 esplicare;
1213 2721 1509 2777 sententias
1528 2762 1542 2786 ,
1576 2736 1696 2790 quae
1737 2722 2029 2801 contrarias

430 2792 762 2861 viderentur,
790 2794 1079 2853 conciliare
1109 2802 1165 2847 et.
1202 2807 1560 2858 componere;
1604 2807 1666 2845 ac
1698 2792 1913 2847 tandem
1941 2809 2030 2847 ar-

433 2873 646 2935 ticulos,
679 2870 766 2939 qui
796 2864 1163 2939 canuntur,_id
1194 2872 1278 2939 est
1302 2862 1665 2933 praedicantur
1690 2877 1718 2916 a
1758 2862 1894 2939 ﬁde,
1927 2863 2029 2919 etsi

434 2933 906 3000 humanas-mentis
946 2936 1351 3004 intelligentiam
1379 2945 1663 3001 superent,
1698 2933 1903 2988 creditu
1935 2951 2029 2990 ne.

431 3013 701 3071 cessarios
747 3010 1034 3065 ostendere
1068 3016 1230 3075 atque
1270 3004 1615 3060 convincere.
1660 3004 1923 3072 Equidem
1977 3008 2029 3061 in

432 3085 585 3142 hisce
626 3083 798 3139 tribtts
849 3092 957 3134 tota
989 3078 1303 3132 versabatur
1351 3076 1738 3146 Episcoiiorum
1769 3092 1931 3144 cura,
1963 3076 2030 3133 ad

432 3156 597 3211 ﬁdem
622 3152 762 3224 quod
804 3150 1076 3224 pertinet;
1107 3155 1161 3224 et
1204 3151 1317 3202 base
1358 3149 1401 3201 si
1435 3148 1639 3217 peritus
1679 3147 1903 3224 quilibet
1933 3164 2025 3217 ag-

432 3218 769 3298 grederetur.
805 3218 1047 3298 laborem
1076 3220 1194 3288 ejus
1227 3234 1286 3298 se
1331 3232 1668 3298 nequaquam
1702 3218 2032 3298 improbatu-

430 3290 551 3355 Eum
579 3297 637 3353 S.
662 3295 811 3352 Zeno
831 3292 1097 3364 signiﬁcat
1120 3306 1135 3347 :
1166 3290 1335 3345 solam
1358 3293 1503 3364 enim
1525 3304 1710 3364 eorum
1734 3290 2029 3364 reprelien-

431 3371 512 3427 dit
534 3367 837 3444 audaciam,
867 3360 981 3444 qui,
1014 3372 1073 3419 ut
1101 3377 1226 3444 mox
1256 3364 1349 3429 ait,
1381 3363 1626 3444 subsorto
1652 3360 1778 3444 legis
1805 3372 1854 3416 et
1884 3362 2027 3444 fidei,

430 3440 695 3496 sa’cularis
721 3432 902 3492 amore
922 3435 1185 3507 iactantiw
1214 3434 1442 3507 accensi,
1488 3432 2032 3507 incompreliensibile

430 3511 711 3569 Trinitatis
732 3505 1049 3580 mysterium
1075 3505 1391 3577 argumentis
1411 3520 1465 3558 se
1488 3519 1701 3580 cogere,
1713 3506 2028 3580 examinare,

430 3584 634 3651 metiri,
691 3598 752 3635 ac
790 3573 1078 3634 discernere
1112 3573 1260 3651 posse
1291 3573 1627 3643 prtesumunt.
1661 3573 1812 3651 Currit
1849 3587 2028 3651 autem

429 3669 537 3725 pro,
562 3646 814 3725 pradicet
846 3646 1182 3725 interpretati
1227 3662 1445 3725 sumus,
1474 3658 1531 3701 ut
1560 3647 1700 3725 apud
1735 3646 2030 3725 Martialem

430 3717 500 3780 de
515 3717 703 3795 Spect.
731 3723 909 3795 epigr.
932 3736 949 3774 ι
973 3736 986 3773 :
1015 3718 1279 3795 Quidquid
1311 3719 1628 3795 [anta_canit.
1658 3717 2029 3795 PoteSt_eti_am

429 3789 599 3865 accipi
636 3808 735 3864 pro
761 3789 1052 3865 uaticiitari,
1084 3789 1163 3843 uti
1191 3789 1584 3865 saepejerbum
1625 3803 1820 3865 causa
1851 3790 2032 3845 latinis

433 3858 1040 3942 usurpaiumreperies,
1068 3876 1134 3916 eo
1161 3860 1317 3942 quod.
1337 3858 1559 3942 Sibyllae
1584 3859 1724 3928 apud
1756 3858 1875 3940 illos
1906 3875 2030 3942 pro.

432 3931 633 4008 phetite
649 3978 664 4001 ,
690 3931 1143 4010 uli‘pntabantnr,
1167 3931 1309 4010 dono
1338 3931 1621 4010 prmdittc,
1640 3931 2032 4010 omniavatici-

430 4000 517 4065 nia
547 4000 878 4066 carminibus
915 4003 1152 4059 edidisse
1191 4001 1552 4056 traderentur.
1585 4000 1902 4070 Prophetias
1930 4017 2030 4056 au-

432 4091 540 4137 tem
590 4094 761 4144 sacra:
810 4077 1137 4140 Scriptttrze,
1184 4090 1318 4144 quae
1356 4071 1658 4144 difﬁciliora
1709 4073 2027 4141 continent,

431 4152 488 4208 S.
522 4142 795 4208 Zenonem
821 4158 1119 4217 spectasse,
1148 4142 1353 4217 indelit
1382 4143 1710 4217 credibilius,
1741 4144 1884 4217 quod
1909 4162 2027 4217 cur-

430 4240 548 4277 men
597 4238 696 4289 pro
724 4212 867 4274 libro'
899 4218 1194 4287 prophetico
1240 4215 1325 4289 bis
1370 4212 1499 4267 alibi
1535 4212 1940 4289 dixeriLQuod
1982 4218 2028 4272 si

430 4295 549 4359 quis
576 4286 611 4346 εἰ
635 4286 1137 4358 lectionibus,qn:e
1172 4287 1348 4356 primo
1379 4287 1628 4359 Auctoris
1671 4286 1911 4340 membro
1944 4289 2027 4341 in-

431 4354 702 4424 dicantur,
746 4363 998 4418 distincte
1035 4354 1338 4415 memorata
1370 4357 1720 4412 coiisideraus
1761 4373 1858 4416 ea.
1908 4376 2028 4428 qum

429 4437 546 4490 cani
581 4433 886 4499 traduntur,
932 4430 1252 4486 lectionibus
1281 4427 1498 4498 quidem
1543 4444 1751 4484 sacram
1784 4427 2029 4499 Scriptu-

430 4521 577 4570 ram,
621 4521 741 4574 qua:
784 4505 839 4561 in
869 4503 1252 4561 ecclesiasticis
1279 4499 1509 4574 statibus
1536 4500 1836 4574 legebatur,
1865 4512 2029 4574 cantu

429 4590 607 4633 autent
638 4572 1014 4643 traditionem,
1086 4590 1165 4627 ua:
1205 4573 1372 4629 verbo
1415 4572 1827 4640 praedicabatur,
1862 4588 1892 4625 a
1922 4572 2025 4629 Ze-

430 4665 573 4699 none
615 4647 966 4699 siauiﬁcatam
1009 4591 1164 4699 vellit:
1197 4645 1335 4698 alius
1378 4660 1506 4698 vero
1543 4645 1716 4699 primo
1759 4645 1878 4697 loco
1907 4660 2025 4699 eam

430 4665 573 4705 none
615 4647 966 4719 signiﬁcatam
1009 4661 1071 4700 re

402 4714 977 4789 Scripturiepartem,
1007 4732 1125 4786 quae
1156 4718 1208 4770 in
1238 4714 1408 4770 sacris
1428 4716 1780 4789 conventibus
1813 4716 2027 4785 legeba-

430 4787 825 4855 turfsecnndo
874 4804 1004 4843 vero
1049 4803 1200 4852 eum,
1248 4802 1368 4855 quae
1413 4787 1726 4851 cauebatur,
1760 4796 2029 4855 spectatas

428 4863 613 4927 malit;
649 4876 754 4915 non
785 4860 983 4915 diutius
1017 4856 1451 4927 repugnabimus.

504 4933 619 5004 (50)
677 4933 802 4989 Mss.
841 4931 958 4985 Vat.
995 4938 1050 4985 et
1077 4927 1221 4992 Tol.,
1257 4928 1485 4981 canentis
1508 4944 1622 4981 cum
1662 4929 1897 4984 universa
1925 4946 2028 4985 non

430 5005 621 5059 credis.

497 5074 610 5147 (51)
629 5072 761 5147 Cod.
790 5073 919 5147 Urb.
945 5071 1007 5125 ab
1024 5069 1246 5125 occiduis
1260 5068 1567 5147 ﬁdenttuam
1589 5069 1807 5147 ﬁdeliter
1829 5079 2025 5147 portet;

425 5140 546 5216 quin
594 5140 752 5199 lectio
798 5146 839 5197 si
885 5157 1139 5216 germana
1176 5148 1288 5204 est,
1323 5140 1559 5216 indicare
1588 5142 1819 5216 videtur,
1862 5142 2018 5216 tidem

424 5211 532 5273 nun
562 5216 629 5270 al)
655 5217 867 5270 Arionis
894 5211 1165 5267 Orientem
1198 5211 1583 5283 occupantibus
1605 5254 1618 5275 ,
1650 5213 1745 5267 scd
1770 5215 1837 5267 ab
1859 5211 2019 5267 Occi-

424 5287 762 5357 dentalibus,
782 5285 871 5355 qui
897 5285 1320 5357 pleriqueerant
1347 5282 1633 5357 catholici,
1660 5299 2022 5357 essesnnicn-

421 5361 566 5416 dam.
600 5362 672 5414 At
698 5354 814 5412 aliis
860 5354 1063 5409 a'ntSs.
1107 5355 1168 5407 ab
1215 5354 1441 5408 occiduis
1480 5355 1666 5422 abest,
1700 5364 1751 5409 et
1783 5355 2018 5410 liberarii

420 5430 709 5488 oscitantia
736 5428 962 5497 repetita
993 5426 1223 5488 videtur,
1260 5441 1325 5479 ex
1354 5428 1596 5497 sequenti
1628 5426 1895 5490 membro,
1928 5427 2016 5481 tibi

418 5507 485 5556 ab
513 5502 711 5558 occidui
738 5496 944 5571 pariter
965 5496 1181 5571 legitur.
1208 5496 1337 5571 l’ost
1363 5510 1544 5571 pauc;t_
1559 5496 1698 5552 Solis
1718 5514 1899 5552 currus
1921 5514 2018 5569 pro

422 5576 561 5630 Solis
588 5567 766 5627 cursus
792 5568 993 5626 habent
1015 5568 1172 5622 codd.
1208 5567 1397 5638 Pomp.
1426 5578 1481 5622 et
1510 5567 1640 5623 Zen.

491 5667 607 5736 (δὲ)
647 5664 762 5720 Non
793 5672 900 5736 tam
918 5661 1059 5736 circa
1087 5661 1178 5716 Dei
1203 5658 1431 5728 Filium,
1460 5660 1715 5736 sedcirca
1756 5662 2015 5732 Spiritum

419 5732 660 5792 sanctum
686 5735 846 5790 etiam
876 5733 1106 5787 Arianos
1127 5746 1359 5800 errasse,
1391 5732 1774 5790 cum‘llilarius
1802 5736 2016 5790 univcr-

323 5857 327 5860 .
420 5809 819 5864 situconﬁrmat
845 5804 942 5859 lib.
969 5818 1004 5858 ιι
1033 5804 1098 5859 de
1122 5803 1340 5871 Trinit.,
1361 5805 1765 5875 etAmbrosius,
1800 5807 1862 5861 de
1892 5806 2016 5874 Spi-

1098 4646 1164 4710 it;
1197 4645 1335 4698 alius
1378 4660 1506 4698 vero
1543 4645 1716 4713 primo
1759 4645 1878 4697 loco
1907 4660 2027 4700 eam
2058 4650 2107 4710 D

2136 1902 2268 1941 cens
2301 1904 2313 1939 :
2353 1885 2397 1941 0
2424 1886 2644 1940 altitudo
2678 1885 2975 1939 divitiarum
3002 1885 3270 1953 sapientia:
3295 1896 3341 1940 et
3366 1885 3578 1942 scientia
3605 1884 3721 1956 Dei!

2137 1997 2288 2050 quam
2319 1980 2627 2050 inexquist'la
2654 1987 2770 2034 sunt
2782 1979 2986 2051 judicia
3016 1976 3158 2032 illius
3179 2020 3194 2046 ,
3220 1987 3271 2032 et
3295 1996 3441 2050 quam
3468 1980 3723 2050 int-estign-

2136 2072 2265 2126 biles
2315 2072 2410 2126 via:
2454 2071 2631 2125 illius!
2665 2070 2792 2137 Quis
2816 2070 2951 2125 enim
2969 2076 3202 2142 cognovit
3251 2071 3602 2142 cogitationem
3639 2071 3723 2126 Dei

2142 2163 2324 2234 (Rom.
2359 2181 2441 2230 ιι,
2473 2164 2565 2232 55,
2595 2160 2725 2237 54)2
2754 2164 2824 2221 Et
2853 2174 2906 2219 ιιι
2949 2164 3067 2234 ejus
3095 2172 3342 2221 naturam
3364 2166 3590 2235 (μικήῇ
3627 2165 3720 2222 Sed

2143 2266 2200 2314 et
2218 2257 2327 2314 alio
2349 2257 2471 2314 loco
2490 2256 2613 2325 hoc,
2631 2256 2779 2328 quod
2797 2258 2997 2329 agitur,
3018 2257 3306 2315 evidenter
3323 2260 3596 2330 expressit,
3609 2274 3719 2315 cum

2131 2442 2237 2496 ritu
2264 2452 2440 2496 sancto
2470 2442 2564 2497 lib.
2605 2458 2696 2510 ιιι,
2741 2459 2795 2498 n.
2837 2442 2973 2509 lOl;
3023 2452 3133 2499 tum
3164 2460 3295 2501 vero
3333 2461 3398 2502 es
3441 2445 3719 2506 Macedonii

2132 2515 2433 2589 prmsertim
2458 2514 2903 2589 haeresiconstal,
2920 2531 3043 2589 qua:
3074 2516 3128 2572 in
3144 2513 3723 2589 ConstantinOpuIitano

2134 2587 2313 2654 primo
2356 2585 2590 2640 concilio
2629 2584 2881 2641 damnata
2912 2584 3008 2641 run
3046 2602 3188 2643 anno
3217 2587 3343 2645 581.
3372 2584 3721 2647 ῩίιΙέΡΙιὶιλξ-

2135 2660 2294 2730 trium
2321 2699 2335 2721 ,
2375 2657 2566 2712 hmres.
2599 2658 2690 2719 67.
2725 2658 2793 2713 de
2821 2659 3200 2718 Semiarianis.
3246 2676 3353 2730 quo
3383 2662 3590 2717 nomine
3622 2664 3725 2717 ιιι-

2133 2728 2463 2799 cedoniunus
2495 2730 2745 2799 intelligit
2769 2772 2782 2789 ,
2815 2741 2867 2784 et
2911 2729 3107 2784 hrercs.
3142 2730 3232 2795 68,
3265 2728 3333 2785 de
3367 2733 3719 2790 Eunomianis.

2133 2797 2267 2853 Cum
2300 2810 2478 2853 tamen
2512 2797 2925 2854 Maccdonianos
2953 2802 3016 2855 de
3044 2800 3201 2855 Patre
3229 2813 3281 2856 et
3298 2802 3435 2858 Filio
3464 2807 3583 2859 bene
3612 2823 3724 2860 sa-

2133 2870 2258 2924 sisse
2292 2871 2468 2926 tradat
2504 2871 2826 2926 Pliilastrius
2868 2872 3060 2928 haeres.
3096 2872 3186 2939 67,
3220 2884 3278 2932 et
3317 2876 3486 2930 solum
3526 2893 3730 2934 errasse

2133 2941 2257 2995 illos
2281 2943 2473 3016 prodat
2498 2944 2639 2998 circa
2671 2944 2928 3014 Spiritum
2956 2954 3226 3011 sanctum,
3258 2962 3415 3016 quem
3442 2964 3531 3001 nec
3568 2947 3729 3003 Deus:

2133 3028 2334 3077 verum,
2373 3014 2463 3068 sed
2493 3016 2703 3087 factum
2733 3024 2883 3082 atque
2923 3027 3150 3071 creatum
3197 3014 3551 3087 praedicabant
3582 3037 3597 3072 :
3639 3021 3729 3075 hac

2133 3099 2313 3161 autem
2340 3087 2456 3140 loco
2484 3085 2718 3161 S.‘Zeno
2746 3087 2868 3161 illos
2891 3085 3238 3161 perstringat,
3262 3090 3356 3161 qui
3380 3106 3482 3144 non
3505 3092 3552 3145 in
3577 3093 3729 3146 unius

2131 3155 2365 3231 Spiritus
2392 3158 2585 3231 sancti,
2614 3158 2708 3231 sed
2738 3169 2788 3231 et
2812 3157 2865 3231 in
2897 3157 3015 3212 Filii
3038 3155 3295 3230 dogmate
3311 3162 3557 3216 errabant
3580 3183 3595 3215 ;
3617 3164 3724 3231 jam

2134 3228 2201 3281 ab
2232 3230 2331 3281 hoc
2357 3245 2459 3281 non
2492 3228 2865 3284 Macedoniani
2896 3232 3073 3299 puneti
3105 3228 3375 3295 sidentur,
3403 3234 3493 3287 sed
3522 3228 3723 3297 Ariani,

2135 3300 2223 3365 qui
2272 3309 2501 3369 utroque
2550 3301 2601 3352 in
2633 3300 2883 3370 dogmate
2938 3302 3098 3355 simul
3147 3315 3457 3369 peccarunt.
3499 3306 3576 3360 Ad
3608 3307 3728 3361 illud

2134 3370 2406 3425 Philastrii
2437 3371 2807 3445 testimonium
2827 3371 2901 3445 de
2919 3372 3323 3445 Macedonianis
3353 3377 3450 3431 aevi
3476 3377 3729 3445 sequioris

2132 3457 2317 3519 verum
2342 3452 2447 3519 est,
2472 3458 2579 3519 non
2606 3442 3115 3519 de_anti_quiori_bus,
3146 3461 3284 3519 quos
3304 3445 3448 3503 Zeno
3472 3442 3723 3519 suppares

2133 3512 2362 3588 liabt_tit_:
2395 3512 2461 3588 lii
2487 3513 2634 3568 enim
2676 3513 3000 3571 Semiariani
3031 3512 3444 3588 vere'luerunt,
3485 3512 3549 3574 et
3572 3512 3728 3588 primi

2132 3583 2225 3659 qui
2254 3583 2585 3659 in_Spirit_um
2610 3595 2855 3659 sanctum
2887 3585 3203 3659 nonminus
3223 3630 3237 3649 ,
3268 3605 3427 3659 quam
3458 3590 3509 3645 in
3539 3583 3727 3645 Filium

2133 3654 2445 3731 haereticam
2467 3656 2770 3731 doctrinam
2800 3657 3017 3731 insimul
3043 3654 3325 3731 eﬁ'utiere';
3362 3676 3425 3717 ac
3452 3672 3728 3731 propterea

2131 3725 2199 3831 ad
2252 3727 2349 3782 bos
2413 3728 2631 3798 proprie
2681 3728 2847 3831 lLocce
2899 3728 3131 3785 Zenonis
3182 3725 3563 3788 testimoui'um'
3603 3750 3723 3803 pcr-

2161 3809 2265 3831 ..ιω

2136 3798 2291 3852 tinet.

2204 3868 2320 3945 (55)
2360 3868 2667 3945 MsSLRem.
2696 3878 2751 3926 et
2772 3870 2905 3927 Urb.
2937 3871 3223 3928 exinanire.
3244 3872 3471 3932 Inferius
3499 3888 3589 3945 pro
3616 3891 3728 3930 crtus

2135 3941 2293 3995 tutius
2323 3942 2443 3996 cod.
2474 3940 2664 4011 Pomp.
2698 3953 2809 3998 tum
2835 3945 3014 3998 tutius.

2214 4031 2329 4110 (Si)
2371 4033 2498 4087 Mss.
2551 4033 2683 4110 γειιᾲ
2699 4035 2915 4110 audebo.
2942 4035 3069 4090 Post
3113 4052 3285 4105 pauca
3327 4039 3587 4110 imperium
3632 4055 3728 4109 pro

2131 4104 2423 4173 imperitum
2444 4145 2460 4169 ,
2490 4106 2609 4159 cod.
2641 4106 2758 4181 Tol.
2807 4122 3103 4181 [temerata
3133 4110 3373 4165 exhibet.
3402 4104 3721 4181 imperitum

2136 4190 2297 4253 porro
2313 4191 2417 4253 cur
2446 4191 2504 4253 se
2522 4180 2759 4253 appellet
2804 4178 2862 4253 S.
2882 4178 3053 4253 Zeno,
3080 4178 3239 4253 facile
3261 4178 3558 4253 intelligere
3581 4182 3721 4238 licet.

2131 4245 2276 4322 _Cunt
2296 4246 2482 4322 Ariani
2522 4248 2738 4322 ingenio
2765 4251 2986 4304 nimium
3018 4250 3385 4322 indulgentes,
3413 4245 3723 4321 curiosaque

2133 4317 2478 4394 inquisitioiie
2505 4319 2575 4394 de
2594 4317 2792 4394 interna
2820 4322 2984 4376 divini
3016 4321 3134 4381 Filii
3157 4317 3508 4394 generatione
3529 4317 3729 4378 nuden-

2133 4398 2212 4443 tcs
2244 4389 2533 4453 disserere,
2565 4392 2615 4445 in
2649 4392 2830 4446 varios
2870 4408 3085 4448 errores
3115 4389 3463 4459 incidissent;
3500 4396 3726 4450 catholi-

2131 4476 2315 4538 eorum
2349 4463 2449 4538 ltoc
2480 4462 2754 4538 proiirium
2787 4474 2930 4528 erat,
2967 4466 3096 4520 tanti
3136 4468 3381 4538 mysterii
3412 4468 3721 4538 imperitiam

2134 4531 2372 4607 profiteri
2399 4534 2599 4607 potius,
2633 4549 2792 4603 quam
2824 4544 2970 4590 tanto
2996 4550 3118 4590 cum
3153 4531 3397 4607 periculo
3435 4531 3501 4593 ne
3534 4538 3725 4592 eodem

2133 4603 2402 4678 subtiliter
2449 4606 2756 4678 inquirere.
2808 4608 3006 4676 quippe
3050 4603 3192 4678 quod
3241 4607 3490 4665 humana:
3529 4610 3724 4664 mentis

2134 4677 2304 4729 aciem
2354 4676 2574 4729 nimiunt
2620 4678 2842 4731 multmn
2874 4676 3179 4733 excederet.
3211 4680 3326 4748 Qua
3355 4681 3424 4737 de
3442 4697 3585 4736 causa
3616 4680 3724 4733 im—

2136 4748 2379 4813 peritiam
2428 4762 2642 4816 quoqnc
2691 4748 2966 4816 professus
3015 4752 3071 4805 S.
3119 4750 3392 4815 Hilarius,
3439 4754 3525 4807 lib.
3551 4765 3603 4804 In
3648 4751 3721 4806 de

2134 4817 2349 4884 Trinit.,
2384 4833 2437 4872 n.
2467 4818 2644 4892 20,11.
2672 4819 2763 4882 62,
2794 4820 3026 4875 Arianos
3057 4823 3304 4889 peritiam
3346 4824 3595 4892 jactantes
3630 4822 3723 4876 his

2131 4892 2501 4964 compescuit;
2538 4891 2641 4944 Sed
2670 4900 2736 4955 te,
2766 4891 2993 4962 quisquis
3023 4909 3096 4956 es,
3126 4891 3499 4964 inuestigabilia
3521 4902 3723 4947 sectari-

2132 4970 2267 5035 teru,
2296 4970 2342 5013 et
2384 4961 2671 5035 divinorum
2716 4973 3023 5035 secretorum
3067 4974 3218 5033 atque
3258 4961 3496 5020 virtutum
3521 4981 3723 5035 graecus

2129 5033 2376 5103 arbitrum
2400 5033 2632 5095 consulo,
2668 5042 2722 5086 ut
2745 5034 2870 5087 mihi
2896 5035 3226 5103 imperito,'et
3257 5045 3453 5091 tantum
3476 5033 3533 5091 de
3555 5037 3725 5089 omni.

2130 5104 2221 5156 bus
2249 5102 2382 5165 Deo,
2415 5112 2469 5156 ut
2496 5114 2615 5157 sunt
2638 5105 2700 5156 ab
2729 5121 2786 5159 eo
2813 5102 2988 5169 dicta,
3027 5107 3252 5160 credenti
3279 5109 3519 5163 rationem
3542 5107 3725 5160 saltm

2128 5175 2254 5251 [acti
2282 5174 2429 5229 istius
2450 5173 2665 5251 diferas,
2686 5185 2791 5251 etc.
2820 5175 2991 5251 Porro
3014 5179 3327 5247 imperitiam
3353 5178 3568 5251 simplici
3586 5191 3722 5233 cum

2129 5244 2235 5299 ﬁde
2263 5247 2614 5313 sequendam,
2646 5247 2814 5302 fusius
2843 5248 3065 5315 suadet,
3090 5244 3249 5304 num.
3277 5251 3371 5306 26.

2200 5333 2677 5412 (55)_Ms:_Pomp.,
2700 5338 2877 5392 obstet.
2908 5339 3078 5395 Paulo
3110 5351 3229 5411 post
3261 5358 3359 5412 pro
3385 5344 3540 5397 minus
3568 5339 3721 5411 peri-

2126 5414 2251 5459 tum.
2289 5408 2388 5461 Ms.
2420 5408 2544 5463 Vat.
2576 5410 2745 5463 minus
2765 5420 3023 5480 paratum.

2197 5497 2313 5578 (δῇ)
2329 5495 2416 5578 ‘Ne
2430 5501 2744 5570 scripsimus
2766 5516 2795 5556 e
2819 5518 2947 5563 mss.
2966 5502 3150 5571 Renu,
3179 5504 3373 5578 Pomp.
3385 5502 3564 5562 etZen.
3580 5515 3721 5559 Cum

2129 5568 2181 5623 in
2213 5568 2370 5623 editis
2402 5568 2553 5626 esset
2572 5589 2691 5625 non.

2199 5662 2314 5732 (57)
2340 5663 2465 5721 llzcc
2488 5667 2647 5721 verba
2669 5679 2714 5721 et
2733 5667 2787 5721 iu
2809 5668 3032 5723 vanitate
3047 5668 3265 5726 detinuit
3290 5688 3463 5727 sensus
3485 5669 3721 5735 ἱιιοηηιι,

2126 5734 2329 5860 (ιιιωᾶιῖ
2348 5734 2479 5859 edit.
2505 5735 2631 5793 Ver.
2655 5746 2711 5793 et
2731 5755 2884 5809 seqq.
2915 5739 3161 5808 aberant,
3189 5734 3721 5799 rcstitnimtselw‘;

2127 5820 2190 5860 ac
2220 5822 2250 5860 e
2293 5822 2304 5859 I
2335 5844 2347 5859 .
2427 5822 2516 5860 cn.

2127 5820 2190 5860 ac
2220 5820 2347 5861 θαιι.
2389 5820 2414 5859 ν
2427 5822 2516 5861 Cll.
