3894 6322
111 319 213 375 269
286 368 287 371 η

1308 312 1510 371 LIBER
1548 314 1590 369 l.
1629 309 2049 370 TRACTATUS
2086 311 2151 366 ΙΙ.

3268 316 3381 375 270

110 437 170 493 ad
193 434 519 492 Timotheum
551 434 651 508 ιε
679 432 918 505 loquitur
944 433 1317 491 instruendum
1340 434 1426 490 lllS
1450 433 1668 490 verbis:
1700 447 1753 508 Α
1775 428 1959 495 rebus,
1992 428 2039 484 si
2075 428 2222 497 cupit
2258 441 2381 485 esse
2416 427 2706 499 perfectus,
2753 429 2913 487 debet
2952 446 3074 489 esse
3117 443 3372 492 constru-

110 530 344 587 Hortatus
366 544 473 584 sunt
490 572 507 598 ,
526 526 639 602 (58)
668 540 724 583 ut
751 528 1084 585 denuntiare:
1109 527 1429 599 quibusdam,
1464 544 1529 583 ne
1559 545 1675 599 per-

110 644 238 683 uersa
274 627 503 680 doctrina
531 633 789 679 uterentur
810 666 824 689 ,
869 640 1029 693 neque
1068 624 1383 679 attenderent
1414 623 1604 695 fabulis
1628 633 1675 679 et

110 718 395 792 genealogiis
414 760 429 782 ,
459 732 570 787 qua:
604 717 716 771 sine
741 716 846 787 ﬁne
870 724 1021 783 sunt,
1050 732 1166 786 qua:
1189 717 1351 789 magis
1370 715 1677 785 quauiones

109 817 335 881 primaint
352 851 364 872 ,
395 825 547 879 quam
570 823 739 863 verant
770 809 1021 863 rationem
1046 806 1145 863 Dei
1163 850 1178 875 ,
1216 824 1331 877 qua:
1355 817 1426 863 est
1454 810 1505 862 in
1552 807 1671 877 ﬁde.

109 901 335 971 Deﬁnitio
366 912 532 955 autem
551 901 807 972 jussionis
842 909 919 955 est
935 900 1158 954 Charitas
1187 916 1251 954 ea:
1275 902 1428 955 corde
1467 916 1597 967 puro
1631 908 1679 954 et

109 993 390 1047 conscientia
413 992 562 1059 bona,
589 1008 651 1047 ea:
670 991 780 1062 ﬁde
798 992 1017 1065 simplici
1041 990 1085 1066 (Ι
1110 991 1247 1046 Tim.
1281 1008 1320 1060 ι,
1346 991 1400 1060 5,
1430 990 1508 1061 4).

174 1084 253 1139 Vl.
298 1084 460 1154 igitur
502 1085 546 1140 si
592 1084 685 1140 Dei
712 1098 899 1139 servus
924 1100 1019 1150 es,
1058 1084 1247 1140 stultas
1287 1093 1337 1141 et
1384 1083 1681 1139 ineruditus

110 1180 412 1251 quaestiones
432 1177 590 1243 evita,
616 1178 811 1244 sciens,
841 1175 963 1247 quia
992 1177 1113 1233 lites
1140 1188 1417 1248 generant.
1450 1177 1677 1233 Servum

110 1282 269 1329 autem
292 1271 386 1327 Dei
412 1286 519 1326 non
557 1276 771 1340 oportet
799 1270 1035 1341 litigare;
1066 1270 1189 1340 quia
1230 1270 1297 1325 lis
1320 1278 1373 1325 et
1401 1268 1680 1324 charitatis

111 1374 185 1422 est
204 1364 384 1430 hostis,
413 1373 466 1419 et
487 1360 613 1419 ﬁdei
637 1379 653 1414 :
685 1377 819 1433 quas
846 1363 892 1416 si
931 1362 1053 1432 quis
1077 1362 1341 1426 amiserit,
1371 1376 1472 1417 nec
1496 1359 1677 1415 divina

114 1457 195 1513 ille
220 1455 471 1528 profecto,
499 1469 598 1510 nec
624 1454 856 1508 humana
877 1454 1172 1525 cognoscit.
1201 1453 1350 1521 ηερε,
1376 1453 1423 1507 ai
1449 1451 1679 1522 religio-

114 1563 194 1605 sus
218 1562 301 1614 es,
345 1561 541 1603 serva:
590 1547 793 1604 sivere
833 1546 1144 1613 timoratus,
1191 1544 1403 1601 custodi
1435 1563 1448 1601 :
1476 1544 1545 1600 de
1587 1559 1676 1609 eo,

115 1642 243 1715 quod
265 1640 475 1697 modum
508 1641 724 1696 humani
766 1655 957 1697 senem
993 1639 1235 1704 excedit,
1267 1638 1547 1708 diaputare
1584 1637 1682 1694 de-

113 1739 226 1791 vita.
254 1734 416 1806 Negat
439 1733 837 1803 quodammodo
857 1733 1045 1797 Deum,
1080 1732 1323 1804 quisquis
1346 1729 1461 1802 (59)
1487 1729 1683 1785 asserit

1775 528 1925 587 ctus;
1958 522 2003 575 si
2036 520 2161 590 quid
2200 522 2342 576 enim
2376 524 2424 577 ei
2457 538 2522 579 ex
2563 523 2645 578 his
2671 521 2936 592 defuerit,
2974 528 3371 597 perfectionem

1776 612 1859 668 sui
1899 615 2078 680 operis
2117 626 2224 666 non
2268 612 2509 669 habebit.
2557 614 2711 672 Unde
2751 618 2925 686 primo
2963 621 3202 676 omnium
3244 630 3375 692 spes

1775 707 1934 763 nobis
1955 706 2299 778 proponenda
2331 716 2413 763 est
2443 707 2770 779 futurorum,
2803 712 2921 769 sine
2958 729 3063 785 qua
3105 731 3204 771 nec
3233 732 3375 785 prte-

1778 801 1951 857 sentia
1979 800 2196 871 quidem
2224 801 2337 871 ipsa
2366 811 2511 858 stare
2531 817 2690 873 posse
2711 808 3085 877 perspicimus.
3119 808 3196 881 (5)
3217 809 3377 866 Adeo

1780 893 1909 949 tolle
1933 909 2106 964 spem,
2142 902 2317 965 torpet
2361 893 2671 951 humanitas
2719 907 2847 952 tota.
2885 898 3038 956 Tolle
3062 916 3237 974 spem,
3287 916 3376 957 ar-

1781 995 1861 1042 tes
1889 987 2225 1058 virtutesque
2251 989 2519 1045 universae
2557 991 2864 1046 cessabunt.
2907 993 3061 1050 Tolle
3100 1011 3273 1065 spem,
3316 1005 3381 1052 et

1781 1080 2107 1151 interempta
2155 1090 2282 1137 sunt
2325 1083 2526 1137 omnia.
2573 1081 2711 1152 Quid
2735 1083 2859 1139 iacit
2906 1084 2970 1141 ad
3022 1086 3376 1144 litteratorem

1784 1188 1936 1242 puer,
1980 1174 2024 1229 si
2055 1172 2356 1229 litterarum
2397 1191 2504 1229 non
2536 1184 2721 1243 sperat
2748 1174 3013 1231 fructum?
3035 1177 3177 1245 Quid
3204 1186 3375 1235 ratem

1783 1262 2051 1335 profundo
2094 1266 2289 1337 gurgiti
2338 1277 2496 1321 nauta
2544 1267 2852 1336 committit,
2904 1269 2949 1324 si
2990 1271 3038 1325 ei
3086 1284 3380 1343 numquam

1782 1356 2015 1422 lucrum,
2048 1373 2338 1429 numquam
2370 1368 2557 1432 portus
2583 1359 2924 1417 desideratus
2949 1364 3221 1419 occurrit?
3240 1365 3383 1434 Quid

1782 1449 1960 1515 miles,
1991 1464 2097 1506 non
2128 1452 2302 1505 dicam
2334 1451 2567 1508 horrida:
2594 1453 2823 1526 ltyemis,
2851 1464 2943 1511 aut
2973 1457 3191 1513 torridas
3218 1467 3381 1515 ωειδ-

1784 1542 1851 1599 tis
1882 1543 2128 1615 injurias,
2173 1546 2268 1601 sed
2291 1548 2526 1615 seipsum
2564 1550 2886 1617 contemnit,
2927 1550 2973 1606 si
3002 1550 3193 1622 gloria:
3221 1569 3375 1621 spem

1783 1635 1983 1693 futurae
2024 1652 2132 1693 non
2170 1637 2342 1710 gerit?
2379 1639 2519 1709 Quid
2553 1641 2788 1713 agricola
2828 1644 3035 1699 semina
3079 1646 3301 1718 spargit,
3334 1646 3383 1702 si

1784 1731 1997 1787 sudoris
2052 1733 2134 1788 sui
2183 1734 2467 1804 praemium
2522 1750 2631 1791 non
2676 1738 2883 1809 colligit
2924 1739 3198 1795 messem?
3241 1740 3383 1809 Quid

118 1828 267 1884 licam
292 1843 305 1880 :
332 1825 575 1882 defensio
597 1825 745 1882 enim
784 1839 894 1879 non
939 1825 1042 1880 nisi
1069 1823 1325 1880 imbecilli
1362 1827 1676 1893 praestatur;
1711 1842 1758 1904 Β
1785 1821 2120 1880 Christianus
2140 1825 2314 1881 credit
2343 1827 2394 1880 iu
2421 1824 2719 1896 Christum,
2753 1828 2797 1884 si
2823 1830 3151 1900 promissum
3179 1831 3280 1887 sibi
3312 1832 3382 1887 ab

118 1937 203 1979 nec
221 1928 389 1994 potest
411 1935 533 1976 eum
571 1919 806 1975 revereri
835 1958 850 1985 ,
877 1916 968 1988 qui
1000 1918 1196 1986 ingenii
1239 1915 1323 1971 sui
1354 1922 1504 1985 putat
1534 1927 1678 1979 esse,

118 2015 240 2087 quod
261 2015 345 2070 ille
371 2013 529 2069 fuerit
554 2013 873 2068 aestimatus.
901 2008 1166 2067 Cteterum
1202 2010 1290 2065 illa
1321 2017 1408 2066 est
1432 2007 1557 2063 ﬁdei
1584 2023 1683 2079 ge-

121 2109 356 2164 nermitas
374 2122 524 2174 vera,
550 2114 611 2162 ut
636 2107 749 2163 Deo
773 2105 1007 2162 ﬁdeliter
1026 2105 1226 2161 serviat
1251 2102 1435 2176 (Prov.
1466 2118 1525 2170 ι,
1558 2100 1679 2174 Ιθ);

120 2201 165 2254 in
187 2200 293 2255 solo
311 2201 429 2270 ipso
442 2199 692 2256 ﬁduciam
718 2206 899 2270 gerat;
928 2212 957 2251 a
987 2195 1245 2252 ﬁdelitate
1270 2202 1327 2250 et
1343 2192 1536 2249 ﬁducia
1564 2191 1683 2265 (60)

121 2296 311 2351 ﬁdelem
338 2310 396 2351 se
434 2296 615 2351 vocari
655 2301 977 2365 cognoscat;
1024 2290 1306 2361 incnlpatis
1337 2288 1579 2344 moribus
1607 2289 1686 2343 vi-

120 2397 226 2453 vat;
249 2387 361 2461 (6t)
383 2388 716 2444 conscientia
738 2402 861 2441 eum
889 2386 1045 2451 bona,
1073 2400 1181 2438 non
1196 2382 1540 2453 loquacitate,
1562 2396 1686 2451 quae

121 2491 270 2536 mter
297 2482 536 2552 profecto
558 2480 762 2551 peccati
784 2486 886 2543 est,
917 2493 1077 2534 nosse
1105 2478 1424 2549 praesumat;
1452 2475 1687 2530 Trinita-

123 2574 273 2646 tisque
298 2590 449 2630 unam
485 2574 737 2645 potentiae
761 2571 1170 2644 plenitudinem,
1202 2582 1322 2639 quae
1349 2582 1450 2623 una
1480 2577 1680 2633 mente,

125 2685 212 2723 una
248 2668 561 2726 credulitate
599 2667 933 2740 concipitur,
975 2681 1083 2722 non
1127 2663 1326 2729 violet,
1376 2661 1469 2716 sed
1514 2661 1688 2715 hono-

123 2774 193 2817 ret
211 2760 334 2836 (89).

490 2916 596 2991 19
619 2912 1042 2975 TRACTATUS
1078 2913 1147 2970 ll.

491 3061 570 3117 De
602 3062 729 3134 Spe,
763 3058 897 3115 Fide
925 3069 973 3115 et
1002 3059 1285 3115 Citaritate.

1784 1929 1852 1971 eo
1893 1929 2165 1988 perpetuae
2197 1917 2468 1975 felicitatis
2501 1928 2711 1991 tempus
2751 1937 2858 1978 non
2885 1922 3061 1979 credit
3094 1937 3218 1982 esse
3251 1937 3387 1978 ven.

1786 2008 2011 2063 mmm?

1856 2100 1921 2157 Il.
1954 2102 2059 2159 Sed
2088 2118 2213 2173 spes
2244 2118 2312 2159 ex
2341 2102 2446 2160 ﬁde
2477 2114 2580 2170 est,
2611 2120 2730 2176 qua:
2756 2108 3003 2177 quamvis
3033 2107 3086 2162 in
3102 2105 3295 2163 futuro
3309 2106 3384 2163 sit

1785 2196 1983 2264 posita,
2018 2194 2138 2251 tidei
2171 2206 2350 2252 tamen
2376 2204 2458 2253 es‘l
2491 2197 2614 2269 jure
2643 2198 2918 2270 subjecta;
2952 2199 3042 2255 tibi
3080 2201 3223 2255 enim
3254 2199 3389 2257 ﬁdes

1787 2301 1895 2342 non
1917 2296 2020 2354 est,
2052 2303 2152 2343 nec
2181 2304 2309 2358 spes
2336 2299 2457 2358 est;
2487 2290 2619 2348 fides
2644 2292 2790 2348 enim
2818 2292 2934 2362 spei
2970 2291 3049 2364 (4)
3079 2292 3385 2349 substantia

1788 2388 1893 2447 est,
1937 2390 1992 2437 et
2023 2397 2147 2453 spes
2187 2382 2310 2439 ﬁdei
2348 2385 2556 2455 gloria;
2596 2387 2847 2458 quoniam
2895 2389 3199 2457 praemium,
3240 2387 3389 2459 quod

1788 2485 1914 2542 spes
1939 2472 2122 2543 habet,
2156 2473 2290 2531 ﬁdes
2332 2489 2605 2545 meretur;
2640 2495 2760 2550 quae
2787 2478 3005 2551 quidem
3039 2495 3137 2552 pro
3172 2496 3269 2552 spe
3294 2497 3395 2552 pu-

1789 2579 1937 2638 gnat,
1980 2569 2078 2625 sed
2122 2569 2226 2626 sibi
2254 2571 2440 2627 vincit.
2488 2572 2880 2645 Amplectenda
2930 2582 3015 2629 est
3053 2575 3237 2644 igitur,
3278 2572 3393 2630 fra-

1792 2675 1924 2730 tres,
1958 2668 2219 2721 tenaciter
2250 2667 2437 2733 nobis,
2462 2676 2517 2722 et
2541 2668 2689 2723 omni
2718 2681 2922 2737 genere
2960 2666 3040 2739 (5)
3071 2668 3181 2740 20
3206 2678 3390 2722 custo-

1791 2757 1987 2814 dienda
2036 2759 2333 2826 virtutum;
2382 2760 2437 2815 iit
2488 2761 2628 2815 hanc
2677 2758 2893 2816 fortiter
2932 2759 3388 2827 incumbentium;

1793 2851 1908 2921 ipsa
1948 2862 2030 2906 est
2060 2852 2205 2907 enim
2239 2851 2361 2907 vitae
2406 2861 2605 2909 nostra:
2642 2851 2915 2908 immobile
2958 2850 3396 2920 fundamentum,

1794 2945 2053 3002 invictum
2101 2946 2362 3002 adversus
2406 2946 2604 3003 diaboli
2656 2948 2890 3018 impetus
2931 2947 3394 3019 propugnaculum

1794 3040 2019 3111 pariter,
2046 3052 2111 3096 ac
2138 3040 2335 3107 telum,
2380 3041 2575 3096 animat
2607 3049 2808 3095 nostrte
2848 3039 3280 3111 impenetrabilis
3311 3040 3394 3097 lo-

1794 3134 1928 3198 rica,
1960 3134 2093 3205 legis
2131 3135 2516 3206 compendiosa
2553 3150 2618 3190 ac
2647 3151 2770 3190 vera
2805 3133 3053 3200 scientia,
3084 3135 3395 3195 daemonum

187 3219 224 3277 Ι.
247 3220 425 3276 Tribus
462 3219 519 3275 in
545 3219 707 3276 rebus
740 3217 1029 3273 Christiani
1064 3215 1316 3272 culminis
1341 3214 1686 3270 fundamenta
1714 3236 1760 3300 ρ
1795 3235 1993 3293 terror,
2043 3240 2342 3299 martyrum
2382 3228 2573 3291 virtus,
2604 3227 2860 3282 Ecclesia:
2903 3226 3266 3297 pulchritudo,
3309 3231 3396 3285 vel

127 3317 410 3373 eousisutttt.
435 3312 489 3368 id
518 3322 601 3369 est
635 3312 689 3366 in
721 3325 848 3381 spe,
882 3310 933 3365 in
952 3309 1078 3378 ﬁde,
1104 3308 1181 3380 (1)
1212 3317 1269 3366 et
1306 3309 1356 3363 in
1388 3308 1685 3374 cbaritate;

128 3424 228 3477 quia:
262 3408 327 3463 ita
358 3408 589 3464 invicem
624 3405 725 3461 sibi
756 3405 1003 3469 videntur
1026 3420 1150 3461 esse
1180 3419 1448 3471 connexa,
1489 3413 1549 3459 ut
1578 3404 1691 3461 sint

130 3504 202 3556 alii
228 3502 317 3556 alia
340 3500 662 3558 necessaria.
694 3501 835 3569 Spes
858 3500 1001 3555 enim
1040 3498 1140 3554 nisi
1176 3499 1464 3568 praecedat,
1496 3498 1580 3555 cui
1608 3498 1680 3555 la-

130 3595 259 3651 borat
288 3595 450 3651 ﬁdes?
476 3595 609 3650 ﬁdes
634 3594 680 3649 si
708 3609 813 3649 non
843 3593 935 3657 sit,
976 3592 1247 3663 quamodo
1274 3606 1399 3662 spes
1427 3593 1537 3662 ipsa
1563 3608 1687 3649 nas-

131 3689 281 3743 cetur?
297 3688 482 3759 quibus
505 3688 551 3743 si
585 3685 822 3756 deneges
837 3685 1179 3750 charitatem,
1197 3693 1442 3753 utraeque
1460 3683 1542 3754 (2)
1572 3698 1693 3739 ces-

130 3780 296 3835 sabunt
316 3798 330 3834 :
350 3782 473 3851 quia
514 3795 691 3851 neque
721 3778 856 3834 ﬁdes
880 3778 998 3834 sine
1027 3777 1314 3842 charitate,
1349 3792 1524 3848 neque
1567 3791 1692 3847 spes

132 3874 300 3941 poterit
322 3875 531 3946 operari
562 3873 680 3929 sine
707 3872 832 3928 ﬁde.
861 3871 1044 3944 Itaque
1074 3871 1411 3927 Ctirisuanus
1437 3869 1606 3926 tribus
1637 3872 1687 3925 in

191 4034 787 4108 (58)InterjectumAerat
824 4032 1017 4108 inquit,
1047 4031 1139 4108 53d
1169 4029 1463 4108 delevimus
1494 4030 1570 4087 uti
1596 4045 1690 4087 su—

133 4102 357 4177 perﬂuum
384 4102 455 4165 ei
475 4122 608 4165 mss.
640 4102 951 4177 Pompeian.
982 4112 1033 4159 et
1064 4102 1362 4177 chouiau.

193 4176 290 4249 (59)
328 4179 571 4234 Adscrere
600 4179 686 4232 hic
712 4174 967 4249 act-initur
1001 4190 1106 4249 non
1134 4174 1558 4249 ιηθίχηθῑπηιιινιε2
1591 4174 1689 4231 sed

132 4245 212 4319 pro
236 4245 494 4316 uindicare,
526 4259 580 4305 et
609 4248 882 4304 vindicare
910 4246 1126 4319 quidem
1158 4245 1454 4319 rationibus
1496 4246 1689 4319 adver-

132 4314 209 4376 Sus
240 4322 455 4378 Arianos
480 4314 837 4389 excogitatis,
880 4314 1080 4389 utfejus
1107 4333 1236 4370 sane
1269 4315 1476 4371 iidetur
1520 4314 1688 4374 fuisse

132 4394 378 4449 Cotisilium
398 4435 413 4455 .
452 4388 742 4464 quentltoc
761 4391 897 4464 loco
922 4388 978 4446 S.
1011 4390 1255 4445 AtiliStes
1278 4405 1307 4442 a
1340 4394 1490 4464 tanto
1517 4403 1685 4464 ausu,

134 4466 339 4531 periculo
378 4457 675 4533 proposito,
723 4460 989 4517 abducere
1031 4472 1287 4533 conatur;
1322 4457 1462 4513 unde
1509 4460 1687 4514 statim

132 4535 285 4590 subdit
311 4555 322 4590 :
352 4532 594 4601 Defensio
619 4534 754 4590 enim
773 4549 873 4586 non
897 4532 993 4586 nisi
1020 4532 1257 4585 imbecilli
1279 4540 1575 4601 prazstatttr,
1598 4547 1689 4585 nec

133 4617 270 4673 potest
291 4624 396 4662 eum
424 4600 663 4672 reuereri,
683 4605 769 4675 qui
796 4603 984 4675 ingenii
1012 4603 1092 4658 sui
1116 4612 1257 4675 putat
1281 4617 1392 4675 esse
1410 4642 1426 4667 ,
1453 4612 1559 4675 etc.
1590 4600 1689 4655 Vc-

1795 3332 2025 3385 murus,
2057 3318 2150 3374 Dei
2181 3319 2454 3384 ministra,
2508 3319 2593 3387 (6)
2642 3317 2848 3373 Citriin
2897 3320 3111 3384 antica,
3169 3320 3396 3389 spiritus

1793 3410 1966 3464 sancti
2009 3408 2257 3464 conviva.
2304 3408 2437 3465 Huic
2480 3417 2534 3464 et
2580 3408 2864 3480 praesentia
2911 3409 3193 3479 subiacent
3233 3418 3289 3465 et
3314 3411 3401 3465 fu-

1794 3509 1947 3569 tura;
1994 3501 2118 3567 ista,
2164 3502 2288 3572 quia
2318 3502 2650 3566 contemnit;
2701 3501 2816 3567 illa,
2848 3502 3113 3574 quia-sua
3158 3518 3279 3560 esse
3306 3503 3394 3577 (7)

1794 3597 2098 3668 pncsumit.
2129 3595 2243 3653 Nec
2271 3612 2397 3667 Spes
2436 3598 2611 3659 timet,
2660 3612 2729 3653 ne
2761 3611 2866 3652 non
2897 3598 3142 3663 veniant;
3175 3599 3299 3670 quia
3331 3614 3399 3658 ea

1794 3702 2012 3758 semper
2040 3702 2225 3743 secum
2273 3689 2384 3743 suis
2431 3689 2483 3742 in
2534 3686 2820 3743 virtutibus
2870 3697 3069 3759 portat.
3123 3689 3235 3746 Hoc
3285 3699 3393 3755 est,

1792 3781 1935 3851 quod
1969 3780 2236 3835 Abraham
2268 3791 2445 3835 contra
2469 3797 2611 3851 spem
2638 3783 2691 3834 in
2731 3798 2873 3852 spent
2900 3781 3118 3837 credidit
3160 3780 3291 3850 Deo,
3338 3791 3397 3838 ut

1793 3873 1936 3943 ﬁeret
1965 3882 2108 3946 pater
2133 3874 2417 3928 multarunt
2443 3874 2670 3946 gentium
2699 3871 2719 3944 (
2747 3872 2898 3929 Rom.
2922 3890 2999 3942 iv,
3032 3875 3096 3931 l8
3123 3872 3165 3946 ).
3189 3876 3393 3932 Contra

1794 4043 1963 4106 erunt,
2012 4050 2081 4090 ne
2121 4051 2222 4090 una
2267 4050 2389 4090 cum
2437 4035 2701 4091 charitate
2738 4050 2861 4106 spes
2889 4036 3117 4093 aclides
3147 4053 3386 4106 cessare,

1796 4105 1848 4160 id
1873 4116 1955 4161 est
1989 4107 2164 4176 perire
2193 4117 2243 4160 et
2278 4107 2407 4160 nihil
2432 4106 2643 4177 op’erari
2668 4105 2827 4176 posse
2856 4109 3189 4165 viderentur.
3221 4112 3391 4167 Simi-

1794 4177 1916 4251 liter
1944 4193 2001 4234 η.
2028 4182 2084 4242 Α,
2130 4178 2216 4232 ubi
2263 4178 2475 4247 legitur,
2503 4188 2730 4249 utraque
2748 4196 2861 4251 non
2888 4182 3113 4239 stabam.
3149 4183 3387 4251 positum

1791 4246 1913 4311 fuit.
1939 4259 2165 4320 utrisque
2191 4265 2293 4303 non
2322 4246 2625 4320 proderunt.
2644 4246 2720 4304 ’Λι
2744 4250 2892 4306 hisce
2916 4246 3390 4311 ememlatiunibus

1791 4335 1927 4387 Opus
1960 4338 2061 4375 non
2101 4335 2221 4393 esse
2245 4320 2310 4374 ad
2338 4320 2724 4393 vindic:ittdam
2762 4321 2999 4378 Zenonis
3036 4327 3386 4393 sententiam,

1791 4393 1931 4464 satis
1949 4392 2285 4448 ostendimus
2312 4392 2529 4446 dissert.
2559 4408 2618 4459 tt,
2647 4407 2768 4464 cap.
2796 4394 2853 4460 6,
2887 4394 2972 4452 ubi
3003 4395 3118 4451 lich
3148 4392 3391 4454 tcstimo.

1792 4462 1880 4517 nia
1914 4461 2032 4519 fuse
2059 4464 2464 4532 explicavimus.

1869 4532 1951 4603 (5)
1975 4535 2016 4588 Α
2038 4534 2147 4590 Dea
2178 4534 2335 4589 estin
2358 4533 2480 4587 cod.
2516 4534 2669 4588 item.

1864 4604 1947 4675 (4)
1977 4606 2262 4675 Spectatur
2297 4610 2399 4660 hoc
2431 4606 2551 4659 loco
2592 4604 2719 4659 illud
2761 4604 2908 4661 Pauli
2954 4607 3021 4662 ad
3064 4607 3321 4667 Hebrteos
3339 4613 3383 4675 l,

134 4661 348 4747 inpensis
384 4661 662 4735 editionis,
684 4661 993 4730 ductui'ibus
1018 4661 1259 4747 uerbum
1309 4661 1499 4726 adserit
1531 4688 1688 4747 posse
1714 4661 1769 4722 D
1793 4661 1938 4731 veis:
1980 4661 2035 4731 1:
2066 4661 2224 4731 Fides
2267 4687 2339 4730 est
2372 4686 2540 4730 autem
2572 4676 2949 4747 sperandam";
2989 4661 3391 4738 “ﬁgant;

133 4745 369 4806 offendere
407 4752 580 4806 visum
631 4757 751 4812 est,
799 4762 863 4801 ac
915 4745 1140 4816 proinde
1191 4758 1525 4813 supposuere
1556 4743 1691 4816 (haec

134 4820 303 4897 verba,
331 4822 513 4892 quibus
544 4818 778 4877 ZenOnis
807 4815 1042 4897 mentem
1070 4818 1204 4897 citra
1235 4815 1691 4897 .zei‘guivopationis

135 4885 391 4964 periculum
418 4897 783 4964 exprimerent
812 4906 830 4964 ς
866 4888 1107 4964 Quisquis
1147 4885 1424 4964 rationibus
1449 4885 1693 4942 humanis

137 4959 274 5017 Deum
307 4967 462 5021 metiri
488 4957 716 5020 'conatur
742 4977 760 5016 :
788 4957 1035 5030 defensio.
1076 4969 1181 5014 etc.
1218 4957 1336 5030 (Nos
1380 4973 1410 5012 e
1454 4972 1585 5013 mss.
1633 4969 1688 5012 et

136 5035 277 5106 prima
302 5037 423 5090 edit.
451 5048 767 5106 germanum
795 5028 994 5087 (eitum
1018 5028 1375 5086 restituimus.

195 5101 292 5176 (60)
314 5106 406 5162 Ms.
436 5101 652 5176 Fomp.,
682 5103 858 5176 ﬁdem.

216 5174 297 5244 61)
314 5176 401 5233 Ms.
435 5174 586 5244 γεω
610 5174 861 5244 sapientia
886 5190 1003 5230 cum
1029 5174 1181 5228 bona.

216 5180 269 5230 (il
314 5180 401 5233 ills.
435 5180 585 5244 Vat.,
610 5180 861 5244 sapientia
886 5190 1003 5230 cum
1029 5180 1181 5228 bona.
1584 5240 1597 5253 .

163 5180 433 5369 ᾱέξίὶίὧῑὲἠ
461 5248 594 5307 Urb.
625 5262 748 5305 cum
796 5245 919 5304 cod.
949 5245 1141 5317 Pomp.
1176 5252 1230 5300 et
1255 5241 1495 5300 editione
1518 5256 1693 5313 prima

136 5320 259 5371 addit
288 5321 450 5374 Amen.

195 5413 379 5471 TBAC‘I‘.
407 5416 469 5472 ll.
502 5446 567 5457 —-
598 5414 683 5481 (ι)
736 5414 805 5472 Et
829 5414 981 5470 deest
1003 5414 1056 5469 in
1084 5426 1215 5469 nisa.
1244 5408 1434 5479 Pomp.
1462 5418 1517 5464 et
1537 5408 1690 5475 180-;

138 5481 363 5539 intima
412 5504 543 5543 mss.
574 5481 699 5543 Vat.
732 5486 922 5541 et’l‘ol.
974 5486 1146 5541 abest.
1182 5484 1312 5538 Post
1341 5496 1529 5552 pauca,
1567 5482 1687 5535 aliis

140 5553 237 5630 alia
251 5561 529 5615 necessaria
549 5561 806 5630 scriptum
828 5567 911 5613 est
930 5557 982 5611 in
1005 5550 1480 5630 codd.Urh.,Vat.,
1504 5550 1684 5630 item,

142 5622 300 5701 Pomp.
321 5639 371 5684 et
389 5622 674 5687 edit.Ven.'
694 5646 789 5701 pro
809 5630 901 5684 alii
921 5630 1027 5683 alia
1048 5626 1356 5692 necessarie,
1381 5623 1524 5695 quod
1566 5634 1689 5695 post

141 5696 395 5780 editionem
419 5696 916 5780 Y_er._retitiuinus.
972 5773 983 5780 _
1081 5779 1085 5780 ν
1268 5770 1282 5780 ι
1378 5767 1432 5780 Α,
1641 5765 1654 5778 ,

203 5767 273 5837 β)
295 5770 514 5849 incdit.
548 5773 673 5849 Yer.
699 5790 797 5844 pro
820 5773 1109 5837 amount,
1141 5770 1287 5849 quod
1310 5776 1393 5849 est
1417 5767 1687 5849 inomni-

145 5837 228 5903 ηιξ
248 5843 393 5900 codd.
420 5855 476 5901 et.
501 5837 738 5903 editione
769 5860 962 5916 prima,
991 5837 1328 5915 suppositum
1358 5840 1456 5896 fuit
1481 5837 1690 5893 inutiles

1790 4763 1924 4810 runt,
1953 4758 2309 4822 argumentum
2332 4765 2436 4802 non
2456 4751 2840 4822 apparentittm;
2857 4759 2912 4804 et
2935 4751 2987 4822 in
3010 4754 3384 4822 sequentibus,

1791 4821 2060 4893 premium
2086 4821 2212 4889 ﬁdes
2251 4830 2490 4893 meretur,
2527 4820 2926 4893 prospiciantur
2951 4821 3060 4888 illa,
3090 4820 3291 4893 quibus
3315 4820 3383 4880 li;

1790 4890 1891 4946 des
1922 4893 1973 4945 itt
2001 4891 2270 4947 Christum
2303 4891 2464 4948 totius
2495 4892 2669 4946 meriti
2702 4893 2908 4947 initium
2935 4890 3205 4949 statuitur.

1868 4961 1954 5037 (5)
1981 4961 2109 5017 Mss.
2139 4963 2256 5037 Yat.
2289 4977 2344 5018 et
2366 4963 2950 5037 Tolentacuatodienda
2984 4981 3100 5037 spes
3122 4968 3385 5026 virtutum.

1789 5033 1943 5089 Dein.
1978 5050 2108 5089 mss.
2144 5034 2329 5104 Pomp.
2357 5036 2411 5088 in
2436 5037 2551 5102 hac,
2585 5034 2700 5089 Vat.
2732 5046 2779 5089 et
2800 5036 2854 5089 in
2874 5036 2992 5091 hac.

1861 5104 1942 5177 (6)
1971 5105 2096 5162 Mss.
2130 5105 2250 5161 Tol.
2280 5106 2357 5161 vel
2378 5106 2587 5161 Christi.

1863 5199 1942 5268 (7)
1979 5198 2243 5254 Praesumo
2281 5201 2367 5256 hic
2407 5207 2464 5255 et
2502 5198 2631 5254 alibi
2661 5200 2857 5269 smpius
2882 5214 2911 5254 a
2943 5212 3132 5257 nostro
3164 5213 3386 5263 auctore

1794 5271 2024 5354 sumitur
2051 5286 2146 5355 pro
2172 5274 2450 5355 certissime
2491 5288 2691 5355 spero,“
2683 5273 2765 5325 vel
2791 5272 3257 5355 anticipate-scio;
3281 5279 3393 5332 sic-

1795 5343 1872 5397 uti
1899 5338 2190 5397 oSIendunt
2229 5343 2314 5397 illa
2373 5357 2519 5398 num.
2545 5341 2578 5397 6
2604 5361 2617 5396 :
2642 5338 2783 5395 Deus
2809 5338 3033 5412 proximi
3064 5345 3387 5403 dilectionem

1798 5415 2133 5475 commendat.
2157 5414 2571 5484 qnoniamsolam
2594 5414 2875 5484 praesumit,
2910 5413 2961 5468 id
2984 5426 3231 5470 cstcerto
3261 5419 3384 5484 scit,

1792 5500 1995 5539 servare
2041 5502 2207 5556 posse,
2256 5486 2393 5556 quod
2442 5485 2694 5552 praecipit.
2744 5486 3383 5557 Similitcrpraaaumptio

1794 5572 1902 5629 non
1935 5572 2202 5626 nunquam
2248 5572 2344 5629 pro
2382 5558 2663 5629 anticipata
2700 5567 2869 5629 certa“
2886 5556 3075 5629 notitia
3104 5566 3153 5610 et
3190 5557 3384 5626 fiducia

1794 5628 2073 5695 accipitur,
2101 5629 2174 5681 uti
2203 5628 2345 5697 apud
2372 5626 2711 5697 Spartianum
2742 5630 2794 5681 in
2828 5626 3216 5697 iladrianiivita
3241 5644 3291 5684 c.
3323 5631 3379 5685 ἓξ

1796 5696 1995 5753 Habuit
2038 5707 2209 5771 autem
2244 5696 2697 5771 'prtesumptionem
2736 5696 2943 5771 itnpe_rii
2978 5712 3043 5749 ea:
3068 5696 3229 5771 (lovis
3295 5718 3381 5755 re-

1796 5785 2005 5842 sponso.
2033 5770 2139 5825 Pro
2164 5787 2225 5824 ne
2253 5767 2354 5824 non
2373 5772 2592 5835 veniant,
2621 5770 2672 5823 in
2702 5781 2832 5822 mss.
2859 5767 3172 5842 Pompeian.
3197 5779 3302 5839 est,
3325 5786 3381 5829 ut

1799 5838 1903 5897 non
1927 5842 2115 5906 ueniat,
2144 5842 2241 5897 sed
2262 5855 2357 5911 pro
2386 5851 2443 5895 ut
2464 5842 2567 5896 alia
2599 5853 2758 5894 manu
2784 5838 3049 5909 scriptum
3074 5848 3254 5897 estne.
