3894 6322
91 319 212 374 273

1351 319 1552 376 LIBER
1593 319 1634 375 Ι.
1678 320 2095 380 TRACTATUS
2133 326 2194 381 ll.

3296 329 3404 385 εκ

92 451 165 493 ac
203 436 344 494 ﬁdes
385 445 594 508 tempus
625 437 855 503 habent;
905 435 1143 492 charitas
1173 445 1352 493 autem
1391 438 1551 493 linem
1593 454 1698 494 non
1730 447 1783 506 Α
1806 453 1968 493 sensu
1999 441 2252 510 magistra
2284 443 2575 499 dilectione
2615 447 2878 512 converti,
2912 455 2967 500 ut
2995 446 3168 518 quivis
3198 446 3398 502 intelli-

94 529 268 585 habet
291 532 338 602 (Ι
366 530 490 586 Cor.
518 547 605 585 stu
633 533 671 600 ),
699 532 985 586 momentis
1009 532 1260 587 omnibus
1282 532 1499 595 crescit,
1527 548 1698 603 quan-

95 632 270 694 toque
297 625 370 678 ab
398 640 461 679 ea
498 625 836 693 diligentibus
871 625 1099 679 invicem
1131 625 1387 691 creditur,
1432 633 1579 679 tanto
1622 626 1706 679 in-

93 717 278 771 vicem
311 717 433 786 plus
460 717 698 772 debetur.
745 716 860 772 Non
888 733 1211 787 quemquam
1235 734 1332 786 pro
1364 733 1590 788 persona
1619 717 1701 772 di-

93 807 239 877 ligit,
275 809 485 862 adulari
515 808 639 878 quia
673 809 880 874 nescit;
913 819 1016 863 nun
1050 826 1147 880 pro
1177 813 1400 872 honore,
1432 811 1552 879 quia
1585 823 1700 863 am-

93 899 299 955 bitiosa
328 916 440 954 non
464 909 578 965 est;
611 915 714 955 non
745 916 842 970 pro
870 917 1024 964 sexu,
1058 904 1311 971 quoniam
1346 901 1421 955 illi
1464 916 1600 955 unus
1623 911 1705 955 est

95 993 294 1056 ambo;
341 1009 452 1046 non
485 1009 581 1063 pro
625 1003 885 1063 tempore,
933 996 1055 1064 quia
1097 1000 1242 1049 varia
1285 1010 1388 1050 non
1429 1005 1551 1060 est;
1598 1010 1702 1048 non

97 1084 419 1149 aemulatur,
464 1085 590 1155 quia
622 1085 814 1139 invidia
848 1085 974 1156 quid
1017 1087 1105 1149 sit,
1143 1088 1378 1156 ignorat;
1409 1102 1514 1140 non
1548 1085 1702 1140 inﬂa-

96 1185 232 1252 tur,_
276 1179 401 1246 quia
453 1177 810 1233 humilitatem
857 1179 1021 1243 colit;
1069 1195 1174 1232 non
1217 1181 1413 1233 malum
1463 1167 1698 1249 cogitat,

96 1271 222 1340 quia
256 1271 489 1341 simplex
531 1283 646 1336 est;
682 1288 786 1326 non
826 1272 1101 1336 irascitur,
1131 1275 1251 1342 quia
1284 1272 1447 1328 etiam
1481 1273 1707 1342 injurias

94 1366 334 1421 libenter
396 1368 771 1436 amplectitur;
822 1383 926 1420 non
981 1366 1150 1430 fallit,
1199 1368 1321 1436 quia
1377 1366 1537 1421 tidem
1592 1365 1707 1435 ipsa

94 1458 371 1524 custodit;
418 1475 526 1514 non
569 1460 676 1513 ulla
719 1475 778 1515 re
827 1461 1050 1530 indiget,
1083 1461 1208 1530 quia
1247 1460 1298 1514 ei
1341 1472 1537 1530 praeter
1563 1460 1707 1531 quod

95 1561 202 1615 est,
253 1552 387 1605 nihil
419 1560 506 1606 est
547 1553 933 1607 necessarium.
980 1553 1105 1608 Haec
1146 1569 1290 1618 rura,
1326 1553 1485 1608 urbes
1515 1569 1577 1608 ac
1607 1566 1704 1621 po-

94 1643 272 1710 pulos,
300 1643 419 1714 (22)
460 1645 760 1714 composita
803 1645 909 1718 23
942 1646 1193 1715 pacisque
1235 1657 1541 1702 conservat.
1582 1646 1709 1702 Haec

94 1735 452 1806 circaregnm
482 1737 648 1792 latera
690 1751 911 1794 securos
963 1739 1171 1810 gladios
1216 1740 1332 1811 (25)
1386 1740 1530 1794 facit.
1583 1739 1708 1795 Haec

1803 540 1913 604 gat,
1948 533 2052 589 hoc
2079 535 2192 590 ﬁeri
2225 552 2328 591 non
2350 553 2508 607 posse
2534 539 2650 594 sine
2679 541 2938 596 naturalis
2967 541 3218 596 amicitia:
3244 541 3401 597 disci—

1804 627 1985 698 plina?
2012 629 2150 696 Quid
2179 639 2360 684 autem
2395 647 2490 701 pro
2523 647 2580 687 se
2629 633 2680 687 iti
2732 635 3146 691 necessitatibus
3185 645 3400 706 gerant,

1806 720 2056 790 omnibus
2088 732 2214 775 nota
2244 737 2528 790 porcorum
2546 725 2853 794 quotidiana
2876 727 3263 797 propemodum
3289 739 3396 782 tam

1803 815 2023 884 jncundi
2056 817 2370 870 certaminis
2415 818 2661 887 exempla
2694 818 2967 874 declarant
2999 837 3011 875 :
3043 823 3165 891 quia
3206 821 3400 892 aliquis

1806 923 1991 962 eorum
2007 923 2128 962 cum
2149 908 2283 962 forte
2298 909 2365 963 de
2388 925 2614 963 noun-ro
2636 911 2851 964 audacis
2874 911 2982 980 lupi
3002 912 3148 967 rabie
3180 913 3296 984 (28)
3316 927 3402 967 ro-

1808 1009 1970 1066 talus,
1988 1001 2038 1054 in
2062 1017 2302 1071 prmsens
2323 1001 2616 1071 periculum
2643 999 2750 1073 2η
2775 1002 3002 1072 coeperit
3035 1001 3148 1076 (29)
3175 1004 3401 1059 infesta-

1811 1093 2044 1148 tionibus
2071 1096 2362 1165 tyrannicis
2393 1095 2534 1160 duci,
2565 1109 2755 1150 omnes
2782 1096 3392 1165 repenteeoncelerant;

1811 1186 2078 1241 laboranti
2108 1188 2461 1253 subveniunt;
2489 1203 2624 1258 pene
2649 1189 2815 1242 armis
2835 1189 2965 1257 ipsis
2996 1187 3194 1242 inimici
3228 1200 3404 1242 certa-

1811 1279 1906 1332 tim
1935 1294 1994 1333 se
2023 1279 2136 1350 (30)
2168 1284 2360 1334 crebro
2387 1280 2693 1350 subjiciunt;
2718 1279 2916 1350 ingenti
2943 1279 3152 1350 fragore
3179 1279 3407 1333 coofun-

1812 1370 1978 1435 dunt;
2012 1373 2347 1440 exsertisque
2381 1373 2727 1426 mucronibus
2755 1370 3006 1437 sordidis,
3046 1370 3190 1424 velut
3230 1380 3403 1425 testu-

1813 1464 1937 1520 dine
1960 1466 2190 1534 quadam
2221 1469 2511 1529 resistunt;
2547 1466 2868 1535 vincuntque
2884 1463 3093 1518 facilius
3121 1464 3406 1527 charitate,

1813 1557 1956 1627 quod
1989 1557 2256 1626 sigillatim
2306 1557 2443 1612 nuda
2486 1557 2569 1611 vix
2616 1566 2842 1628 possunt
2886 1571 3146 1628 superare
3191 1557 3410 1610 virtute.

1815 1647 2093 1704 Elementa
2123 1663 2335 1718 quoque
2359 1649 2494 1720 ipsa,
2526 1650 2740 1713 fratres,
2773 1652 2904 1703 satis
2929 1650 3139 1703 diversa
3170 1649 3410 1718 satisque

1814 1750 2168 1812 repugnantia
2216 1743 2345 1795 olim
2389 1741 2840 1811 deprehendisset
2889 1741 3162 1806 interitus,
3214 1741 3311 1793 nisi
3347 1754 3409 1795 ea

95 1826 231 1881 bella
265 1829 486 1896 premit.
525 1829 645 1884 lites
675 1830 833 1895 tollit,
875 1831 996 1900 jura
1033 1844 1276 1895 evaeuat,
1311 1832 1421 1887 fora
1453 1848 1692 1903 compes-
1735 1836 1784 1896 B
1812 1835 2039 1891 invicem
2089 1836 2289 1889 mutuis
2339 1837 2739 1905 aaqnalibnsque
2795 1836 3172 1905 temperantia:
3225 1835 3411 1889 dotata

96 1924 188 1988 cit,
235 1922 360 1976 odia
412 1923 674 1987 eradicat,
731 1928 837 1977 iras
862 1927 1143 1996 extinguit.
1197 1927 1319 1981 llaec
1350 1943 1496 1981 mare
1539 1943 1701 1996 pene-

98 2026 220 2083 trat,
246 2019 372 2088 (24)
387 2018 574 2073 orbem
600 2021 812 2086 circuit,
843 2026 1170 2078 commercio
1193 2023 1495 2078 nationibus
1524 2038 1710 2079 neces-

98 2111 235 2163 saria
279 2109 680 2166 subministrat.
709 2113 1033 2180 Potentiam,
1074 2113 1290 2180 fratres,
1325 2116 1434 2170 cito
1454 2117 1574 2186 ejus
1596 2117 1712 2171 edi-

98 2219 235 2258 eam.
264 2203 544 2276 Quidquid
589 2207 719 2262 locis
759 2217 946 2262 natura
977 2209 1248 2278 negaverit
1280 2251 1293 2272 ,
1325 2209 1564 2264 charitas
1592 2209 1709 2281 (ἓῦ)

98 2297 295 2352 reddit.
331 2297 463 2352 Haec
492 2299 792 2369 eonjugalis
833 2300 1058 2355 affectus
1086 2301 1223 2379 duos
1254 2299 1504 2354 homines
1531 2316 1711 2356 sacra-

104 2400 290 2444 mento
314 2391 614 2446 venerabili
641 2407 797 2445 unam
828 2393 969 2462 cogit
1003 2393 1055 2446 in
1089 2407 1327 2448 carnem.
1377 2392 1500 2448 llzrc
1523 2392 1712 2447 Imma-

103 2481 254 2534 nitati
302 2491 524 2551 priestat
553 2496 697 2546 esse,
725 2483 866 2553 quod
894 2483 1150 2537 nascitur.
1181 2484 1348 2552 Ilujus
1376 2495 1460 2540 est
1487 2499 1702 2549 munus,

98 2571 239 2642 quod
265 2587 394 2627 cara
425 2586 581 2640 uxor,
611 2573 752 2643 quod
785 2573 902 2643 (26)
935 2578 1182 2644 generosi
1210 2575 1384 2640 liberi,
1417 2575 1563 2645 quod
1598 2575 1709 2630 veri

103 2674 227 2719 Sunt
273 2676 479 2734 patres.
513 2665 680 2736 Ilujus
705 2676 788 2720 est
815 2681 1028 2732 munus,
1061 2667 1204 2735 quod
1233 2668 1345 2732 alii,
1379 2679 1435 2720 ut
1459 2682 1577 2733 nos,
1611 2677 1704 2721 aut

105 2755 392 2825 plusquam
422 2772 543 2822 nos,
577 2757 827 2825 proximi,
876 2759 955 2811 vel
989 2758 1148 2812 amici
1176 2767 1300 2812 sunt
1329 2759 1502 2813 nobis.
1537 2759 1710 2828 Hujus

106 2857 185 2900 est
215 2862 435 2912 munus,
486 2847 628 2918 quod
665 2847 938 2917 diligimus
962 2865 1172 2915 servos,
1221 2859 1278 2904 ut
1313 2851 1488 2916 lllios;
1520 2869 1583 2908 ac
1613 2867 1712 2907 nos

109 2939 184 2994 illi
209 2941 399 2994 eolunt
432 2940 685 3005 libenter,
714 2951 771 2994 ut
798 2940 1064 2996 dominos.
1101 2941 1269 3011 Ilujus
1287 2952 1368 2996 est
1398 2958 1611 3006 munus,
1635 2952 1714 3010 ut,

110 3049 212 3086 non
233 3031 412 3087 dicam
441 3032 553 3103 (27)
586 3042 763 3097 notos,
788 3041 881 3086 aut
899 3034 1122 3099 amicos,
1146 3033 1240 3088 sed
1255 3049 1398 3104 stupe
1412 3035 1573 3088 etiam
1591 3050 1707 3100 eos,

113 3141 245 3195 quos
295 3141 590 3196 numquam
634 3125 888 3191 vidimus,
935 3126 1240 3197 diligamus.
1293 3127 1457 3197 Ilujus
1486 3137 1569 3183 est
1601 3143 1717 3182 mu-

1812 1931 2153 1991 mnneribus,
2189 1930 2442 1998 perennis
2475 1927 2726 1983 connubii
2768 1928 2912 1982 ﬁdeli
2944 1928 3236 1998 propagine
3263 1927 3418 1982 beni-

1809 2039 1912 2094 gna
1934 2021 2168 2078 charitas
2200 2021 2480 2091 illigasset.
2513 2019 2654 2074 Nihil
2698 2029 2781 2074 cst
2825 2036 3080 2090 prorsus,
3111 2018 3252 2090 quod
3297 2019 3417 2073 sine

1811 2113 1913 2168 hac
1940 2123 2174 2182 gratum,
2203 2095 2321 2165 sine
2347 2110 2448 2166 hac
2474 2111 2778 2180 paciticum,
2812 2111 2931 2166 sine
2959 2110 3061 2165 hac
3083 2110 3264 2176 lidele,
3292 2111 3414 2165 sine

1813 2203 1914 2258 hac
1945 2219 2218 2268 securum,
2251 2204 2368 2258 sine
2401 2202 2498 2257 hac
2519 2203 2838 2272 gloriosum,
2864 2202 2979 2257 sine
3009 2202 3110 2256 hac
3139 2201 3251 2255 Deo
3287 2202 3416 2271 jun-

1811 2305 1981 2357 ctum,
2016 2298 2132 2349 sine
2180 2294 2278 2350 hac
2313 2295 2484 2364 possit
2519 2310 2640 2349 esse
2668 2293 2988 2364 perlectum.
3019 2294 3260 2365 Denique
3288 2308 3413 2349 cum

1816 2387 2075 2442 Dominus
2106 2389 2556 2458 interrogaretur,
2583 2387 2727 2457 quod
2768 2394 2914 2442 esset
2955 2401 3225 2441 summum
3276 2386 3413 2457 legis

1814 2494 1984 2534 sacra:
2007 2479 2380 2548 ’przeceptmn,
2420 2480 2498 2534 sic
2528 2480 2603 2532 ait
2633 2479 2818 2534 dicens
2848 2498 2861 2536 :
2895 2477 3092 2551 Diliges
3138 2479 3416 2533 Dominum

1822 2573 1983 2627 Deum
2015 2581 2156 2625 luunt
2187 2589 2251 2626 ea:
2283 2582 2386 2626 toto
2414 2571 2567 2626 carde
2593 2583 2696 2636 tuo,
2727 2589 2788 2626 ea:
2815 2582 2918 2626 tota
2949 2573 3123 2626 anima
3151 2581 3260 2636 tua,
3283 2580 3327 2624 et
3354 2586 3420 2624 ea:

1817 2673 1924 2722 tota,
1966 2663 2152 2717 virtute
2199 2673 2311 2715 tua.
2358 2661 2426 2716 Et
2473 2661 2749 2716 secundum
2792 2663 2959 2716 simile
3004 2662 3121 2715 huic
3150 2678 3168 2714 :
3222 2660 3418 2731 Diliges

1818 2757 2109 2828 proximum
2135 2765 2300 2816 tuum,
2322 2765 2582 2824 tamquam
2604 2757 2839 2825 teipsum.
2874 2753 2940 2807 In
2969 2755 3047 2808 liis
3069 2755 3264 2808 duobus
3296 2754 3415 2826 (3t)

1819 2852 2087 2921 prceceplis
2125 2849 2309 2919 pendet
2339 2851 2502 2902 omnis
2527 2848 2628 2913 lex,
2657 2860 2702 2902 et
2732 2850 2992 2921 prapheta:
3025 2850 3044 2920 (
3072 2847 3259 2902 Matth.
3284 2862 3414 2911 mi,

1819 2944 1909 3004 37.
1956 2943 2063 3008 59,
2104 2942 2232 3011 40).
2286 2941 2439 2996 Unde
2486 2940 2830 2996 manifestum
2897 2952 3012 3007 est,
3070 2940 3419 2995 dilectionem

1820 3035 2075 3090 virtutum
2108 3036 2350 3090 omnium
2380 3035 2684 3089 divinarum
2719 3050 2839 3089 esse
2878 3035 3236 3090 substantiam
3268 3043 3424 3087 natu-

1823 3133 2101 3200 ralemque
2132 3130 2442 3201 magistram
2470 3147 2482 3183 :
2516 3129 2770 3200 quoniam
2799 3144 2864 3185 ex
2897 3130 3013 3198 lege
3041 3128 3292 3192 discitur,
3324 3127 3424 3183 sed

114 3233 232 3282 nus,
282 3223 429 3288 quod
457 3221 799 3290 antiquorum
829 3228 924 3273 aut
950 3222 1178 3275 virtutes
1205 3235 1272 3276 ex
1304 3221 1471 3287 libris,
1521 3229 1612 3274 aut
1642 3236 1705 3275 ex
1737 3218 1781 3279 C
1815 3223 1868 3278 in
1900 3223 2170 3278 mentibus
2216 3223 2454 3277 nascitur
2487 3240 2498 3275 :
2534 3223 2619 3276 lex
2647 3224 2792 3277 enim
2821 3223 3018 3292 pendet
3043 3239 3107 3276 ex
3134 3221 3424 3291 charitate,

116 3314 408 3369 virtutibus
437 3314 601 3368 libros
623 3315 985 3386 agnoscimus.

193 3404 254 3458 ν.
291 3405 400 3462 Sed
446 3405 572 3475 quid
621 3422 752 3476 ergo
791 3407 992 3462 diutius
1023 3407 1278 3463 demorer
1332 3409 1387 3462 iii
1433 3407 1716 3474 humanis,

119 3501 269 3567 quasi
299 3499 420 3554 sola
454 3502 557 3554 isto
583 3499 777 3555 affectu
810 3502 919 3555 sint
951 3501 1217 3570 prtedita't
1254 3500 1445 3555 Nonne
1476 3502 1720 3556 videmus

125 3605 284 3648 omne
333 3593 681 3647 animantium
731 3608 898 3663 genus
937 3592 1380 3664 congregatione,
1430 3591 1722 3646 concordia

124 3687 306 3741 testari
333 3685 646 3741 charitatem
668 3702 694 3754 ;,
717 3687 967 3757 atqueita
1004 3701 1196 3742 omnes
1224 3693 1411 3741 motus-
1429 3684 1584 3754 quasi
1615 3699 1722 3739 uno

126 3850 209 3905 hic
243 3850 318 3906 de
367 3864 490 3905 vera
512 3859 569 3904 et
602 3849 905 3905 Christiana
931 3850 1192 3905 charitate
1219 3866 1400 3906 sermo
1419 3859 1534 3914 est;
1563 3866 1719 3906 secus

125 3922 451 3977 admittenda
484 3931 630 3976 esset
658 3923 964 3991 Sparaverii
1012 3921 1320 3977 emendatio
1366 3941 1377 3975 :
1413 3921 1570 3976 Fides
1611 3939 1727 3975 om.

127 3995 266 4046 nium
295 4003 392 4054 est,
422 3993 645 4046 charitas
676 4010 980 4064 paucorum.
1028 3993 1134 4049 Sed
1162 4009 1284 4048 cum
1314 3996 1437 4047 huic
1462 3993 1722 4048 emenda-

133 4066 257 4117 tioni
299 4066 427 4117 nulli
461 4065 702 4126 codices.
739 4066 900 4119 nullae
927 4066 1193 4119 editiones
1224 4066 1610 4134 sntit-agentur;
1657 4065 1725 4119 de

129 4135 388 4189 charitate
413 4135 515 4190 late
548 4146 760 4203 sumpta
795 4135 876 4189 hic
905 4138 1052 4190 locus
1081 4137 1428 4201 accipiendos
1461 4147 1516 4190 et
1558 4137 1729 4191 inter-

135 4207 424 4276 pret-nidus
455 4208 696 4262 videtur:
723 4208 789 4260 de
822 4224 926 4274 quo
961 4210 1108 4276 plura
1138 4208 1354 4261 dissert.
1392 4225 1450 4272 ll,
1480 4222 1600 4275 cap.
1635 4209 1689 4263 5.

202 4299 319 4369 ('22)
354 4299 420 4351 lta
445 4316 507 4354 ex
540 4315 668 4353 mss.
697 4300 876 4360 Πρω..
905 4300 1022 4354 Vat.
1051 4312 1102 4355 et
1129 4302 1312 4368 Pomp.
1341 4302 1392 4354 In
1418 4301 1572 4370 lmjns
1601 4317 1726 4371 pos-

138 4376 288 4423 tremi
324 4375 577 4438 margine,
617 4382 671 4424 et
702 4375 751 4424 in
785 4373 917 4426 Ven.
947 4374 1076 4426 edit.
1121 4389 1214 4438 pro
1239 4374 1478 4443 pacisque
1507 4373 1731 4426 habetur

137 4458 423 4511 pacesque;
461 4443 512 4496 in
554 4444 683 4497 edit.
741 4443 934 4496 Veron.
992 4459 1251 4514 pureque,“
1283 4446 1333 4496 in
1377 4443 1559 4496 Patav.
1610 4461 1732 4514 pace

143 4516 320 4566 deleto
344 4531 435 4582 que
461 4531 523 4566 ex
569 4514 971 4576 emendatione,
1003 4515 1075 4566 uti
1106 4525 1352 4583 apparet,
1401 4514 1728 4584 Sparaverii,

141 4584 291 4652 Cujus
345 4585 524 4637 adnot.
578 4587 629 4638 iti
679 4586 784 4639 line
814 4584 1135 4638 referentur.
1201 4585 1324 4638 Hzec
1374 4586 1530 4639 lectio
1582 4586 1735 4639 nobis

142 4671 350 4724 quoque
390 4658 643 4724 placeret,
685 4656 727 4709 si
761 4660 842 4708 cui
873 4656 1045 4709 codici
1076 4655 1160 4710 vel
1193 4655 1412 4709 editioni
1449 4661 1728 4712 niteretur.
1764 4665 1814 4724 ι)

146 4730 211 4778 At
250 4741 370 4779 cum
395 4744 489 4794 que
520 4730 717 4796 ubique
749 4728 977 4796 legatur,
1010 4729 1292 4781 lectionem
1322 4736 1552 4798 quatuor
1582 4728 1730 4782 codi-

153 4811 270 4849 cum
299 4800 507 4871 caeteris
543 4801 954 4868 pra-posuimus,
983 4815 1102 4868 qua:
1134 4815 1160 4852 a
1190 4799 1495 4853 Zeiioniana
1521 4801 1732 4871 syntaxi

151 4883 251 4920 non
299 4867 598 4936 discrepat;
653 4867 1061 4937 nonnunquam
1108 4875 1251 4924 enim
1297 4867 1733 4941 conjunctionem

151 4955 242 5006 que
293 4941 540 4992 secunda:
593 4951 711 5009 post
754 4942 1013 5009 virgulam
1063 4943 1182 4996 voci
1225 4952 1412 4995 auctor
1464 4945 1732 5010 apposuit.

155 5011 435 5083 Composita
459 5024 638 5067 autem
669 5015 810 5083 pacis
841 5027 936 5080 pro
971 5023 1121 5079 pacta
1150 5014 1200 5066 in
1235 5013 1573 5083 cincilianda
1608 5029 1738 5081 pace

155 5081 444 5145 compOsita
489 5079 679 5145 dixit,
709 5093 764 5137 et
808 5079 978 5148 ellipsi
1033 5100 1159 5136 usus
1212 5095 1295 5136 est
1345 5079 1503 5139 illins'
1536 5079 1736 5138 sititili:

161 5154 348 5204 Antam
383 5170 622 5207 curarum
669 5156 806 5221 apud
843 5154 1146 5218 Horatium,
1191 5154 1366 5206 abdita
1394 5157 1661 5219 montium,
1691 5164 1747 5210 et

158 5223 256 5296 alia
283 5226 332 5275 id
363 5227 572 5292 generis
606 5227 754 5294 plura
776 5226 914 5294 apud
940 5225 1278 5291 Lucretium,
1311 5223 1582 5290 Tacitum,
1606 5228 1751 5296 Apu-

165 5295 321 5348 leium
351 5306 400 5347 et
429 5297 581 5350 alios.

234 5388 350 5459 (2'5)
394 5389 544 5444 Fallit
573 5392 625 5444 in
671 5390 941 5459 plerisque
967 5385 1241 5445 codicibus
1267 5401 1321 5445 et
1351 5389 1587 5454 editione
1620 5389 1751 5443 Ven.

165 5458 370 5529 legitur.
401 5461 584 5516 Solum
615 5458 680 5514 in?
699 5477 828 5515 mss.
852 5461 1065 5530 Pomp.,
1090 5461 1220 5515 Zen.
1245 5473 1296 5516 et
1327 5461 1378 5516 in
1404 5462 1617 5516 caeteris
1643 5461 1758 5517 edi-

171 5531 233 5583 tis
262 5532 405 5601 facit,
437 5533 576 5603 quod
606 5534 946 5587 retinuimus.

191 5683 202 5688 _
237 5624 354 5696 (Ἃ)
385 5625 565 5681 Urbem
591 5642 687 5696 pro
704 5629 872 5680 orbem
900 5626 1036 5680 facili
1067 5628 1222 5682 unius
1249 5628 1442 5682 littera:
1466 5627 1761 5682 mutatione

175 5711 451 5764 perperam
499 5700 550 5752 in
603 5700 980 5767 manuscriptis
1033 5709 1086 5753 et
1137 5701 1298 5754 editis
1347 5701 1602 5767 seriptum
1653 5707 1756 5754 est.

179 5769 609 5825 Emendationem
643 5784 834 5839 sensus
865 5773 1151 5839 persuasit.
1180 5767 1496 5826 Comniercio
1523 5769 1763 5824 restitui.

183 5854 298 5893 mus
325 5854 392 5892 ex
421 5855 548 5894 mss.
583 5840 761 5905 Renn,
797 5838 1009 5910 l’otnp.,
1041 5853 1094 5895 et
1135 5841 1264 5896 edit.
1295 5842 1450 5909 νειμ,
1498 5857 1618 5895 cum
1654 5841 1762 5897 alio

1822 3330 1927 3370 non
1945 3317 2185 3370 charitas
2201 3316 2400 3384 pendet
2429 3331 2497 3371 ex
2519 3316 2658 3386 lege,
2681 3331 2838 3370 sacra
2870 3316 3147 3385 Scriptura
3173 3316 3388 3371 dicente
3415 3334 3428 3374 :

1819 3407 1971 3462 Justo
2001 3409 2086 3462 lea:
2117 3409 2279 3476 posita
2310 3424 2410 3461 non
2458 3418 2551 3470 est,
2586 3407 2676 3461 sed
2706 3409 2962 3473 peccatori
3003 3407 3056 3477 (Ι
3085 3406 3218 3460 Tim.
3254 3422 3294 3472 t,
3321 3407 3425 3475 9).

1823 3499 2081 3555 Peccator
2128 3508 2306 3553 autem
2364 3499 2454 3553 ille
2497 3509 2601 3564 est,
2633 3500 2722 3570 qui
2756 3497 3074 3552 charitatem
3105 3514 3210 3552 non
3261 3499 3428 3554 habet

1827 3592 1950 3647 Dei:
1971 3607 2032 3648 ac
2052 3608 2146 3661 per
2169 3593 2272 3645 hoc
2299 3591 2415 3663 (32)
2437 3593 2682 3659 Operatiti
2706 3594 2838 3647 iram
2862 3602 3010 3648 recte
3031 3593 3272 3663 subjacet
3295 3593 3422 3663 legi.

1828 3685 1988 3754 Atqui
2033 3682 2174 3738 forte
2218 3683 2414 3754 aliquis
2457 3683 2623 3752 dicat,
2657 3684 2744 3740 lex
2792 3685 3098 3756 Spernenda
3138 3695 3250 3752 est,
3297 3687 3427 3758 quia

1829 3865 1989 3904 sensu
2023 3851 2296 3920 legeretur
2323 3850 2401 3904 sic
2433 3867 2446 3904 ε
2476 3850 2650 3904 urbem
2674 3850 2855 3904 circuit
2880 3867 2900 3906 :
2926 3852 3234 3905 commercia
3255 3852 3428 3906 natio-

1831 3921 1975 3974 nibus
2004 3922 2290 3974 twcessaria
2317 3923 2684 3974 subministrat.

1901 3993 2016 4062 (25)
2060 3993 2244 4047 Reddit
2277 4008 2371 4060 pro
2397 3992 2518 4056 dot;
2566 4009 2686 4045 nam
2729 4003 2784 4047 nt
2812 4001 2961 4047 notat
2987 3991 3176 4048 Celsus
3200 3993 3248 4047 J.
3277 3991 3339 4048 C.
3365 3994 3431 4047 de

1831 4065 2094 4118 verborum
2120 4064 2518 4133 signiﬁcatione,
2545 4063 2604 4117 L.
2631 4066 2832 4118 verbum
2855 4067 2889 4118 Ι.
2917 4081 2984 4118 xx
3012 4065 3430 4135 ltig.,Reddendi

1833 4136 2039 4188 verbum
2067 4151 2373 4205 quamquam
2401 4135 2824 4204 signiﬁcationem
2850 4136 2998 4190 habet
3036 4149 3168 4188 retro
3220 4136 3384 4188 dandi
3409 4152 3428 4200 ;

1836 4207 2019 4273 accipit
2047 4217 2214 4260 tamen
2239 4215 2286 4259 et
2316 4222 2404 4271 per
2443 4223 2495 4258 se
2537 4208 2693 4260 dandi
2715 4209 3162 4277 signiﬁcationem.
3192 4207 3280 4262 Sic
3312 4206 3431 4259 red-

1838 4281 1955 4330 dere
1979 4279 2266 4344 epistolam,
2293 4279 2375 4344 ius
2406 4278 2617 4331 reddere
2647 4294 2742 4348 pro
2768 4281 2890 4333 dare
2915 4295 3112 4347 smptus
3141 4278 3276 4346 apttd
3301 4292 3432 4348 pro.

1838 4349 1993 4404 batos
2018 4361 2265 4403 anetores
2289 4350 2551 4403 invenies.
2571 4351 2902 4420 Quamqunn
2931 4367 3050 4403 cum
3079 4350 3146 4402 de
3165 4365 3433 4402 commer-

1838 4422 1923 4475 cio
1976 4420 2059 4473 hic
2098 4435 2275 4475 sermo
2318 4423 2416 4485 sit;
2450 4421 2607 4474 reddo
2639 4423 2822 4474 stricte
2864 4421 3029 4488 accipi
3060 4420 3260 4491 potuit.
3294 4435 3431 4490 qua-

1840 4500 1998 4547 tenus
2026 4506 2120 4558 per
2149 4492 2530 4546 commercium
2574 4493 2917 4546 commutatis
2950 4493 3215 4546 mercibus
3236 4532 3249 4556 ,
3283 4491 3432 4545 aliud

1846 4577 1941 4632 pro
1971 4563 2096 4621 alio.
2125 4562 2266 4630 quod
2297 4566 2580 4630 accipitur,
2609 4563 2870 4615 redditttr.

1921 4633 2040 4704 (20')
2084 4633 2343 4704 Generosi
2380 4633 2619 4686 hoc‘loco
2650 4633 2900 4704 dicuntur
2917 4647 3020 4686 non
3049 4632 3344 4704 degeneres
3374 4631 3441 4686 li-

1842 4703 1976 4764 beri.
2008 4707 2096 4772 qui
2122 4714 2267 4758 recte
2301 4703 2453 4758 laetis
2480 4706 2558 4755 sui
2583 4703 2794 4770 generis
2820 4705 2986 4757 decus
3005 4713 3244 4765 tuentur,
3271 4703 3435 4772 idque

1838 4775 2172 4846 potissimum
2205 4776 2466 4827 eharitate
2498 4783 2804 4844 praestatur,
2833 4785 3096 4845 quatenus
3124 4775 3235 4828 inec
3254 4776 3318 4846 ad
3341 4789 3439 4844 ge-

1839 4845 1984 4902 neris
2008 4846 2245 4913 ejusdem
2275 4845 2439 4899 decus
2467 4847 2888 4900 Conservanduui
2931 4846 3075 4915 ipsos
3104 4845 3347 4913 impellit.

1915 4918 2032 4987 (‘27)
2075 4917 2129 4971 In
2165 4932 2294 4970 mss.
2326 4918 2479 4972 Rem.
2513 4928 2567 4970 et
2596 4917 2722 4971 Urb.
2755 4919 2988 4982 ignotos,
3036 4927 3127 4970 aut
3157 4917 3390 4970 inimicos
3420 4932 3438 4970 :

1842 4992 2042 5060 ignotos
2071 4991 2232 5042 etiam
2264 4989 2457 5057 legitur
2481 4989 2531 5042 in
2551 4989 2736 5042 Codice
2757 4988 2971 5056 Pomp.,
2997 4987 3293 5060 sed_male;
3319 5003 3444 5042 nam

1844 5058 2002 5127 ignoti
2032 5060 2274 5126 sequirnti
2314 5074 2470 5113 versu
2502 5062 3052 5128 comprehenduntur.
3101 5058 3264 5112 Paulo
3322 5068 3445 5125 post

1853 5131 2213 5201 prodentorer,
2237 5132 2287 5184 in
2309 5131 2548 5200 margine
2569 5147 2669 5184 ms.
2698 5131 2882 5200 Potnp.
2911 5141 2964 5184 et
2981 5130 3122 5185 Edit.
3152 5129 3286 5185 Ven.
3309 5129 3443 5201 legi-

1855 5215 1940 5257 tur
1966 5203 2232 5266 demoror,
2260 5212 2314 5255 et
2340 5211 2460 5254 sunt
2479 5206 2583 5269 pro
2612 5205 2735 5254 sint.

1928 5272 2044 5343 (28)
2088 5273 2209 5326 Mss.
2248 5272 2364 5326 Vat.
2394 5281 2448 5325 et
2479 5271 2608 5327 Urb.
2639 5273 2905 5326 denotatus
2928 5290 2946 5327 :
2974 5272 3129 5337 Zen.,
3159 5272 3347 5340 Pomp.
3392 5283 3452 5327 et

1859 5345 2017 5411 Spar.
2045 5345 2315 5397 devoratus
2339 5359 2358 5398 :
2385 5343 2506 5398 Tol.
2551 5343 2842 5410 denotatur,
2874 5345 2964 5415 qui
3009 5360 3132 5399 mox
3159 5360 3272 5397 cum
3303 5345 3456 5410 capit

1863 5431 1961 5486 pro
1988 5417 2210 5486 cmperit.

1961 5486 2054 5554 ‘23)
2074 5485 2341 5558 Infeslalio
2354 5493 2438 5540 est
2453 5485 2592 5551 apud
2611 5485 3005 5558 Tertullianum
3028 5486 3252 5558 Apolog.
3270 5483 3427 5558 capJ
3441 5524 3455 5537 .

1968 5558 2058 5630 30)
2101 5556 2239 5613 bdit.
2294 5557 2428 5612 Ven.
2456 5568 2510 5612 et
2535 5572 2636 5612 ms.
2664 5556 2855 5630 Pomp.
2891 5561 2945 5612 in
2987 5557 3231 5625 tnatgine
3264 5557 3467 5611 habent

1868 5631 2090 5684 cerebro.

1947 5701 2063 5770 (51)
2079 5700 2134 5754 In
2153 5698 2311 5755 editis
2331 5708 2386 5754 et
2403 5699 2454 5752 in
2468 5697 2767 5770 Pomp.ms.
2790 5695 3324 5770 majginemandatt's;
3339 5703 3393 5749 at
3413 5695 3475 5754 in

1873 5766 2018 5829 textu
2047 5766 2272 5827 necnon
2298 5772 2349 5825 in
2376 5766 2651 5825 codicibus
2670 5766 3162 5835 Rem.,le.,Zen.,
3183 5773 3474 5838 proneptis.

1946 5843 2061 5912 (ὅὲ)
2087 5843 2142 5899 1η
2175 5842 2304 5898 edit.
2332 5842 2513 5896 Patav.
2542 5855 2782 5906 operam,
2801 5840 2895 5896 sed
2923 5853 3206 5909 perperam
3233 5856 3246 5893 :
3270 5847 3484 5909 specta-
