3960 6330
236 282 343 339 9.77

230 405 475 459 mittatur
521 400 703 473 regula
756 402 1026 467 veritatis;

228 510 362 553 sane
415 494 580 551 saluti
636 506 837 552 nostra:
891 496 1230 562 contrarius;
1288 495 1374 550 cui
1419 502 1566 551 recte
1616 494 1848 550 hominis

230 591 404 647 forma
458 589 745 657 tribuitur,
795 591 918 661 quia
964 588 1279 660 temporalis“
1350 602 1415 643 ac
1478 586 1683 658 fragilis
1725 600 1847 643 esse

229 684 598 755 cognoscitur.
662 682 793 739 Ideo
843 683 1169 738 lineamenta
1221 681 1415 753 puerili
1490 680 1798 751 depingitur
1826 723 1842 747 ,

228 775 355 843 quia
403 773 522 843 ejus
599 772 800 829 lasciva
849 772 1127 828 lubricitas
1186 788 1288 829 nec
1356 772 1513 828 annis
1584 771 1848 826 senilibus

230 868 338 940 27
387 875 739 936 temperatur.
799 864 924 921 Ideo
974 864 1188 931 nudus,
1238 865 1363 935 quia
1418 865 1669 920 voluntas
1730 862 1847 934 ejus

230 969 315 1014 est
337 957 635 1029 turpitudo.
666 956 793 1012 Ideo
815 965 1103 1027 pennatus,
1127 956 1249 1027 quia
1273 957 1326 1010 in
1349 970 1703 1027 quaecumque
1717 969 1848 1009 con-

228 1052 480 1122 ceperit,
538 1051 805 1106 velociter
845 1049 972 1105 ruit.
1024 1048 1153 1104 ldeo
1190 1050 1312 1104 telis
1352 1048 1665 1117 facibusque
1711 1060 1846 1101 con—

228 1158 500 1213 5tructus,
529 1147 659 1217 quia
691 1143 894 1200 illicitis
941 1143 1228 1199 ardoribus
1257 1156 1473 1209 semper
1498 1140 1718 1211 junctus
1762 1147 1849 1196 est

229 1239 463 1311 gladius.
494 1238 628 1293 Ideo
653 1245 837 1292 autem
868 1248 1048 1292 caecus
1071 1275 1087 1301 ,
1112 1237 1236 1305 quia
1266 1249 1390 1290 cum
1418 1232 1705 1300 exarserit,
1736 1247 1845 1288 non

232 1338 451 1386 aetatem
477 1329 797 1385 considerat
823 1370 838 1397 ,
868 1344 975 1384 non
1025 1327 1252 1384 formam
1279 1368 1294 1392 ,
1327 1343 1433 1382 non
1482 1341 1670 1381 sexum
1691 1366 1707 1393 ,
1737 1340 1846 1382 non

228 1422 479 1494 gradum,
498 1436 609 1478 non
624 1428 1029 1476 sacrosanctum
1052 1421 1203 1475 illum
1224 1418 1341 1491 (45)
1354 1420 1543 1474 saltem
1567 1433 1714 1474 sanie
1730 1418 1843 1488 pie-

230 1514 357 1569 tatis
378 1512 660 1568 aﬂ'ectum.
691 1511 790 1568 llic
814 1512 1020 1568 facibus
1045 1512 1158 1566 suis
1178 1510 1292 1581 (44)
1310 1511 1432 1565 Eva:
1453 1518 1642 1580 pectus
1659 1510 1846 1565 incen-

228 1606 327 1662 dit.
352 1606 456 1662 ilic
482 1606 661 1662 Adam
693 1606 809 1661 suis
836 1604 960 1661 telis
980 1604 1199 1659 occidit.
1224 1601 1324 1658 Hic
1351 1602 1654 1658 Susannam
1680 1615 1844 1656 cona-

231 1712 315 1757 tus
338 1710 430 1757 est
481 1699 719 1757 duorum
774 1699 1049 1755 seniorum
1099 1708 1196 1753 aut
1253 1695 1572 1768 prodigiosis
1630 1696 1843 1768 ignibus

1458 285 1661 343 LIBER
1700 286 1742 342 l.
1783 283 2205 344 TRACTATUS
2244 287 2308 342 ll.
3136 330 3164 347 α

1101 411 1186 459 est
1249 404 1392 460 enim
1442 408 1498 460 et
1525 403 1664 458 allus
1690 416 1843 459 amor
1868 408 1917 466 Α
1947 410 2038 470 est,
2070 403 2479 473 concupiscentia
2508 411 2581 459 est
2599 404 2772 459 carnis
2783 413 2833 459 st
2847 405 3259 474 concupiscentia
3277 403 3543 460 oculorum

3441 290 3548 347 278

1952 503 2000 549 et
2026 495 2236 549 ambitio
2257 493 2432 550 seculi
2460 512 2479 551 :
2502 508 2618 566 qua:
2634 510 2739 551 non
2767 504 2845 550 est
2883 511 2916 550 α
2942 504 3117 566 patre,
3150 497 3242 552 sed
3268 506 3335 554 ea:
3355 512 3545 553 συνίει·
3584 497 3597 524 ⁸

1947 590 2194 662 piscentia
2218 590 2401 645 mundi
2439 589 2461 662 (
2484 589 2502 645 l
2526 588 2685 644 Joun.
2715 602 2776 655 ιι,
2803 587 2871 644 15
2891 631 2906 658 ,
2931 587 3040 662 16)
3072 607 3087 644 :
3119 598 3217 661 per
3239 589 3380 647 hanc
3399 591 3543 647 enim

1944 682 2192 739 diabolus
2211 696 2333 736 cum
2355 666 2470 753 (50)
2495 681 2709 737 diverse
2732 682 3008 737 hominum
3031 692 3240 740 mentes
3261 682 3383 755 (51)
3399 683 3546 754 capit

1946 788 2012 831 ac
2035 773 2271 845 decipit,
2302 774 2381 829 sic
2402 772 2599 844 cupido
2622 773 2845 829 vocitari
2865 787 2895 828 a
2922 773 3224 831 luxuriosis
3250 775 3366 831 suis
3387 816 3403 842 ,
3434 774 3543 831 sibi

1948 870 2244 927 cultoribus
2262 912 2276 938 ,
2304 870 2490 937 cmpit.

2018 963 2112 1019 lx.
2133 963 2284 1019 Nunc
2304 978 2435 1034 ergo
2455 962 2754 1029 videamus,
2782 961 2925 1017 unde
2943 976 3070 1018 vera
3086 961 3323 1018 charitas
3346 962 3549 1029 veniat,

1947 1058 2164 1112 ubinam
2214 1057 2502 1121 consistat,
2534 1058 2620 1111 cui
2650 1057 2730 1112 vel
2775 1056 3009 1112 maxime
3032 1056 3315 1113 debeatur.
3353 1056 3549 1128 Utique

1946 1148 2045 1215 illi,
2063 1151 2153 1220 qui
2185 1148 2453 1206 hominem
2486 1148 2641 1214 fecit;
2664 1148 2757 1221 qui
2783 1149 2832 1204 ei
2854 1162 3046 1204 munus
3073 1158 3348 1220 perpetua:
3371 1149 3550 1203 chari-

1948 1242 2075 1297 tatis
2119 1241 2528 1297 similitudinem
2559 1255 2712 1298 suam
2745 1240 3005 1306 tradidit;
3029 1241 3121 1311 qui
3164 1240 3354 1297 urbem
3389 1246 3549 1296 terra

1947 1334 2205 1391 donavit:
2239 1334 2328 1404 qui
2355 1335 2539 1389 omnia
2570 1335 2841 1389 elementa
2884 1333 3074 1388 mundi
3111 1347 3233 1388 cum
3265 1332 3551 1388 animanti-

1947 1427 2046 1483 bus
2075 1427 2188 1482 suis
2216 1427 2334 1497 ejus
2379 1428 2633 1498 potestati
2679 1426 2947 1495 subjecit;
2977 1428 3067 1496 qui
3104 1425 3155 1481 ei
3176 1438 3379 1492 annos,
3413 1434 3553 1481 teme

1944 1532 2075 1590 pora
2119 1534 2334 1575 menses
2356 1561 2371 1586 ,
2402 1526 2619 1586 noctes,
2648 1519 2765 1575 dies
2785 1560 2800 1587 ,
2835 1519 3275 1589 clarissimosque
3295 1517 3434 1574 duos
3457 1535 3550 1573 re-

1945 1613 2145 1684 galium
2176 1613 2386 1669 orbium
2406 1627 2595 1668 currus
2616 1611 2733 1685 (52)
2752 1610 3085 1668 munerifero
3100 1624 3317 1682 semper
3343 1610 3555 1667 vicissi-

1949 1706 2149 1761 tudinis
2201 1705 2600 1761 delectamento
2654 1706 2858 1760 servire
2908 1703 3204 1774 pratcepit;
3259 1703 3355 1774 qui
3424 1717 3550 1759 eum

227 1794 527 1863 subjicere,
551 1804 645 1849 aut
672 1792 982 1864 parricidali
1011 1791 1190 1863 gladio
1205 1791 1476 1863 jugulare.
1510 1790 1610 1845 Hic
1635 1789 1837 1861 Ioseph

1950 1801 2232 1871 supradicti
2247 1802 2446 1857 amoris
2462 1798 2578 1873 (53)
2597 1798 2740 1855 male
2764 1798 3011 1855 dulcibus
3032 1797 3258 1853 venenis
3280 1800 3547 1864 occisum,

226 1889 441 1945 mulieri
468 1890 586 1961 (45)
605 1888 810 1960 flagitat
826 1903 948 1943 esse
969 1887 1296 1951 violentum;
1324 1900 1484 1957 quem
1507 1887 1690 1953 etiam,
1711 1885 1841 1943 dum

227 1985 490 2052 denudat,
510 1999 638 2040 esse
664 1998 775 2039 non
792 1982 998 2039 invenit
1025 1983 1376 2053 impudicum.
1410 1982 1506 2037 Hic
1536 1981 1656 2056 (46)
1677 1997 1840 2054 syna-

226 2094 419 2149 gogam
448 2080 823 2151 expugnavit,
851 2092 971 2134 cum
1003 2093 1101 2133 sua
1143 2078 1219 2132 illi
1249 2092 1397 2132 arma
1437 2079 1707 2134 concedit.
1745 2078 1840 2134 llic

226 2171 429 2243 ubique
472 2173 851 2238 turbulentus,
881 2173 1077 2243 ubique
1118 2170 1287 2228 fertur
1322 2171 1561 2228 insanus.
1602 2172 1839 2228 Promit-

228 2267 316 2332 tit,
348 2266 471 2339 (47)
502 2264 662 2334 fallit,
695 2266 804 2333 dat,
832 2267 1007 2322 tollit:
1041 2281 1185 2322 nunc
1207 2266 1403 2329 tristis,
1436 2280 1578 2322 nunc
1608 2265 1796 2321 hilaris
1822 2306 1837 2333 ,

224 2372 368 2414 nunc
391 2357 621 2413 humilis
642 2400 656 2423 ,
687 2372 830 2414 nunc
874 2359 1046 2414 elatus
1073 2400 1089 2425 ,
1116 2372 1258 2413 nunc
1286 2358 1470 2413 ebrius
1489 2401 1503 2425 ,
1538 2374 1678 2413 nunc
1699 2356 1842 2431 jeju-

224 2466 354 2514 nus,
394 2465 544 2505 nunc
568 2461 887 2517 accusator,
920 2465 1062 2505 nunc
1082 2466 1228 2506 reus.
1253 2447 1507 2517 iocatur,
1540 2448 1698 2515 ludit,
1726 2449 1841 2520 pal-

224 2542 327 2610 let,
389 2543 566 2609 labet,
600 2542 882 2612 suspirat,
916 2541 1035 2614 (48)
1079 2540 1257 2609 celat,
1314 2540 1629 2611 obsequitur
1674 2558 1687 2594 :
1746 2548 1843 2597 aut

226 2644 434 2701 tentat,
490 2644 586 2690 aut
630 2634 865 2703 decipit,
900 2633 1017 2707 (49)
1051 2635 1311 2705 pejusque
1341 2633 1646 2701 blanditur,
1678 2648 1838 2705 quam

225 2726 372 2783 furit.
432 2726 790 2784 OccasiOnem
839 2728 998 2782 ullam
1029 2743 1253 2798 prorsus
1292 2726 1520 2782 nocendi
1565 2742 1671 2782 non
1704 2742 1841 2797 pra:-

226 2822 369 2877 terit.
406 2821 585 2877 Vultis
631 2822 774 2877 scire
799 2860 816 2886 ,
847 2820 988 2892 quod
1029 2820 1230 2875 malum
1280 2819 1387 2875 sit?
1416 2821 1467 2875 in
1514 2822 1631 2889 ipso
1664 2822 1841 2877 fructu

226 2930 322 2971 suo
352 2917 525 2971 etiam
556 2915 673 2985 ipse
721 2928 783 2970 se
827 2913 961 2969 odit.
987 2913 1230 2970 Venenis
1270 2913 1386 2983 ejus
1409 2914 1650 2984 quotidie
1694 2920 1839 2969 totus

226 3016 500 3065 exaestuat
551 3007 784 3063 mundus
839 3026 851 3063 :
904 3007 1284 3078 pestiferisque
1334 3006 1703 3077 voluptatibus
1763 3008 1836 3062 ita

227 3115 488 3176 corrupta
517 3113 645 3158 sunt
675 3103 855 3159 omnia
874 3143 889 3169 ,
920 3109 980 3155 ut
1002 3100 1260 3171 quidquid
1287 3099 1341 3155 in
1373 3116 1436 3156 eo
1466 3102 1693 3170 geritur,
1727 3116 1833 3156 non

1944 1893 2276 1964 infernmque
2307 1893 2423 1948 sedi
2446 1892 2811 1958 submersum,
2839 1890 3139 1961 majestatis
3163 1904 3277 1946 sum
3302 1889 3420 1961 (54)
3451 1900 3543 1944 sa-

1944 1994 2223 2042 cramento
2248 1984 2573 2040 vivificatum
2592 2026 2607 2050 ,
2637 1984 2858 2054 insuper
2885 1981 3037 2051 regni
3058 1979 3294 2037 calcatis
3326 1979 3549 2051 partici-

1944 2079 2164 2150 patione
2210 2078 2421 2134 ditavit.
2453 2076 2497 2134 Ο
2521 2076 2756 2133 charitas
2782 2117 2795 2141 ,
2827 2090 2987 2146 quam
3018 2075 3103 2145 pia
3132 2082 3189 2130 et
3213 2088 3374 2144 quam
3409 2087 3549 2149 optt-

1945 2170 2084 2225 lenta
2112 2171 2125 2224 ε
2156 2186 2189 2225 o
2219 2185 2377 2240 quam
2406 2177 2598 2239 potens
2622 2174 2634 2222 t
2669 2167 2800 2221 nihil
2824 2165 3009 2233 habet,
3032 2165 3123 2236 qui
3145 2174 3198 2221 te
3223 2178 3331 2220 non
3358 2162 3548 2219 habet.

1945 2263 2023 2318 'l‘u
2053 2264 2220 2319 Deum
2247 2267 2298 2319 in
2327 2262 2597 2319 hominem
2621 2260 2739 2334 (55)
2765 2260 3050 2316 demutare
3072 2256 3396 2314 valuisti!“
3423 2272 3549 2313 eum

1944 2355 2242 2411 breviatum
2269 2396 2285 2424 ,
2316 2354 2589 2425 paulisper
2614 2353 2682 2408 ab
2713 2348 3011 2423 majestatis
3037 2358 3149 2407 sua:
3184 2349 3550 2407 immensitate

1945 2450 2276 2521 peregrinari
2303 2449 2499 2504 fecisti.
2551 2447 2631 2502 ’l‘u
2661 2446 2913 2519 virginali
2938 2444 3146 2503 carceri
3173 2460 3365 2502 novem
3395 2461 3550 2502 men-

1943 2544 2094 2600 sibus
2122 2542 2467 2613 religasti.Tu
2497 2541 2663 2597 Evam
2697 2542 2750 2596 in
2768 2541 2987 2597 Mariam
3014 2540 3547 2614 (56)redintegrasti.

1944 2636 2023 2691 Tu
2053 2635 2223 2691 Adam
2250 2637 2302 2691 in
2332 2634 2550 2691 Christo
2581 2634 2875 2691 renovaSti.
2906 2632 2987 2689 Tu
3010 2647 3220 2689 sacram
3250 2648 3464 2689 crucem
3493 2633 3549 2691 in
3646 2709 3652 2715 ἢ

1943 2732 2168 2785 salutem
2189 2728 2398 2799 perdito
2416 2729 2525 2796 jam
2541 2726 2656 2800 (57)
2680 2726 2880 2783 mundo
2902 2727 3295 2798 providisti.Tu
3314 2734 3546 2783 mortem

1944 2823 2113 2880 Deum
2142 2822 2277 2877 mori
2307 2821 2556 2877 docendo
2585 2821 2850 2875 vacuasti.
2884 2818 3059 2875 Tuum
3089 2825 3207 2887 est,
3236 2818 3383 2891 quod
3421 2830 3546 2874 cum

1942 2916 2206 2973 occiditur
2235 2916 2305 2971 ab
2329 2915 2637 2971 hominibus
2664 2916 2807 2971 Deus
2832 2914 3221 2985 omnipotentis
3254 2912 3348 2971 Dei
3377 2910 3544 2982 filius,

1943 3009 2127 3063 nullus
2170 3006 2422 3062 irascitur
2449 3007 2518 3062 de
2557 3004 2790 3062 duobus.
2832 3004 2913 3060 Tu
2944 3005 3127 3076 populi
3164 3004 3402 3062 caelestis
3430 3006 3548 3061 ani-

1940 3117 2082 3157 mam
2107 3111 2259 3157 tenes
2278 3140 2294 3166 ,
2325 3115 2449 3156 cum
2476 3115 2641 3155 ornas
2672 3113 2890 3170 pacem,
2916 3098 3078 3154 fidem
3118 3098 3395 3165 custodis,
3426 3113 3548 3155 am-

226 3195 433 3253 debere
478 3194 631 3264 diligi
676 3209 706 3248 a
748 3194 904 3249 nobis
944 3194 1116 3247 sacris
1142 3193 1362 3247 vocibus
1413 3190 1542 3246 dum
1582 3192 1839 3260 jubetur,
1872 3190 1917 3252 C
1949 3194 2205 3266 plecteris
2256 3192 2653 3258 innocentiam,
2696 3193 2981 3247 veritatem
3029 3190 3195 3257 colis,
3227 3191 3543 3260 patientiam

226 3292 374 3346 recte
418 3286 761 3359 sapientibus
789 3286 1137 3343 exsecrabilis
1164 3299 1288 3342 esse
1335 3285 1603 3353 videatur,
1627 3283 1835 3342 Joanne

224 3382 446 3439 dicente
477 3399 493 3438 :
525 3378 706 3435 Nolite
730 3381 940 3451 diligere
968 3380 1239 3444 mundum,
1272 3394 1430 3450 neque
1477 3394 1535 3433 ea
1563 3418 1577 3445 ,
1628 3394 1744 3449 quae
1788 3378 1843 3433 in

228 3479 421 3532 mundo
450 3487 586 3531 sunt.
609 3476 673 3533 Si
697 3477 810 3545 quis
834 3476 1067 3530 dilexerit
1089 3476 1334 3529 mundum
1351 3514 1367 3542 ,
1401 3490 1504 3529 non
1528 3483 1604 3529 est
1622 3475 1846 3530 charitas

227 3571 387 3640 patris
428 3570 481 3623 in
523 3566 615 3625 illo
646 3585 666 3623 :
690 3570 933 3641 quoniam
968 3585 1115 3623 omne
1141 3610 1156 3633 ,
1207 3566 1344 3639 quod
1392 3567 1443 3622 in
1488 3567 1599 3641 28
1654 3571 1846 3628 mundo

176 3758 181 3761 -
225 3742 507 3787 certamen
535 3730 805 3800 quoddam
849 3727 1231 3800 conjiciuntur.
1267 3727 1358 3785 Sic
1401 3726 1541 3799 apud
1589 3729 1824 3788 Juvena-

228 3806 351 3865 lem.
381 3802 509 3860 Sat.
539 3818 619 3868 vt,
671 3818 726 3856 v.
782 3800 913 3865 455,
966 3801 1160 3870 legitur
1218 3800 1481 3854 committit
1537 3813 1717 3870 vates,
1774 3814 1829 3860 et

225 3885 539 3946 comparat,
593 3881 877 3946 propterea
926 3871 1067 3941 quod
1122 3887 1185 3926 ex
1230 3874 1645 3946 comparatione
1682 3876 1832 3944 peri-

223 3942 400 4003 culum
438 3942 819 4016 ipsorumliat.
849 3943 1031 4016 Itaque
1068 3959 1130 3996 ne
1157 3942 1251 3998 sub
1278 3959 1403 3997 sono
1439 3944 1663 4016 nominis
1686 3942 1829 4002 com-

224 4014 475 4090 mittatur
490 4017 668 4090 regula
690 4016 937 4090 ueritatis,
960 4014 1100 4070 idem
1124 4026 1206 4090 est
1229 4029 1293 4090 ac
1315 4029 1381 4069 ne
1402 4014 1470 4069 ob
1497 4017 1733 4090 nominis
1758 4020 1831 4073 si-

225 4085 593 4145 militudinem
618 4089 669 4142 in
692 4087 980 4142 discrimen
1007 4096 1061 4141 et
1080 4085 1373 4155 periculum
1394 4086 1734 4155 conjiciatur.
1760 4093 1830 4144 At

224 4162 361 4216 forte
392 4159 633 4232 cuipiam
682 4160 853 4228 magis
878 4156 1114 4213 arrideat
1143 4158 1303 4213 lectio
1326 4172 1428 4212 ms.
1458 4155 1591 4214 Urb.
1626 4160 1678 4214 in
1722 4175 1829 4231 quo

224 4232 484 4288 scribitur
510 4240 868 4286 commutatur.

290 4304 414 4374 (45)
472 4303 598 4358 Mss.
624 4302 771 4374 νειμ,
808 4301 998 4370 Pomp.
1014 4300 1191 4374 saltim
1207 4308 1275 4374 _et
1309 4313 1431 4374 cum
1473 4298 1604 4356 Urb.
1628 4318 1752 4358 sum.
1774 4302 1832 4359 lu

226 4369 477 4446 margine
503 4384 679 4446 autem
711 4369 1022 4446 Pompeiani
1047 4369 1250 4446 codicis
1269 4412 1282 4434 ,
1310 4371 1489 4446 saltem
1516 4388 1659 4427 sane.

292 4441 411 4517 (4'4)
446 4444 582 4513 Quid
602 4444 704 4501 hoc
730 4441 1326 4517 loco'innuatS.‘Zeuo,
1348 4441 1653 4517 dicttunest
1676 4445 1834 4517 latius

223 4514 451 4573 dissert.
473 4532 511 4571 tt
535 4533 653 4586 cap.
679 4518 736 4575 4,
764 4516 852 4569 ubi
881 4516 1111 4571 similent
1138 4514 1312 4570 locum
1330 4529 1393 4568 ex
1422 4522 1576 4569 tract.
1601 4515 1667 4572 13
1689 4516 1783 4573 lib.
1815 4533 1833 4571 ι

226 4589 475 4658 pluribus
490 4586 931 4658 explicavimus“

293 4659 416 4740 (45)
456 4656 719 4740 Flagitare
742 4675 839 4729 pro
854 4659 1110 4740 inﬁrmare
1131 4667 1181 4740 et
1206 4673 1449 4711 accusare
1473 4656 1664 4740 legitur
1690 4658 1832 4729 apud

226 4729 492 4801 probatos
530 4729 842 4799 scriptores.
893 4729 1022 4783 Vide
1056 4729 1271 4784 Festum
1320 4743 1453 4801 voce
1498 4731 1830 4797 intercutem,

225 4800 278 4858 et
305 4802 471 4857 Tacit
499 4801 635 4858 lib.t
670 4817 793 4871 cap.
837 4800 926 4856 5⁸5.
961 4801 1058 4855 Est
1083 4812 1262 4855 autem
1309 4800 1489 4871 ﬂagito
1534 4805 1832 4866 praesertim

226 4874 292 4931 de
321 4874 550 4929 infamia
580 4870 757 4929 rerum
784 4874 1034 4943 turpium,
1060 4874 1196 4953 sicut
1224 4870 1385 4954 etiam
1418 4883 1710 4954 usurpatur
1738 4887 1835 4941 pro

226 4956 426 5016 petere,
458 4961 552 5018 seu
582 4961 732 5018 agere
751 4942 1022 5018 stuprum;
1052 4953 1106 5018 et
1151 4942 1401 5018 similiter
1439 4942 1693 5018 ﬂagitium
1736 4959 1835 5018 pro

224 5013 437 5085 Stupro.
475 5013 647 5072 Amor
694 5013 874 5071 autem
913 5013 1209 5082 Josephum
1256 5013 1536 5068 infamavit
1584 5014 1835 5069 intentati

228 5084 405 5159 turpis
434 5088 618 5157 ﬂagitii
642 5130 658 5154 ,
689 5102 751 5141 ac
773 5089 817 5142 si
847 5085 1159 5159 violentiam
1185 5126 1197 5149 ,
1225 5101 1384 5159 quam
1416 5099 1605 5159 passus
1629 5084 1834 5159 fuerat,

226 5156 353 5300 iﬂpsé.
370 5156 589 5215 mulieri
610 5160 897 5222 intulisset,
926 5156 1023 5214 his.
1050 5157 1174 5213 Vat.
1205 5173 1303 5227 pro
1331 5157 1531 5228 ﬂagitat
1544 5173 1650 5211 esse
1676 5157 1838 5214 habet

265 5246 516 5300 agitasse.
1419 5298 1427 5300 Α
1594 5299 1599 5300 ί
1756 5297 1768 5300 _

265 5246 516 5286 ααιιαεδε.

297 5248 792 5372 1‘Separaverius
814 5300 1172 5372 iudicariheic
1193 5309 1380 5356 censet
1414 5298 1695 5356 historiam
1738 5297 1837 5354 dc-

228 5371 497 5442 scriptam’
522 5373 742 5429 Numer.
772 5388 897 5437 xxv,
928 5371 1053 5427 Jud.
1083 5387 1174 5435 xx,
1200 5386 1314 5425 χχι.

303 5441 428 5517 (47)
458 5444 807 5500 Restituimus
849 5445 983 5513 fallit
1005 5460 1087 5517 per
1118 5458 1230 5517 mss
1270 5443 1349 5517 eti
1367 5441 1601 5498 editione
1622 5442 1795 5514 prima
1817 5481 1834 5509 ,

231 5519 374 5586 quod
402 5514 627 5571 verbum
654 5533 682 5571 a
710 5517 921 5572 cancris
953 5514 1279 5586 editionibus
1306 5515 1510 5586 aberat.

301 5588 432 5658 (48)
463 5586 555 5641 bis.
577 5587 705 5644 Urb.
729 5590 893 5649 zelut,
925 5602 1033 5657 quo
1048 5585 1210 5641 Verbo
1227 5602 1352 5658 usus
1376 5594 1458 5642 est
1479 5584 1843 5641 Tertullianus

233 5659 286 5713 in
312 5657 559 5714 Cannine
605 5672 793 5715 contra
834 5659 1158 5715 Marcionem
1210 5669 1262 5711 ct
1293 5657 1567 5728 lnterpres
1597 5658 1843 5725 vulgatus

1944 3287 2120 3360 diligis
2145 3331 2158 3355 ,
2189 3304 2337 3359 Spem
2365 3296 2747 3358 repraesentas.
2778 3286 2859 3342 Tu
2900 3284 3009 3357 29
3028 3283 3274 3340 diversos
3297 3283 3543 3341 homines

1945 3382 2205 3447 muribus,
2231 3381 2498 3449 natatibus,
2532 3379 2758 3445 ditione,
2786 3394 2853 3434 ex
2884 3393 2990 3432 una
3015 3387 3207 3432 natura
3228 3390 3395 3432 unum
3423 3375 3543 3446 spi-

1938 3456 2131 3540 ritum.
2154 3492 2321 3533 unum
2351 3475 2524 3532 efﬁcis
2544 3488 2761 3543 corpus.
2795 3471 2878 3527 Tu
2907 3479 3174 3539 martyres
3203 3468 3473 3541 gloriosos
3508 3480 3543 3525 ιι

1947 3570 2289 3630 confessione
2308 3563 2602 3624 Christiani
2627 3565 2863 3621 nominis
2884 3563 3044 3620 nullis
3060 3561 3370 3629 tormentis,
3396 3558 3543 3618 nulla

2007 3731 2129 3805 (49)
2156 3694 2255 3787 Ms.
2286 3730 2495 3805 Pomp.“
2509 3729 2768 3805 priusque.

2143 3804 2289 3860 idem
2314 3794 2684 3857 msfdioersa}
2714 3797 2838 3854 dein
2858 3794 2990 3856 Urb.
3024 3804 3217 3853 mentes
3242 3805 3420 3867 captas
3449 3794 3548 3852 de-

1936 3887 2083 3948 cipit.

1914 3974 1922 3978 -
1991 3934 2121 4017 ’(51)
2155 3945 2279 4001 Suis
2300 3943 2369 4000 ab
2388 3942 2548 4000 editis
2564 3943 2750 3999 aberat
2769 3958 2785 4009 ;
2804 3941 3122 3998 retinuimus
3142 3954 3209 3995 ex
3236 3934 3542 3995 mss.Rem.

1939 4030 1994 4076 et
2015 4019 2479 4159 (ligiwliegebatur
2517 4085 2832 4157 numerifero
2863 4100 2893 4159 :_
2908 4092 2960 4138 at
2989 4082 3192 4159 placuit
3225 4076 3540 4159 |_ectio_tnss.

1939 4152 2156 4230 Poinp.,
2180 4152 2279 4215 ΤοῙ
2303 4169 2357 4214 et
2388 4156 2521 4215 Urb.
2548 4176 2563 4224 ;
2590 4152 2789 4230 quippe
2818 4154 2897 4210 sol
2927 4152 3004 4211 et'
3027 4155 3150 4211 luna
3170 4195 3186 4219 ,
3215 4152 3341 4210 dum
3362 4153 3544 4210 delec-

1940 4242 2053 4288 tant
2079 4273 2096 4296 ,
2124 4235 2288 4286 etiam
2311 4239 2558 4300 prosunt.

2011 4302 2129 4376 (55)
2161 4302 2261 4359 Ms.
2289 4298 2409 4357 Vat.
2440 4300 2586 4356 valde
2607 4298 2859 4354 dulcibus.

2010 4397 2125 4470 (54)
2156 4397 2586 4453 incarnationem
2636 4392 2991 4470 divini’Nerbi
3018 4392 3122 4470 εξ.
3164 4392 3356 4449 Patres
3380 4404 3547 4470 ‘smpu

1939 4463 2352 4535 sacramentum,
2411 4482 2505 4521 seu
2551 4466 2868 4536 mysterium
2928 4465 3199 4533 appellant
3249 4479 3329 4536 ex_
3368 4463 3545 4536 Paulo

1940 4543 1960 4596 l
1990 4542 2129 4595 Tim.
2160 4555 2218 4595 ιιι
2239 4582 2254 4605 ,
2290 4540 2375 4594 16.
2408 4537 2541 4593 Hinc
2571 4534 2755 4591 noster
2774 4535 3082 4605 episcopus,
3107 4534 3341 4590 tractJB
3364 4535 3458 4591 lib.
3485 4550 3539 4603 ι,

1938 4628 2091 4668 num.
2128 4612 2153 4665 1
2184 4653 2199 4678 ,
2233 4612 2459 4681 loquens
2503 4609 2602 4681 de_
2615 4606 2831 4681 Christo
2859 4648 2873 4673 ,
2906 4606 2997 4681 qui
3034 4606 3231 4681 dicitur
3260 4618 3370 4681 tum
3398 4608 3497 4681 pel
3524 4636 3543 4674 δ

1939 4695 2049 4737 tum
2086 4676 2320 4737 hominis
2353 4680 2528 4745 ﬁlius,
2563 4676 2661 4733 Dei
2700 4678 2841 4749 ﬁlius
2862 4720 2877 4743 ,
2908 4678 3111 4746 inquit,
3135 4678 3204 4731 ad
3233 4676 3544 4744 ineﬁ‘abilem

1937 4758 2185 4825 originem
2209 4752 2693 4826 pertinet_,rltominis
2732 4753 2808 4826 ad
2829 4758 3240 4826 sacramentum,
3266 4750 3425 4826 id_es_t
3470 4749 3540 4826 ad

1939 4819 2382 4880 incarnationem.
2414 4824 2503 4880 Sic
2547 4824 2708 4877 etiam
2749 4822 3068 4892 Cbrysologi
3109 4835 3289 4877 sermo
3312 4819 3444 4884 147,
3476 4820 3542 4876 de

1936 4897 2319 4951 lncarnationis
2341 4905 2662 4949 sacramento
2684 4893 3013 4948 inscribitur.
3040 4894 3431 4947 Sacramentum
3444 4906 3543 4947 att.

1939 4980 2045 5093 te’m
2085 4968 2465 5093 :lrggtllyslerio
2508 4965 2679 5037 accipi
2708 4964 3057 5021 ostendemus
3077 4964 3172 5020 lib.
3202 4979 3243 5019 tt
3286 4971 3444 5020 tract.
3472 4961 3539 5031 Β,

1940 5055 1969 5093 a
2014 5054 2123 5093 no.
2233 5080 2245 5092 .

1940 5042 2123 5095 adnot.
2158 5042 2245 5093 η.

2018 5133 2134 5207 (55)
2161 5133 2285 5207 Haec
2309 5131 2559 5207 formula,
2585 5142 2709 5207 qum
2730 5128 3260 5207 postzEutychianam
3290 5124 3542 5207 haeresim

1943 5201 2165 5265 exclusit)
2206 5206 2342 5273 fuit,
2393 5201 2628 5259 Zenonis
2680 5217 2798 5256 aevo
2852 5201 3119 5271 inculpate
3169 5209 3246 5273 ει.
3278 5201 3543 5257 catholico

1945 5293 2107 5333 sensu
2137 5266 2345 5346 βοείη-αἰ
2374 5275 2618 5345 usurpari
2643 5316 2657 5340 ,
2684 5281 2755 5346 ut
2774 5273 2933 5346 latius
2961 5266 3198 5346 diximus
3218 5266 3432 5328 dissert.
3468 5286 3506 5325 ιι

2010 5311 2038 5331 ΙΙ
2175 5311 2247 5330 υιι
2294 5311 2345 5329 αι
2376 5311 2488 5329 "Jul
2542 5311 2618 5328 ull
2688 5311 2743 5327 ιιι
2775 5311 2933 5329 ιιιιιυο
2962 5311 3194 5328 unas-uua
3218 5311 3381 5328 υισυνι
3396 5311 3432 5327 ιο
3469 5311 3506 5325 ιι

2027 5311 2224 5420 1ἶυῇν5,
2252 5311 2544 5401 breviatum
2576 5316 2908 5416 paiticipium
2956 5358 3022 5400 ex
3065 5343 3253 5408 brevia,
3284 5356 3370 5410 as,
3399 5311 3544 5467 quod

1944 5420 2168 5467 vnrlmm
2196 5418 2413 5467 adhibet
2442 5418 2822 5467 ﬂuittlilianus.
2848 5415 2941 5467 lil).
2976 5430 3013 5467 ι.
3034 5430 3154 5467 can.
3179 5417 3242 5467 9:
3268 5412 3405 5467 Mani
3435 5416 3542 5467 ius.

1943 5412 2168 5475 verbu'm
2196 5418 2413 5475 adhibet
2442 5412 2822 5486 Quintilianus,
2848 5415 2941 5470 lih.
2975 5430 3013 5483 ι,
3034 5430 3154 5486 cap.
3179 5417 3242 5478 9;
3268 5412 3542 5486 Manilius,

1942 5493 2035 5547 lib.
2067 5507 2147 5555 ιιι,
2179 5506 2319 5546 vers.
2356 5482 2483 5545 46ίῖ
2515 5488 2824 5543 Lactantius
2846 5488 2898 5541 in
2943 5482 3210 5557 Epitoinc,
3241 5499 3290 5539 c.
3320 5483 3354 5538 8
3379 5526 3393 5551 ,
3416 5482 3547 5557 Brga

1943 5566 2089 5618 viniis
2104 5550 2346 5634 gradibus
2374 5562 2684 5634 adscendere
2701 5559 2839 5634 apud
2863 5550 3145 5634 Sido-nium
3166 5550 3262 5634 lib.
3287 5570 3347 5619 ll,
3371 5570 3457 5626 ep.
3482 5550 3541 5611 2t

2019 5629 2139 5706 (56‘)
2170 5634 2265 5689 Ms.
2297 5634 2483 5706 Pmup.
2511 5632 2701 5706 etpedit
2723 5633 2855 5706 Ven.
2881 5629 3203 5703 reintegrasti
3230 5640 3248 5681 :
3276 5635 3384 5682 tota
3416 5640 3546 5685 vero

234 5732 435 5798 psalm.
474 5702 669 5796 cuni,
698 5732 753 5787 5.
786 5702 1252 5797 ΑἵΖειιομιέιοι.
1310 5702 1481 5796 4,νιῖ.
1536 5702 1592 5794 ἑ,
1649 5702 1839 5787 sciatur

1950 5706 2064 5763 hinc
2092 5702 2363 5762 sententia
2392 5705 2544 5760 deest
2569 5704 2621 5758 in
2653 5715 2754 5757 lllS.
2789 5702 2907 5757 Vat.

236 5817 335 5879 pro
362 5803 505 5875 gelat
529 5803 761 5885 scripsit.

2027 5797 2142 5870 (δῖ)
2175 5797 2275 5860 his.
2320 5794 2476 5853 Rem.
2505 5794 2657 5857 addit
2692 5792 2745 5848 in
2784 5788 3019 5859 mundo;
3051 5782 3146 5847 sed
3173 5785 3386 5853 dativus
3429 5798 3551 5865 est.
