3960 6330
425 254 533 311 279
1811 260 2055 318 SANCTI
2096 262 2385 320 ZENONIS
3563 283 3649 342 280

423 371 663 426 nomine
719 369 938 434 ῐηοηίεν
991 369 1156 424 “uuis
1210 369 1476 439 βΐίθωῖίες
1509 371 1676 427 nullis
1727 375 1978 430 αωίεἰιίίε
2005 417 2021 442 ,
2052 381 2105 440 Α
2129 379 2310 446 deris;
2340 381 2481 438 nulla
2514 382 2762 439 humana":
2811 384 3136 443 curiositatis
3179 388 3422 446 calumnia
3457 407 3652 450 comnio-

423 466 594 522 nullis
613 464 896 522 aﬂectibus
922 504 939 531 ,
967 463 1116 519 omni
1144 479 1274 520 sane
1321 475 1526 522 tortore
1556 467 1770 537 pietatis
1808 469 2024 524 morda-

425 559 586 614 citate
627 557 927 627 peioribus,
953 557 1192 625 separari
1236 560 1522 626 permittis.
1570 559 1683 624 Tu,
1716 569 1776 615 ut
1819 562 2022 618 nudum

426 652 646 719 vestias,
681 651 820 704 nuda
850 666 970 705 esse
997 659 1248 706 contenta
1277 667 1356 706 es.
1411 653 1528 707 Tibi
1560 653 1732 710 fames
1762 656 2028 723 Saginatio

2128 473 2290 528 veris.
2324 475 2363 528 A
2397 473 2629 530 Paterno
2650 475 2795 532 fonte
2824 476 2942 549 (59)
2973 479 3024 534 in
3062 478 3194 535 Filio
3233 491 3332 536 tota
3374 484 3656 555 refundens;

2129 573 2184 620 et
2213 575 2388 620 tamen
2421 575 2526 620 tota
2551 568 2638 622 ubi
2664 567 2986 636 refunderis,
3013 588 3112 627 nec
3138 574 3352 628 recedis.
3382 575 3528 632 Recte
3546 579 3662 634 Deus

2129 657 2325 714 diceris
2348 677 2360 713 :
2386 661 2508 730 quia
2537 661 2815 716 Trinitatis
2839 666 2955 736 (60)
2982 669 3268 736 potentiam
3286 669 3391 724 sola
3416 676 3664 727 convertis.

425 751 529 798 est.
579 742 665 797 Si-
681 758 872 812 panem
909 752 1058 796 tuum
1103 743 1258 813 inops
1304 745 1552 800 esnriens
1582 746 2026 816 manducaverit,

426 844 555 892 tutis
602 851 800 892 census
844 846 963 902 est,
1002 847 1172 892 totum
1219 838 1272 893 in
1315 840 1743 896 misericordiam
1785 841 1986 898 habere
2011 884 2028 910 ,

425 931 568 1001 quod
604 930 794 986 babes.
828 931 906 985 Tn
935 931 1049 985 sola
1080 933 1260 1002 rogari
1289 949 1395 991 non
1425 935 1586 989 nosti.
1622 934 1700 990 Τιι
1742 950 2034 1005 oppressos

427 1025 510 1080 vel
536 1039 659 1080 cum
691 1023 979 1094 dispendio
1008 1026 1084 1078 tui
1112 1025 1490 1083 incunctanter
1516 1029 1681 1096 eripis
1715 1029 1767 1083 in
1797 1030 2039 1100 qualibet

2592 797 2702 869 30
2729 798 3140 857 TltACTATUS
3178 801 3259 857 ιιι.

2754 914 2833 971 De
2856 915 3093 973 Iustitia.

2211 1027 2252 1084 l.
2279 1027 2548 1082 Fortassis
2573 1027 2642 1083 de
2663 1030 3140 1087 circumstantibus
3172 1032 3249 1103 (i)
3278 1031 3439 1090 doctis
3452 1036 3676 1108 quispiam
3845 1032 3851 1108 1

428 1113 673 1185 angustia
721 1115 1065 1172 constitutos.
1123 1117 1202 1172 Tu
1247 1133 1512 1176 ca-corum
1560 1121 1766 1176 Oculus.
1809 1122 1887 1178 Tti
1941 1138 2038 1192 pes

429 1207 770 1263 claudorum.
813 1206 891 1260 Tn
931 1217 1144 1263 scutum
1191 1209 1568 1268 fidelissimum
1609 1213 1906 1268 viduarum.
1957 1214 2037 1270 Tu

434 1300 628 1356 melior
649 1299 1014 1370 pupillorum,
1047 1302 1166 1370 plus
1185 1317 1344 1372 quam
1374 1312 1602 1374 uterque
1626 1346 1641 1368 ,
1673 1320 1885 1374 parens.
1922 1305 2039 1362 Titii

435 1392 622 1447 oculos
652 1407 924 1463 nunquam
945 1397 1118 1452 siccos
1143 1410 1264 1451 esse
1301 1406 1391 1450 aut
1418 1397 1785 1456 misericordia
1810 1399 2034 1466 permit-

434 1491 497 1545 tit
523 1531 538 1555 ,
568 1499 662 1546 aut
686 1492 962 1562 gaudium.
996 1493 1078 1548 Tu
1110 1501 1232 1547 tuos
1258 1493 1332 1547 ita
1359 1492 1804 1564 diligisiniinicos
1827 1541 1841 1564 ,
1869 1509 1926 1552 ιιι
1966 1499 2047 1553 in-

433 1590 520 1638 ter
539 1598 633 1638 eos
647 1586 946 1653 eharosque
969 1586 1066 1639 tibi
1103 1585 1232 1655 quid
1254 1585 1442 1654 distet,
1462 1588 1916 1645 nemodiscernat.
1943 1590 2046 1656 Tu,

436 1675 688 1746 inquam,
721 1678 962 1733 cmlestia
994 1677 1246 1732 humanis
1271 1721 1284 1745 ,
1319 1683 1548 1734 humana
1587 1683 1902 1740 cmlestibus
1923 1684 2049 1754 jun~

2141 1118 2194 1173 iii
2240 1119 2534 1174 cachinnos
2559 1130 2849 1188 erumpat,
2894 1123 3037 1192 quod
3088 1125 3247 1177 homo
3295 1124 3681 1194 imperitissimus

2145 1220 2201 1267 et
2225 1212 2486 1283 elinguis,
2511 1213 2712 1284 aliquid
2738 1215 2962 1270 audeam
2993 1216 3062 1272 de
3087 1216 3294 1286 justitia
3321 1218 3573 1287 disputare
3597 1263 3609 1286 ,
3631 1223 3684 1275 de

2147 1303 2301 1374 cujus
2334 1304 2662 1374 proprietate
2691 1308 3020 1362 excellentes
3059 1310 3273 1378 ingenio
3302 1321 3350 1365 et
3378 1311 3594 1366 doctrina
3623 1313 3685 1384 (Ξ)

2146 1397 2247 1452 viri
2280 1397 2408 1452 nihil
2439 1399 2571 1454 certi
2614 1400 2762 1455 libris
2789 1403 3093 1471 ingentibus
3115 1403 3471 1472 prodiderunt.
3499 1403 3593 1460 Sed
3608 1421 3689 1476 ego

2150 1492 2256 1564 31
2279 1506 2384 1548 non
2422 1508 2606 1548 curem
2627 1537 2639 1558 ,
2675 1494 2743 1550 de
2769 1512 2856 1551 me
2881 1491 3330 1566 quemadmodum
3361 1501 3472 1570 quis
3490 1501 3689 1570 jocetiir:

2154 1602 2259 1640 non
2291 1587 2434 1640 enim
2465 1584 2516 1640 in
2546 1586 2786 1643 Ecclesia
2819 1589 2910 1644 Dei
2943 1589 3153 1645 fucatus
3180 1591 3432 1661 quzrritur
3452 1606 3627 1658 sermo,
3651 1604 3693 1646 et

2156 1694 2265 1735 non
2293 1680 2493 1737 veritas
2521 1696 2651 1750 pura
2677 1698 2691 1746 ;
2722 1697 2753 1735 a
2774 1697 2882 1752 qua
2920 1684 3078 1754 longe
3101 1700 3290 1740 omnes
3314 1685 3384 1740 illi
3407 1701 3504 1739 non
3535 1699 3694 1739 ιιιιιιιεο

437 1770 521 1840 gis
556 1785 773 1826 arcana.
802 1769 882 1826 Tii
927 1771 1103 1826 divina
1131 1772 1394 1827 custodis.
1425 1773 1501 1828 Τιι
1529 1775 1580 1829 in
1613 1774 1770 1831 Patre
1795 1776 2050 1845 imperas.
2085 1783 2134 1844 B
2161 1774 2265 1829 rito
2305 1773 2694 1830 aberraverunt
2720 1817 2734 1841 ,
2767 1776 2855 1846 qui
2898 1778 3161 1846 justitiam
3197 1778 3290 1833 Dei
3331 1793 3535 1833 manere
3565 1779 3608 1831 in
3635 1777 3697 1846 (3)

443 1861 523 1918 Tu
552 1863 666 1934 (58)
691 1863 784 1918 tibi
809 1865 861 1918 in
891 1862 1029 1919 Filio
1055 1865 1419 1934 obtemperas.
1450 1867 1527 1921 Tn
1557 1869 1607 1922 in
1633 1868 1836 1939 Spiritu
1863 1878 2052 1924 sancto

443 1955 702 2011 exsultas.
734 1954 815 2010 Tu
846 1971 968 2011 cum
1002 1957 1053 2010 in
1085 1956 1260 2012 tribus
1287 1972 1391 2011 una
1421 1958 1529 2025 sis,
1561 1960 1711 2016 nullo
1739 1970 1894 2031 pacto
1920 1961 2057 2017 divi-

444 2096 535 2165 qui
567 2109 598 2165 a
624 2094 791 2147 verbo
817 2093 1085 2164 providisti
1115 2093 1337 2163 regitur.
1369 2093 1502 2148 Dein
1535 2107 1634 2149 ms.
1664 2093 1787 2149 Vat.
1813 2092 1893 2149 Tu
1915 2112 2051 2149 mor-

449 2164 547 2220 tem
582 2164 792 2218 Domini
824 2165 952 2217 mori
962 2206 974 2218 .

523 2237 641 2308 (58)
660 2235 788 2308 Τέω
816 2235 1121 2308 restitutum
1145 2249 1227 2308 ex_
1233 2249 1364 2289 mss.
1389 2234 1572 2308 Rem,
1615 2235 1974 2308 VatuﬂPomp.
2005 2248 2060 2293 et

456 2304 591 2362 Zen.
624 2304 930 2373 Quomodo
973 2313 1153 2360 autem
1195 2304 1359 2360 Pater
1388 2307 1638 2375 imperet,
1663 2319 1715 2362 et
1748 2304 1939 2362 Filius'
1962 2309 2058 2362 ob-

453 2386 744 2444 temperet,
767 2378 999 2445 eitplieat
1030 2379 1087 2432 S.
1112 2376 1280 2439 Zeno,
1311 2377 1406 2431 lib.
1442 2393 1500 2439 ti.
1531 2386 1686 2433 tract.
1720 2381 1770 2446 Ι,
1796 2389 1849 2434 et
1876 2380 1927 2433 6.
1960 2380 2059 2434 Pa-

451 2461 536 2505 ter
565 2458 742 2504 autem
777 2449 1152 2518 obtemperare
1189 2447 1290 2504 sibi
1333 2448 1616 2518 imperanti
1660 2450 1710 2504 in
1740 2450 1879 2505 Filio
1919 2451 2058 2506 dici-

457 2531 568 2586 tur,
589 2531 857 2590 quatenus
883 2535 1004 2590 quai-
1036 2519 1206 2574 Filius
1229 2520 1376 2580 facit,
1399 2519 1588 2574 eadem
1606 2521 1772 2576 efﬁcit
1799 2534 1851 2577 et
1880 2522 2058 2577 Pater.

456 2593 618 2648 Joan.
651 2606 762 2656 XIV,
798 2591 865 2646 10
891 2609 902 2645 :
937 2590 1098 2646 Pater
1127 2600 1298 2644 autem
1326 2592 1377 2645 in
1399 2607 1478 2646 me
1506 2609 1714 2648 manens
1741 2605 1784 2647 et
1814 2595 1923 2663 ipse
1938 2595 2064 2665 facit

459 2679 618 2718 onera
628 2702 641 2716 .

496 2682 645 2804 '75:}
676 2731 738 2788 In
771 2733 908 2787 Fitto
929 2748 1030 2803 pro
1056 2735 1110 2788 in
1136 2733 1334 2788 Filium
1362 2734 1565 2791 dixisse
1584 2737 1795 2790 videtur
1815 2737 1870 2791 S.
1895 2735 2060 2793 Zeno.

453 2805 592 2862 Vide
619 2806 805 2859 adout.
831 2806 862 2859 7
895 2805 946 2860 iti
981 2815 1048 2860 tr.
1083 2806 1207 2861 161.
1235 2823 1290 2861 ti.

532 2877 650 2949 (60)
682 2875 776 2949 Ms.
814 2876 969 2931 Rem.
1001 2879 1246 2945 potentia.
1277 2883 1372 2937 Ms.
1404 2876 1651 2932 Tol.so!a
1673 2878 1945 2932 Trinitatis
1975 2897 2068 2947 po-

460 2948 637 3002 tentia.
693 2948 838 3002 Idem
886 2949 1124 3020 habetet
1157 2951 1324 3008 codex
1353 2952 1478 3008 Vat.
1533 2950 1622 3018 qui
1675 2964 1772 3020 pro
1821 2953 2067 3005 convertis

459 3020 651 3074 scribit
678 3020 1000 3073 convenistis.
1053 3019 1150 3074 Hic
1195 3021 1343 3080 locus
1371 3030 1656 3090 corruptus
1680 3019 1696 3085 ,
1730 3031 1785 3074 nt
1814 3023 2024 3076 videtur
2046 3066 2061 3087 ,

459 3101 518 3146 et
544 3094 829 3164 obscurus.
865 3090 1034 3143 Deum
1067 3091 1282 3160 quidem
1303 3114 1329 3149 a
1359 3093 1595 3164 potentia
1619 3103 1737 3146 actu
1763 3093 2066 3162 operatrice

462 3161 767 3245 appellari,
815 3173 962 3245 patet
990 3177 1057 3216 ex
1093 3163 1296 3245 aliquot
1337 3161 1556 3245 Patrum
1590 3161 1914 3245 Sententiis“:
1947 3180 2066 3245 qua:

2160 1867 2484 1938 eloquentia:
2529 1867 2732 1922 viribus
2779 1869 3138 1924 :cstiniabant.
3185 1869 3426 1940 Denique
3471 1885 3578 1924 cum
3604 1884 3699 1924 eam

2155 1957 2622 2029 comprehendere
2669 1976 2775 2014 non
2822 1972 3042 2030 possent
3071 1962 3290 2034 (neque
3332 1963 3470 2017 enim
3499 1971 3704 2031 poterant

2157 2094 2312 2147 simos
2333 2107 2520 2162 vocans
2540 2088 2877 2148 Christianos
2895 2109 2908 2154 ;
2941 2101 2994 2148 et
3019 2091 3266 2147 Julianus
3296 2094 3536 2162 Apostata
3554 2093 3707 2146 eadem

2159 2160 2669 2234 scripsisse__ferttir
2693 2180 2759 2218 ex
2791 2173 2928 2234 orat.
2963 2162 2998 2217 4
3023 2160 3420 2220 Nazianzeniiu
3456 2165 3706 2228 lulianum,

2160 2244 2217 2292 et
2259 2232 2288 2288 a
2336 2232 2539 2305 (Iyrillo
2572 2233 2959 2300 Alexandrino,
2986 2234 3079 2289 lib.
3111 2252 3160 2288 vi
3187 2279 3201 2299 ,
3253 2247 3440 2291 contra
3477 2235 3708 2291 eumdeni.

2162 2306 2415 2376 Legenda
2446 2305 2634 2376 etiam,
2678 2306 2725 2359 si
2755 2305 2908 2370 libet,
2951 2321 3072 2374 qua:
3103 2322 3166 2360 ex
3194 2305 3445 2362 Gentium
3475 2321 3618 2362 sensti
3647 2322 3710 2359 re-

2167 2375 2266 2433 l’eri
2293 2375 2585 2448 Arnobius,
2614 2376 2686 2431 lib
2714 2393 2750 2432 ιι
2777 2418 2790 2441 ,
2822 2391 2943 2447 pag.
2970 2376 3061 2432 45.
3093 2376 3314 2433 interim
3342 2379 3527 2448 cogita,
3555 2377 3712 2441 lector,

2207 2463 2380 2502 nauta:
2408 2446 2555 2501 Zeno
2583 2446 2906 2515 eloquentia:
2929 2459 2984 2502 et
3009 2449 3271 2504 doctrinm
3315 2446 3507 2515 fuerit,
3547 2463 3650 2502 cuni
3673 2458 3716 2501 et

2207 2465 2380 2502 nauta:
2409 2465 2555 2501 Leno
2583 2465 2904 2515 eioqucntia:
2929 2465 2984 2502 et
3009 2465 3271 2504 noetriua-
3315 2465 3470 2504 tuerit
3493 2491 3507 2515 ,
3547 2465 3650 2502 cuni
3673 2465 3716 2501 ei

2166 2465 2312 2575 docti
2337 2519 2540 2574 ethnici
2570 2518 2636 2572 ad
2663 2536 2785 2574 eum
2817 2519 3139 2575 audiendum
3171 2521 3539 2576 convenirent.
3567 2520 3630 2574 Ex
3652 2519 3717 2571 liis

2170 2607 2332 2662 porro
2364 2590 2647 2645 ecclesiam
2677 2592 2914 2658 patuisse
2942 2592 3193 2662 omnibus
3220 2633 3235 2656 ,
3288 2609 3392 2648 nun
3422 2591 3721 2648 catechume-

2167 2661 2254 2722 nis
2285 2663 2460 2716 solum
2487 2670 2542 2716 et
2569 2662 2834 2717 lucri-ticis
2857 2704 2872 2728 ,
2901 2661 2993 2716 sed
3023 2664 3259 2718 ethnicis
3288 2663 3447 2718 etiam
3475 2703 3488 2728 ,
3516 2663 3628 2715 dtiiii
3652 2676 3722 2715 sa-

2169 2750 2259 2790 cra
2289 2735 2480 2788 c0iicio
2513 2733 2804 2788 ltaberetur
2829 2775 2842 2793 .
2878 2734 3036 2802 plane
3064 2735 3405 2789 ciinviticilur
3433 2751 3446 2798 ;
3471 2734 3600 2803 quod
3625 2732 3723 2785 aliis

2170 2805 2413 2876 ejusdem
2445 2812 2499 2856 et
2539 2805 2801 2873 sequioris
2831 2805 3324 2876 :l‘ViTliOttlllliellliS
3348 2821 3528 2876 aperte
3563 2806 3724 2858 decreo

2172 2873 2282 2932 tum
2313 2877 2599 2930 invenitur.
2638 2876 2766 2930 Vide
2793 2875 2998 2930 Concil.
3036 2876 3244 2932 Valent.
3276 2892 3327 2932 c.
3359 2873 3410 2941 1,
3448 2873 3641 2945 Cartag.
3664 2889 3723 2936 tv,

2169 2964 2220 3004 c.
2250 2951 2338 3002 8i.
2381 2947 2700 3001 Tertulliani
2746 2958 2923 3001 tamen
2971 2959 3132 3003 a-tate
3179 2948 3229 3001 id
3265 2946 3546 3003 catholicis
3579 2945 3728 3000 minus

2172 3020 2454 3089 probatum
2484 3005 2649 3072 fuisse
2671 3018 2882 3073 videtur
2910 3034 2974 3072 ex
3006 3019 3142 3072 libro
3173 3020 3234 3072 de
3274 3019 3562 3085 Prwscript.
3590 3034 3616 3072 c
3650 3017 3726 3076 Μ.

2170 3091 2259 3145 ubi
2293 3091 2670 3144 hair-eticornin
2696 3105 2898 3144 morem
2922 3107 2949 3143 a
2981 3091 3376 3146 catholicorum
3406 3093 3582 3146 saltem
3610 3089 3727 3144 Atri-

2170 3177 2246 3218 ca:
2269 3161 2549 3225 disciplina
2569 3163 2802 3215 alienum
2821 3161 3223 3230 reprehendi-ns
3240 3165 3322 3216 ait
3345 3159 3440 3215 :ln
3458 3161 3620 3229 primis
3641 3159 3733 3228 quis

463 3224 667 3288 videsis
721 3224 868 3305 apti-d7
898 3224 1207 3305 Dionysium
1243 3237 1516 3292 Petavinni
1545 3244 1674 3288 Ioni.
1711 3253 1721 3287 I
1760 3237 1822 3289 de
1849 3224 2064 3288 Theolo-
2095 3224 2140 3287 C
2173 3233 2580 3294 cutechumenus,
2604 3234 2717 3301 quis
2729 3224 3182 3302 ﬁdelis,iiicertuni
3200 3244 3277 3286 est
3300 3249 3320 3288 :
3350 3224 3536 3305 pariter
3554 3224 3730 3290 adeunt.

464 3304 961 3382 gicisrdogm-utibus,
997 3304 1088 3382 lib.
1121 3322 1239 3370 vm,
1273 3326 1392 3378 cap.
1423 3306 1479 3364 8.
1508 3307 1643 3372 Quid
1676 3307 2062 3382 anteni_cliari-

466 3386 548 3431 tas
581 3377 721 3435 Deus
744 3377 965 3450 dicatur_
988 3377 1196 3434 ratione
1224 3377 1815 3450 potentizr,iquamsola
1831 3378 2064 3450 charitas

464 3453 708 3522 conuertit
733 3463 888 3522 ,_non
917 3447 1074 3522 plane
1107 3447 1394 3522 intelligas,
1429 3449 1529 3504 nisi
1556 3449 1797 3519 explices
1833 3449 1910 3502 sic
1932 3491 1957 3522 _,
1987 3451 2066 3502 ni-

467 3521 666 3594 mirum
699 3519 870 3576 solam
892 3519 1243 3594 _charitatem,
1273 3519 1376 3594 qua
1414 3525 1554 3576 Dens
1584 3535 1642 3575 se
1668 3532 1721 3574 et
1743 3535 1840 3573 nos
1871 3520 2063 3590 diligit,

468 3589 718 3648 effecisse
745 3634 758 3653 ,
795 3600 850 3641 iit
874 3591 934 3660 is
967 3604 1024 3644 se
1052 3605 1110 3645 se
1141 3589 1810 3648 fiiras'comiiitiiiicaturns
1835 3633 1848 3653 ,
1881 3589 2068 3660 poteti-

472 3663 602 3714 tiam
636 3665 688 3717 in
723 3659 905 3716 mundi
937 3671 1210 3717 creatione
1237 3673 1556 3726 exerceret,
1607 3672 1665 3717 ut
1691 3659 1892 3717 scilicet
1920 3663 1952 3716 ii
1985 3677 2068 3716 es-

468 3739 594 3786 sent
620 3775 634 3798 ,
687 3735 738 3787 in
788 3732 984 3800 quibus
1027 3732 1222 3787 divina:
1266 3736 1631 3803 perfectiones
1659 3734 2066 3801 clnccsccrent,

474 3816 719 3875 quosque
749 3819 861 3875 sua:
890 3803 1143 3875 bonitatis
1177 3806 1464 3875 participes
1491 3806 1712 3859 faceret.

541 3872 747 3931 Tnitc'r.
764 3873 928 3928 lll.-—-
943 3872 1021 3945 (i)
1040 3873 1224 3945 DoctOs
1235 3872 1467 3930 Zenonis
1480 3876 1822 3930 sermonibus
1837 3875 2072 3929 adfuisse

475 3945 601 4002 hinc
629 3944 1072 4015 colligimttsiqiii
1092 3958 1268 4001 autem
1294 3947 1346 4000 hi
1372 3948 1590 4001 fuerint.
1611 3949 1793 4015 paucis
1817 3946 2075 4015 eoojieia-

471 4033 612 4073 mus.
645 4020 776 4073 Cum
809 4018 910 4071 hoc
952 4017 1004 4069 in
1032 4032 1283 4073 Sermoiie
1313 4034 1430 4073 eam
1463 4019 1714 4082 iustitiam
1745 4018 1800 4071 S.
1838 4018 2075 4071 Antistes

472 4090 836 4151 commendet,
857 4103 1016 4158 qurea
1044 4088 1304 4144 Gentibus
1325 4105 1388 4144 ex
1415 4088 1850 4159 philosophorum
1867 4088 2076 4157 placitis

470 4159 700 4214 stultitia
738 4159 1028 4230 audiebat;
1081 4174 1198 4214 eam
1235 4177 1363 4215 vero
1404 4164 1653 4230 reprobet
1680 4160 1943 4228 justitiam

473 4231 713 4285 culareni
731 4270 746 4294 ,
767 4246 888 4298 qua:
917 4229 1116 4298 injusta
1145 4232 1362 4296 quidem
1383 4275 1398 4297 ,
1425 4229 1518 4287 sed
1548 4233 1808 4301 sapientia
1840 4247 1869 4284 a
1892 4230 2078 4285 Genti-

476 4301 589 4372 bus
625 4301 1054 4372 przedieabatnr;
1102 4304 1276 4356 doctos
1302 4345 1316 4368 ,
1361 4305 1451 4372 qui
1494 4303 1729 4358 Zenonis
1771 4317 2078 4357 seruiuiiem

477 4369 764 4428 cachinnis
793 4372 1125 4440 exciperent,
1160 4374 1304 4443 ipsos
1335 4369 1581 4430 ethnicos
1622 4375 1786 4429 fuisse
1815 4373 2077 4444 quispiam

477 4443 758 4517 existimet
780 4460 800 4517 _:
830 4444 1031 4512 quippe
1074 4445 1164 4514 qui
1205 4461 1268 4501 ex
1310 4445 1440 4500 falsa
1465 4447 1672 4517 justitia
1695 4487 1710 4510 ,
1748 4443 1908 4515 quam
1937 4446 2080 4517 cole-

476 4513 609 4584 bant
632 4554 647 4574 .
676 4515 949 4582 sapientes
976 4529 1034 4569 se
1058 4513 1188 4572 vere
1213 4532 1354 4584 esse,
1391 4513 1727 4573 Christianos
1753 4513 1929 4571 autem
1957 4514 2080 4576 huic

475 4583 1226 4680 iniinie952‘stultos
1257 4605 1318 4644 ac
1349 4590 1630 4680 imperitos
1659 4587 2077 4680 putab.in|t..-Sed
2106 4619 2160 4680 Β

479 4656 587 4729 alia
617 4657 844 4729 fortasse
871 4657 937 4729 de
966 4671 1127 4712 causa
1168 4661 1315 4729 ipsos
1352 4656 1614 4714 Ethnicos
1653 4659 1830 4712 doctos
1878 4659 1962 4712 hic
1986 4674 2080 4725 ap-

482 4727 672 4797 pellari
700 4727 1093 4783 crediderimus
1116 4771 1133 4796 ,
1159 4727 1282 4784 cum
1309 4733 1604 4786 cachinnos
1631 4746 1695 4785 ex
1729 4733 1874 4784 hisce
1905 4730 2079 4785 doctis

494 4797 806 4871 hominibus
838 4808 1060 4862 metuat,
1095 4802 1164 4853 ob
1193 4817 1473 4855 sermonum
1497 4819 1599 4855 non
1628 4805 1876 4871 fucatam,
1903 4803 1990 4864 qui
2015 4801 2082 4854 ab

484 4869 619 4944 ipsis
656 4871 939 4944 qute‘ritur,
986 4888 1023 4944 a
1055 4885 1114 4944 se
1152 4880 1330 4926 autem
1378 4875 1572 4944 elingui
1619 4869 1673 4927 et
1699 4874 2081 4944 imperitissimo

488 4941 683 4996 abeSse
699 4941 954 4995 afﬁrmat.
986 4939 1204 5011 Vulgata
1238 4939 1502 4997 iiiiniruni'
1522 4953 1638 4999 erat
1665 4943 1803 5010 apud
1837 4944 2082 4996 ethnicos

453 5015 458 5022 ’
487 5011 670 5082 Opinio
695 5052 709 5073 ,
739 5028 797 5065 se
818 5014 966 5067 solos
989 5057 1002 5079 ,
1037 5015 1124 5081 qui
1158 5014 1498 5082 politioribus
1531 5015 1725 5068 litteris
1753 5025 1806 5067 et
1841 5013 2078 5080 philoso-

487 5081 633 5206 phiae
661 5082 923 5137 vacabant
947 5124 960 5146 ,
1005 5081 1192 5139 doctos
1220 5100 1380 5150 esse;
1420 5083 1759 5140 Christianos
1803 5093 1981 5138 autem
2019 5085 2084 5139 ab

533 5153 642 5205 isce.
670 5153 860 5206 studiis
890 5156 1135 5206 alienos.
1178 5155 1341 5206 rudes
1385 5166 1440 5206 et
1489 5157 1766 5206 imneritos
1814 5170 2084 5206 iiuiienna-

533 5153 642 5205 isee
670 5153 860 5225 studiis
890 5156 1135 5225 alienos,
1178 5155 1341 5210 rudes
1385 5166 1440 5211 et
1489 5157 1766 5225 imperitos
1814 5170 2086 5223 nuncupa-

489 5221 643 5298 bant.
673 5222 808 5298 Hinc
823 5221 1069 5298 Caecilius
1097 5226 1346 5282 ethnicus
1374 5229 1512 5298 apud
1537 5221 1822 5281 Minucium
1853 5221 2082 5298 Felicem

492 5294 546 5365 in
575 5291 796 5365 Octavio
840 5311 894 5365 p.
925 5296 994 5348 5'2
1018 5338 1031 5358 ,
1063 5298 1327 5351 adversus
1355 5291 1689 5352 Christianos
1744 5300 1822 5350 sic
1861 5297 2086 5365 loquens

491 5364 804 5418 inducitur:
867 5363 1256 5436 lndignandum
1303 5371 1536 5424 omnibus
1571 5363 2088 5436 indotesceuduiuque

493 5449 588 5498 εει,
618 5437 797 5490 audire
815 5439 1085 5506 quosdam,
1109 5449 1154 5491 et
1177 5443 1271 5493 lios
1291 5444 1577 5495 studiorum
1603 5439 1779 5502 rudes,
1804 5439 2085 5491 litterarum

493 5507 762 5577 profanos,
787 5518 1016 5576 expertes
1036 5509 1224 5562 artium
1244 5513 1394 5564 etiam
1412 5513 1758 5572 sordidarum,
1781 5521 1972 5564 certum
1989 5510 2088 5562 ali-

495 5579 619 5646 quid
650 5581 712 5631 de
737 5596 936 5652 summa
964 5597 1134 5633 rerum
1162 5597 1224 5633 ac
1263 5593 1524 5652 majestate
1553 5583 1824 5635 decernere
1845 5621 1857 5639 ν
1902 5581 1967 5632 de
1985 5597 2086 5643 qua

497 5656 568 5722 tot
592 5650 824 5703 omnibus
853 5653 1059 5722 smi'ulis
1076 5650 1350 5705 sectarum
1366 5655 1700 5722 plurimarum
1733 5667 1892 5719 usque
1917 5652 2087 5703 adhuc

495 5717 608 5792 ipsa
642 5721 965 5788 philosophia
985 5722 1252 5777 deliberat.
1286 5717 1488 5779 Similia
1512 5724 1698 5776 Celsus
1719 5717 1920 5792 oggerit
1947 5721 2085 5789 apud

493 5784 800 5856 Οτίιῐθιιρηις
825 5784 914 5847 lib.
947 5809 1025 5862 in,
1045 5811 1165 5866 pag.
1186 5792 1310 5863 144,
1339 5784 1842 5850 ξιιὶιιεναιίδδίυιοῖἒι
1866 5784 2087 5848 rusticis-

2169 3305 2616 3376 paritergaudiunt,
2643 3305 2834 3376 pariter
2855 3315 3024 3372 orant;
3040 3306 3397 3358 ctiumctlmici
3419 3305 3461 3359 si
3477 3316 3736 3376 supervene-

2168 3373 2304 3444 riiit,
2341 3374 2589 3430 Sanctum
2632 3373 2862 3447 canibus,
2889 3385 2935 3429 et
2965 3377 3133 3447 porcis
3155 3377 3496 3447 margaritas.
3529 3373 3632 3447 licet
3654 3387 3736 3426 nou

2169 3463 2330 3504 veras.
2342 3447 2633 3516 jactabunt.
2657 3446 3048 3517 Stntplicitatem
3065 3452 3144 3501 vol
3151 3458 3236 3500 unt
3255 3446 3368 3502 esse
3381 3446 3736 3517 pi'omationent

2171 3515 2475 3589 discipiinte,
2498 3520 2645 3586 cujus
2674 3515 2933 3587 penesuos
2945 3535 3119 3573 curant
3142 3518 3458 3572 lenocinium
3482 3527 3664 3570 uocant.
3685 3515 3744 3568 Δι

2172 3605 2292 3659 qua:
2319 3589 2601 3659 disciplina
2631 3589 2800 3643 tribus
2830 3590 3015 3658 primis
3042 3589 3256 3644 sa'culis
3285 3633 3300 3652 ,
3326 3590 3454 3644 duin
3485 3591 3552 3644 ob
3588 3601 3744 3657 perse-

2173 3663 2417 3714 CllliOttes
2451 3660 2722 3714 latendum
2756 3669 2891 3719 erat.
2926 3662 3204 3716 catholicis
3227 3660 3619 3730 displicuit;ea
3644 3663 3744 3730 post

2174 3731 2436 3786 redditam
2473 3731 2726 3785 Ecclesia:
2758 3747 2965 3798 pacem,
3014 3733 3139 3787 duni
3171 3727 3409 3788 nihihab
3434 3727 3743 3785 advenienti-

2176 3801 2277 3856 bus
2302 3803 2533 3858 ethnicis
2565 3814 2680 3856 erat
2705 3804 3050 3858 metuendum
3075 3847 3089 3867 ,
3136 3819 3344 3871 eosque
3390 3804 3682 3858 discernere
3701 3806 3747 3851 et

2175 3883 2317 3928 stato
2348 3883 2591 3941 tempore
2620 3873 2909 3931 excludere
2939 3875 3134 3931 licebat
3160 3891 3262 3929 una
3288 3891 3413 3930 eum
3441 3872 3746 3928 catechume-

2179 3949 2261 3998 nis
2285 3986 2300 4011 ,
2334 3959 2401 4017 ne
2429 3945 2684 4017 Sanctum
2714 3946 2937 3999 canibus
2984 3948 3322 4017 prsebcrctnr
3347 3989 3364 4014 ,
3418 3946 3626 4016 placuit.
3672 3941 3749 3996 Sic

2177 4017 2339 4071 etiam
2367 4014 2537 4070 Judaei
2565 4031 2746 4070 eorani
2780 4014 3028 4071 omnibus
3060 4019 3232 4086 legem
3253 4014 3746 4086 interpretabantur.

2179 4086 2246 4141 de
2277 4103 2385 4156 quo
2416 4086 2578 4140 multa
2607 4087 2849 4142 Valesius
2878 4090 2930 4142 iii
2964 4089 3104 4143 netis
3125 4089 3188 4141 ad
3215 4088 3437 4144 Ensi-bii
3467 4087 3751 4148 Hismriam,

2181 4159 2274 4212 lib.
2300 4175 2360 4222 ιι,
2389 4174 2505 4227 cap.
2539 4159 2589 4211 6.
2646 4160 2751 4211 llac
2802 4174 2963 4227 porro
2993 4163 3042 4212 in
3071 4158 3386 4215 Zenoniana
3434 4158 3648 4230 periodo
3673 4170 3754 4225 pro

2181 4232 2400 4283 audeam
2427 4245 2528 4283 ms.
2565 4230 2751 4298 Punip.
2789 4231 2942 4285 habet
2970 4235 3177 4285 audeat.

2259 4300 2339 4370 (‘2)
2380 4301 2490 4354 Nos
2521 4301 2620 4375 veri
2642 4301 2790 4375 juris
2827 4317 3180 4370 germanteque
3221 4302 3448 4375 justititv
3479 4299 3688 4375 solidam
3720 4307 3756 4375 et

2183 4369 2473 4442 expressam
2508 4369 2732 4442 efﬁgiem
2780 4369 2976 4428 nullam
3004 4369 3262 4437 tenemus;
3305 4374 3490 4426 umbra
3529 4383 3573 4424 et
3601 4369 3760 4441 imagi-

2183 4443 2329 4496 nibus
2361 4445 2578 4496 utimur:
2611 4445 2681 4498 ita
2713 4445 2901 4498 (licero
2932 4447 3161 4499 inaenne
3183 4445 3472 4499 confessus
3492 4453 3568 4496 est
3590 4442 3676 4495 lib.
3712 4453 3760 4493 ιιι

2186 4514 2249 4566 de
2282 4512 2506 4582 Ofﬁciis,
2535 4513 2870 4569 ethnicorum
2905 4512 3352 4586 phiiosiiphmuin
3387 4528 3666 4584 personam
3691 4525 3764 4586 ge;

2189 4579 2361 4649 rens,
2404 4586 2497 4654 qui
2524 4586 2688 4639 multa
2721 4587 2845 4640 licet
2889 4579 2957 4641 de
2993 4579 3204 4656 jllsti‘lia
3250 4579 3606 4646 tradiderint,
3648 4579 3764 4656 nihil

2187 4666 2362 4710 tamen
2395 4671 2488 4710 eos
2522 4657 2704 4716 solidi,
2735 4658 2862 4711 nihil
2886 4654 3266 4725 veriattigisse
3299 4660 3417 4711 inse
3447 4657 3630 4722 prohat
3651 4654 3765 4710 Lac-

2187 4727 2404 4790 tantius,
2437 4729 2528 4781 lib.
2562 4744 2594 4780 v
2628 4727 2800 4781 Dicin.
2825 4729 3068 4793 institut.,
3097 4746 3163 4783 ex
3181 4745 3288 4800 quo
3308 4729 3365 4783 S.
3405 4727 3554 4800 Zeno
3577 4730 3624 4780 in
3643 4726 3768 4780 hunc

2185 4807 2468 4852 tractatum
2506 4817 2609 4854 non
2652 4815 2818 4868 pauca
2862 4800 3164 4865 derivavit,
3198 4796 3275 4854 ἰιι
3306 4815 3432 4854 mox
3465 4796 3765 4853 videbimus.

2184 4869 2240 4923 Id
2271 4870 2629 4938 ipsnntpoetic
2651 4886 2862 4940 quoque
2879 4872 3079 4926 ethnici
3112 4871 3548 4934 intellexerunt;
3582 4885 3642 4926 ac
3663 4881 3772 4938 pro-

2186 4940 2312 4995 inde
2341 4940 2600 5009 ﬂuxerunt
2628 4984 2641 5002 ,
2671 4943 2838 5010 inquit
2869 4943 3007 4996 idem
3043 4943 3377 5006 Lactantius,
3415 4943 3510 4995 lib.
3543 4958 3593 4995 iv
3617 4984 3633 5005 ,
3662 4955 3770 5006 cap.

2188 5009 2222 5064 5
2247 5053 2262 5077 ,
2294 5013 2552 5082 justitiam
2575 5011 2825 5079 o/I‘ensant
2851 5015 2986 5067 vitiis
3021 5014 3284 5067 hominum
3313 5014 3528 5067 cessisse
3563 5023 3735 5082 eterra
3757 5049 3771 5073 ,

2189 5082 2245 5134 in
2275 5081 2556 5152 caelumque
2583 5087 2845 5152 migrasse.
2879 5084 2935 5138 lii
2967 5085 3212 5151 sequenti
3247 5085 3472 5152 periodo
3487 5085 3619 5138 edit.
3651 5081 3772 5136 Ven.

2190 5169 2293 5208 non
2321 5171 2445 5210 curo
2479 5170 2573 5224 pro
2604 5172 2705 5208 non
2745 5171 2957 5222 curem,
2990 5165 3046 5211 et
3082 5171 3183 5210 ms.
3219 5157 3348 5211 Urb.
3380 5195 3398 5222 ,
3439 5157 3651 5221 jocatur
3691 5164 3777 5223 pro

2180 5227 2408 5298 jocettir.

2264 5298 2346 5368 (5)
2369 5295 2726 5368 Philosophus
2753 5295 2841 5352 hic
2871 5307 2920 5350 et
2951 5308 3199 5352 oratores
3236 5299 3487 5354 ethnicos
3535 5297 3595 5352 S.
3647 5295 3780 5368 Zeno

2189 5366 2360 5440 notat.
2386 5367 2703 5440 ‘Pliilosoiihi
2736 5368 2957 5432 ethnici,
2989 5373 3076 5438 qui
3113 5371 3161 5423 in
3191 5370 3392 5426 scholis
3415 5369 3644 5440 publicis
3673 5366 3778 5435 phi-

2189 5437 2487 5510 lusupliiani
2521 5439 2800 5492 tradebant
2833 5437 3101 5510 Ambrosii
3148 5455 3361 5510 qunque
3397 5437 3645 5510 tempore
3669 5480 3697 5510 ,Α
3732 5443 3782 5510 ul

2187 5508 2443 5564 discimus
2474 5525 2537 5563 ex
2567 5510 2660 5562 lili.
2693 5526 2705 5562 i
2737 5509 2802 5564 de
2846 5509 2978 5564 Fide
3026 5527 3141 5582 cap.
3170 5508 3285 5580 ιδ.
3318 5517 3369 5566 iii
3411 5508 3646 5567 sermone
3663 5508 3781 5561 divi-

2190 5589 2262 5634 tes
2287 5592 2425 5646 sunt,
2457 5582 2530 5632 ait
2558 5582 2694 5652 idem
2728 5589 2933 5647 auctor,
2969 5584 3126 5636 Enar.
3163 5585 3214 5637 in
3250 5585 3383 5652 psal.
3411 5598 3573 5638 xxxvi
3601 5622 3616 5645 ,
3642 5596 3780 5634 nutu.

2191 5652 2262 5706 28
2287 5695 2300 5716 ,
2351 5662 2403 5706 et
2446 5669 2507 5704 εγ
2558 5650 2639 5704 his
2669 5652 2935 5720 plerosque
2963 5650 3596 5724 phaleratissermonibus
3633 5661 3783 5704 artem

2191 5739 2335 5794 suam
2355 5727 2559 5794 jactare
2608 5723 2892 5788 prudentia:
2932 5723 3078 5778 notat
3120 5727 3212 5778 lib.
3248 5743 3312 5780 ιιι
3344 5729 3393 5779 in
3423 5724 3777 5778 Lucamnuni.

2191 5793 2282 5848 66.
2338 5793 2607 5865 Sophista:
2637 5805 2815 5849 autem
2864 5799 3137 5868 praecipue
3179 5797 3519 5864 indicantur,
3561 5807 3780 5866 quorum

3845 1129 3853 1184 1

3849 1225 3855 1270 1

3829 44 3831 128 1

3831 140 3833 204 1

3835 338 3837 382 |

3837 438 3839 496 1

3839 536 3841 592 1

3841 636 3843 686 1

3843 734 3845 778 |

3845 1032 3851 1118 1

3845 1129 3853 1216 1

3849 1225 3855 1306 1

3855 1330 3859 1484 1

3859 1528 3861 1576 1

3861 1626 3863 1670 |
