3894 6322
56 279 152 337 281

1268 276 1467 332 LIBER
1505 276 1547 333 I.
1589 272 2001 333 TRACTATUS
2040 275 2128 332 Ill.

3232 274 3341 330 ειη

59 400 171 452 sine
196 394 506 468 magisterio
542 391 622 465 (4)
644 390 840 448 divinis
867 391 1144 464 sapientiai
1170 432 1187 455 ,
1218 391 1372 462 cujus
1398 390 1645 451 ttotitiam
1672 396 1725 455 Α
1749 389 2038 459 dispendio
2065 403 2176 443 sua:
2197 427 2214 453 ,
2247 401 2356 444 non
2385 385 2561 443 dicam
2593 386 2860 444 facultatis
2884 427 2901 455 ,
2939 386 3034 444 sed
3059 386 3221 444 etiam
3248 428 3265 456 ,
3296 388 3342 442 si

60 504 164 547 non
194 488 523 559 habebant),
554 487 688 542 duas
717 501 1006 558 asseruere
1038 485 1304 557 justitias,
1354 482 1434 557 (5)
1482 500 1643 540 unam

60 584 296 650 civilem,
324 582 431 656 33
454 581 679 637 alteram
704 580 1045 635 naturalem:
1077 593 1302 650 quarum
1332 577 1459 633 fecit
1485 591 1645 646 aper-

60 678 264 732 tissime
293 718 310 744 ,
360 690 480 730 cum
526 673 592 727 ad
641 672 917 728 Romanos
957 672 1267 742 loqueretur
1306 669 1603 737 Apostolus
1629 709 1646 734 ,

60 770 384 825 mentionem
410 767 598 822 dicens
628 783 642 818 :
678 764 819 820 Nam
836 766 1095 837 justitiam
1121 763 1210 817 Det
1238 764 1531 837 ignorantes
1553 803 1568 828 ,
1603 772 1651 816 et

59 881 202 919 suam
222 866 443 918 volentes
468 859 780 915 constituere
800 900 815 925 ,
837 858 1056 930 justitia:
1085 853 1183 910 Dei
1204 872 1304 909 non
1326 855 1640 909 obedierunt.

62 957 232 1030 (Rom.
261 972 295 1012 ι
317 997 333 1021 ,
361 957 412 1013 3.
435 954 455 1025 )
478 954 586 1012 Sed
615 969 737 1010 cum
766 952 835 1009 de
854 952 945 1025 (6)
965 950 1149 1006 futuro
1178 949 1310 1005 nihil
1338 951 1645 1020 opinantes,

61 1050 345 1123 praesentis
373 1058 576 1105 tantum
599 1047 724 1103 vitae
744 1044 1034 1103 commoda
1064 1044 1397 1112 inspiciunt,
1430 1041 1651 1098 falsam-

64 1161 162 1217 que
186 1145 446 1201 adversus
473 1157 657 1201 veram
688 1157 785 1213 pro
810 1156 937 1197 vera
965 1139 1298 1204 defendunt;
1337 1138 1416 1194 sic
1444 1147 1646 1193 utram-

64 1254 163 1308 que
192 1238 384 1294 mediis
420 1252 452 1291 e
496 1236 745 1292 manibus
769 1276 786 1300 ,
811 1234 984 1292 oculis
1010 1233 1318 1303 patentibus
1336 1273 1355 1298 ,
1400 1231 1647 1302 perdideo

65 1341 221 1387 runt:
272 1329 372 1385 Dei
393 1368 410 1397 ,
440 1342 565 1387 cum
594 1328 673 1401 ('l)
704 1328 924 1384 stultam
951 1334 1181 1396 putant,
1225 1323 1369 1395 quod
1408 1323 1654 1380 elaboret

71 1527 179 1570 mos
206 1519 323 1567 erat
360 1515 579 1578 paratos
604 1522 725 1564 esse
753 1521 1005 1578 semper,
1035 1515 1095 1562 ut
1121 1505 1189 1562 de
1213 1520 1554 1578 quacumque
1597 1519 1657 1578 re

73 1584 237 1640 subito
263 1576 616 1643 dissererent,
652 1586 787 1634 teste
808 1576 920 1632 Cic.
958 1577 1050 1631 lib.
1082 1593 1116 1632 ιι
1149 1580 1212 1631 de
1250 1576 1503 1641 Finibus;
1526 1585 1580 1630 et
1603 1577 1654 1630 in

76 1657 170 1711 hoc
213 1654 388 1708 lietam
434 1652 721 1721 quamdam
769 1664 1069 1719 vanamque
1106 1648 1382 1715 sapientiae
1420 1649 1655 1717 speciem

75 1725 403 1797 jaetitabant.
424 1737 657 1797 eamqup
676 1721 1028 1797 macedonis
1052 1761 1066 1781 ,
1103 1729 1199 1797 inut
1227 1730 1447 1789 quaestus
1476 1735 1658 1797 caussa

80 1791 480 1866 proﬁtebantur,
510 1804 567 1849 ut
589 1792 729 1866 idem
756 1793 835 1847 ait
873 1792 1293 1866 Academicorum
1319 1791 1657 1866 quaestionum

80 1860 163 1924 lib.
190 1882 261 1931 tv,
295 1881 415 1935 cap.
447 1866 539 1921 23.
564 1862 721 1935 Cum
754 1879 914 1932 porro
938 1863 1079 1933 apud
1111 1862 1312 1935 Gentes
1337 1862 1541 1935 justitia
1572 1860 1657 1916 di-

80 1948 295 1999 ceretur,
319 1932 576 2007 quidquid
604 1936 954 2007 inpropriuin
974 1932 1323 2007 commodum
1341 1932 1655 2007 utilitatem-

80 2027 172 2081 que
191 2002 407 2081 cederet
426 2047 441 2073 ,
469 2002 531 2061 in
558 2020 623 2062 ex
647 2002 891 2081 dicendis
913 2005 1219 2081 constabit;
1263 2003 1482 2081 hinc_S.
1512 2002 1661 2081 Zeno

84 2074 130 2136 in
160 2083 255 2135 hac
282 2078 658 2151 sophistarum
691 2077 1086 2151 vaniloquentia
1115 2076 1353 2151 ipsorum
1395 2074 1659 2144 justitiam

85 2153 231 2208 sitam
258 2145 380 2205 esse
409 2163 516 2204 non
538 2148 636 2204 abs
656 2164 716 2203 re
731 2145 984 2203 afﬁrmat.
1014 2147 1088 2201 De
1115 2145 1216 2201 hoc
1240 2157 1523 2216 propterea
1551 2162 1662 2198 nie-

83 2232 307 2280 moratos
331 2220 676 2284 Ambrosius,
707 2219 801 2274 lib.
836 2236 872 2273 lt
899 2219 963 2272 de
984 2217 1256 2281 Abraham,
1282 2232 1330 2272 c.
1366 2217 1451 2280 10,
1486 2233 1538 2269 n.
1558 2216 1659 2271 76:

88 2294 265 2349 Surculi
284 2293 436 2346 istius
466 2290 730 2360 sophista,
769 2291 984 2360 inquit,
1019 2299 1282 2343 traxerunt
1310 2288 1663 2355 deﬁnitionem

87 2364 369 2437 hujusmodi
386 2405 403 2429 ,
430 2360 792 2437 quodsapiens
824 2364 898 2415 vir
928 2362 1089 2437 bonus
1114 2361 1316 2437 dicendi
1340 2362 1532 2432 peritus
1559 2363 1662 2414 sit:

89 2432 169 2491 υιςί
197 2437 470 2508 “picum,”
492 2444 545 2487 ει
574 2432 769 2508 lippum
795 2448 893 2508 Pro
915 2433 1107 2508 eodem
1138 2432 1306 2508 accipi
1330 2473 1347 2508 _,
1376 2442 1664 2508 utrumque

90 2502 263 2562 autem
298 2508 350 2562 in
401 2504 615 2561 dicendi
661 2502 852 2577 peritia
883 2519 911 2558 a
934 2503 1201 2577 Sophistis
1228 2503 1460 2571 positum
1488 2502 1659 2577 vides.

93 2578 163 2635 De
189 2577 489 2633 oratoribus
531 2572 678 2630 Vero'
709 2577 939 2631 ethnicis
987 2572 1039 2629 in
1087 2573 1449 2643 sophistarum
1480 2572 1665 2640 schola

93 2650 320 2714 eruditis,
348 2650 442 2718 qui
474 2648 797 2717 eloquentia:
841 2646 1161 2717 sapientiam
1203 2660 1315 2714 prae
1343 2658 1403 2699 se
1432 2645 1667 2718 ferentes

94 2722 284 2789 injustis
312 2715 623 2788 quaestubus
651 2715 952 2781 inhiabant,
977 2720 1097 2772 vide
1117 2733 1235 2789 quzu
1259 2732 1285 2767 ει
1314 2724 1503 2770 nostro
1522 2715 1668 2789 Auc-

94 2788 197 2846 tore
222 2795 463 2847 dicentur
490 2808 639 2844 num.
662 2791 719 2843 ‘2.
747 2790 887 2845 Edit.
922 2790 1056 2845 Ven.
1088 2803 1184 2858 pro
1208 2788 1258 2841 in
1276 2788 1574 2857 eloquentur
1592 2788 1662 2841 vi-

94 2864 220 2917 ribus
239 2863 404 2917 habet
429 2863 483 2917 in
513 2863 803 2931 eloquentia
825 2871 870 2915 et
898 2862 1110 2916 viribus.

158 2934 232 3007 (i)
258 2935 410 3003 Quod
437 2927 688 3007 nimirum
715 2936 830 2989 sola
860 2934 946 2987 illa
972 2974 1003 3007 ,_
1028 2948 1153 3007 qua:
1177 2945 1273 3000 per
1308 2927 1466 3007 tidem
1496 2929 1672 3007 disci-

96 3001 426 3076 tur,est'vera
456 3005 717 3072 sapientia
739 3019 969 3076 veraque
985 3003 1213 3076 justitia,
1239 3001 1380 3076 unde
1410 3002 1468 3076 ξ.
1495 3002 1667 3068 Zeno,

99 3093 230 3132 num.
261 3076 294 3132 4
315 3075 483 3131 :-Nisi
516 3076 838 3130 credideritis
862 3072 964 3129 non
990 3072 1285 3145 intelligetis
1304 3090 1323 3140 ;
1345 3084 1395 3125 ct
1422 3072 1665 3129 Lactant.

100 3149 181 3203 lib.
210 3163 261 3203 vt
293 3148 519 3202 lnstitut.
567 3162 687 3213 cap.
710 3147 745 3202 9
770 3164 784 3198 τ
831 3147 930 3216 Qui
957 3145 1121 3201 Deum
1151 3148 1388 3217 ignorat,
1430 3156 1476 3198 et
1506 3147 1670 3215 ipsam

92 3221 328 3291 justitiam
344 3222 557 3291 ignoret
577 3233 783 3272 necesse
802 3229 892 3291 est.

160 3290 234 3362 (5)
272 3285 418 3345 Inter
443 3289 716 3362 sophistas
763 3286 996 3362 celebris
1025 3285 1333 3362 Carneades
1361 3328 1374 3362 ,
1410 3286 1501 3339 ille
1529 3328 1543 3352 ,
1577 3287 1669 3356 qui

99 3358 223 3431 duas
244 3362 426 3416 Rome
451 3358 519 3414 de
541 3360 749 3431 justitia
784 3360 1060 3414 orationes
1084 3358 1291 3421 habuit,
1326 3360 1547 3431 alteram
1567 3373 1669 3427 qua

68 3446 73 3451 ·
101 3430 228 3485 illam
256 3440 490 3486 statuere
520 3429 833 3495 contendit,
866 3432 1089 3485 alteram
1114 3443 1217 3499 qua
1250 3429 1672 3499 eamdemever-

101 3511 199 3556 tere
228 3514 286 3558 ae
329 3506 528 3558 nullam
557 3518 678 3558 esse
707 3503 933 3572 probare
974 3513 1198 3556 conatus
1228 3509 1310 3553 est
1338 3517 1350 3553 :
1404 3498 1671 3567 sophista-

101 3588 205 3629 rum
230 3578 366 3629 enim
399 3576 514 3629 laus
543 3583 659 3630 erat
685 3571 914 3628 tuatima
940 3573 989 3627 in
1025 3584 1307 3638 utramque
1328 3582 1531 3639 partem
1559 3571 1669 3625 dis-

103 3656 291 3713 putare.
315 3646 373 3701 In
403 3646 650 3701 oratione
671 3656 873 3707 autem,
903 3658 1062 3715 quam
1086 3654 1274 3715 contra
1299 3643 1560 3715 justitiam
1590 3657 1675 3697 re-

102 3712 263 3772 citavit
289 3760 302 3783 ,
350 3717 715 3773 distinctionis
737 3759 751 3781 ,
783 3732 901 3786 quze
923 3712 1017 3770 'blc
1057 3728 1086 3768 a
1117 3712 1336 3768 Zenone
1365 3714 1629 3767 indicatur
1656 3755 1670 3780 ,

103 3788 289 3843 semina
309 3789 761 3850 continebantur;
788 3788 945 3854 hujus
968 3788 1110 3841 enim
1137 3786 1674 3854 orationislragmen-

104 3867 147 3910 ta
193 3861 384 3931 aliquot
399 3862 517 3915 eum
547 3869 831 3914 recitasset
859 3856 1165 3913 Lactantius
1190 3899 1204 3921 ,
1234 3857 1324 3931 lib.
1359 3872 1410 3931 vt
1438 3856 1670 3910 lnstitnt.

18 3954 28 3971 ι
104 3942 149 4004 c_._
176 3929 286 4004 16!
316 3931 394 3986 Ita
419 3932 847 4004 ergojustitiom,
881 3931 1088 4004 inquit,
1132 3929 1321 4004 rum-in
1355 3929 1483 3980 duas
1508 3937 1675 3997 partes

105 4000 349 4063 divisisset,
378 4000 595 4057 alteram
624 4003 821 4056 civilem
854 4018 961 4055 esse
990 4001 1181 4064 dicens,
1214 4000 1427 4053 alterum
1460 4009 1670 4052 natura-

106 4070 220 4146 lem,
244 4083 501 4146 utramque
526 4074 766 4127 subvertit
792 4116 806 4138 ,
844 4071 984 4146 quod
1019 4072 1111 4125 illa
1136 4071 1305 4146 civilis
1335 4071 1581 4146 sapientia
1611 4071 1675 4146 sit

105 4143 301 4219 quidem,
332 4142 646 4219 sed'justitia
675 4161 776 4199 non
806 4145 908 4219 sit;
938 4144 1386 4219 nntiiralirautent
1412 4142 1502 4219 iila
1524 4143 1673 4219 jusii-

107 4214 168 4283 [id
190 4216 247 4268 sit
270 4211 490 4283 quidem,
524 4217 615 4270 sed
645 4232 745 4270 non
777 4216 841 4269 sit
862 4216 1133 4283 sapientia.
1191 4215 1298 4267 Hoc
1331 4230 1393 4266 ex
1429 4211 1571 4266 fonte
1612 4211 1668 4267 S.

108 4281 354 4340 Zen0uetn
387 4288 625 4345 ebibisse
655 4288 786 4341 nihil
828 4281 1153 4341 dubitamus.
1200 4284 1469 4338 Justitiam
1516 4299 1676 4353 porro

107 4356 311 4428 civilem,
343 4374 498 4428 quam
526 4357 845 4426 sapientiam
875 4356 1091 4426 quidem
1113 4399 1125 4419 ,
1159 4372 1262 4409 non
1296 4366 1473 4408 autem
1511 4356 1640 4428 justi

108 4426 219 4498 tiam
238 4425 647 4486 esse—fatebatur
671 4425 1001 4493 Carneades,
1033 4428 1260 4482 vocabat
1278 4429 1426 4498 jura,
1449 4443 1563 4496 quat
1579 4425 1676 4479 sibi

108 4496 303 4553 hominis
325 4519 414 4567 pro
438 4502 660 4555 utilitate
686 4511 998 4565 sanxerunt,-
1020 4515 1142 4553 cum
1170 4496 1373 4552 SClllthl
1393 4499 1503 4551 suis
1527 4512 1675 4551 com-

109 4571 264 4624 modis
286 4613 299 4635 ,
331 4588 439 4627 sme
479 4573 694 4628 sanitati
728 4584 781 4625 et
808 4575 929 4626 vita:
956 4571 1235 4625 studerent
1270 4572 1439 4639 magis
1466 4611 1479 4634 ,
1511 4583 1672 4639 quam

108 4639 278 4694 alienze
298 4684 311 4706 ,
340 4644 446 4700 imo
473 4646 634 4698 etiam
662 4659 785 4698 cum
815 4644 1111 4697 alienarum
1154 4651 1210 4695 et
1248 4639 1583 4694 fortunarum
1615 4649 1670 4694 et

110 4710 216 4783 )‘itze
238 4712 282 4766 si
308 4730 437 4782 opus
470 4723 615 4771 esset
641 4757 654 4779 ,
683 4715 879 4778 iniuria
908 4756 922 4781 ,
948 4714 1105 4783 idque
1134 4715 1348 4782 sapiens
1377 4728 1497 4766 eSse
1520 4710 1666 4783 dice—

111 4777 208 4856 bai,
232 4787 324 4837 etsi
345 4770 553 4852 justum
583 4770 686 4839 dici
719 4770 824 4840 non
846 4770 1045 4856 po'ssit':
1073 4770 1332 4854 jusu'tiam
1366 4797 1494 4856 vero
1517 4770 1673 4856 Ana'tu-

112 4854 254 4907 ralem
280 4856 418 4909 illam
441 4872 560 4913 esse
586 4856 763 4913 aiebat
794 4899 808 4921 ,
826 4852 927 4926 qua
946 4852 1109 4909 homo
1135 4856 1402 4926 neminem
1430 4852 1673 4915 lzcderct,

113 4933 246 4998 suum
268 4927 452 4994 cuique
480 4930 764 4992 tribueret,
795 4925 855 4982 et
880 4929 983 4998 pati
1012 4928 1125 4995 ipsi!
1148 4927 1326 4998 potius
1351 4925 1401 4977 in
1433 4926 1585 4998 bonis
1614 4938 1674 4979 ac

118 4994 206 5070 Vita
236 4998 468 5067 eligeret,
500 5014 661 5070 quam
685 4994 914 5068 cuipiam
948 4994 1051 5070 vim
1085 5011 1147 5052 ac
1173 4996 1421 5065 injuriam
1443 4996 1676 5070 inierre;

117 5074 163 5116 et
182 5064 285 5138 lucc
308 5064 449 5138 apud
477 5064 815 5125 Carneadem
849 5069 1146 5123 habebatur
1176 5064 1387 5120 summa
1412 5067 1634 5138 stultitia
1663 5107 1677 5129 ,

117 5137 202 5187 etsi
224 5136 470 5206 justitiam
510 5156 635 5196 vere
662 5156 783 5196 esse
811 5155 1006 5208 negare
1054 5154 1159 5193 non
1206 5150 1407 5206 posset.
1459 5136 1581 5191 llzec
1612 5151 1678 5190 ex

119 5213 402 5264 memoratis
424 5212 737 5283 fragmentis
762 5214 928 5266 iusius
947 5209 1316 5283 prirmitteiida
1334 5208 1487 5263 nobis
1503 5217 1679 5273 erant,

120 5286 167 5328 ut
208 5290 392 5336 caitera
417 5324 429 5347 ,
474 5280 591 5355 (ιῖιςυ
620 5283 745 5337 huic
773 5283 1121 5355 lundamento
1168 5296 1198 5335 a
1224 5280 1444 5335 Zenone
1490 5294 1679 5350 supcr—

120 5360 302 5404 structa
329 5365 472 5421 sunt,
498 5353 713 5409 lucilius
754 5353 1141 5425 intelligantur.

183 5439 254 5512 (6)
282 5444 482 5517 Ethnici
514 5446 599 5509 illi,
616 5445 946 5517 philosophi,
973 5457 1164 5517 contra
1186 5459 1321 5515 quos
1362 5443 1450 5499 hic
1474 5443 1650 5517 agitur
1667 5483 1682 5509 ,

124 5524 220 5565 cum
259 5514 318 5587 de
343 5517 520 5570 virtute
550 5514 814 5587 disputant
832 5514 858 5582 ⁷,
910 5517 1084 5587 inquit
1117 5514 1430 5571 Lactantius
1476 5515 1569 5569 lib.
1610 5531 1638 5567 v
1664 5555 1681 5579 ,

125 5594 227 5649 cap.
254 5584 336 5659 i7,
371 5584 697 5655 expetendam
721 5605 828 5643 esse
852 5584 999 5643 aiunt
1026 5606 1120 5643 sua
1144 5603 1337 5653 causa;
1381 5590 1496 5659 ejus
1544 5587 1682 5640 enim

127 5656 471 5733 Pftfmianuat
490 5668 616 5733 sunt
640 5670 829 5714 teterna
867 5670 914 5733 et
941 5660 1253 5715 immortalia
1293 5700 1311 5725 ,
1358 5656 1502 5733 nullo
1529 5659 1682 5733 modo

127 5724 290 5799 vident.
336 5724 590 5797 Equidem
636 5744 833 5799 praeter
877 5730 1134 5785 honorem
1190 5724 1373 5786 virtuti
1413 5726 1678 5784 redditum

128 5794 304 5855 nullam
332 5794 491 5858 etiam
516 5794 769 5859 internum
792 5799 873 5858 illi
900 5799 1203 5860 mercedem
1250 5800 1362 5857 lore
1404 5806 1675 5870 putarunt.

1747 497 1888 553 opus
1911 481 2003 546 sit,
2031 490 2087 536 et
2114 480 2304 537 salutis
2328 521 2341 545 ,
2370 481 2461 535 alii
2489 481 2659 551 magis
2682 480 2940 550 prodesse
2964 521 2980 547 ,
3013 496 3171 552 quam
3199 482 3301 536 sibi
3329 497 3341 533 :

1751 592 1905 633 suam
1928 615 1946 644 ,
1974 577 2101 647 quis
2136 576 2386 646 quamvis
2414 576 2488 630 sit
2514 575 2800 645 sapientiae
2829 576 3048 631 nomine
3080 574 3217 632 falso
3246 591 3344 632 ve-

1751 672 1877 726 stita
1900 713 1916 736 ,
1967 678 2145 725 tamen
2175 671 2289 723 suis
2314 669 2612 724 commodis
2634 669 2971 724 consulendo
2996 711 3011 733 ,
3058 670 3199 741 quod
3231 670 3350 726 sine

1754 759 2355 817 alienis‘incommodis
2396 761 2617 815 omnino
2664 774 2770 815 non
2813 770 2990 830 potest
3022 762 3347 830 procurari,

1755 871 1785 910 a
1823 856 2015 927 quovis
2046 870 2172 911 vere
2216 854 2542 910 stultissimo
2571 854 2756 925 negari
2799 868 2908 910 non
2950 857 3120 926 possit
3161 854 3242 930 (8)
3268 856 3347 911 in.

1745 950 1911 1020 justa.

1823 1042 1933 1115 33
1976 1042 2051 1098 ll.‘
2100 1041 2366 1097 Caeterum
2408 1042 2453 1096 si
2489 1041 2630 1098 scire
2675 1042 2976 1113 potuissent
3021 1057 3203 1098 veram
3239 1042 3354 1113 jus-

1755 1135 1948 1201 titiam,
1973 1135 2126 1206 ettjus
2146 1144 2229 1190 est
2254 1135 2624 1190 immortalitas
2639 1150 2867 1200 merces,
2882 1146 3166 1206 propterea
3182 1136 3350 1190 simu-

1756 1230 1879 1286 lata:
1927 1222 2169 1285 stultitiae
2219 1229 2485 1285 velamine
2530 1230 2842 1300 adopertam
2869 1271 2884 1295 ,
2933 1238 2990 1284 ut
3031 1245 3118 1285 res
3163 1245 3354 1302 magna

1759 1322 1966 1395 magnis
1993 1322 2282 1378 virtutibus
2327 1322 2641 1393 magnisque
2685 1321 2959 1377 laboribus
2989 1331 3354 1393 quaereretur;

1763 1503 2415 1579 iliacapudiCiceronem
2442 1546 2458 1567 .
2504 1516 2567 1579 ut
2604 1521 2669 1562 ex
2713 1506 2929 1579 dialogo
2972 1507 3037 1563 de
3078 1506 3362 1575 Republica

1755 1575 1867 1650 j_um
1895 1576 2177 1650 deperdita
2202 1587 2350 1650 notat
2380 1577 2520 1633 idem
2553 1575 2885 1650 Lactantius:
2911 1579 3005 1633 lib.
3029 1596 3085 1643 v,
3106 1594 3225 1650 cap.
3249 1582 3316 1635 t8
3344 1598 3358 1632 :

1766 1646 1915 1721 Idem
1939 1649 2028 1721 ille
2048 1649 2269 1721 jnstitiw
2295 1649 2534 1719 defensor
2556 1648 2767 1711 Latius,
2807 1648 2950 1716 Vult,
2979 1651 3145 1720 inquit
3160 1646 3186 1718 ,⁷
3209 1651 3365 1720 plane

1761 1719 1921 1773 uirtus
1946 1719 2190 1774 honorem
2213 1762 2227 1782 ,
2258 1737 2349 1773 nec
2366 1721 2566 1774 virtutis
2592 1721 2700 1775 ulla
2720 1722 2825 1774 alia
2844 1719 3055 1776 merces.
3115 1719 3228 1776 lluc
3267 1738 3361 1775 an-

1765 1801 1871 1845 tem
1905 1803 2012 1844 tota
2046 1792 2280 1846 refertur
2325 1806 2487 1846 causa
2510 1834 2524 1855 ,
2550 1806 2648 1846 cur
2675 1792 2749 1847 illi
2781 1807 2961 1846 veram
2980 1792 3243 1861 justitiam
3274 1806 3363 1847 sa-

1767 1863 2131 1933 pientiamque
2162 1878 2266 1916 non
2290 1864 2558 1927 noverint,
2585 1863 2678 1918 sed
2703 1864 2838 1918 hanc
2869 1863 3043 1931 potius
3070 1865 3361 1919 maximam

1763 1933 2041 1987 stultitiam
2070 1934 2379 2002 judicarint.
2409 1934 2467 1987 Si
2487 1935 2642 1996 enim,
2670 1933 2843 2002 inquit
2862 1934 3002 1989 idem
3027 1934 3361 2000 Lactantius,

1763 2015 1874 2076 post
1901 2014 2113 2076 mortem
2143 2004 2272 2059 nihil
2300 2021 2513 2068 sumus;
2564 2009 2792 2075 profecto
2832 2005 3124 2061 stultissimi
3152 2018 3225 2059 est
3263 2004 3364 2058 Ito-

1763 2075 1918 2129 minis
1958 2092 2061 2130 non
2085 2075 2206 2130 huic
2230 2077 2347 2130 vita
2368 2078 2634 2132 consulere
2656 2119 2671 2143 ,
2706 2087 2760 2132 ut
2790 2078 2856 2131 sit
2888 2093 3043 2147 quam
3074 2078 3275 2131 diutina
3312 2087 3365 2131 et

1764 2147 2046 2201 commodis
2077 2148 2310 2201 omnibus
2332 2148 2502 2216 plena.
2554 2147 2689 2203 Vide
2731 2150 2893 2204 etiam
2940 2164 3061 2218 cap.
3090 2148 3181 2205 15.
3230 2148 3366 2204 Post

1766 2233 1933 2289 pauca
1966 2234 2061 2282 pro
2090 2229 2356 2288 utramque
2382 2234 2485 2274 ms.
2515 2218 2645 2275 Urb.
2678 2231 2913 2288 utraque.

1849 2288 1932 2359 (7)
1964 2289 2091 2367 line.
2119 2291 2668 2367 locoprospiciuntur
2699 2290 2787 2345 illa
2833 2292 3124 2367 Carneadis
3162 2292 3213 2347 in
3236 2306 3370 2367 ora-

1766 2361 1915 2415 tione
1940 2361 2199 2415 adversus
2235 2362 2499 2431 justitiam
2530 2405 2546 2424 ,
2574 2364 2662 2417 ubi
2695 2377 2815 2417 cum
2844 2364 2972 2417 illud
3000 2364 3102 2419 sibi
3130 2366 3367 2432 proban-

1768 2432 1895 2485 dum
1926 2436 2267 2503 sumpsisset,
2295 2445 2385 2486 aut
2410 2434 2608 2488 nullam
2636 2451 2743 2488 esse
2757 2435 3037 2504 justitiam.
3063 2444 3186 2501 aut,
3218 2434 3261 2488 si
3299 2436 3368 2489 sit

1767 2504 1962 2570 aliqua,
1992 2521 2241 2558 summam
2268 2522 2377 2560 esse
2402 2506 2670 2560 stultitiam
2694 2547 2708 2571 ,
2735 2506 2975 2575 quoniam
3002 2505 3097 2561 sibi
3123 2515 3325 2561 noceret
3351 2547 3366 2569 ,

1767 2575 1951 2647 alienis
1980 2577 2258 2629 commodis
2284 2578 2554 2630 consulens
2585 2594 2602 2631 :
2635 2578 2683 2630 id
2716 2579 3052 2647 argumentis
3079 2580 3270 2646 partim
3298 2577 3367 2633 ad

1772 2646 2037 2700 bOnorttm
2061 2647 2313 2710 tortuose,
2351 2650 2540 2715 partim
2587 2648 2650 2701 ad
2686 2646 2806 2701 vita-
2834 2648 3173 2718 dispendium
3201 2651 3370 2717 perti—

1772 2718 2020 2772 nentibus
2048 2718 2370 2775 continuare
2397 2720 2640 2784 studuit;
2687 2734 2807 2788 qua:
2855 2718 3127 2775 Zeiionetu
3176 2719 3370 2789 legisse

1771 2790 1908 2859 apud
1934 2790 2265 2843 Lactantium
2294 2805 2413 2855 cap.
2444 2792 2533 2855 lo,
2559 2801 2613 2844 et
2642 2789 2892 2845 habuisse
2921 2791 2974 2845 itt
3000 2792 3202 2855 animo,
3243 2805 3368 2846 Cum

1773 2858 1887 2913 ha-c
1912 2861 2170 2915 scriberet
2202 2901 2218 2927 ,
2252 2862 2407 2917 nobis
2444 2865 2578 2917 satis
2601 2862 2862 2918 credibile
2891 2873 3012 2925 est;
3074 2863 3217 2918 unde
3243 2903 3258 2928 ,
3310 2872 3371 2917 ut

1771 2929 2021 2987 Auctoris
2050 2933 2315 2988 sententia
2347 2935 2560 3003 penitus
2590 2933 2918 3002 intelligatur
2940 2976 2955 2998 ,
3002 2948 3067 2988 ea
3120 2932 3366 2997 proferre

1774 3019 1881 3057 non
1919 3008 2081 3070 piget.
2126 3004 2362 3058 Primum
2391 3005 2459 3059 de
2491 3009 2646 3059 bonis
2669 3005 2897 3059 fortnam
2924 3006 3036 3060 sic:
3087 3004 3259 3059 Bonus
3294 3006 3371 3059 vir

1773 3074 1817 3127 si
1840 3076 2021 3159 habent
2042 3092 2239 3129 servum
2263 3076 2533 3159 fugitivum
2556 3118 2569 3139 ,
2619 3078 2696 3159 vel
2724 3077 2932 3159 domum
2958 3078 3279 3159 insalubrem
3310 3094 3374 3131 ac
3441 3118 3454 3131 .

1778 3148 2116 3215 pestilentem,
2141 3163 2254 3216 qua:
2279 3148 2401 3202 vitia
2426 3148 2569 3201 solus
2595 3148 2740 3207 sciat,
2770 3158 2815 3201 et
2844 3148 2958 3202 ideo
2978 3149 3282 3216 proscribat.
3314 3158 3373 3202 ut

1700 3205 1745 3267 C
1778 3205 1997 3288 bettdat;
2029 3205 2269 3273 utrumne
2307 3219 2629 3286 proﬁtebitur
2666 3205 2935 3288 fugitivum
2964 3205 3161 3274 seruum
3186 3236 3246 3271 ac
3274 3205 3368 3288 pe-

1775 3287 2032 3361 stilentem
2062 3290 2268 3361 domum
2298 3308 2350 3344 se
2380 3293 2615 3353 vendere,
2652 3287 2928 3343 ancelubit
2954 3287 3283 3361 emptorem?
3306 3290 3370 3345 Si

1776 3359 2118 3429 profitebitur,
2147 3359 2308 3414 bonus
2336 3363 2542 3431 quidem
2562 3403 2576 3422 ,
2612 3360 2732 3426 quia
2760 3378 2858 3414 non
2882 3359 3066 3431 fallet,
3090 3362 3179 3413 sed
3203 3371 3373 3415 tamen

1776 3434 1961 3485 stultus
1983 3432 2331 3500 jadicabt'tur,
2359 3433 2479 3501 quia
2510 3431 2587 3486 vel
2609 3447 2764 3500 parvo
2805 3431 2979 3487 vendet
3003 3472 3018 3490 ,
3060 3433 3135 3484 vel
3164 3434 3373 3487 omnino

1777 3518 1879 3555 non
1915 3503 2113 3559 vendet.
2158 3500 2311 3556 Cedit
2341 3500 2569 3557 subindo
2599 3503 2740 3556 aliud
2780 3501 3088 3570 exeinplum
3141 3501 3373 3556 huminis

1778 3573 2102 3641 reperientis
2133 3572 2387 3644 aliquem,
2412 3576 2496 3643 qui
2521 3572 2870 3628 aurichalcum
2905 3590 2956 3628 se
2975 3583 3114 3640 putet
3137 3573 3368 3637 vendere,

1778 3661 1894 3698 cum
1922 3645 1987 3698 sit
2013 3662 2230 3709 aurum;
2275 3656 2328 3701 ct
2367 3646 2661 3714 ijttzcsliotte
2694 3645 2962 3714 proposita
2994 3686 3008 3709 ,
3057 3644 3328 3701 Tacebitne
3352 3685 3370 3711 ,

1780 3716 1950 3788 inquit
1978 3758 1992 3779 ,
2026 3726 2079 3770 ut
2100 3716 2153 3770 id
2182 3732 2337 3788 parvo
2365 3727 2525 3783 emat,
2551 3735 2619 3772 an
2645 3716 2910 3778 indicabit,
2943 3726 2999 3770 ut
3029 3717 3255 3788 magno?
3288 3732 3375 3772 re-

1778 3787 2040 3856 spondet:
2069 3787 2297 3842 Stultum
2326 3792 2478 3859 plane
2504 3804 2577 3842 vis
2601 3789 2746 3843 detur
2773 3789 2927 3843 malle
2944 3787 3147 3859 magno.
3184 3790 3258 3843 De
3278 3788 3376 3841 bo-

1779 3859 1862 3913 nis
1889 3868 2063 3913 autem
2091 3861 2213 3914 vita:
2244 3861 2352 3914 sic:
2374 3858 2589 3915 Iustitia
2615 3870 2688 3915 est
2714 3860 2970 3915 hominem
2996 3858 3099 3913 non
3119 3858 3372 3924 occidere,

1778 3930 1999 3983 alienum
2031 3947 2241 4001 prorsus
2272 3946 2373 3985 non
2393 3932 2660 4003 attingere.
2689 3931 2829 3999 Quid
2861 3948 2978 4003 ergo
2996 3934 3169 4003 justus
3194 3930 3370 4003 faciet.

1778 4004 1820 4056 δέ
1847 4004 1979 4071 Ῑηνιε
2009 4003 2339 4073 naufragium
2355 4001 2552 4072 fecerit.
2582 4014 2628 4056 et
2654 4004 2839 4073 aliquis
2862 4001 3163 4056 imbecillior
3185 4001 3374 4073 viribus

1779 4074 2005 4126 tabulam
2026 4071 2212 4142 ceperit
2238 4075 2263 4128 ?
2291 4071 2477 4128 Nerine
2501 4073 2650 4128 illum
2670 4071 2844 4128 tabula
2868 4073 3175 4135 deturbabit,
3194 4081 3247 4126 ut
3263 4072 3375 4137 ipse

1779 4145 2107 4208 conscendat,
2136 4162 2294 4215 eaque
2321 4146 2470 4200 nixus
2498 4145 2698 4209 eradat,
2724 4145 2942 4199 ntaa‘iute
2965 4161 3079 4198 cum
3100 4146 3165 4198 sit
3201 4142 3374 4198 nullus

1778 4218 1943 4269 medio
1963 4218 2092 4269 mari
2114 4217 2287 4271 testis?
2312 4216 2373 4271 Si
2399 4217 2602 4285 sapiens
2625 4226 2717 4284 est,
2746 4219 2895 4287 faciet
2924 4232 2940 4271 .'
2974 4216 3069 4287 ipsi
3094 4217 3228 4270 enint
3258 4231 3372 4287 per-

1779 4292 2009 4361 eundum
2042 4299 2134 4344 est.
2174 4289 2272 4342 nisi
2293 4290 2490 4361 fecerit.
2517 4287 2578 4342 Si
2598 4299 2762 4342 autem
2789 4290 2915 4341 mori
2941 4289 3195 4361 maluerit,
3220 4301 3375 4361 quam

1782 4374 1962 4412 manus
1992 4359 2183 4433 inferre
2211 4358 2364 4414 alteri
2387 4378 2405 4427 ;
2425 4364 2542 4433 jam
2566 4376 2667 4412 non
2697 4362 2917 4428 injustas
2943 4359 3049 4433 ille,
3073 4360 3161 4433 sed
3189 4358 3374 4433 stultus

1779 4442 1851 4481 est
1879 4472 1891 4493 ,
1924 4432 2010 4499 qni
2052 4432 2165 4502 vitm
2200 4447 2307 4485 sua:
2342 4431 2441 4484 non
2471 4444 2670 4502 parcat,
2713 4434 2834 4482 dum
2865 4432 3027 4502 parcit
3056 4431 3255 4482 alienat.
3311 4431 3377 4502 lat

1779 4501 1887 4556 alio
1920 4501 2082 4556 simili
2109 4502 2273 4556 allato
2303 4500 2553 4571 exemplo
2597 4502 2904 4555 concludit:
2950 4501 3009 4554 Si
3056 4517 3156 4554 non
3198 4500 3376 4570 fecerit

1771 4572 1980 4640 justus,
2011 4573 2104 4627 sed
2141 4573 2272 4625 idem
2296 4573 2481 4626 stultas
2520 4572 2585 4625 sit
2626 4589 2823 4632 necesse
2848 4583 2942 4627 est.
2994 4571 3261 4627 Hactenus
3306 4586 3375 4626 ex

1777 4645 2022 4698 oratione
2043 4643 2336 4698 Carneadis
2365 4643 2692 4699 Lactantius.

1853 4735 1934 4807 (8)
1960 4735 2081 4805 Ipse
2105 4734 2415 4792 Carneades
2440 4736 2494 4791 in
2530 4750 2594 4791 ea
2621 4738 2866 4792 oratione
2890 4778 2904 4801 ,
2935 4750 3040 4806 qua
3071 4747 3250 4791 veram
3273 4732 3380 4807 ju-

1781 4804 1998 4863 suum
2040 4809 2443 4891 impugnaturus
2471 4849 2510 4891 ,_
2550 4808 2766 4891 civilem
2790 4804 3034 4891 alterum
3090 4804 3376 4891 defendit,

1783 4895 1942 4947 quam
1974 4877 2294 4941 sapientiam
2330 4881 2540 4934 vocavit
2560 4921 2575 4944 ,
2623 4879 2936 4949 injustitiam
2964 4893 3086 4933 cum
3118 4877 3217 4930 hac
3246 4890 3381 4930 con-

1779 4949 2023 5020 junctam
2043 4950 2270 5005 inliciari
2299 4966 2406 5004 non
2433 4966 2593 5004 ausus
2618 4960 2725 5015 est,
2752 4952 2860 5005 imo
2905 4953 3037 5004 satis
3087 4951 3227 5003 ultro
3247 4962 3379 5001 con.

1783 5022 1969 5085 cessit,
1990 5037 2111 5075 cum
2145 5021 2371 5091 loquens
2393 5022 2461 5076 de
2486 5038 2575 5085 eo,
2604 5024 2693 5091 qui
2726 5024 2910 5076 \illtlm
2952 5021 3026 5075 rei
3049 5020 3233 5076 celans
3260 5034 3377 5073 rem

1785 5092 1990 5161 majore
2018 5093 2193 5160 pretio
2223 5094 2403 5147 vendit
2430 5109 2444 5155 ;
2471 5093 2532 5149 Si
2554 5093 2790 5147 celaverit
2835 5091 3026 5162 inquit,
3053 5094 3149 5147 erit
3174 5091 3380 5162 quidem

1786 5160 2009 5235 sapiens,
2030 5165 2148 5229 quia
2177 5164 2250 5219 rei
2271 5164 2521 5226 consulet,
2544 5165 2633 5217 sed
2660 5166 2791 5218 idem
2816 5160 3002 5226 malus,
3040 5163 3089 5218 id
3125 5160 3209 5217 e~t
3237 5160 3375 5235 inju-

1786 5232 1900 5306 stas
1926 5277 1941 5301 ,
1972 5236 2092 5305 quia
2115 5236 2279 5306 fallet.
2317 5236 2407 5289 llis
2437 5236 2630 5290 similia
2665 5238 2714 5288 in
2743 5236 2848 5289 alio
2876 5237 3015 5305 apud
3048 5232 3377 5288 Laetautiuut

1786 5302 2087 5375 fragmento
2115 5302 2479 5374 reperiuntur.
2532 5308 2786 5372 Apertius
2827 5302 3060 5375 loquitur
3093 5306 3285 5375 Cit-ero
3327 5306 3377 5356 in

1794 5372 2007 5447 dialogo
2026 5377 2089 5431 de
2110 5372 2417 5441 Republica,
2448 5377 2535 5432 ubi
2557 5376 2777 5432 Furium
2809 5372 2909 5446 pro
2933 5376 3232 5447 Carneade.
3262 5372 3381 5428 L:t'-

1791 5447 1918 5502 lium
1945 5446 2124 5504 antem
2151 5458 2340 5503 contta
2366 5448 2726 5517 disputantem
2761 5450 2993 5504 induxit.
3038 5446 3189 5517 Licet
3232 5447 3377 5517 enim

1792 5518 1988 5575 Furius
2014 5520 2227 5575 civilem
2261 5514 2743 5596 tnundi'jusiitiam
2786 5534 2944 5588 quam
2971 5532 3115 5569 suam
3139 5514 3379 5596 S..tht.o

1789 5602 1979 5657 vocat,
2012 5602 2376 5661 propugnaret
2423 5593 2723 5651 acerrime;
2772 5603 2890 5642 eam
2938 5598 3155 5647 tamen,
3209 5593 3384 5653 inquit

1787 5661 2096 5718 Lactantius
2121 5679 2245 5733 cap.
2270 5661 2361 5729 16,
2380 5663 2681 5734 sapientiam
2700 5662 2901 5725 quidem
2922 5672 3027 5710 esse
3042 5666 3380 5720 concesserat,

1785 5734 1877 5789 sed
1902 5736 2172 5806 injustam.
