3960 6330
533 288 640 347 283

1889 282 2137 355 SANCTI
2176 282 2463 357 tasoms
3657 323 3738 377 at

530 410 904 468 incunctanter
930 419 1177 482 Optarent
1220 413 1373 468 stulti
1412 412 1658 485 judicare
1700 429 1759 470 se
1782 413 1935 486 justi,
1968 430 2126 486 quam
2154 421 2205 483 Α
2234 436 2393 491 quam
2441 420 2572 475 recti
2613 420 2812 491 aliquid
2861 421 3007 477 illam
3059 420 3232 477 facere
3274 424 3347 479 vel
3385 425 3589 500 fecisse,
3625 438 3740 506 quod

528 503 799 573 sapientes
838 503 1059 574 injusti:
1091 505 1321 559 maxime
1360 520 1483 562 cum
1518 504 1628 576 jam
1656 506 1727 561 sit
1753 520 1939 562 eorum
1984 506 2130 565 fraus

527 600 705 655 omnis
726 600 778 655 in
822 598 1001 654 medio
1022 642 1037 666 ,
1070 614 1178 655 non
1206 598 1461 673 eoiin.(9)
1507 616 1618 657 rem
1645 602 1932 660 .valuerunt
1956 612 2131 659 trans-

525 690 688 758 ferre,
720 691 813 746 sed
844 691 1085 757 nomina,
1110 693 1368 761 justitiam
1396 693 1654 755 stultitim.
1690 693 2009 765 injustitiam
2037 710 2128 750 sa-

527 785 740 855 pientiae
761 786 1039 842 vocabulis
1069 788 1390 842 intamantes
1421 803 1435 841 :
1466 802 1583 858 qua:
1611 787 1655 843 si
1678 788 1744 843 ad
1767 804 1862 844 sua
1890 794 2129 862 corrigas

525 876 863 948 propriisque
891 878 1107 934 sedibus
1135 876 1357 946 reddas,
1391 880 1630 936 invenies
1654 880 1929 952 lnjustitim
1961 885 2130 953 magis

522 969 848 1039 stultitiam,
910 972 1135 1043 justitize
1199 973 1517 1043 sapientiam
1575 975 1919 1041 convenire;
1985 972 2129 1047 quod

522 1065 682 1120 etiam
709 1080 880 1122 sacrm
925 1066 1055 1138 legis
1088 1069 1411 1124 testimoniis
1454 1068 1681 1139 probare
1714 1082 1817 1125 non
1848 1070 2125 1140 desinam,

521 1160 674 1228 cujus
703 1159 805 1214 ista
835 1168 960 1216 sunt
992 1162 1152 1218 verba
1187 1179 1201 1215 :
1236 1160 1376 1217 Nam
1403 1165 1522 1234 quia
1559 1165 1865 1235 sapientiam
1894 1165 1988 1220 Dei
2021 1176 2123 1223 non

519 1253 752 1322 cognovit
781 1253 1024 1308 saeculum
1052 1271 1141 1324 per
1166 1255 1490 1326 sapientiam,
1520 1253 1659 1310 Deus
1682 1259 1930 1327 optimum
1950 1260 2129 1316 existi-

520 1348 674 1399 mavit
703 1363 793 1418 per
822 1347 1086 1401 stultitiam
1115 1349 1496 1417 prwdicationis
1527 1352 1694 1404 salvos
1725 1351 1894 1421 facere
1921 1354 2132 1407 creden-

521 1448 592 1492 tes
623 1437 666 1511 (i
698 1434 817 1492 Cor.
851 1455 897 1501 ι,
928 1439 1045 1507 21).
1082 1440 1148 1494 Ει
1175 1441 1367 1495 iterum
1402 1442 1734 1496 manifestius
1767 1460 1780 1497 :
1813 1441 1875 1498 Si
1903 1444 2016 1509 quis
2045 1444 2128 1498 in-

520 1534 594 1584 ter
622 1547 707 1586 vos
736 1528 932 1585 videtur
973 1534 1178 1603 sapiens
1209 1535 1393 1589 essein
1421 1534 1513 1588 hoc
1542 1535 1751 1601 steculo,
1778 1536 1967 1590 stultus
1998 1537 2090 1604 [int
2110 1590 2126 1615 ν

519 1632 573 1677 ut
604 1623 666 1677 sit
693 1623 918 1695 prudens
942 1640 960 1678 .·
992 1641 1110 1678 nam
1138 1623 1298 1697 hujus
1323 1627 1501 1679 mundi
1529 1627 1782 1699 sapientia
1807 1629 2025 1683 stultitia
2054 1630 2129 1684 es!

517 1717 657 1786 apud
703 1714 871 1772 Deum
899 1718 961 1791 (1
992 1719 1111 1774 Cor.
1138 1735 1227 1787 ιιι,
1282 1720 1369 1785 18,
1408 1720 1517 1793 19).
1567 1724 1857 1794 Umquam
1906 1739 2125 1780 causam

2234 514 2469 570 fecerit?
2492 515 2667 571 Vultis
2696 516 2858 580 scire,
2887 530 3045 586 quam
3064 514 3321 585 justasit‘l
3346 520 3569 578 miseram
3590 539 3640 581 se
3664 542 3741 596 pu-

2234 618 2336 677 tat,
2401 610 2500 664 nisi
2548 609 2802 665 everterit
2853 609 3156 665 veritatem.
3215 611 3461 667 Cteterum
3506 613 3741 687 fortitudo,

2232 718 2351 774 qua:
2374 702 2680 758 hominibus
2702 709 2785 758 est
2805 716 2927 757 cum
2956 702 3166 757 feritate
3195 706 3493 769 communis.
3519 723 3658 765 omne
3675 711 3745 780 jus

2233 798 2284 849 in
2318 794 2518 850 viribus
2565 794 2765 858 habet;
2799 794 2942 867 quod
2984 794 3164 850 facere
3192 796 3532 865 prtevaluerit,
3560 800 3747 857 :estimat

2232 896 2436 945 rectum
2462 908 2475 946 :
2506 889 2619 961 (l2)
2647 888 2874 959 ideoque
2904 888 3021 943 sine
3061 887 3169 943 ulla
3197 891 3473 944 reverentia
3497 890 3665 947 divina!
3686 903 3750 949 st-

2230 1002 2334 1056 que
2364 985 2611 1039 humanae
2653 982 2930 1055 religionis
2968 982 3112 1039 delet
3149 981 3363 1051 abrupte
3406 984 3504 1053 igni
3546 984 3750 1057 ferroque

2231 1092 2350 1135 cum
2377 1092 2470 1133 sua
2501 1075 2601 1132 sibi
2630 1082 2738 1131 tota
2761 1072 3058 1131 substantia
3096 1075 3312 1141 incolas,
3343 1075 3584 1144 civitates,
3611 1088 3654 1132 et
3677 1086 3749 1133 tua

2232 1190 2311 1233 ra.
2342 1173 2472 1227 nihil
2497 1172 2719 1227 omnino
2759 1180 3003 1225 metuens
3034 1169 3218 1225 amicae
3248 1169 3428 1224 mortis
3455 1169 3653 1235 fiducia;
3677 1170 3752 1228 de-

2232 1269 2394 1339 nique
2415 1266 2557 1338 quod
2597 1268 2860 1335 sapientia
2893 1265 3100 1335 legibus
3125 1279 3219 1334 per
3247 1263 3540 1320 industriam
3565 1267 3750 1336 colligit,

2231 1374 2339 1414 uno
2368 1360 2565 1429 impetu
2580 1356 2897 1428 aliquotiens
2924 1354 3039 1429 (l3)
3061 1354 3226 1411 clusis
3238 1355 3399 1411 oculis
3421 1356 3501 1410 illa
3523 1355 3752 1427 dispergit.

2231 1453 2416 1509 Tertio
2456 1453 2605 1507 dives
2646 1461 2727 1506 est
2752 1452 2997 1516 avaritia,
3031 1459 3272 1521 utraeque
3298 1450 3443 1520 cujus
3481 1465 3757 1521 exaggerate

2230 1546 2558 1615 epuleutiam
2607 1544 2890 1600 velocitate
2935 1544 3068 1599 mira
3123 1542 3479 1608 contendunt;
3530 1543 3606 1598 cui
3644 1548 3756 1600 totus

2232 1639 2424 1692 militat
2456 1638 2722 1699 niundus;
2772 1647 2903 1692 tetas
2952 1636 3039 1691 cui
3089 1636 3333 1691 universa
3377 1634 3608 1691 deservit.
3649 1634 3757 1691 Proh

2233 1731 2382 1786 nefas
2409 1733 2422 1786 !
2452 1746 2572 1803 quae
2598 1731 2715 1785 istze
2749 1740 2874 1785 sunt
2902 1727 3182 1785 tenebrre?
3213 1729 3349 1783 inest
3373 1728 3621 1793 omnibus,
3642 1736 3687 1799 et
3708 1728 3760 1782 ab

515 1809 657 1865 idem
685 1809 825 1865 Deus
848 1824 944 1881 per
976 1813 1287 1882 prophetam
1314 1812 1570 1869 hactenus
1594 1822 1924 1885 protestatur
1952 1833 1967 1871 :
2002 1816 2125 1871 Non
2155 1812 2201 1872 B
2231 1822 2501 1887 niiinibus,
2534 1822 2683 1892 quasi
2731 1836 2836 1876 non
2868 1821 2959 1887 sit,
2989 1820 3251 1891 arguitur.
3291 1820 3586 1885 Accusatur,
3616 1828 3660 1873 et
3697 1827 3758 1873 ta-

514 1903 760 1975 glorietur
784 1904 988 1974 sapiens
1015 1905 1069 1959 in
1094 1922 1187 1959 sua
1216 1908 1490 1975 sapientia,
1522 1925 1683 1979 neque
1712 1908 1957 1980 glorietur
1978 1911 2126 1980 fortis

514 1995 568 2048 in
600 1996 906 2067 fortitudine
929 2013 1047 2065 sua,
1081 2015 1238 2069 neque
1285 2000 1424 2053 dives
1468 2000 1521 2054 in
1564 2001 1755 2055 divitiis
1802 2002 1927 2068 suis,
1956 2004 2046 2057 sed
2070 2005 2125 2059 in

515 2088 608 2146 [ioc
637 2094 901 2162 glorietur,
945 2094 1035 2163 qui
1062 2094 1337 2165 gloriatur,
1382 2096 1669 2165 intelligere
1711 2105 1757 2150 et
1804 2097 1953 2162 scire,
2002 2099 2126 2169 quia

515 2204 607 2259 ego
638 2204 749 2242 sum
783 2187 1058 2256 Dominus,
1090 2191 1178 2260 qui
1204 2190 1338 2263 facio
1362 2190 1763 2245 misericordiam
1787 2202 1835 2245 et
1863 2190 2125 2262 judicium

515 2290 560 2335 et
578 2282 843 2355 justitiam
863 2298 1018 2352 super
1038 2291 1227 2337 terram
1258 2282 1476 2354 (Jerem.
1523 2299 1574 2338 ιχ
1594 2323 1609 2347 ,
1635 2283 1853 2355 23,24).
1886 2286 1931 2339 0
1959 2302 2120 2357 quam

514 2377 854 2448 paucissimis
885 2377 1061 2432 verbis
1093 2392 1254 2433 omne
1285 2377 1386 2433 hoc
1417 2378 1600 2433 mundi
1622 2379 1781 2434 enixe
1808 2377 1952 2450 quod
1982 2380 2124 2449 geri-

513 2477 601 2525 tur
630 2470 929 2541 negotium,
957 2473 1227 2542 peroravit
1256 2474 1269 2526 l
1303 2472 1385 2527 his
1415 2473 1558 2527 enim
1585 2472 1758 2529 tribus
1783 2475 1966 2543 rebus,
2002 2492 2122 2546 qua:

515 2563 862 2619 fundamenta
902 2574 1029 2619 sunt
1068 2566 1305 2620 omnium
1355 2568 1626 2633 vitiorum,
1672 2568 1925 2624 violentis
1966 2571 2121 2641 quasi

513 2656 837 2726 quibusdam
863 2659 1269 2727 tempestatibus
1294 2660 1665 2731 naufragatum
1687 2663 1978 2718 momentis
2001 2662 2119 2717 uni-

514 2753 687 2808 versis
733 2754 785 2807 in
832 2752 1197 2808 interitionem
1242 2754 1453 2821 cogitur
1488 2770 1650 2810 omne
1701 2770 1872 2826 genus
1921 2756 2117 2811 buma-

515 2860 665 2899 nutn.
710 2844 955 2917 Namque
995 2848 1260 2917 sapientia
1279 2848 1464 2904 densis
1493 2847 1607 2918 (l0)
1630 2856 1934 2904 exaestuans
1960 2864 2119 2919 argu-

515 2941 731 3007 mentis,
760 2942 1008 2996 suasorin
1052 2957 1116 2998 ac
1164 2942 1472 2998 delectabili
1520 2942 1808 2998 luculentre
1854 2943 2117 2999 orationis

513 3040 723 3103 compta
748 3031 1048 3101 mendacio,
1075 3045 1279 3089 armata
1302 3034 1449 3088 vocis
1476 3033 1597 3089 tuba
1627 3043 1678 3089 et
1704 3032 2112 3104 gladiolingum,

514 3141 703 3182 omnes
746 3138 898 3183 actus
926 3127 992 3183 ad
1023 3144 1082 3185 se
1126 3127 1311 3195 trahit,
1344 3135 1637 3198 congregat
1667 3126 1869 3192 turbas,
1898 3128 2116 3182 concin-

2231 1931 2351 1970 men
2377 1918 2572 1970 colitur
2604 1932 2616 1968 :
2644 1914 2875 1985 jugulat,
2898 1920 2953 1969 et
2982 1926 3214 1967 amatur.
3249 1910 3541 1968 Invincibile
3570 1908 3761 1980 proiecto

2228 2008 2546 2063 calamitatis
2576 2017 2659 2062 est
2684 2022 2877 2077 genus,
2909 2007 3018 2071 cui,
3062 2005 3344 2077 subjugata
3382 2004 3638 2075 sapientia,
3670 2017 3757 2058 ser-

2228 2104 2339 2159 viet
2364 2102 2551 2159 \irtus.
3184 2148 3187 2153 .

2299 2198 2387 2254 lil.
2459 2196 2739 2253 Videtisne
2791 2196 2902 2267 jam
2959 2195 3245 2252 manifeste
3295 2195 3587 2265 sapientiam
3636 2184 3759 2259 hujus

2227 2290 2413 2346 mundi
2439 2306 2543 2345 uon
2585 2305 2706 2346 esse
2732 2289 3040 2361 justitiam?
3066 2298 3123 2344 et
3153 2288 3368 2359 quidem
3398 2302 3492 2343 nec
3517 2299 3675 2341 veram
3696 2299 3762 2338 sa-

2227 2384 2480 2454 pientiam
2510 2401 2522 2437 :
2555 2384 2678 2454 quia
2727 2381 2842 2437 fieri
2892 2396 2996 2437 non
3052 2390 3253 2452 potest,
3302 2389 3358 2435 ut
3396 2392 3540 2434 verus
3587 2378 3760 2448 sapiens

2224 2494 2332 2535 non
2364 2479 2433 2533 sit
2460 2488 2515 2533 et
2541 2478 2717 2548 justus
2746 2496 2759 2533 ;
2782 2476 2954 2546 justus
2978 2474 3203 2547 adaeque
3227 2489 3384 2531 verus
3406 2489 3502 2529 non
3530 2475 3592 2527 sit
3615 2480 3661 2526 et
3685 2485 3753 2525 sa-

2225 2573 2416 2642 piens:
2447 2572 2568 2639 quia
2607 2571 2787 2639 justus
2806 2583 2927 2625 esse
2950 2583 3056 2624 non
3087 2578 3269 2639 potest
3294 2567 3498 2631 stultus,
3525 2580 3675 2634 neque
3694 2578 3761 2616 sa-

2226 2665 2377 2735 piens
2418 2663 2578 2731 injust
2592 2678 2674 2729 us,
2719 2662 2831 2732 ipsa
2862 2660 3070 2717 ratione
3097 2661 3332 2716 docente
3362 2677 3376 2713 :
3409 2657 3518 2731 (14)
3546 2657 3624 2727 qui
3647 2655 3760 2709 enim

2222 2757 2418 2813 stultus
2446 2765 2549 2823 est,
2580 2754 2704 2826 quid
2738 2755 2808 2810 sit
2854 2752 3054 2809 bonum
3102 2767 3168 2809 ac
3198 2753 3416 2816 malum.
3463 2749 3562 2824 35
3597 2748 3758 2811 nescit;

2222 2866 2322 2905 nec
2398 2858 2575 2919 potest
2643 2849 2821 2910 scire,
2875 2846 3005 2917 quid
3051 2844 3346 2916 reprobet',
3404 2844 3524 2915 quid
3588 2847 3759 2903 teneat;

2220 2953 2274 2999 et
2336 2940 2456 2996 ideo
2515 2954 2729 3009 semper
2781 2947 3004 3010 peccat.
3072 2939 3219 3008 quod
3273 2946 3355 2994 est
3408 2936 3612 3007 iustitia:
3649 2947 3756 2987 con-

2222 3037 2483 3092 trarium:
2528 3035 2698 3103 justus
2742 3042 2921 3087 autem
2968 3031 3037 3087 ab
3077 3032 3226 3088 omni
3277 3043 3492 3102 peccato
3533 3042 3584 3083 se
3620 3024 3758 3082 absti-

2221 3138 2311 3185 net
2343 3148 2356 3183 :
2395 3127 2537 3199 quod
2587 3137 2869 3199 propterea
2911 3124 3057 3192 facit,
3098 3126 3225 3194 quia
3268 3125 3410 3195 pravi
3448 3122 3655 3191 bonique
3688 3132 3763 3171 no-

514 3226 703 3286 natur;
749 3222 868 3277 lites
910 3222 989 3276 sic
1022 3220 1305 3283 discernit,
1337 3230 1393 3275 ut
1429 3220 1681 3285 seminet,
1716 3234 1909 3289 pravos
1933 3234 1996 3274 ac
2026 3220 2107 3274 lu-
2133 3212 2176 3275 C
2212 3224 2379 3278 titiam
2406 3223 2565 3294 gerit,
2597 3219 2739 3291 quod
2761 3230 2844 3276 est
2888 3220 3076 3289 utique
3120 3219 3404 3289 sapientis.
3437 3216 3579 3274 Unde
3617 3212 3685 3276 lit,
3720 3217 3765 3264 ut

513 3313 689 3369 bricos
711 3313 915 3383 colligit
939 3328 1149 3379 mores;
1183 3310 1507 3385 legibus3ﬁ.
1532 3318 1644 3367 suis
1673 3325 1796 3366 suas
1837 3311 1984 3382 leges
2011 3311 2104 3366 im-

512 3415 713 3478 pugnat
743 3406 858 3478 :jus
876 3407 998 3477 jure
1020 3406 1133 3481 (11)
1153 3407 1441 3476 distringit.
1469 3404 1599 3473 Quis
1620 3420 1726 3461 non
1742 3402 1919 3461 videat
1943 3422 2101 3461 nutu-

585 3540 666 3612 (9)
701 3540 963 3597 Similiter
992 3541 1324 3608 Lactantius,
1354 3542 1447 3596 lib.
1480 3559 1557 3606 vr,
1584 3558 1704 3613 cap.
1736 3542 1801 3599 16
1828 3561 1840 3597 :
1878 3543 2107 3600 Nomina

516 3613 864 3683 tantummodo
895 3614 1185 3678 immutant,
1215 3631 1293 3667 res
1316 3614 1441 3683 ipsa:
1465 3622 1691 3669 manent.

588 3682 703 3754 (10)
739 3682 814 3737 ita
835 3699 959 3739 mss.
985 3684 1165 3749 Rem,
1194 3684 1340 3748 Tol.,
1362 3685 1576 3754 Pump.;
1609 3687 1735 3743 alibi
1758 3696 1937 3741 autem
1967 3697 2021 3743 et
2052 3691 2102 3743 iu

514 3754 672 3810 editis
702 3764 945 3809 maluans.
986 3755 1081 3810 llic
1113 3769 1241 3811 vero
1283 3755 1485 3811 Auctor
1534 3758 1879 3813 Etlinicorum
1920 3771 2104 3815 orato-

514 3841 631 3881 rum
660 3826 969 3898 perstringit
990 3828 1306 3898 sapientiam
1331 3828 1381 3880 iu
1402 3827 1707 3898 eloquentia
1730 3830 2103 3898 constitutam,

514 3913 615 3968 qua
647 3896 921 3952 auditores
943 3908 993 3952 et
1017 3896 1227 3968 judices
1255 3899 1303 3949 in
1332 3896 1599 3967 propriam
1627 3898 1955 3955 adducerent
1978 3896 2102 3955 seu;

514 3966 759 4035 tentiam,
793 3985 898 4042 non
930 3970 1139 4042 ratione
1166 3966 1372 4042 aliqua,
1399 3966 1490 4024 sed
1516 3969 1817 4034 ali‘ectibus,
1844 3973 1932 4042 qui
1963 3987 2109 4041 saepe

512 4049 705 4097 contra
740 4040 999 4110 rationem
1033 4051 1084 4094 et
1117 4040 1284 4110 leges,
1332 4041 1375 4110 si
1418 4042 1485 4093 ita
1532 4044 1697 4095 terret
1735 4040 2104 4108 commodum,

513 4100 779 4166 excitandi
814 4130 841 4165 a
888 4100 1197 4167 rhetoribus
1242 4100 1609 4166 tradebantur.
1658 4111 1800 4168 inter
1844 4117 2008 4168 multa
2056 4100 2107 4170 id

511 4184 725 4254 generis
748 4192 1012 4254 prrecepta
1044 4199 1205 4254 unum
1235 4182 1478 4237 cedimus
1500 4200 1563 4239 ex
1585 4181 1848 4240 Cicerone
1875 4228 1889 4251 ,
1916 4187 2013 4241 lib.
2044 4203 2104 4254 ll,

512 4256 576 4308 tle
600 4252 762 4307 Orat.‘
785 4270 901 4325 pag.
928 4252 1039 4310 ‘70:
1094 4252 1243 4307 Nihil
1286 4264 1360 4308 est
1400 4257 1531 4309 enim
1575 4257 1628 4309 in
1666 4257 1881 4311 dicendo
1918 4252 2105 4325 maius,

511 4341 664 4397 quam
701 4336 754 4379 ut
786 4328 949 4395 faveat
984 4324 1193 4381 Oratori
1226 4326 1285 4389 is,
1325 4328 1413 4394 qui
1457 4326 1652 4389 audiet,
1703 4339 1856 4398 utque
1892 4329 1910 4381 i
1946 4346 2001 4383 se
2034 4324 2105 4385 sic

511 4408 791 4454 moveatur.
838 4408 891 4451 ut
930 4399 1121 4454 inmetu
1163 4398 1389 4454 quodam
1427 4399 1585 4453 animi
1625 4408 1673 4453 et
1725 4347 2105 4454 oerturbbtione

510 4408 791 4463 moveatur,
838 4408 891 4451 ut
930 4399 1121 4471 impetu
1163 4398 1585 4471 quodamanimi
1625 4408 1673 4453 et
1725 4398 2106 4471 perturbatione

512 4417 791 4463 moveatur,
838 4417 891 4451 ut
930 4417 997 4452 tm
1039 4417 1121 4451 etu
1163 4417 1389 4465 quonam
1427 4417 1583 4453 animi
1625 4417 1672 4453 et
1725 4417 2101 4471 perturbatione

512 4471 697 4541 magis,
732 4488 882 4542 quam
907 4417 1109 4542 jutlicio
1139 4478 1225 4522 aut
1254 4470 1466 4542 consilio
1494 4479 1722 4540 regatur.
1770 4470 1932 4525 Plura
1968 4474 2101 4528 enim

512 4542 671 4595 multo
690 4541 916 4597 homines
928 4544 1164 4613 judicent
1193 4541 1331 4607 odio,
1359 4552 1448 4595 aut
1474 4557 1669 4598 amore.
1694 4552 1781 4597 aut
1800 4544 2101 4611 cupiditate,

511 4624 598 4667 aut
634 4614 925 4680 iracundia,
961 4626 1048 4667 aut
1077 4615 1272 4675 dolore,
1300 4623 1388 4666 aut
1415 4616 1618 4679 (tetitia,
1647 4624 1735 4667 aut
1763 4631 1875 4682 spe,
1917 4623 2005 4668 aut
2034 4616 2105 4669 ti-

512 4700 669 4749 more,
699 4695 784 4751 aut
814 4701 1004 4750 errore,
1043 4696 1131 4739 aut
1168 4684 1341 4754 aliqua
1364 4687 1678 4757 permotione
1714 4687 1915 4752 mentis,
1952 4704 2107 4755 quam

510 4760 738 4820 veritate,
766 4766 853 4811 aut
879 4758 1196 4827 prtesrripto,
1225 4767 1312 4809 aut
1327 4758 1466 4827 juris
1483 4772 1660 4810 norma
1682 4757 1874 4827 aliqua,
1905 4768 1996 4812 aut
2014 4760 2109 4827 ju-

510 4828 633 4899 dicii
662 4830 911 4899 formula,
958 4838 1045 4882 aut
1078 4829 1294 4899 legibus.
1330 4828 1463 4881 Vitle
1493 4842 1612 4897 qua:
1633 4839 1822 4899 contra
1856 4829 1903 4882 id
1934 4842 2105 4898 genus

512 4898 856 4971 elomientite,
882 4898 1220 4955 disseruntur
1242 4899 1294 4952 in
1324 4898 1538 4971 dialogo
1564 4900 1627 4954 de
1651 4898 1830 4954 Causis
1852 4908 2108 4971 corrupta:

511 4970 812 5040 eloquentia:
848 4989 995 5027 num.
1030 4972 1119 5033 25,
1155 4984 1313 5041 quem
1343 4972 1430 5024 alii
1459 4970 1706 5035 Senecae,
1734 4970 1822 5025 alii
1856 4970 2104 5038 Quincti-

510 5040 676 5106 liann,
705 5042 795 5097 alii
820 5043 941 5100 aliis
963 5040 1237 5107 tribuunt;
1272 5041 1411 5097 unde
1434 5043 1486 5096 in
1509 5042 1667 5097 editis
1696 5046 1964 5096 variorum
1990 5044 2105 5099 Au-

509 5120 720 5186 ctorum
768 5116 1020 5186 operibus
1064 5115 1340 5181 subjectus
1381 5114 1591 5184 legitur.
1644 5113 1809 5168 Paulo
1846 5124 1967 5185 post
2005 5124 2103 5186 pro

508 5184 705 5252 colligit
736 5200 836 5238 ms.
867 5185 997 5241 Urb.
1033 5187 1276 5252 congerit.

583 5205 704 5252 lugu
736 5205 997 5267 "Isauro.
1033 5205 1276 5313 con‘q‘eru.
1793 5254 1808 5267 ν
2032 5259 2040 5267 ⁸
2088 5258 2101 5271 .

583 5254 698 5328 (11)
735 5255 807 5310 Ita
851 5273 901 5310 In
946 5272 1078 5328 mss.
1175 5274 1305 5321 em.,
1349 5255 1732 5328 Tol.,Pomp.,
1766 5256 1928 5323 Vat.;
1974 5257 2101 5313 altbt

510 5341 639 5380 vero
668 5326 721 5383 et
745 5328 795 5381 in
828 5327 986 5382 editis
1010 5328 1296 5399 distinguit.
1345 5330 1607 5399 Diali-iugo
1635 5326 1752 5382 heic
1778 5336 1858 5382 est
1888 5342 1988 5396 pro
2014 5330 2105 5382 tle-

510 5399 609 5471 leo,
644 5399 867 5462 destruo,
891 5410 1077 5461 everte,
1102 5403 1240 5455 sicut
1266 5401 1403 5471 apud
1428 5399 1667 5471 Floruth
1696 5399 1789 5453 lib.
1814 5414 1883 5463 tv,
1908 5404 2029 5470 cap.
2059 5414 2096 5464 ι,

510 5469 816 5542 distringere
840 5471 1091 5526 incendiis
1119 5469 1325 5538 urbem,
1372 5483 1424 5527 et
1462 5472 1602 5541 apud
1634 5470 1945 5542 Frontinum
1981 5469 2103 5525 libri

512 5542 671 5612 primi
699 5540 884 5612 'caput
917 5558 1114 5596 nonum
1146 5545 1336 5600 eodeni
1379 5540 1540 5599 senSu
1585 5540 1897 5597 inscribitur
1926 5543 1990 5596 de
2025 5543 2105 5595 di-

508 5612 818 5681 stringendis
848 5614 1092 5669 hostibus.

591 5686 707 5755 (12)
749 5687 805 5741 in
854 5688 1015 5743 editis
1050 5689 1200 5756 adeo,
1222 5690 1392 5758 quod;
1421 5689 1472 5743 in
1516 5701 1618 5742 ms.
1666 5685 1821 5740 Rem.
1861 5685 2009 5738 ideo:
2051 5683 2106 5742 itl

522 5754 710 5829 Bomp.
740 5761 876 5829 quod
900 5760 1071 5816 deest.
1118 5754 1327 5821 Placuit
1367 5779 1429 5817 ex
1466 5760 1549 5816 itis
1593 5758 1833 5813 scribere
1867 5758 2100 5827 ideoque.

448 5896 453 5899 _
520 5823 718 5912 Τοχιυὶ
742 5823 904 5923 porro
931 5834 1106 5897 lucem
1131 5834 1325 5901 aliene
1356 5841 1534 5914 potest
1563 5831 1711 5897 locus
1746 5823 2010 5895 Lactantii
2036 5844 2105 5899 ex

2134 4583 2184 4643 D

2215 3331 2504 3387 numquam
2569 3314 2745 3385 justus
2817 3313 2987 3384 possit
3041 3326 3203 3379 esse,
3261 3313 3354 3381 qui
3407 3309 3589 3366 stultus
3645 3310 3762 3359 est:

2206 3421 2380 3477 neque
2422 3407 2676 3477 sapiens,
2725 3404 2813 3475 qui
2870 3404 3029 3459 fuerit
3078 3402 3334 3474 injustus.
3391 3403 3635 3459 (laterum
3676 3396 3766 3451 sive
3846 3472 3852 3483 .

2215 3542 2291 3601 lib
2346 3561 2419 3612 vt,
2450 3560 2567 3614 cap.
2594 3543 2646 3606 6,
2681 3543 2767 3599 ubi
2792 3541 2859 3597 ab
2885 3542 3126 3598 Etltnicis
3153 3542 3495 3614 fortes‘viros
3516 3555 3603 3611 pro
3624 3536 3765 3611 patria

2215 3618 2374 3691 morti
2407 3610 2465 3691 se
2498 3610 2554 3671 se
2577 3616 2932 3691 subjicicntes
2958 3610 3463 3691 summislaudibus
3488 3610 3645 3691 elatos
3671 3622 3769 3691 pro-

2214 3690 2326 3751 dit,.
2361 3690 2448 3755 qui
2491 3682 2691 3743 eversis
2719 3688 3006 3741 civitatibus
3046 3686 3381 3758 gentibusque
3419 3682 3586 3758 deletis
3623 3682 3769 3758 patriis

2216 3751 2580 3833 prospicerent,
2609 3760 2735 3827 ﬁnes
2768 3751 3130 3833 propagarefnt,
3150 3751 3363 3833 ete.,'ct
3388 3772 3504 3833 cap.
3625 3751 3769 3833 Poptt-

2215 3825 2295 3887 lus
2326 3825 2436 3899 ipse
2470 3825 2730 3884 Romanus
2761 3825 2850 3900 per
2882 3825 3116 3883 Feciales
3142 3830 3281 3884 bella
3312 3825 3641 3900 indicendoel
3670 3825 3769 3893 legi-

2216 3898 2572 3972 timeinjurias
2597 3898 2832 3974 faciendo
2856 3917 3153 3974 semperque
3177 3901 3352 3974 aliena
3386 3898 3624 3974 cupiendo
3652 3904 3771 3965 atque

2214 3975 2462 4045 rapiendo
2496 3972 2864 4046 possessionem
2891 3973 3047 4046 totius
3078 3972 3213 4026 orbis
3242 3973 3570 4046 comparavit.
3614 4038 3625 4046 .
3723 4033 3750 4046 υ

2288 4045 2404 4116 (Ιό)
2437 4033 2671 4101 Ιιι⁷θι11ιὶε
2701 4043 3096 4116 ειαιιεὶδ.,Ρ‹›ιἰ·ρ
3123 4052 3234 4097 tum
3267 4033 3466 4116 iniitss.
3489 4054 3590 4116 tum
3614 4038 3658 4116 in
3681 4033 3774 4116 edi-

2216 4105 2303 4190 tis?
2324 4105 2409 4170 hic
2437 4119 2586 4172 locus
2611 4131 2723 4190 uno
2752 4105 2986 4190 contem
3015 4113 3264 4190 effertur,
3292 4115 3364 4190 ita
3396 4122 3453 4190 ut
3475 4105 3774 4190 planeintel-

2215 4188 2302 4260 ligi
2348 4197 2600 4257 nequeat.
2654 4187 2745 4243 Sic
2784 4178 3266 4260 enitmscribituri
3316 4178 3488 4260 clusis
3516 4181 3665 4238 oculis
3699 4178 3774 4260 illa

2214 4247 2364 4314 lci-tio
2394 4247 2531 4313 dives
2558 4270 2626 4313 est
2653 4258 2886 4332 avaritia.
2917 4257 3265 4312 Correximus
3319 4264 3382 4332 ut
3420 4259 3471 4332 in
3514 4265 3665 4332 testu,
3702 4247 3773 4332 ubi

2212 4347 2334 4386 cum
2377 4332 2598 4386 verbum
2645 4330 2893 4400 dispergit
2942 4338 3128 4397 aperte
3172 4328 3545 4400 supplendum
3581 4324 3684 4387 luit,
3727 4324 3775 4400 ut

2214 4418 2405 4457 sensus
2433 4395 2738 4460 constaret;
2755 4395 2863 4455 tum
2887 4395 3015 4453 vero
3042 4395 3297 4469 punctum
3321 4397 3654 4470 afligendum,
3679 4395 3776 4459 post

2212 4475 2355 4543 quod
2391 4474 2544 4529 tertia
2587 4472 2850 4529 orationis
2889 4486 2922 4545 ρ
2978 4470 3143 4526 Paulo
3171 4473 3639 4545 propositppars,
3674 4475 3772 4545 que

2212 4535 2491 4619 avaritiam
2516 4551 2726 4614 spectat
2752 4585 2766 4607 ,
2809 4560 2855 4619 ξιΔ
2888 4541 3109 4619 Zenone
3136 4535 3435 4619 capo-uitur
3459 4535 3560 4619 illis
3584 4535 3773 4619 verbis;

2212 4612 2388 4671 Tertio
2418 4608 2560 4671 dives
2581 4626 2654 4671 est
2676 4615 3040 4678 avaritia,etc.
3074 4613 3149 4669 [ta
3182 4608 3475 4669 commodo
3504 4608 3776 4675 intelligitur

2213 4699 2441 4757 utraeque
2471 4686 2659 4742 referri
2704 4686 2770 4740 ad
2806 4685 3170 4753 eloquentiam
3211 4696 3267 4740 et
3300 4683 3653 4757 fortitudinem
3674 4689 3776 4757 ata-

2212 4752 2614 4814 ritite'faventes
2636 4758 2704 4814 de
2726 4752 2926 4827 quibus
2946 4757 3148 4810 Auctor
3170 4758 3440 4827 hactenus
3462 4752 3775 4827 disseruerat.

2284 4830 2399 4904 (14)
2427 4820 2882 4905 l.actant_i_us:_lib.
2916 4844 2968 4893 v,
2999 4842 3119 4899 cap.
3162 4825 3464 4905 l7,eadem
3486 4828 3593 4879 lere
3619 4820 3773 4905 habet,

2209 4888 2394 4965 adeo;
2421 4910 2475 4972 ut
2522 4918 2587 4955 ex
2636 4901 2699 4956 iis
2738 4888 3013 4955 Zenonem
3059 4888 3380 4968 profecisse,
3421 4906 3487 4972 et_
3522 4911 3623 4972 non
3650 4888 3778 4972 nulla

2208 4974 2369 5029 etiam
2398 4971 2462 5027 ad
2494 4972 2716 5027 verbum
2742 4972 3097 5042 descripsisée
3125 4980 3422 5039 appareat:
3450 4968 3686 5036 Denique,
3712 4968 3778 5013 iu-

2209 5046 2321 5116 quit
2355 5044 2685 5105 Lactantius.
2710 5052 2765 5096 ut
2782 5044 3098 5116 concludunt
3115 5042 3542 5116 disputationem,
3567 5054 3660 5116 non
3681 5046 3778 5102 p05-

2208 5110 2262 5171 s'e
2290 5116 2519 5171 eumdem
2539 5118 2743 5188 justum
2762 5130 2877 5188 esse
2905 5130 2964 5165 ac
2992 5110 3228 5188 stultum,
3272 5113 3509 5188 eumdem
3533 5110 3780 5188 sapientem

2208 5170 2254 5241 et
2281 5170 2560 5257 injustam:
2585 5186 2727 5257 docet
2755 5186 2871 5253 ipsa
2899 5186 3054 5238 ratio.
3078 5186 3177 5251 Qui
3200 5170 3336 5238 enim
3360 5184 3546 5238 stultus
3570 5170 3780 5257 est,q:id

2207 5261 2274 5314 sit
2294 5246 2495 5333 justum
2522 5246 2570 5312 et
2587 5246 2796 5333 bonum,
2826 5258 3006 5333 nescit,
3037 5246 3225 5333 et:ideo
3253 5270 3458 5333 semper
3479 5260 3660 5333 peccat.
3691 5246 3780 5299 Du-

2209 5322 2340 5384 citur
2368 5332 2501 5383 euim
2530 5329 2675 5394 quasi
2702 5328 2931 5395 captivus
2953 5344 2985 5379 a
3008 5327 3162 5391 vitiis,
3188 5343 3280 5380 nec
3301 5322 3542 5395 resistere
3564 5322 3663 5376 ullo
3682 5333 3778 5371 m0-

2209 5404 2274 5454 do
2307 5410 2488 5470 potest,
2513 5400 2632 5462 quia
2657 5394 2795 5452 caret
2818 5402 3020 5470 virtute,
3049 5415 3200 5467 quam
3222 5401 3405 5470 nescit.
3436 5394 3616 5450 Justus
3634 5398 3780 5444 autem

2214 5472 2276 5526 ab
2301 5468 2437 5527 σοιιηί
2463 5481 2671 5553 peccato
2694 5486 2746 5553 se
2778 5469 3014 5553 abstinet,
3055 5471 3191 5553 quod
3220 5468 3374 5523 aliter
3393 5473 3563 5553 {acere
3586 5475 3781 5553 nouit:

2214 5554 2342 5606 test,
2374 5534 2526 5612 quam
2566 5543 2610 5597 si
2651 5541 2829 5596 habeat
2866 5542 2989 5595 recti
3020 5534 3263 5614 pravique
3292 5534 3565 5614 notitiam._
3596 5534 3779 5614 Reclqu

2213 5600 2396 5670 autem.
2412 5615 2694 5669 discernere
2723 5626 2754 5666 a
2786 5628 2943 5683 pravo
2973 5600 3085 5682 quis
3122 5600 3309 5683 potest,
3332 5612 3432 5666 nisi
3456 5606 3683 5682 sapiens?
3711 5600 3778 5653 ita

2212 5689 2269 5756 ﬁt
2293 5697 2347 5742 ut
2375 5700 2649 5756 numquam
2673 5682 2832 5755 possit
2854 5690 2962 5738 esse
2973 5687 3169 5757 justus,
3200 5686 3286 5757 qui
3315 5685 3501 5738 stultus
3525 5688 3618 5757 est;
3643 5682 3780 5757 neque

2211 5752 2437 5829 sapiens,
2468 5752 2555 5829 qui
2585 5752 2736 5827 fuerit
2770 5752 3014 5829 injustas.
3034 5755 3192 5829 AEdit.
3213 5752 3365 5813 Ven.
3403 5766 3502 5828 pm
3527 5752 3703 5808 bonum
3727 5754 3780 5796 σε

2210 5826 2401 5903 malum
2430 5826 2591 5899 habet
2618 5829 2802 5897 bonum
2819 5826 2919 5894 aut
2941 5826 3153 5897 malum.
