3894 6322
85 312 194 369 293

1310 311 1515 371 LIBER
1554 311 1596 370 l.
1638 312 2051 377 TRACTATUS
2081 320 2169 377 IV.

3273 318 3381 385 ΞΜ

84 428 333 483 denudat
385 428 590 484 aﬂ'ectu.
629 424 767 483 Nihil
814 438 1042 497 prorsus
1085 428 1357 485 existimat
1398 440 1556 501 turpe
1586 444 1687 488 nec
1717 445 1758 501 Α
1791 435 2017 505 publicis
2046 478 2061 502 ,
2119 447 2478 505 opportunam
2540 440 2593 495 in
2647 441 3072 515 quibuscumque
3126 450 3375 503 secretis.

88 520 219 589 pati,
250 536 363 576 nec
385 520 574 584 facere,
597 519 957 574 dumtnodoin
986 520 1180 576 ell‘ecm
1209 522 1324 594 (18)
1346 534 1533 578 conata
1565 539 1683 578 suc-

88 614 314 669 cedant.
350 614 720 670 Verumtamen
762 614 815 667 in
842 614 962 685 ipso
991 613 1166 670 fructu
1197 630 1299 671 suo
1322 658 1338 683 ,
1368 633 1473 687 quo
1513 633 1683 687 expu-

88 708 239 773 gnati
265 706 493 776 pudoris
516 706 670 762 alieni
696 705 818 761 labe
843 706 1080 777 gaudere
1106 708 1385 763 consuevit
1413 750 1429 775 ,
1469 722 1687 779 semper

91 801 281 856 infelix
313 811 418 857 est.
457 802 685 872 Denique
714 811 834 871 posit
866 801 1140 872 uegetium
1170 811 1540 873 perpetratum
1571 801 1686 857 odit

89 904 147 950 et
176 896 415 964 seipsam
439 909 555 951 cum
585 894 701 963 illo,
725 908 888 963 quem
920 893 1131 950 vicerit.
1167 895 1293 950 Haec
1320 909 1468 966 satpe
1492 895 1685 951 indixit

89 989 294 1059 quietis
340 988 586 1061 gentibus
632 987 874 1053 bellum;
932 987 1049 1044 lucc
1091 988 1416 1058 aliquotiens
1463 989 1684 1044 robusta

89 1096 259 1152 regna
289 1082 572 1146 subvertit;
610 1082 727 1136 ha-e
755 1090 850 1135 aut
877 1080 977 1137 sub
1009 1081 1276 1150 turpibus,
1306 1093 1399 1135 aut
1431 1081 1535 1136 sub
1560 1096 1686 1136 cru-

89 1176 312 1232 delibus
352 1176 503 1231 factis
530 1173 639 1248 α
666 1176 984 1246 subiugatus
1014 1175 1285 1232 thalamos
1331 1177 1684 1247 triumphavit

90 1267 624 1340 alienos;b:ec(l9)
662 1269 811 1323 viros
851 1269 1050 1324 ardore
1089 1283 1285 1324 vesana
1318 1269 1550 1325 femineo
1580 1271 1681 1325 sti-

90 1362 297 1434 pendio
341 1364 471 1431 ipsis
498 1361 709 1417 feminis
734 1361 813 1417 sic
842 1362 1119 1432 incognito
1147 1362 1422 1431 inopinate
1451 1362 1684 1432 dispun-

88 1469 221 1524 gens
249 1496 264 1518 ,
296 1469 449 1509 suam
475 1453 663 1510 docuit
696 1467 1012 1523 expugnare
1041 1461 1325 1519 naturam;
1358 1453 1473 1509 hate
1504 1452 1684 1509 libidi-

89 1546 173 1603 nis
202 1546 515 1602 mercedem
545 1547 627 1602 vel
659 1546 897 1601 maxime
937 1554 1244 1617 parentum,
1278 1546 1535 1613 ﬁliorum,
1570 1560 1683 1600 ma-

90 1642 345 1706 ritorum,
377 1654 712 1712 uxoremque
744 1640 797 1693 in
830 1639 1100 1695 mortibus
1127 1639 1326 1709 posuit;
1360 1638 1476 1694 haec
1506 1638 1683 1693 nomi-

100 1749 166 1789 na
193 1732 315 1805 (ευ)
348 1734 559 1803 pietatis
586 1748 691 1789 non
720 1748 1016 1803 numquam
1042 1733 1331 1788 concubitu
1374 1731 1684 1802 prodigiose

1788 527 2040 591 Lasciva,
2076 545 2180 585 non
2220 532 2448 603 linguis,
2483 552 2587 590 non
2620 537 2823 606 oculis,
2858 554 2963 593 non
2997 541 3223 598 auribus
3251 557 3375 612 par-

1786 635 1951 686 cens,
1988 623 2222 692 iocatur,
2255 636 2482 695 sperat,
2527 629 2732 692 ambit,
2773 632 3109 703 obsequitur,
3152 637 3374 704 zelatur,

1786 711 2002 777 insanit,
2032 723 2275 770 armatur
2305 717 2553 785 precibus
2578 761 2593 785 ,
2624 729 2865 777 armatur
2891 732 2946 778 et
2976 723 3053 778 ira
3077 767 3093 790 ,
3124 726 3381 782 similiter

1786 819 1896 860 non
1945 820 2241 876 numquam
2288 808 2341 861 vi
2389 819 2760 879 extorquens,
2803 814 2945 884 quod
2995 814 3381 873 blandimentis

1787 897 2081 967 impetrare
2111 914 2217 954 non
2262 902 2455 970 potuit.
2487 900 2797 958 Libidinum
2836 909 3258 964 commutatione
3289 925 3383 964 va-

1784 991 1865 1045 ria
1894 989 2002 1064 45
2026 991 2224 1063 gaudet
2266 1009 2486 1064 semper
2514 1011 2529 1059 ;
2560 1003 2615 1049 et
2644 997 2870 1065 ptenitet
2898 1039 2911 1061 ,
2962 998 3028 1052 ad
3073 1000 3380 1056 satietatem

1788 1099 2080 1156 numquam
2100 1085 2303 1141 lubrica
2322 1084 2439 1158 (24)
2461 1087 2689 1142 utilitate
2721 1090 3060 1159 perveniens.
3100 1092 3384 1148 Desiderat

1786 1175 2143 1248 facere,quod
2165 1178 2353 1234 timeat
2381 1180 2662 1249 publicari;
2684 1181 2804 1253 (iii)
2826 1191 2992 1238 totum
3016 1200 3237 1254 prorsus
3259 1195 3382 1242 ten-

1788 1277 1883 1331 tat,
1904 1278 1963 1323 ut
1979 1269 2083 1325 sibi
2106 1271 2340 1328 vindicet
2363 1282 2555 1328 totum.
2578 1273 2785 1330 Novum
2820 1277 3045 1347 prodigii
3074 1294 3245 1349 genus
3270 1290 3373 1336 est.

1782 1359 1909 1415 Odit
1948 1362 2293 1432 pudicitiam;
2329 1372 2384 1420 et
2413 1376 2591 1423 tamen
2614 1368 2716 1424 hoc
2733 1371 3087 1441 cupitvideri.
3119 1373 3261 1442 quod
3284 1375 3375 1429 illa

1780 1465 1891 1510 εει.

1852 1546 1940 1602 Ill.
1970 1547 2180 1604 Interea
2210 1550 2365 1605 miris
2392 1552 2593 1608 excolit
2640 1554 2847 1611 artibus
2887 1569 2946 1611 se
2970 1570 3051 1624 se,
3084 1555 3385 1631 faciemque

1784 1654 1938 1695 suam
1980 1641 2037 1696 in
2084 1656 2143 1697 se
2166 1684 2184 1708 ,
2213 1658 2375 1713 quam
2413 1659 2522 1699 non
2568 1646 2765 1711 habet,
2786 1648 3000 1718 quierit.
3032 1650 3211 1721 Pingit
3244 1668 3304 1709 se
3330 1652 3386 1708 in

1786 1733 2046 1803 scipsatn,
2081 1744 2135 1789 et
2176 1735 2518 1795 lenocinante
2550 1742 2698 1794 vario
2738 1743 2977 1811 magistri
3007 1743 3387 1801 medicaminis

89 1826 309 1892 delevit,
351 1824 571 1894 pudicos
601 1824 818 1895 quidem
852 1839 1207 1896 persequens,
1239 1825 1335 1880 sed
1377 1824 1678 1895 impudicos
1707 1839 1755 1900 Β
1786 1826 1909 1882 luco
1933 1869 1948 1893 ,
2004 1827 2207 1882 vultum
2265 1844 2420 1885 suum
2473 1830 2708 1888 vultibus
2778 1835 2940 1889 vestit
2989 1835 3219 1904 alienis,
3284 1837 3390 1894 hoc

98 1927 302 1973 tantum
336 1928 697 1991 congruenter
724 1917 1008 1984 occidens;
1029 1920 1164 1983 haec,
1198 1919 1571 1989 inquam,(21)
1592 1934 1687 1989 per

90 2022 363 2068 momenta
384 2021 439 2067 et
467 2012 609 2082 parit
634 2027 820 2080 omne,
848 2013 995 2083 quod
1026 2013 1224 2068 malum
1251 2024 1355 2077 est,
1389 2024 1439 2069 et
1473 2013 1684 2083 peperit

87 2118 269 2166 omne,
307 2104 455 2175 quod
480 2104 652 2174 peius;
672 2119 795 2160 nam
825 2105 881 2160 in
904 2104 1061 2160 idolis
1090 2105 1208 2176 (22)
1234 2106 1333 2160 dea
1364 2114 1468 2173 est,
1490 2107 1541 2160 in
1567 2107 1680 2160 cnl-

91 2197 298 2253 toribus
324 2212 455 2253 vero
475 2211 662 2253 eorum
684 2196 800 2271 (23)
825 2196 1474 2253 ministra.Venerandam
1488 2214 1547 2255 sc
1566 2214 1683 2269 pro-

90 2301 241 2348 curat
263 2293 321 2347 in
357 2291 595 2363 templis,
622 2291 847 2349 hilarem
874 2292 927 2348 in
957 2290 1204 2360 theatris,
1239 2293 1601 2364 importunam
1625 2294 1678 2350 in

92 2492 302 2548 pueros,
343 2487 442 2552 aut
465 2476 817 2552 strangulent,
853 2485 974 2541 aut,
1026 2478 1071 2531 si
1101 2477 1309 2552 nimium
1354 2479 1424 2552 pii
1455 2478 1681 2550 fuerint,

94 2559 368 2616 exponant.
398 2549 532 2604 Vide
562 2549 723 2605 etiam
751 2550 849 2604 lib.
879 2564 955 2614 vt,
995 2564 1115 2619 cap.
1142 2549 1235 2616 20,
1264 2561 1317 2605 et
1346 2550 1683 2604 Clementem

93 2621 536 2692 Alexandrinum.
579 2622 631 2675 in
665 2620 982 2692 Pazdagogo,
1013 2621 1105 2675 lib.
1142 2636 1222 2686 ιιι,
1248 2635 1365 2690 cap.
1391 2622 1426 2676 5
1451 2629 1508 2675 et
1532 2619 1567 2673 4
1589 2662 1601 2683 ,
1632 2629 1687 2674 et

95 2690 460 2758 Ambrosium,
488 2692 645 2763 epist.
676 2709 729 2760 v,
762 2690 912 2745 num.
948 2693 1030 2746 l2.
1051 2692 1199 2746 lianc
1228 2694 1423 2746 malam
1457 2693 1684 2760 impudi—

94 2777 273 2833 eorum
307 2764 752 2818 consuetudinem
780 2764 837 2817 S.
869 2763 1019 2817 Zeno
1060 2763 1442 2833 perstrinxisse
1472 2763 1685 2818 videtur

96 2832 194 2887 hoc
223 2842 370 2888 textu
392 2876 408 2899 ,
440 2835 581 2889 unde
604 2834 804 2904 duplici
827 2832 1094 2889 commate
1121 2834 1366 2899 en‘crtur,
1393 2836 1470 2888 vel
1500 2844 1677 2899 uerat,

93 2905 167 2957 vel
212 2906 441 2958 denudat
478 2903 707 2974 aﬂ'ectu,’
750 2906 838 2961 ubi
880 2903 1071 2973 affectu
1113 2906 1353 2959 scribere
1396 2906 1681 2960 maluimus

95 2990 188 3045 pro
216 2975 435 3042 electus
458 3019 470 3039 ,
504 2989 561 3031 ut
589 2992 783 3032 sensus
809 2985 1021 3031 constet
1053 2994 1066 3029 :
1096 2984 1152 3032 et
1180 2976 1533 3046 signiﬁcatur,
1572 2977 1676 3031 im-

96 3047 313 3115 pudicos
342 3048 399 3102 id
421 3049 633 3117 generis
657 3049 923 3113 homines,
966 3050 1106 3102 ﬁlios
1132 3050 1398 3117 proprios,
1424 3049 1513 3116 qui
1539 3049 1675 3103 alie-

96 3133 212 3171 nam
262 3120 634 3174 htereditatem
662 3120 815 3174 adire
857 3137 962 3174 non
998 3130 1243 3187 poterant
1268 3162 1282 3181 ,
1326 3120 1409 3173 vel
1454 3135 1677 3174 necasse

1787 1916 1987 1987 futura,
2022 1936 2127 1977 non
2156 1923 2297 1993 quod
2345 1935 2534 1979 natura
2569 1926 2837 1995 praestitit,
2892 1927 2989 1983 sed
3032 1929 3175 1999 quod
3224 1930 3271 1984 ei
3315 1929 3384 1985 ad

1782 2029 2013 2069 examen
2080 2014 2285 2084 speculi
2353 2014 2637 2071 arbitrium
2715 2020 3009 2088 temporale
3079 2020 3388 2076 dictaverit.

1783 2105 1938 2162 Nunc
1966 2106 2238 2172 emendat,
2272 2121 2413 2162 nunc
2445 2108 2589 2163 delet
2614 2150 2629 2175 ,
2664 2124 2796 2179 quas
2826 2122 3100 2168 amaverat
3129 2116 3339 2183 species
3372 2156 3389 2184 ,

1784 2216 1926 2255 nunc
1954 2201 2170 2268 subjicit
2195 2202 2510 2268 alias,nunc
2537 2206 2766 2273 parturit
2788 2221 2975 2263 novas.
3004 2207 3250 2265 Manibus
3279 2211 3393 2267 suis

1784 2292 1923 2348 iacta
1952 2292 2121 2365 hydra
2152 2292 2445 2353 formarum
2478 2312 2679 2366 procax
2720 2313 2936 2369 semper
2974 2299 3214 2370 incedit,
3265 2304 3395 2375 quia

1792 2475 1975 2557 itaque
2002 2492 2097 2547 per
2135 2487 2391 2532 momenta
2433 2477 2573 2557 idern
2606 2487 2690 2557 est
2719 2479 2858 2550 apud
2890 2478 3160 2537 Zenonem
3192 2497 3256 2539 ac
3301 2501 3394 2557 per

1791 2556 2013 2619 tempus,
2038 2562 2137 2619 seu
2166 2557 2225 2602 ut
2255 2549 2627 2619 opportunitas
2661 2549 2781 2603 fert.

1865 2618 1983 2690 (22)
2027 2618 2207 2674 Venus
2232 2662 2247 2687 ,
2296 2618 2437 2676 inter
2466 2621 2604 2675 Deus
2626 2622 2795 2675 relata
2826 2621 2895 2678 ab
2930 2622 3190 2686 Ethnicis,
3214 2642 3393 2684 merc-

1792 2691 1899 2764 t_rix
1944 2691 2108 2764 fuisse
2152 2692 2381 2764 t_raditur
2409 2691 2748 2764 ab_Arno_hio
2784 2693 2876 2748 lib.
2908 2710 2981 2758 tv,
3019 2710 3138 2764 pag.
3176 2696 3317 2762 145,
3361 2716 3391 2754 a

1791 2760 2029 2815 Firmieo
2057 2762 2121 2814 de
2148 2759 2343 2817 Errare
2375 2762 2609 2887 prognta:
2638 2761 2807 2832 Relig.
2841 2780 2890 2831 p.
2925 2759 3034 2830 5i,
3067 2759 3121 2820 et
3146 2769 3218 2820 ab
3243 2759 3386 2824 aliis.

1791 2833 1958 2887 Erant
1984 2842 2035 2887 et
2066 2832 2186 2886 alia:
2222 2832 2437 2887 Veneres
2513 2850 2604 2887 etv.
2632 2849 2763 2887 uuas
2788 2835 3017 2887 libidinis
3042 2848 3089 2887 et
3111 2839 3386 2887 voluntatis

1791 2833 2035 2910 Erantet
2066 2832 2186 2910 alia;
2222 2832 2437 2910 Veneres
2460 2832 2604 2899 Deut,
2632 2835 3017 2910 quaslibidinis
3042 2848 3089 2891 et
3111 2839 3391 2910 uoluptatis

1791 2903 2109 2980 _Deas_idem
2157 2904 2427 2980 Arnobius
2453 2915 2737 2980 promorat
2776 2906 2851 2963 lib
2898 2922 2992 2980 vt,
3027 2924 3144 2980 pag.
3176 2903 3303 2974 207,
3337 2923 3393 2969 et.

1789 2976 1842 3031 itt
1873 2975 1993 3030 aliis
2018 2986 2276 3048 pnetcrea
2312 2977 2420 3030 liiis
2442 2975 2696 3031 Gentium
2726 2975 3054 3046 impudicitia
3084 2975 3384 3048 coli-batur,

1788 3064 2006 3114 quorum
2046 3047 2311 3121 adulteria,
2346 3057 2392 3101 et
2436 3057 2617 3116 stupra
2658 3050 2709 3101 in
2756 3066 2921 3104 mares
2950 3060 2996 3104 et
3032 3054 3252 3121 feininas
3284 3073 3389 3121 non

1790 3110 1988 3172 tantum
2020 3119 2181 3172 doctis
2218 3120 2340 3173 viris
2368 3129 2489 3172 nota
2523 3110 2645 3173 sunt
2666 3160 2678 3183 ,
2711 3121 2802 3173 sed
2835 3110 3193 3189 exprimuntur
3230 3110 3392 3182 etiam

98 3188 205 3261 sive
230 3189 286 3243 in
318 3200 508 3254 utero,
540 3192 657 3246 sive
686 3201 969 3261 postquam
1010 3191 1121 3245 nati
1154 3190 1393 3250 inerant,
1435 3192 1517 3245 vel
1558 3207 1682 3244 eos-
1707 3187 1753 3249 C
1788 3192 1839 3261 in
1869 3191 2099 3243 theatris.
2153 3189 2411 3261 Lactantii
2445 3190 2605 3244 verba
2638 3202 2764 3244 sunt
2799 3187 2939 3248 lib.’t
2971 3194 3203 3250 Institni.
3250 3198 3388 3254 Vide

96 3259 249 3323 dem,
291 3276 354 3315 ac
392 3263 438 3315 si
482 3279 585 3315 non
634 3259 871 3332 proprii,
915 3262 1007 3316 sed
1054 3261 1216 3316 alieni
1263 3274 1485 3329 essent,
1532 3262 1680 3315 ontni

95 3332 291 3456 ηπεῖειιι.
309 3333 676 3404 alimentaque
706 3334 935 3388 nudatos
964 3334 1284 3404 exposuisse
1305 3374 1319 3400 ,
1361 3343 1453 3387 aut
1484 3333 1678 3388 saltem

95 3416 190 3456 nec
211 3418 414 3456 exisse.

95 3416 414 3473 neglexisse.

162 3495 507 3570 (l8)AConata
555 3498 606 3552 in
656 3498 846 3570 plurali
875 3499 1091 3570 generis
1120 3498 1361 3553 neutrius
1386 3512 1415 3552 a
1434 3498 1684 3570 probatis

100 3568 407 3625 auctoribus
436 3568 747 3639 usurpatur.
776 3568 1059 3625 Cornelius
1081 3570 1278 3639 Nepos,
1308 3572 1359 3622 in
1405 3569 1518 3625 Vita
1550 3570 1683 3625 Dio-

97 3641 248 3713 nysii,
271 3655 399 3711 cap.
447 3644 513 3713 ξς,
563 3650 745 3695 conata
792 3642 1056 3713 perﬁcere.
1090 3640 1327 3713 Velleius
1366 3641 1681 3713 Paterculus

96 3710 181 3833 lilii.
208 3727 416 3837 integri.
438 3711 531 3779 29,
562 3723 746 3767 conata
767 3710 1052 3767 easecutus.
1085 3711 1213 3768 Post
1235 3728 1401 3783 pauca
1426 3727 1525 3768 ms.
1554 3712 1675 3769 Vat.

98 3798 124 3832 α
149 3800 254 3836 tena
294 3801 323 3837 a
362 3801 409 3837 8.

98 3798 254 3836 auena
275 3798 409 3838 tabe.

163 3877 275 3950 (l9)
309 3878 480 3934 Erant
511 3880 763 3934 nimirum
787 3879 911 3945 viri,
930 3878 1308 3949 quitamquam
1332 3889 1508 3933 scorta
1538 3893 1682 3935 mas-

98 3950 208 4005 cula
229 3953 465 4006 virorum
493 3951 723 4017 libidini,
755 3951 1026 4019 stipendio
1051 3950 1424 4007 meretricibus
1444 3951 1561 4006 dari
1589 3967 1680 4005 so-

100 4021 221 4085 lito,
262 4036 322 4077 se
358 4037 419 4078 se
467 4024 881 4093 prostituebant.
928 4022 1000 4076 De
1034 4021 1119 4077 his
1171 4021 1502 4093 mentionem
1550 4021 1680 4077 facit

100 4092 367 4149 Salvianus
394 4092 489 4148 lib.
522 4109 597 4148 vn
623 4094 685 4148 de
713 4093 993 4149 Gubernat.
1041 4108 1163 4147 cum
1201 4093 1275 4149 ait
1305 4110 1319 4145 :
1360 4092 1472 4146 Viri
1512 4094 1565 4147 in
1591 4111 1675 4147 se-

98 4165 326 4236 metipsos
382 4168 598 4236 feminas
673 4165 1079 4236 proﬁtebantur.
1135 4166 1270 4221 Vide
1338 4161 1677 4220 Clementem

98 4235 510 4307 hictandrinum
536 4238 573 4291 l.
602 4253 661 4293 ιιι
691 4236 903 4307 Paedag.
927 4279 942 4302 ,
974 4248 1028 4290 et
1054 4235 1323 4292 Justinum
1352 4237 1404 4290 in
1443 4236 1670 4307 Apolog.

99 4304 591 4378 Propriumrhorum
628 4324 823 4363 nomen
858 4304 1040 4363 cinaedi
1076 4316 1131 4362 et
1158 4306 1380 4378 exoleti,
1421 4304 1557 4378 quos
1586 4304 1673 4361 in-

102 4378 350 4449 terdicere
371 4377 606 4449 Severus
629 4381 680 4433 in
709 4384 892 4435 animo
915 4379 1120 4444 habuit,
1150 4389 1203 4436 et
1233 4376 1509 4449 Philippus
1538 4395 1673 4445 prte-

98 4449 243 4520 stitit,
271 4448 579 4520 Lampridio
607 4456 744 4503 teste
781 4450 832 4502 in
872 4449 1001 4520 Vita
1026 4448 1321 4520 Alexandri
1352 4448 1565 4507 severi.
1612 4452 1669 4506 In

97 4518 419 4575 Justinianeo
443 4522 588 4586 cod.,
616 4519 711 4575 lib.
747 4536 833 4587 ιιι,
857 4521 938 4575 tit.
980 4519 1047 4584 9,
1082 4519 1168 4577 lex
1194 4523 1257 4577 51
1291 4521 1589 4578 Constantii
1619 4530 1675 4576 et

96 4587 388 4645 Constantis
431 4593 743 4647 inscribitur
782 4596 843 4646 de
888 4591 1077 4646 Venere
1107 4595 1333 4648 mascula
1358 4635 1370 4656 ,
1406 4608 1527 4662 qua:
1567 4596 1672 4647 huc

99 4671 313 4730 spectat;
347 4673 399 4716 et
428 4662 479 4718 id
509 4664 726 4734 generis
761 4662 1006 4719 homines
1041 4662 1222 4718 habitu
1257 4665 1490 4721 femineo
1547 4680 1674 4720 usos

99 4733 275 4787 exinde
301 4745 464 4788 natet.

165 4803 271 4876 (20)
298 4803 536 4860 Incestus
549 4805 775 4874 quilibet
802 4806 944 4860 inter
957 4821 1074 4871 eos,
1090 4805 1286 4875 quibus
1310 4808 1482 4876 pietas
1507 4808 1673 4863 debe-

101 4881 197 4947 tur,
222 4877 402 4944 pietati
424 4877 734 4946 opponitur.
763 4877 896 4932 Cum
924 4892 1051 4931 vero
1076 4878 1427 4946 prodigiosum
1457 4882 1673 4947 proprie

99 4943 290 5000 dicitur
316 4988 331 5011 ,
373 4943 631 5017 quidquid
669 4959 867 5017 praeter
897 4943 1101 5002 natura:
1147 4943 1291 5018 leges
1329 4961 1383 5004 et
1424 4943 1673 5007 ordinem

102 5026 206 5089 est;
243 5019 561 5089 Concubitus
598 5029 795 5088 pratter
822 5022 904 5075 vel
936 5028 1124 5074 contra
1173 5030 1419 5076 naturam
1443 5063 1456 5084 ,
1492 5023 1675 5089 prodi-

100 5087 255 5166 giosus
283 5103 313 5143 a
347 5087 565 5166 Zenone
592 5087 702 5144 dici
730 5091 1017 5166 potuit.~At
1048 5106 1198 5145 num.
1232 5091 1266 5145 5
1294 5087 1530 5166 prodigio
1561 5110 1665 5148 uno

99 5161 315 5238 incensos
341 5161 574 5238 allirinat
597 5175 780 5227 senes,
811 5162 901 5232 qui
929 5161 1229 5218 Susannam
1258 5161 1481 5234 turpiter
1502 5165 1668 5234 depe-

100 5233 292 5305 rierant
314 5273 329 5295 ,
372 5233 474 5287 etsi
493 5248 602 5305 nun
624 5241 818 5305 contra
849 5244 1094 5305 naturam
1128 5233 1355 5301 peccare
1381 5249 1660 5305 cuperent.

101 5296 249 5378 Forte
273 5318 403 5357 vero
431 5304 727 5378 prodigium
756 5306 965 5378 vocavit
994 5296 1142 5378 hanc
1159 5319 1350 5378 senum
1381 5296 1668 5376 impudici-

104 5374 241 5448 tiam,
271 5374 726 5448 proptereaquod
753 5376 883 5448 tanti
915 5374 1115 5448 amoris
1140 5374 1470 5448 conspiratio
1497 5388 1552 5434 et
1574 5393 1671 5434 ac-

102 5447 271 5517 censio
306 5446 390 5517 fin
436 5446 658 5502 senibus
711 5447 932 5501 miriﬁca
979 5446 1287 5502 videretur.
1330 5448 1501 5504 Paulo
1554 5458 1677 5517 post

103 5526 195 5567 ms.
230 5515 359 5570 Urb.
392 5516 745 5572 tantummodo
772 5518 1165 5591 incongruum
1204 5533 1300 5588 pro
1328 5529 1524 5574 tantum
1550 5515 1676 5575 eon-

102 5597 343 5653 gratanter.

170 5677 280 5749 (21)
315 5654 779 5736 Εεάειηῗοι-ιιιιιιιι
799 5695 929 5737 usus
951 5691 1035 5738 est
1058 5680 1119 5737 S.
1141 5681 1293 5738 Zeno
1319 5692 1391 5737 tr.
1421 5685 1444 5739 l
1470 5726 1485 5750 ,
1508 5700 1559 5737 n.
1594 5684 1624 5738 1
1662 5701 1681 5738 :

108 5743 361 5823 Desiderat
403 5767 494 5821 per
526 5763 783 5808 aromata
824 5755 1129 5823 patrocinia.
1173 5753 1449 5808 Momentis
1472 5743 1683 5823 'qnibus

103 5819 215 5875 retis
239 5821 371 5878 dixit
406 5819 479 5878 tr.
511 5824 581 5878 55
634 5823 669 5877 Ι.
704 5839 739 5879 ιι
783 5819 878 5895 pro
914 5834 1139 5896 tetopore
1170 5819 1675 5896 quocumque'velis.

1790 3260 2125 3317 Clementem
2156 3259 2589 3315 Alexandrinum
2620 3263 2670 3315 in
2705 3262 3066 3330 Protreptico,
3100 3266 3387 3325 Mnmtium

1790 3332 2025 3387 Felicem
2057 3376 2070 3398 ,
2106 3341 2160 3385 et
2189 3333 2324 3386 alios
2347 3374 2361 3397 ,
2388 3334 2479 3400 qui
2506 3348 2627 3386 cum
2660 3332 2925 3388 adversus
2954 3333 3155 3391 Gentes
3182 3341 3392 3394 scribe-

1790 3416 1930 3469 rent,
1961 3418 2169 3468 eorum,
2203 3419 2339 3471 quos
2362 3414 2633 3472 tamquam
2669 3403 2807 3458 Deos
2837 3405 2940 3460 illa:
2965 3407 3237 3473 colebant,
3271 3410 3385 3466 las-

1788 3476 1955 3530 civias
1986 3474 2307 3528 iudicarunt.

1862 3547 1977 3621 (25)
2003 3545 2645 3621 Deorumitnpndieorum
2666 3545 2966 3621 ministrant
2996 3549 3183 3618 agebat
3213 3548 3389 3621 ἰιιιριι.

1787 3616 1968 3693 dicitur
2002 3616 2332 3693 iuplnribus
2372 3624 2427 3671 et
2470 3617 2639 3693 sacris
2676 3627 2727 3693 et
2764 3616 2901 3671 ludis
2946 3616 3254 3693 impudicis,
3291 3616 3383 3693 qui

1786 3687 1840 3742 itt
1901 3686 2253 3756 impudicitiae
2306 3687 2620 3741 earumdem
2689 3691 2917 3743 Deorum
2974 3686 3173 3745 cultum
3228 3686 3387 3750 sta-tis

1790 3759 2125 3833 temporibus
2155 3759 2592 3833 celebrabantur,
2625 3773 2778 3833 quos»
2793 3761 2872 3813 vel
2908 3762 3131 3818 innuero
3161 3765 3302 3833 piget
3330 3779 3387 3822 et.

1788 3827 1972 3900 pudet.
2006 3828 2153 3885 Unus
2177 3827 2457 3900 Ambrosii
2486 3827 2649 3883 locus
2678 3830 2926 3885 audiatur
2958 3832 3048 3887 lib.
3098 3850 3114 3887 ι
3156 3827 3238 3888 ἀί
3266 3835 3386 3891 Vir-

1784 3899 1892 3979 gin.
1924 3917 2045 3979 cap.
2076 3903 2137 3979 4_,
2186 3916 2242 3955 η.
2374 3918 2392 3979 _:
2429 3899 2673 3979 Quidue
2708 3908 2868 3958 sacris
2903 3901 3144 3976 Phrygiis
3176 3907 3379 3979 loquir,

1784 3971 1837 4026 in
1864 3974 2043 4043 quibus
2091 3972 2417 4045 impudicitia
2444 3971 2744 4045 disciplina
2786 3984 2913 4045 Aest,
2978 3971 3130 4045 atque
3185 3971 3382 4034 utinam

1782 4042 1937 4100 sexus
1971 4044 2254 4119 fragilioris
2269 4045 2294 4099 ?
2328 4043 2450 4119 quid
2471 4042 2535 4097 de
2568 4042 2738 4119 Orgiis
2770 4042 2939 4119 Liberi
2967 4089 2980 4112 ,
3009 4042 3096 4101 ubi
3119 4050 3381 4119 religionis

1783 4115 2099 4195 mysterium.
2120 4116 2543 4195 est-incentitium
2587 4115 2868 4195 libidinis
2894 4116 3072 4185 Qualis
3104 4115 3259 4192 igtur
3287 4140 3384 4195 po-

1782 4197 1877 4241 test
1900 4204 2007 4241 esse
2033 4188 2100 4241 ibi
2127 4188 2231 4241 vita
2254 4189 2579 4260 sacerdotum
2607 4229 2621 4252 ,
2654 4187 2740 4239 ubi
2769 4188 2957 4242 colitur
2998 4187 3229 4260 stuprum
3257 4187 3381 4248 dco-

1781 4260 1943 4333 rumg?
1971 4260 2119 4313 Adeo
2142 4274 2271 4333 vero
2294 4256 2435 4313 {mila
2458 4256 2603 4311 dictu
2630 4269 2805 4333 erant,
2830 4274 2948 4333 quze
2979 4263 3029 4314 in
3056 4256 3374 4333 quibusdam

1781 4331 1952 4387 sacris
1997 4328 2424 4406 peragebantur,
2446 4338 2525 4406 Διιι
2563 4330 2826 4397 quosdam
2850 4328 3126 4406 Deorum.
3161 4336 3209 4388 in
3244 4352 3378 4406 quo-

1782 4417 1901 4479 rum
1931 4403 2098 4456 sacris
2120 4401 2289 4479 nimis
2318 4402 2490 4479 turpia
2519 4410 2856 4479 gererentur,
2882 4405 3154 4479 capitolia,
3189 4406 3239 4461 id
3263 4401 3375 4479 est,

1779 4473 1992 4527 deorum
2020 4473 2167 4527 curia
2196 4473 2499 4540 pepulerint
2526 4469 2652 4525 Piso
2681 4481 2734 4525 et
2758 4469 3019 4529 Gabinius
3051 4473 3247 4532 Censs.
3281 4469 3377 4535 col

1780 4544 2134 4620 rumdemque
2153 4558 2274 4597 aras
2293 4544 2620 4620 everterint,
2652 4557 2767 4620 nou
2787 4543 2894 4620 alio
2924 4547 3170 4620 consilio,
3207 4566 3372 4620 quam

1782 4624 1838 4670 ut
1881 4617 2109 4687 turpium
2147 4622 2195 4687 et
2233 4614 2510 4687 otiosarum
2550 4614 2971 4681 superstitionum
3010 4617 3132 4671 vitia
3170 4614 3373 4676 colube-

1778 4695 1895 4741 rent
1924 4684 2113 4764 equod
2144 4684 2507 4764 Tertullianus
2550 4687 2825 4764 ntemoria:
2866 4688 3364 4764 prodiditApolog.

1779 4773 1899 4827 cap.
1926 4754 2141 4811 δίνιύθ
2162 4757 2321 4810 etiam
2350 4754 2702 4827 A_ttgiistinmit
2737 4755 2825 4810 lib.
2855 4754 2904 4811 vi
2928 4758 2991 4813 de
3015 4754 3227 4817 Cisitale
3250 4754 3366 4825 Dii.

1780 4825 1901 4897 cap.
1931 4828 1986 4881 9.
2019 4827 2161 4882 idem
2189 4842 2318 4883 vero
2360 4825 2725 4882 Tertullianus
2752 4844 2939 4884 eorum
2969 4841 3176 4888 statuas
3204 4845 3254 4888 et
3286 4850 3375 4889 sa-

1781 4916 1871 4955 cra
1898 4899 2126 4955 subinde
2154 4916 2245 4971 per
2276 4900 2377 4953 vim
2406 4898 2735 4971 popularium
2774 4903 3009 4955 restituta
3047 4918 3377 4961 commento-

1780 4986 1867 5028 rat
1898 4972 1988 5025 lib.
2027 4987 2040 5025 ι
2068 4972 2133 5024 ad
2157 4970 2411 5026 Nationes
2441 4970 2561 5041 cap.
2594 4972 2681 5036 l0,
2711 4973 2794 5025 cui
2821 4979 2998 5027 tamen
3033 4980 3247 5031 canatui
3270 4976 3379 5032 Ga—

1782 5044 1961 5099 binius
1992 5043 2238 5098 laudatus
2270 5043 2620 5097 vehementer
2647 5041 2975 5097 intercessit.

1849 5111 1965 5186 (24)
2011 5111 2223 5168 Utilitas
2253 5113 2505 5186 bocloco
2536 5129 2755 5186 profuso
2780 5118 2946 5186 Hsumi
2978 5116 3209 5185 videtur,
3240 5118 3381 5175 sicut

1776 5183 1918 5254 apud
1948 5183 2220 5250 Plautum,
2249 5183 2403 5253 Epid.
2426 5199 2479 5249 v,
2505 5188 2558 5249 1,
2590 5185 2680 5247 28,
2708 5184 2983 5241 utilitatem
3008 5183 3273 5243 oculorum
3305 5192 3380 5246 le-

1775 5259 1951 5329 gimus
1981 5256 2529 5329 prvoculorgunLusu.
2565 5256 2715 5311 Satin
2753 5273 2844 5326 ego
2893 5258 3055 5313 oculis
3107 5262 3381 5316 utilitatem

1777 5324 2025 5402 obtineo?
2052 5327 2162 5402 Nisi
2193 5326 2333 5397 apud
2375 5324 2647 5381 Zenonem
2692 5324 2964 5384 utilitatem
2995 5332 3240 5402 accipere
3268 5350 3381 5386 ma-

1784 5400 1868 5455 vis
1918 5415 2014 5470 pro
2061 5400 2373 5469 voluptate,
2435 5413 2556 5468 quze
2604 5405 2823 5453 actumn
2865 5400 3130 5472 ejusmodi
3174 5402 3378 5458 utilitas

1785 5478 1889 5528 est.

1860 5543 1975 5612 (25)
2003 5540 2318 5615 Totnmpro
2341 5539 2675 5615 onmia‘apud
2691 5548 2933 5615 nostrum
2950 5542 3237 5615 Auctorem
3261 5562 3382 5615 pas.

1789 5610 1891 5668 sim
1917 5610 2144 5669 oecurit.
2200 5610 2381 5667 Tract.
2412 5612 2443 5665 7
2478 5610 2549 5664 lib
2568 5626 2620 5678 τι,
2651 5626 2798 5684 nunt.
2844 5613 2877 5666 4
2908 5618 2925 5666 :'
2978 5613 3240 5684 Propheta
3261 5610 3381 5670 na-

1790 5685 1962 5739 destas
1993 5695 2153 5739 totum
2196 5691 2391 5752 potest,
2422 5699 2454 5737 α
2481 5690 2587 5735 toto
2632 5682 2941 5752 dissimulat.
2982 5682 3112 5738 Vide
3156 5691 3314 5739 tract.
3345 5687 3382 5744 6

1793 5771 1943 5812 num.
1971 5758 2004 5812 8
2026 5797 2042 5820 ,
2069 5766 2121 5810 et
2152 5763 2307 5810 tract.
2342 5754 2413 5810 10
2465 5768 2615 5807 num.
2657 5753 2707 5807 5.
2765 5751 3033 5808 Similiter
3060 5756 3380 5824 Spartianus

1794 5826 1851 5881 in
1881 5826 2082 5883 Severo
2111 5840 2123 5880 :
2170 5824 2359 5881 Totum
2388 5824 2565 5895 fuisti,
2606 5834 2765 5879 totum
2792 5824 2973 5878 vicisti.
3012 5824 3164 5881 Mitto
3189 5825 3293 5881 alia
3326 5831 3383 5887 in
