3894 6322
557 267 666 324 295

1911 265 2158 330 SANCTI
2195 268 2486 327 ZENONIS
3059 271 3066 281 ’
3660 288 3720 344 296

558 380 884 436 erubescere
900 376 1085 435 alienis
1101 375 1200 432 sub
1229 375 1501 432 coloribus
1532 377 1726 442 nescit,
1760 378 1874 452 (9.6)
1908 395 2012 435 non
2044 381 2144 435 do-
2175 395 2226 454 Α
2254 385 2350 441 bus
2379 384 2700 442 denudatam
2729 384 2866 459 (29f
2891 390 3151 446 convexis
3177 391 3418 448 manibus
3441 405 3495 451 se
3518 403 3724 467 tegerem.

558 475 816 538 mesticis,
843 487 944 526 iiou
965 470 1232 532 afliiiibus,
1254 485 1358 523 nou
1381 470 1586 525 maritis
1605 480 1751 536 uota,
1775 490 1878 526 non
1901 475 2002 527 sibi
2023 475 2145 541 quia

558 583 663 621 non
690 574 862 634 potest
889 579 1008 621 esse
1037 573 1243 628 notum,
1279 579 1378 620 nec
1411 581 1618 634 verum,
1651 567 1793 637 quod
1822 577 1905 623 est
1932 584 2149 638 semper

555 666 780 714 certum.
821 656 1086 712 Prteterea
1117 673 1404 728 numquam
1430 657 1603 728 diligit
1643 659 1829 728 Deum,
1859 677 2018 732 quem
2049 662 2152 717 scit

553 747 803 809 oneribus
832 749 943 802 suis
974 764 1094 803 esse
1123 750 1475 804 contrarium.
1504 750 1706 806 Diaboli
1735 761 1819 807 est
1844 768 1974 808 sane
2000 769 2148 809 mau-

552 839 776 907 cipiuin,
805 838 921 908 ejus
964 840 1106 894 enim
1156 840 1397 908 possidet
1426 857 1686 910 regnum;
1722 860 1844 898 nam
1874 844 1986 915 (27)
2019 845 2151 902 deos

551 936 662 1006 ipsa
693 937 914 1007 genuit,
962 937 1076 1009 ipsa
1109 938 1287 994 intulit
1317 941 1552 1009 mundo,
1588 957 1680 1011 per
1734 959 1903 1013 quos,
1959 953 2051 998 aut
2095 946 2147 1000 in

550 1032 747 1101 quibus
787 1031 1032 1088 diabolus
1074 1033 1304 1100 colitur,
1347 1052 1576 1108 quorum
1635 1039 1684 1092 in
1739 1040 1946 1095 actibus
1999 1041 2150 1112 origo

551 1136 904 1181 monstratur.
926 1125 1044 1196 Ipsa
1074 1126 1262 1184 Jovem
1293 1129 1808 1198 innumerabilibus,
1842 1135 2004 1189 variis
2037 1152 2150 1190 ma-

552 1220 777 1290 gnisque
825 1221 1141 1276 criminibus
1195 1224 1482 1278 maximum
1533 1224 1678 1280 fecit.
1733 1226 2148 1300 @61psa(‘28)

555 1313 841 1369 Herculem
873 1356 887 1376 ,
941 1330 1172 1371 noverca
1201 1316 1457 1385 deterior,
1505 1320 1556 1374 iii
1609 1320 1887 1391 Oniplialis
1927 1323 2152 1379 libidine

556 1408 784 1477 turpiter
831 1409 1002 1476 vicit,
1069 1425 1228 1481 quem
1275 1412 1531 1468 terribilis
1581 1415 1734 1469 turba
1787 1426 2150 1472 monstrorum

554 1513 814 1569 superare
850 1516 954 1556 non
1005 1503 1194 1571 potuit.
1226 1505 1346 1573 Ipsa
1379 1503 1644 1562 Venerem
1689 1509 1946 1564 membris
1975 1510 2153 1564 omni-

554 1642 821 1712 sequioris
842 1643 940 1697 aevi
962 1643 1270 1700 auctoribus
1294 1644 1616 1715 frequentia.
1655 1645 1761 1700 Mss
1784 1646 1905 1701 Tol.
1930 1656 1982 1702 et
2011 1647 2142 1702 Zen.

554 1722 762 1776 temptat
793 1731 888 1781 pro
923 1726 1102 1769 tentat.
1451 1764 1462 1771 .

625 1785 739 1854 (26)
759 1786 1146 1857 Quiuqucmss.
1178 1805 1277 1842 non
1300 1789 1586 1842 domesticis
1606 1787 1892 1856 a/Tectibus,
1918 1806 2018 1843 non
2043 1807 2152 1843 ma-

552 1856 682 1929 ritis.
735 1856 928 1912 Totam
979 1874 1138 1927 porro
1187 1860 1325 1914 lianc
1373 1861 1791 1929 descriptionem
1845 1861 2075 1914 Zenonis
2106 1863 2148 1916 si

552 1927 614 2001 S.
639 1929 970 2001 Augustinus
1003 1930 1240 2001 legisset,
1270 1947 1392 1985 eam
1421 1927 1661 1996 proiecto
1703 1933 1793 1985 lib.
1831 1949 1880 1986 tv
1907 1933 1970 1985 de
2010 1931 2149 1986 Doc-

551 2000 687 2072 trina
715 2000 1032 2062 Christiana.
1063 2000 1208 2072 icap.
1239 2003 1333 2064 ‘21,
1366 2018 1514 2057 nutu.
1566 2005 1659 2070 49,
1693 2005 1965 2058 retulisset
2011 2005 2152 2059 inter

548 2069 638 2126 illa
687 2073 926 2147 dictionis
954 2069 1168 2147 grandis
1210 2074 1482 2147 exempla,
1515 2089 1636 2143 quin
1667 2075 1861 2130 eodem
1903 2075 1956 2128 iit
1986 2090 2146 2146 argu-

551 2157 734 2198 mento
759 2160 823 2198 ex
853 2143 1124 2214 Cypriane
1163 2157 1325 2214 atque
1351 2146 1636 2199 Ambrosio
1681 2151 1888 2200 recitat.

625 2215 745 2285 (27)
785 2218 1190 2284 Quainplurium
1223 2217 1448 2269 deorum
1477 2214 1810 2283 dearumque
1855 2217 2005 2287 origo
2030 2259 2044 2284 ,
2102 2219 2146 2273 si

550 2289 671 2358 quis
698 2287 779 2339 vel
825 2287 938 2355 ipsa
976 2287 1314 2344 ethnicorum
1355 2289 1552 2354 scripta
1601 2288 1888 2351 coiisulat,
1919 2305 1950 2343 e
1977 2290 2149 2358 turpi-

553 2354 654 2428 bus
707 2354 1015 2412 libidinibus
1057 2366 1257 2413 manat.
1316 2358 1466 2412 Enim
1515 2373 1631 2411 vero
1679 2359 1909 2428 Jupiter,
1975 2354 2146 2427 inquit

551 2425 877 2482 Athanasius
908 2431 959 2482 iu
983 2439 1122 2483 orat.
1169 2440 1353 2483 contra
1377 2429 1596 2494 Gentes,
1623 2447 1724 2484 non
1745 2425 1924 2501 stupra
1951 2425 2146 2486 tantum

551 2503 802 2578 commisit
821 2542 836 2567 ,
862 2503 950 2555 sed
984 2503 1287 2578 etiarn__qi_to_s
1316 2517 1381 2578 ea:
1409 2502 1600 2578 stupris
1629 2505 1906 2578 procreavit
1934 2503 2142 2578 liberos,

550 2570 684 2626 inter
711 2571 844 2627 Deos
870 2573 1040 2626 retulit
1066 2615 1079 2631 .
1115 2572 1395 2626 divinitatis
1439 2573 1604 2640 specie
1645 2575 1714 2626 ad
1749 2590 1894 2627 suam
1925 2570 2146 2638 pru'vita-

550 2651 648 2715 t_e_m
671 2645 934 2715 tegendam
959 2647 1169 2698 abusus.
1207 2641 1423 2715 Horum
1449 2661 1475 2697 e
1501 2661 1715 2715 numero
1743 2656 1858 2699 sunt
1887 2644 2141 2712 Bacchus,

550 2713 821 2786 ﬂercu’lcs,
855 2716 1111 2782 Dioscuri,
1165 2714 1475 2781 Mercurius,
1532 2713 1772 2779 Perseus,
1819 2726 1868 2771 et
1909 2716 2140 2786 Sospita.

548 2784 735 2840 Plures
765 2787 905 2841 alios
938 2804 1041 2840 non
1075 2797 1180 2843 tam
1208 2787 1386 2849 Jovis,
1425 2787 1517 2840 sed
1546 2788 1772 2841 aliorum
1817 2788 1979 2842 etiam
2013 2784 2146 2844 Deo-

547 2871 664 2910 rum
697 2860 831 2912 lilios
859 2861 1086 2927 turpiter
1112 2860 1323 2926 genitos
1346 2900 1359 2918 ,
1394 2872 1456 2910 ac
1493 2857 1691 2911 divinis
1719 2859 2015 2914 honoribus
2042 2861 2143 2913 do-

547 2939 706 2982 natos
733 2932 850 2983 lu~e
882 2940 1126 2983 recenset
1161 2929 1364 2984 Arnob.
1396 2928 1486 2982 lib.
1516 2944 1589 2982 tv.
1622 2930 1695 2983 De
1727 2930 1811 2983 his
1847 2932 2008 2984 etiam
2042 2932 2139 2985 Mi-

549 3015 622 3054 nu
648 2999 732 3054 ius
790 2999 939 3054 Felix
980 2999 1033 3053 in
1080 3000 1349 3064 Octavio,
1399 2997 1652 3053 Clemens
1709 3001 2138 3063 Alexandrinus,

549 3071 880 3136 Lactantius,
908 3071 1202 3141 Gregorius
1231 3070 1596 3124 Nazianzenus
1621 3111 1634 3135 ,
1678 3071 1944 3126 Firmicus
1967 3082 2023 3126 et
2049 3075 2138 3128 alii

2181 1755 2229 1815 B

2252 491 2490 545 nantem,
2525 480 2632 533 imo
2674 481 2836 534 animi
2868 485 2948 536 sui
2981 483 3169 539 vitium
3217 492 3273 540 et
3330 489 3547 556 corporis
3581 491 3728 548 demori-

2252 580 2548 639 strautem,
2605 583 2726 642 post
2775 575 2941 630 mttlta
2995 576 3264 633 adulteria
3338 582 3606 650 spectaculo
3634 590 3732 643 totius

2255 665 2437 720 mundi
2465 681 2678 736 quoque
2709 669 3002 737 prostituit.
3057 669 3174 725 Non
3216 685 3350 741 Opus
3380 680 3460 726 est
3500 674 3564 728 ire
3584 690 3654 744 per
3671 679 3735 731 Sill-

2253 759 2401 830 gula;
2429 761 2672 830 quamvis
2703 771 2758 816 et
2787 764 2901 817 haec
2933 778 3038 818 non
3063 763 3266 820 fuerint
3292 765 3436 821 dictu
3455 766 3608 837 digna,
3627 779 3736 828 tamen

2254 852 2320 908 ad
2342 853 2750 922 exprimendam
2792 857 2898 911 vim
2937 858 3285 927 iinpudicitim
3317 860 3425 914 visa
3445 871 3555 917 sunt
3576 879 3738 920 acassa-

2255 949 2356 1010 ria,
2385 957 2443 1002 ut
2472 949 2605 1003 sciat
2636 953 3006 1021 unusquisque
3038 952 3153 1024 ('50)
3182 953 3248 1008 ad
3280 953 3606 1011 idololatrian
3640 962 3740 1028 peni-

2253 1053 2384 1094 nere
2409 1040 2693 1097 luxuriam.
2725 1042 2879 1112 Ipsa,
2905 1043 3146 1114 inquam,
3175 1042 3291 1116 (3t)
3324 1050 3744 1118 niortuorumsepiil-

2254 1147 2345 1189 cra
2377 1134 2640 1189 convertit
2673 1135 2724 1189 in
2755 1137 2977 1204 templa,
3003 1137 3242 1191 tumulos
3270 1138 3324 1192 in
3351 1138 3550 1203 altaria,
3573 1144 3743 1195 cadaveri

2257 1227 2308 1280 in
2334 1227 2642 1292 simulacra,
2670 1227 2964 1296 parentalia
2991 1230 3043 1282 in
3067 1229 3358 1294 sacriﬁcia,
3389 1244 3553 1286 mores
3578 1230 3620 1283 in
3642 1247 3747 1286 sacri.

2257 1320 2348 1375 Sic
2397 1321 2474 1376 sic
2513 1335 2682 1390 genus
2732 1321 3023 1377 humanum
3057 1338 3086 1376 a
3122 1322 3215 1378 Dei
3256 1323 3464 1378 cultura
3501 1323 3661 1392 rapuit,
3678 1326 3748 1381 dum

2257 1414 2450 1469 blanda
2485 1414 2781 1471 festivitate
2807 1415 3108 1470 faciuorosa
3142 1416 3556 1472 facinorosorum
3572 1426 3616 1472 et
3639 1420 3749 1475 colei-

2256 1507 2324 1562 da
2355 1506 2581 1562 crimina
2610 1517 2665 1563 et
2687 1509 2941 1564 imitanda
2966 1510 3278 1580 persuadet.

2255 1642 2484 1698 Deorum
2511 1661 2721 1698 suorum
2747 1645 2998 1698 adulteria
3042 1657 3088 1700 et
3137 1645 3332 1709 probra
3362 1657 3745 1714 uenerantarniim

2255 1717 2396 1784 quod
2420 1731 2568 1770 sacra
2589 1727 2642 1770 et
2665 1718 2771 1771 ltidi
2791 1725 2976 1782 turpes
3005 1716 3058 1770 in
3077 1719 3304 1772 deorum
3324 1717 3625 1786 dearumque
3643 1720 3745 1785 impii-

2262 1787 2501 1842 dicarum
2552 1787 2810 1841 honorem
2857 1789 3083 1842 instituti
3116 1801 3262 1853 sunt,
3293 1788 3363 1842 de
3387 1792 3563 1859 quibus
3584 1793 3679 1844 satis
3696 1795 3747 1844 ul

2266 1870 2435 1921 notat,
2464 1859 2556 1921 25;
2587 1866 2696 1912 tum
2744 1861 2906 1913 etiam
2949 1859 3090 1928 quod
3139 1859 3425 1929 impudicis
3468 1859 3746 1915 liomitiibttsrt

2259 1931 2477 1984 feminis
2503 1929 2667 1984 divini
2696 1929 2933 1984 huuorcs
2975 1931 3154 1985 tributi
3185 1942 3310 1985 sunt
3358 1932 3656 2001 impudicitia
3674 1948 3747 1986 caii-

2256 2016 2337 2064 sa,
2371 2013 2427 2055 ut
2475 2002 2682 2055 scilicet
2738 2001 3002 2056 haberent
3058 2001 3306 2059 homines
3351 2006 3489 2056 unde
3549 2018 3648 2058 suas
3680 2004 3748 2056 lilii-

2256 2073 2412 2128 dines
2459 2073 2680 2127 deorum
2725 2076 2975 2142 exemplo
3025 2083 3354 2129 eXCIISareut
3397 2083 3452 2128 et
3496 2073 3618 2128 laudi
3653 2078 3750 2128 etiam

2257 2153 2564 2211 verterent,
2599 2160 2720 2199 cum
2771 2161 2865 2211 per
2910 2145 3028 2199 illas
3068 2161 3126 2200 se
3171 2147 3304 2200 deos
3353 2145 3541 2200 imitari
3569 2150 3750 2214 prospice-

2254 2225 2380 2270 rent
2416 2231 2429 2268 :
2465 2231 2566 2283 qua
2621 2217 2824 2270 ratione
2866 2216 3144 2269 avaritiam
3177 2233 3396 2286 quoque
3444 2225 3497 2271 et
3517 2217 3748 2284 cupiditates

2253 2303 2347 2340 eos
2377 2289 2629 2350 coluisse,
2657 2296 2712 2340 ut
2737 2287 2869 2341 deos
2891 2303 2950 2342 se
2971 2303 3150 2342 amare
3175 2299 3229 2341 et
3260 2289 3456 2342 imitari
3481 2289 3751 2342 ostenderent.

2255 2358 2434 2426 prodit
2476 2359 2783 2413 Lactantius
2828 2361 2919 2413 lib.
2947 2374 3005 2423 it,
3032 2375 3152 2428 cap.
3181 2360 3236 2425 6,
3270 2372 3326 2414 et
3367 2361 3496 2413 satis
3526 2359 3750 2413 indicatli-

2255 2431 2455 2494 nutius,
2489 2432 2540 2483 iii
2571 2429 2794 2484 Octavio
2817 2472 2830 2494 ,
2884 2447 3032 2483 num.
3063 2431 3153 2485 31.
3204 2431 3336 2486 Vide
3389 2433 3580 2497 insigne
3614 2432 3654 2484 in
3673 2433 3750 2483 lunt

2253 2517 2366 2572 rem
2391 2502 2708 2572 Chrysiilogi
2742 2503 3131 2564 testiinonium,
3155 2518 3400 2556 seruion.
3433 2503 3545 2558 155.
3573 2503 3749 2557 Mss.ido-

2253 2571 2458 2626 latriam
2490 2571 2586 2639 pro
2616 2573 2968 2627 idololatrian:
3013 2574 3275 2626 scribunt.

2322 2645 2437 2713 (5|)
2483 2644 2707 2698 Dubium
2761 2646 2812 2698 in
2857 2643 3044 2713 primis
3092 2643 3232 2710 fuit,
3285 2660 3414 2701 num
3467 2645 3522 2702 S.
3563 2643 3676 2698 Zeno
3705 2644 3752 2696 liii:

2250 2724 2519 2784 spectaret
2553 2716 2638 2768 illa
2673 2725 2828 2769 tract.
2893 2716 2958 2769 13
2981 2758 2995 2779 ,
3031 2733 3179 2769 nutu.
3231 2719 3287 2780 5,
3339 2719 3425 2771 ubi
3469 2719 3575 2772 illos
3598 2731 3752 2770 coturni»

2252 2794 2446 2858 inurat,
2466 2787 2548 2858 qui
2578 2803 2668 2854 per
2694 2788 2930 2856 sepulcra
2959 2788 3381 2858 discurrunt.qui
3412 2789 3633 2858 figuratis
3656 2804 3752 2855 pretii-

2249 2857 2337 2911 dta
2388 2849 2718 2911 cadaveribus
2748 2849 3061 2925 sacriﬁcant
3134 2849 3495 2923 mortuorum:
3533 2860 3608 2929 qui
3647 2849 3752 2909 uno:

2249 2928 2575 2993 luxuriandi,
2608 2939 2714 2984 etc.
2746 2933 2812 2983 At
2843 2934 3183 2984 c0ii5iderato
3232 2928 3750 2999 diligentiusprteSetitii

2250 2999 2351 3054 loci
2388 3010 2671 3066 contextu,
2697 3016 2822 3054 cum
2845 3013 2898 3055 et
2923 3008 3049 3054 ante
3078 3008 3133 3054 et
3161 3010 3286 3071 post
3312 3002 3383 3056 de
3416 3004 3617 3056 Deorum
3641 3000 3748 3066 impii-

2249 3071 2446 3126 dicitiis
2475 3072 2637 3125 cultui
2668 3081 2724 3127 et
2755 3071 3040 3126 imitationi
3085 3073 3365 3126 hominum
3420 3073 3749 3142 proposuisse-

549 3142 602 3197 iii
635 3144 885 3210 operibus
907 3184 921 3210 ,
951 3159 1070 3214 qum
1107 3142 1367 3197 adversus
1409 3141 1662 3196 Gentium
1703 3145 2140 3212 superstitionem
2172 3143 2216 3208 C
2250 3159 2338 3214 tuo
2370 3145 2466 3206 sit;
2501 3143 2630 3196 illud
2665 3143 2892 3198 iuiiuei'e
2923 3146 2980 3197 S.
3024 3142 3297 3198 Zenonem
3323 3141 3611 3206 credimus,
3645 3143 3750 3208 iiiiptz-

547 3213 786 3270 edidere.

623 3286 736 3357 (28)
782 3286 836 3340 In
862 3285 1021 3341 editis
1063 3297 1118 3342 et
1146 3300 1246 3339 ms.
1278 3283 1473 3351 Pomp.
1507 3296 1618 3337 erat
1651 3299 1664 3336 :
1708 3283 1833 3356 Ipsa
1865 3283 2145 3340 Herculem

547 3375 761 3414 noverca
780 3359 998 3412 deterior
1021 3360 1216 3429 facibus
1238 3357 1506 3429 libidinum
1533 3357 1747 3429 turpiter
1771 3358 1911 3410 vicit.
1934 3358 1988 3410 ln
2009 3375 2139 3412 mss.

548 3429 725 3491 Henn,
757 3429 874 3484 Tol.
902 3438 956 3482 et
979 3426 1110 3487 Urli,
1144 3446 1156 3480 :
1197 3429 1319 3496 lpsa
1355 3426 1626 3481 Herculem
1661 3444 1880 3481 noverca
1901 3429 2140 3482 deteriori

545 3518 646 3554 non
679 3501 796 3572 falis
822 3501 1091 3554 libidinum
1123 3503 1340 3572 turpiter
1370 3500 1503 3572 vicit.
1546 3497 1799 3572 Deteriori
1826 3500 2140 3572 itetiiliabet

547 3588 649 3626 nis.
709 3571 825 3625 Vat.
873 3572 998 3625 Haec
1036 3574 1320 3641 scriptura,
1379 3571 1505 3623 licet
1553 3585 1737 3624 errore
1791 3571 2133 3624 librariorum

545 3657 821 3710 corrupta,
853 3648 1098 3711 genuina:
1140 3653 1316 3697 tamen
1338 3641 1596 3712 lectionis
1622 3683 1636 3707 ,
1669 3659 1825 3712 quani
1862 3643 2026 3697 textui
2059 3643 2136 3695 iii-

546 3717 836 3777 seruimus,
867 3713 1120 3768 iudiciuin
1148 3711 1392 3782 prmbuit.
1425 3712 1636 3766 Etenim
1667 3711 1731 3766 ex
1766 3714 2006 3768 deteriori
2033 3730 2136 3767 non

548 3787 668 3854 falis
695 3783 963 3838 libidinum
997 3784 1152 3855 facile
1175 3787 1232 3836 lit
1256 3783 1476 3836 deterior
1504 3784 1855 3855 inOmp/ialis
1881 3789 1899 3852 (
1909 3785 1937 3853 Ῑ
1948 3802 2042 3850 pro
2067 3786 2135 3855 plt

545 3857 880 3938 frequens-in
913 3853 1072 3938 mss.)
1102 3855 1380 3938 libidinem,
1413 3855 1494 3938 vel
1525 3853 1733 3936 libidine
1757 3857 1972 3926 turpiter
1993 3853 2135 3923 vicit;

544 3926 668 3998 qua:
699 3930 855 3982 lectio
885 3926 1098 3982 caeteris
1153 3926 1482 3998 praeferenda
1538 3927 1650 3998 visa
1705 3938 1820 3986 est,
1878 3944 1981 3980 non
2026 3938 2130 3998 tam

543 3993 685 4070 quod
719 3999 957 4065 pluribus
983 4010 1039 4054 et
1065 3993 1454 4070 antiquissimis
1480 3996 1646 4070 codd.
1675 4000 1843 4066 magis
1864 3997 2130 4066 congruit,

543 4067 701 4142 quam
729 4071 870 4141 quod
918 4071 1020 4125 hoc
1066 4067 1310 4142 Ιουοίδ.
1339 4067 1482 4142 Zeno
1521 4067 1759 4142 iudicare
1787 4070 2022 4124 voluisse
2051 4073 2129 4142 vi:

543 4138 699 4198 detur
729 4138 1002 4198 libidinem
1033 4140 1273 4197 Herculis
1303 4140 1352 4192 iii
1381 4138 1686 4206 Omplialitn
1709 4181 1723 4202 ,
1756 4154 1915 4208 quam
1947 4141 2130 4196 cmteri

544 4213 760 4280 Patres,
796 4213 1180 4282 impudicitiam
1227 4211 1448 4279 deorum
1480 4210 1734 4264 Gentium
1762 4219 2127 4278 exsecrantes,

542 4295 987 4340 commemorant.
1020 4283 1158 4341 Vide
1187 4283 1372 4338 Patres
1396 4282 1448 4335 iii
1478 4283 1739 4350 superiori
1780 4282 2130 4338 adnotatione

542 4357 819 4424 allegatos.
856 4355 929 4410 Ita
961 4357 1118 4409 etiam
1141 4355 1478 4422 perspicuum
1504 4352 1589 4406 fit.
1616 4368 1714 4424 cur
1736 4353 2126 4419 impudicitiam

544 4422 758 4489 noverca
787 4428 1087 4485 deteriorem
1134 4427 1190 4481 S.
1227 4425 1522 4494 Episcopus
1548 4422 1760 4478 dixerit.
1789 4427 1958 4491 Quam
1989 4426 2128 4480 male

543 4505 686 4556 enim
725 4499 896 4564 Juno,
935 4499 1176 4554 Herculis
1217 4512 1485 4561 noverca,
1533 4513 1652 4549 cuiu
1681 4495 1800 4564 ipso
1829 4499 2030 4565 egerit,
2060 4513 2123 4550 ex

542 4574 716 4642 poetis
745 4571 924 4642 liquet.
961 4571 1070 4626 llae
1099 4581 1275 4624 autem
1319 4568 1555 4642 deterius
1588 4567 1757 4642 multo
1784 4583 1905 4642 cum
1937 4568 2126 4642 eodem

543 4638 648 4714 egit
682 4638 1008 4712 impudicitia
1041 4684 1055 4707 ,
1088 4643 1283 4712 quippe
1311 4657 1447 4714 (ιιιίῦ
1514 4638 1795 4714 Ηθιίςυιριη
1849 4640 2130 4714 Ompltalis

542 4712 730 4771 amore
753 4728 964 4782 captum
1013 4715 1145 4766 dira:
1183 4713 1421 4765 servituti
1466 4712 1716 4779 subegit,
1749 4728 1921 4780 eoque
1964 4713 2125 4766 etiam

541 4787 784 4852 adduxit,
819 4797 874 4840 ut
897 4828 910 4849 ,
936 4783 1179 4853 Otiiphali
1222 4782 1444 4851 jubetile
1465 4823 1480 4847 ,
1511 4783 1688 4835 netitlo
1729 4784 1881 4836 daret
1907 4799 2124 4850 operam

541 4871 594 4917 et
622 4861 797 4914 fusiim
831 4857 1070 4911 volveret
1097 4871 1155 4908 ea
1182 4870 1362 4919 manu,
1387 4870 1486 4921 qua
1520 4866 1755 4906 moiiSIra
1788 4853 2122 4917 edomuerat,

541 4931 680 5001 quod
715 4930 937 5001 Hercule
981 4927 1136 5001 p_laiie
1186 4924 1460 5001 indignum
1500 4922 1954 5001 Junt_i_tiiiiii_qtt;iiii
1991 4941 2124 5001 prae-

541 4995 776 5070 eeperat.
810 4999 943 5056 Vide
992 4997 1352 5070 Fulgetitiuiu,
1385 4997 1476 5050 lib.
1531 5011 1568 5048 ll
1616 4995 1847 5070 blitliol.,
1903 5011 2022 5064 cap.
2072 4995 2125 5070 _5,

542 5065 663 5144 pag.
707 5073 843 5144 182;
879 5065 1231 5144 Lactaiitiuiii,
1267 5066 1425 5144 μυ..-]
1450 5109 1463 5131 ,
1491 5081 1610 5134 cap.
1635 5065 1703 5129 9;
1756 5070 2037 5144 goriaturn,
2072 5067 2124 5120 in

545 5134 859 5200 Eunuchum
905 5141 1122 5194 Terent.
1161 5153 1214 5192 v.
1267 5137 1320 5191 7.
1372 5139 1486 5192 Huc
1530 5146 1709 5191 autem
1756 5134 1812 5190 S.
1853 5137 2125 5192 Zenonem

485 5239 488 5246 -
542 5226 818 5288 spectasse
848 5211 982 5266 nihil
1009 5210 1335 5288 dubitamus:

614 5287 729 5361 (29)
764 5285 927 5361 lta_i-x
955 5295 1081 5361 mss.
1112 5278 1290 5361 liem.,
1324 5280 1463 5345 Vat.,
1488 5279 1761 5361 ξυῐῃρεῄθξ
1780 5278 1908 5334 Urb.
1941 5279 2132 5361 lnoedi-

542 5349 875 5417 tis‘conneasis
903 5353 1131 5407 manibus
1158 5370 1208 5406 se
1249 5360 1461 5419 tergere.
1491 5350 1624 5404 God.
1662 5349 1760 5403 Tol
1816 5363 1978 5419 tegere.
1998 5351 2126 5406 item

539 5430 746 5488 scribit.
779 5427 907 5480 lieiu
941 5438 1072 5478 mss.
1105 5423 1283 5487 Reun,
1305 5421 1424 5476 Tol.
1463 5431 1515 5476 et.
1544 5421 1670 5477 Urb.
1704 5438 1796 5490 per
1826 5433 1937 5490 post
1969 5423 2128 5476 multa

538 5511 774 5576 prorss!
803 5497 1022 5576 ηιξιζιίξο.
1070 5566 1127 5576 ί.
1241 5566 1253 5576 .
1402 5566 1411 5576 .
1601 5565 1610 5575 .
1693 5532 1763 5576 ,-

611 5565 730 5646 (30)
754 5570 830 5624 Ad
860 5566 1448 5646 idololatrianiluxuria
1478 5565 1728 5646 pertinet,
1751 5571 1875 5646 tum
1899 5565 2039 5646 quod
2069 5565 2121 5619 in

575 5635 865 5716 agaiiorum
912 5637 1379 5716 l)_ii5__impudicitia
1411 5639 1628 5716 colitur,
1659 5637 1798 5716 unde
1819 5635 1965 5716 illud
1992 5637 2121 5716 am-

575 5661 865 5716 agaiiorum
912 5661 1024 5694 Ulls
1052 5661 1379 5707 llllpuuwtua
1411 5661 1628 5702 cutttur,
1659 5661 1798 5690 unus:
1822 5661 1951 5689 quu
1992 5661 2121 5691 Alu-

537 5661 704 5773 Brosii
753 5713 844 5767 lib.
876 5728 892 5766 ι
920 5713 982 5764 de
1017 5710 1248 5780 Virgin.,
1299 5726 1417 5776 cap.
1469 5707 1542 5774 4,
1574 5724 1719 5761 num.
1778 5708 1880 5761 16:
1925 5706 2124 5762 Colitur

541 5801 772 5859 stuprum
803 5785 1058 5851 Deorum;
1112 5779 1166 5839 et
1198 5783 1266 5839 de
1317 5781 1500 5837 Viduis
1527 5797 1648 5852 cap.
1700 5781 1787 5848 Μ,
1819 5795 1965 5834 num.
2002 5779 2071 5835 84
2104 5798 2115 5832 :

2248 3213 2400 3284 dicos
2451 3215 2693 3269 homines
2740 3215 2839 3276 (uti
2870 3215 3150 3284 Jiippiter,
3185 3214 3409 3276 Venus.
3458 3218 3630 3282 aliique
3675 3216 3748 3263 ulmi

2248 3283 2415 3339 fuisse
2457 3285 2724 3355 feruntur)
2755 3283 2956 3341 idcirco
2987 3285 3128 3339 inter
3149 3286 3282 3342 deos
3311 3306 3337 3338 :i
3371 3286 3610 3342 Gentibus
3629 3299 3750 3337 auctr

2247 3359 2379 3410 sitos
2408 3355 2590 3416 fuisse.
2623 3354 2903 3412 Conversis
2950 3360 3000 3410 in
3044 3359 3234 3426 templa
3281 3359 3515 3425 ipsiiruiu
3551 3354 3749 3426 sepulcris.

2245 3426 2296 3480 in
2334 3428 2522 3480 altaria
2552 3429 2780 3494 tumulis,
2812 3429 3142 3482 cadaveribus
3181 3431 3235 3482 in
3282 3430 3571 3486 simulacra.
3597 3434 3750 3485 etc..ul

2246 3499 2345 3551 hac
2373 3499 2631 3568 religione
2661 3500 3014 3565 impudicitia:
3043 3500 3322 3563 faverent,
3354 3509 3410 3554 et
3437 3500 3608 3554 blanda
3630 3500 3751 3567 {estin-

2245 3577 2346 3622 late
2371 3571 2666 3639 facinorosa
2694 3572 3100 3642 facinorosorum
3123 3582 3167 3623 et
3189 3572 3624 3625 colendaerimina
3639 3579 3672 3621 et
3687 3571 3753 3620 iuti-

2242 3643 2400 3694 tanda
2456 3641 2861 3710 persuaderent.
2914 3641 3101 3698 Simile
3145 3643 3434 3698 consilium
3491 3643 3575 3697 alii
3613 3653 3754 3710 quique

2243 3711 2432 3766 Patres
2464 3711 2694 3766 ethnicis
2722 3713 2990 3768 [dolorum
3021 3713 3325 3768 cultoribus
3353 3716 3606 3784 obiecisse
3631 3714 3754 3784 legun-

2243 3793 2348 3843 tur,
2377 3798 2439 3845 ut,
2457 3787 2596 3851 apud
2627 3787 2870 3839 laudatos
2899 3786 3082 3839 adtlol.
3114 3785 3182 3838 '27
3209 3782 3454 3854 reperire
3482 3786 3612 3840 licet.
3637 3782 3753 3854 Priiin

2238 3855 2455 3925 quidem
2489 3856 2806 3910 idololatria-3
2837 3856 3026 3922 templa
3073 3854 3240 3911 fuisse
3275 3851 3610 3911 inortuoriitn
3644 3851 3756 3920 sepul-

2238 3943 2365 3991 cra,
2417 3928 2696 3994 explorate
2753 3926 2989 3980 al'liruiat
3036 3925 3291 3982 Clemens
3345 3928 3696 3983 Alexandrinus
3726 3925 3756 3974 in

2240 3997 2572 4066 l’rotreplii'o
2605 4014 2616 4049 :
2651 3997 2867 4065 Templa
2914 3999 3056 4070 (nam
3083 4015 3190 4070 nec
3238 3999 3353 4068 ipsa
3381 3999 3650 4068 preteribu)
3687 4009 3758 4064 ερεο

2238 4071 2374 4123 cioso
2415 4071 2619 4140 quidem
2662 4071 2867 4124 nomine
2930 4069 3124 4137 templa
3178 4071 3446 4136 dicuntur;
3487 4075 3664 4138 {uerunt
3701 4083 3756 4116 ait.

2236 4149 2334 4193 tem
2361 4143 2618 4208 sepulcra,
2648 4143 2742 4194 hoc
2771 4151 2846 4195 est
2872 4141 3110 4204 sepulcra
3132 4142 3246 4211 ipsa
3273 4155 3452 4197 uocata
3479 4145 3657 4210 {uerunt
3678 4149 3758 4191 teni-

2234 4213 2341 4336 pia.
2375 4227 2480 4268 etc.
2511 4213 2626 4281 Quo
2654 4211 2948 4282 rcSpiciens
2976 4212 3319 4280 Prudentius,
3347 4214 3442 4270 lib.
3467 4215 3552 4269 tin
3579 4213 3754 4283 Symma-

2235 4299 2264 4336 c
2287 4299 2396 4336 iuni
2431 4301 2443 4336 :

2235 4299 2396 4338 Clllllll
2431 4301 2443 4336 ε

2325 4385 2386 4435 Et
2411 4392 2479 4435 tot
2505 4384 2683 4446 templa
2708 4384 2867 4434 Deum
2893 4383 3080 4448 Romae,
3105 4392 3230 4448 quot
3255 4387 3303 4435 iu
3328 4387 3457 4438 urbe
3481 4387 3657 4437 fuerunt

2323 4447 2560 4502 Heroum,
2588 4459 2851 4498 numerare
2875 4450 2991 4500 licet
3016 4462 3026 4496 :

2159 4537 2206 4596 D
2234 4534 2273 4586 A
2305 4534 2497 4600 quibus
2529 4533 2662 4587 nihil
2709 4533 3007 4587 abhorretis
3038 4533 3241 4588 Tullius
3263 4575 3277 4599 ,
3307 4534 3404 4589 lib.
3434 4535 3536 4589 ide
3574 4530 3758 4590 Dimittit

2241 4605 2465 4673 loquens
2490 4606 2557 4659 de
2587 4605 2719 4659 Jove
2749 4604 3086 4674 Capitolino,
3122 4606 3259 4658 idem
3293 4605 3459 4660 fuisse
3490 4606 3665 4660 indicat
3686 4602 3760 4670 ejus

2239 4681 2494 4745 teinpluiti
2525 4676 2910 4745 Capitolinum,
2943 4677 3084 4745 quod
3125 4677 3434 4745 sepulcrum
3469 4681 3661 4731 luerat:

2330 4766 2441 4837 Ipse.
2465 4781 2578 4817 suos
2599 4767 2842 4829 quondam
2868 4767 3082 4825 tumulos
3105 4774 3158 4816 et
3181 4767 3362 4829 templa
3389 4770 3575 4831 petivit.

2237 4851 2371 4906 Hinc
2402 4853 2629 4916 Nonius,
2658 4852 2946 4923 Templum,
2980 4855 3090 4917 ait,
3121 4864 3166 4908 et
3194 4855 3493 4923 sepulcrum
3521 4853 3615 4907 dici
3651 4857 3762 4914 potest

2231 4933 2458 4978 veterum
2487 4926 2806 4979 auctoritate.
2859 4925 3002 4994 Lege
3049 4926 3348 4981 Arnubium
3400 4928 3491 4979 lib.
3544 4940 3591 4977 η
3626 4931 3760 4976 contra

2231 4996 2454 5061 Gentes,
2501 5012 2553 5064 p.
2587 4997 2718 5062 193,
2753 4996 2838 5049 tibi
2884 4997 3047 5050 multa
3091 4998 3281 5066 templa
3313 4998 3502 5066 probat
3531 4999 3759 5066 functorum

2232 5083 2338 5121 esse
2379 5083 2650 5138 corporum
2695 5069 3028 5137 sepulturus;
3080 5067 3408 5138 Cyprianum
3446 5068 3518 5127 de,
3555 5066 3761 5138 [doloraut

2230 5141 2451 5192 vanitate
2469 5135 2662 5203 initio,
2697 5135 2795 5193 nec
2825 5156 2928 5191 iiou
2950 5135 3422 5207 Cuu’iuiodiaiium,
3450 5135 3761 5195 lnstructniel

2232 5211 2324 5275 ‘20,
2353 5212 2439 5279 qui
2471 5210 2740 5264 defunctis
2788 5212 3099 5265 hominibus
3150 5211 3385 5265 honores
3425 5212 3621 5265 divinos
3655 5207 3761 5260 dela-

2234 5291 2318 5336 tos
2348 5282 2594 5335 similiter
2634 5281 2883 5348 produnt.
2942 5280 3244 5336 Parentalia
3287 5293 3487 5347 autem,
3517 5297 3622 5350 (μιν
3646 5279 3760 5350 iusa-

2236 5353 2429 5422 criﬁcia
2460 5354 2744 5405 traduntur
2770 5368 3031 5408 conversa
3053 5398 3067 5420 ,
3099 5364 3252 5408 erant
3285 5348 3582 5415 libatiOnes,
3611 5348 3756 5416 epulis.

2236 5435 2291 5479 et
2338 5423 2440 5476 tilia
2493 5422 2545 5477 id
2572 5424 2810 5492 generis,
2851 5441 2970 5491 qua:
3001 5426 3052 5478 iu
3083 5425 3459 5479 defuncturum
3506 5425 3754 5492 uicinorum

2234 5496 2521 5565 quotannis
2569 5491 2982 5550 celebrabantur
3026 5515 3039 5550 :
3103 5495 3360 5563 sacriﬁcia
3411 5510 3534 5550 vero
3573 5491 3754 5565 divinum

2231 5563 2434 5620 cultum
2466 5575 2730 5635 spectant.
2779 5567 2869 5620 llla
2917 5582 3079 5635 porro
3107 5582 3271 5619 mores
3317 5568 3372 5619 in
3397 5581 3540 5620 sacra
3568 5563 3754 5616 viile’iitur

2233 5638 2469 5692 indicare
2499 5637 2769 5706 quoddam
2799 5639 2978 5693 cultus
3007 5654 3199 5707 genus,
3231 5652 3340 5706 quo
3380 5635 3654 5707 impudicos
3674 5643 3753 5683 uiti-

2229 5723 2319 5765 res
2342 5718 2397 5762 et
2423 5708 2576 5763 liid0s
2608 5709 2661 5763 in
2697 5709 2924 5763 Deorum
2949 5706 3150 5766 cultum
3176 5708 3387 5764 Ethnici
3417 5706 3749 5764 cuiivetteraiit.

2229 5782 2425 5851 dequo
2450 5781 2582 5835 satis
2609 5781 2734 5835 adu.
2765 5781 2854 5834 25.
