3960 6330
1857 256 2102 320 SANCTI
2139 256 2429 320 ZENONIS

3648 269 3731 329 300

489 368 695 438 ricatus
720 378 880 438 fuerit
904 394 938 437 e
979 378 1207 437 duobus.
1254 378 1362 437 Sed
1392 393 1493 436 nec
1518 378 1626 436 illis
1661 379 1880 450 impune
1906 394 2092 436 suece-
2118 392 2174 452 Α
2199 382 2297 437 bus
2323 378 2454 445 duo,
2481 377 2575 434 sed
2606 378 2929 435 unoincensi
2952 378 3217 451 prodigio,
3242 394 3394 439 secus
3414 398 3559 454 quam
3581 386 3740 447 decue-

493 476 595 543 dit,
621 477 710 547 qui
738 476 857 532 sine
890 474 1178 535 uxoribus.
1208 488 1393 529 amore
1424 471 1685 544 peccandi
1703 473 1945 537 liberius,
1976 473 2093 545 ('59)

496 569 733 626 incertas
768 576 929 639 atque
971 567 1287 624 inhonestas
1332 567 1549 625 sibimet
1589 566 1863 623 redimunt
1912 564 2092 622 libidi-

494 677 625 719 num
652 675 884 727 merces,
915 676 1021 716 non
1042 660 1389 718 advertentes
1411 674 1531 717 esse
1557 658 1745 717 infelix
1768 669 1824 716 et
1859 658 2093 729 impudi-

494 771 618 812 cum
681 753 940 827 quidquid
989 753 1287 828 legitimum
1338 754 1498 820 fuerit
1536 762 1691 811 extra
1744 753 2092 826 conjugium:

493 848 793 906 christiano
846 849 1024 915 enim,
1075 848 1299 909 fratres.
1350 848 1493 904 ultra
1543 848 1706 907 licere
1771 861 1879 903 non
1931 853 2093 917 puto,

492 956 654 1015 quam
688 950 746 997 ut
767 943 838 998 sit
864 950 958 999 aut
984 945 1271 998 continens
1290 984 1305 1011 ,
1339 951 1431 998 aut
1460 942 1700 998 maritus.

568 1038 631 1095 V.
660 1038 835 1095 Venio
863 1052 1007 1092 nunc
1047 1037 1116 1092 ad
1146 1037 1393 1107 exempla
1413 1078 1429 1103 ,
1459 1052 1580 1106 qua:
1607 1042 1734 1091 sunt
1761 1034 1979 1105 negotio
2014 1032 2098 1089 vel

495 1130 730 1187 maxime
748 1130 1213 1201 nccessaria;quia
1242 1130 1360 1200 plus
1402 1138 1487 1185 est
1512 1128 1654 1200 quod
1685 1128 1893 1199 geritur
1938 1143 2098 1199 quam

493 1224 641 1297 quod
665 1224 888 1292 dicitur,
909 1233 966 1280 ut
992 1233 1046 1280 et
1073 1223 1427 1295 impudicitiae
1459 1222 1659 1277 malum
1691 1230 1746 1277 et
1775 1221 1975 1277 bonum
2006 1238 2103 1292 pu-

497 1317 702 1374 dicitia:
731 1332 839 1371 uno
867 1316 1169 1387 eodemque
1199 1315 1317 1388 (40)
1348 1323 1602 1386 suggestu
1650 1313 1903 1370 facillime
1932 1313 2102 1384 possit

496 1410 744 1480 agnosci.
780 1408 985 1479 Joseph
1018 1407 1283 1464 Hebraeus
1328 1406 1649 1461 adolescens
1677 1404 1858 1477 (Gem,
1882 1402 2103 1475 xxxrx),

495 1503 679 1557 clarus
704 1515 932 1573 genere,
958 1500 1160 1555 clarior
1193 1498 1616 1571 pulchritudine,
1650 1513 1860 1553 morum
1888 1511 2105 1569 quoque

495 1596 836 1653 clarissimus
879 1595 1171 1667 probitate,
1225 1593 1325 1648 fuit
1367 1592 1511 1649 inter
1560 1592 1702 1647 ﬁlios
1743 1590 1914 1647 Jacob
1943 1599 2105 1646 aetate

495 1691 693 1758 minor,
726 1690 822 1746 sed
867 1690 1058 1761 spiritu
1092 1689 1287 1760 major.
1340 1687 1439 1745 Hic
1494 1686 1690 1743 invida:
1730 1685 2106 1758 germanitatis

2196 480 2298 534 rat,
2327 471 2574 542 deperire
2612 479 2891 541 creperant
2922 489 2934 524 :
2966 488 3125 542 quam
3144 488 3263 528 cum
3286 474 3743 538 adverterentmuro

2194 561 2480 631 castitatis,
2499 579 2620 634 quae
2632 571 2780 620 certe
2800 562 2917 633 (l5)
2941 578 3066 620 vera
3089 574 3173 620 est
3192 574 3245 621 et
3262 576 3450 622 aeterna
3464 569 3740 642 formositas,

2197 653 2253 710 in
2287 655 2522 724 paradisi
2570 655 2862 713 solitudine
2909 657 3341 727 circumseptam,
3383 662 3469 718 ubi
3506 664 3646 721 Evam
3688 669 3747 722 ab

2202 756 2432 804 auctore
2462 747 2645 818 uperis
2686 749 2768 803 sui
2809 751 3170 806 meminerant
3197 766 3314 808 esse
3340 752 3628 826 deceptam;
3667 760 3746 816 liae

2199 857 2260 897 re
2291 843 2408 913 ipsa
2445 852 2610 898 nacto
2636 842 2886 911 oonsilio,
2919 859 3118 916 capere
3147 844 3271 901 dolo
3301 847 3653 920 aggrediuntur
3696 868 3748 910 ac

2201 934 2307 990 nisi
2336 934 2493 1006 culpa
2540 930 2881 1004 succumbat,
2924 936 3091 993 veluti
3141 937 3396 996 adultera:
3443 941 3749 1011 deprehensa:

2203 1044 2455 1099 magnum
2486 1029 2804 1085 minitantur
2823 1030 3071 1087 exitium.
3088 1033 3159 1088 At
3178 1030 3270 1088 illa
3297 1048 3401 1089 non
3422 1032 3529 1105 (44)
3553 1033 3647 1090 Eva
3671 1053 3750 1091 an-

2202 1119 2382 1192 cipitis
2428 1119 2647 1191 quidem
2680 1130 2857 1177 metus
2904 1122 3360 1194 contemplatione
3384 1125 3621 1196 praeclusa
3642 1170 3655 1193 ,
3679 1144 3753 1184 cu.

2199 1218 2290 1286 jus
2320 1225 2413 1271 attt
2442 1216 2614 1287 pudor
2637 1225 2785 1274 esset
2807 1215 3158 1289 jugulandus,
3190 1225 3282 1274 aut
3307 1219 3495 1284 anima,
3519 1223 3754 1277 conscien-

2208 1311 2295 1365 tiae
2332 1324 2445 1365 sua:
2468 1313 2750 1385 conscium
2779 1310 2957 1366 solum
2976 1319 3288 1369 contestans
3315 1312 3496 1380 Deum,
3518 1312 3752 1370 honestam

2208 1405 2387 1475 potius
2433 1404 2596 1475 elegit
2645 1415 2876 1461 mortem
2914 1421 3076 1476 quam
3128 1407 3292 1461 vitam
3340 1416 3559 1478 turpem,
3600 1410 3758 1464 melius

2209 1495 2439 1553 credens
2454 1494 2766 1552 hominibus
2796 1512 2856 1554 se
2884 1513 3032 1554 ream
3066 1498 3186 1569 (45)
3220 1498 3458 1570 praebere
3475 1516 3618 1571 quam
3650 1502 3752 1558 lleo.

2150 1590 2163 1603 ’
2211 1588 2419 1645 Interea
2446 1590 2650 1645 instant
2675 1591 2753 1647 illi
2780 1607 2847 1647 ex
2875 1590 3210 1647 amatoribus
3241 1602 3570 1650 accusatores
3592 1595 3752 1664 effecti,

2210 1686 2524 1755 crimenque
2546 1700 2700 1739 suum
2717 1685 2768 1740 in
2797 1686 3197 1757 simplicitatem
3228 1689 3591 1747 circumventa
3612 1699 3755 1747 trans-

493 1783 728 1854 impulsu
761 1781 817 1838 in
855 1781 1149 1855 Egyptum
1178 1792 1257 1837 est
1289 1780 1499 1836 delatus
1528 1788 1689 1852 atque
1733 1779 2026 1836 distractus
2070 1794 2101 1833 a
2132 1785 2180 1845 Β
2211 1778 2385 1835 fusum
2437 1778 2727 1834 artificiose
2752 1778 2880 1835 dum
2911 1793 3262 1852 exaggerant,
3288 1781 3475 1837 exinde
3510 1782 3608 1852 jam
3636 1782 3753 1852 prio-

490 1873 769 1942 fratribus,
797 1890 958 1946 quem
989 1875 1193 1931 domini
1222 1874 1303 1929 sui
1334 1890 1471 1929 uxor
1499 1872 1655 1944 pejus
1685 1889 1868 1928 amare
1909 1887 2096 1944 crepe-

491 1982 599 2035 rat,
632 1983 797 2039 quem
819 1966 1047 2024 oderant
1077 1966 1275 2024 fratres
1302 1986 1315 2022 :
1340 1980 1465 2022 nam
1491 1980 1612 2021 cum
1641 1965 1955 2022 medullitus
1986 1981 2101 2020 mu-

492 2060 596 2117 lier
624 2060 836 2115 ardoris
874 2060 1050 2115 insani
1080 2060 1441 2127 conflagraret
1487 2057 1761 2125 incendio,
1811 2059 1865 2112 in
1908 2058 2104 2115 suade-

490 2151 601 2207 lam
634 2152 954 2224 sacrilegam
982 2154 1317 2224 argumentis
1342 2151 1695 2208 vehementer
1729 2162 1936 2207 armata
1976 2166 2103 2223 cap-

498 2256 579 2301 tat
605 2245 975 2309 solitudinem,
1007 2252 1280 2303 secretum
1311 2254 1491 2316 captat
1519 2252 1574 2300 et
1618 2244 1818 2312 locum,
1858 2243 1910 2298 in
1958 2242 2101 2317 quali

485 2342 794 2398 etiamvnon
840 2340 963 2413 (41)
993 2341 1201 2397 irritata
1230 2340 1595 2407 adolescentia
1650 2340 1833 2394 invitis
1886 2337 2103 2395 feminis

497 2448 646 2505 saepe
687 2433 925 2490 violenta
971 2448 1096 2490 esse
1132 2434 1432 2490 consuevit.
1475 2435 1545 2488 At
1589 2432 1676 2489 ubi
1728 2432 1781 2486 in
1837 2431 2101 2487 destinata

496 2542 881 2601 prorumpens,
937 2542 1114 2597 neque
1170 2526 1559 2591 blandimenta,
1612 2540 1786 2598 neque
1839 2524 2101 2595 promissa

493 2620 713 2679 sibimet
738 2620 1002 2693 prodesse
1037 2620 1344 2692 cognoscit;
1375 2628 1625 2677 conserta
1658 2633 1842 2686 manu,
1887 2618 2100 2674 inversa

491 2715 633 2781 vice,
678 2716 870 2771 adorta
896 2724 980 2771 est
1024 2713 1078 2769 in
1123 2728 1282 2769 suum
1327 2713 1566 2767 fomitem
1595 2710 1705 2785 50
1743 2710 2106 2766 adolescentis

488 2810 668 2882 ignem
704 2808 835 2865 totis
866 2807 1073 2864 viribus
1103 2806 1378 2863 derivare.
1421 2808 1489 2860 At
1514 2805 1602 2861 ille
1631 2806 1683 2859 in
1713 2804 2102 2876 repugnatione

486 2914 697 2960 vestem
745 2903 847 2958 sibi
876 2901 1146 2957 violenter
1188 2908 1458 2955 extortam
1512 2898 1849 2968 relinquens,
1889 2914 1956 2953 ex
2002 2897 2100 2952 im-

487 2996 764 3067 pudicitiae
794 2994 951 3050 fovea
978 2993 1156 3049 nudus
1184 2991 1392 3061 aufugit
1419 3007 1433 3044 :
1466 2990 1561 3046 sed
1609 2990 1881 3060 pudicitiae
1911 2989 2100 3060 splen-

488 3090 623 3145 dore
651 3088 877 3144 vestitus
918 3096 1041 3159 post
1077 3085 1467 3141 calumniosam
1511 3084 1917 3141 damnationem
1948 3092 2004 3139 et
2031 3083 2097 3139 li-

2211 1889 2297 1929 res
2327 1872 2489 1944 seipsi
2517 1874 2900 1930 condemnant.
2925 1872 3124 1931 Verum
3153 1873 3317 1946 (proh
3335 1873 3533 1949 nefas!)
3559 1875 3758 1931 creditur

2207 1967 2376 2034 aetati,
2410 1967 2653 2024 creditur
2677 1967 2988 2024 auctoritati
3012 1987 3025 2022 :
3060 1970 3337 2026 exsultant
3358 1969 3607 2027 adulteri:
3633 1970 3756 2027 dam-

2207 2070 2367 2117 natur
2398 2061 2703 2132 integritas.
2725 2061 2846 2118 Jam
2872 2062 3092 2134 jamque
3117 2062 3367 2120 Susanna
3396 2064 3461 2120 ad
3485 2064 3758 2136 supplicium

2207 2154 2505 2210 itnmerens
2548 2154 2866 2210 trahebatur
2904 2173 2916 2210 :
2955 2156 3067 2227 jam
3123 2165 3270 2213 totus
3320 2157 3538 2229 pepulus
3578 2156 3624 2213 in
3666 2156 3756 2228 ejus

2206 2247 2466 2319 sanguine
2510 2246 2847 2304 tumescebat
2906 2265 2918 2301 :
2965 2249 3074 2319 jam
3119 2251 3202 2306 sui
3260 2265 3468 2324 quoque
3516 2248 3758 2307 familiares

2207 2354 2362 2395 novat
2389 2339 2473 2395 rei
2509 2338 2792 2395 atrocitate
2821 2340 3081 2411 perculsi,
3107 2341 3212 2415 51
3248 2342 3610 2405 miserabiliter
3635 2341 3755 2412 iuge.

2207 2435 2519 2501 miscentes,
2547 2434 2788 2489 dimissis
2823 2434 3093 2507 capitibus
3139 2452 3304 2492 omne
3349 2437 3571 2493 studium
3606 2435 3760 2491 defen-

2207 2530 2379 2585 sionis
2409 2528 2873 2602 (46)abjeeerant.
2904 2529 3023 2586 .lam
3050 2530 3211 2586 etiam
3267 2531 3382 2603 ipsa
3422 2531 3623 2603 pudoris
3667 2528 3757 2603 (Π)

2204 2621 2531 2693 compendio
2574 2622 2764 2678 mortis
2809 2621 3002 2679 oderat
3058 2638 3264 2690 moras,
3315 2624 3558 2680 omnibus
3605 2622 3757 2692 displi-

2205 2732 2358 2783 cens,
2392 2716 2485 2773 sed
2516 2717 2618 2772 soli
2648 2730 2760 2772 sum
2788 2716 3135 2773 conscientiae
3173 2718 3418 2788 placens.
3449 2716 3570 2774 Cum
3593 2716 3756 2781 subito,

2205 2809 2395 2881 quavis
2422 2811 2655 2865 versutia
2684 2811 2775 2882 qui
2807 2809 3013 2866 fallitur
3042 2827 3364 2882 numquam,
3394 2811 3655 2868 confestim
3681 2809 3756 2865 ad-

2206 2912 2291 2959 est
2319 2902 2369 2958 in
2401 2902 2625 2959 Daniele
2655 2919 2822 2974 puero
2856 2903 3017 2960 Deus.
3049 2906 3282 2962 Omnem
3319 2916 3531 2978 repente
3578 2902 3760 2960 malitia:

2206 3011 2423 3053 scenam
2457 2996 2677 3067 diripuit
2710 3014 2723 3051 :
2761 2996 2878 3070 (48)
2911 2997 3281 3069 profectitium
3331 3002 3532 3055 crimen
3573 3010 3762 3068 prepare

2205 3090 2545 3146 recluditur:
2578 3090 2756 3146 scelus
2800 3106 2930 3147 suos
2975 3091 3155 3148 reddit
3186 3093 3239 3149 in
3287 3103 3561 3151 auctores:
3604 3104 3763 3162 purga-

486 3182 707 3240 beratus
736 3196 766 3236 a
799 3180 910 3237 Deo
939 3186 1025 3236 est
1049 3189 1104 3235 et
1130 3178 1448 3234 honoratus.
1474 3176 1717 3256 Denique
1748 3192 1841 3234 rex
1864 3178 1987 3247 jure
2008 3192 2095 3234 se-
2121 3190 2167 3252 ί]
2200 3191 2395 3254 turque
2427 3200 2521 3253 per
2570 3184 2931 3241 innocentiam
2979 3185 3171 3255 pudor.
3232 3186 3429 3258 Sicque
3482 3186 3761 3249 Susannam,

488 3278 700 3335 eundus
729 3278 908 3335 factus
951 3286 1036 3333 est
1073 3275 1247 3346 regni,
1299 3275 1389 3345 qui
1430 3273 1655 3344 insignis
1700 3288 1797 3328 res
1837 3280 1955 3329 erat
1984 3272 2098 3343 jam

484 3381 613 3428 ante
645 3372 888 3444 pudoris.

563 3465 651 3522 Vl.
700 3464 1011 3523 Snsannam
1034 3477 1248 3535 quoque
1285 3459 1536 3517 columen
1579 3455 1698 3530 (ἃ)
1756 3467 2098 3515 matronatus

485 3558 807 3615 inaffectata
838 3559 1024 3614 formae
1075 3554 1356 3628 pulchrius
1385 3569 1499 3610 sum
1546 3552 1965 3623 pulchritudinis
2007 3568 2097 3609 or-

485 3662 818 3721 namentum,
848 3653 1058 3727 insigne
1086 3652 1361 3725 pudicitia:
1397 3649 1789 3716 testimonium,
1815 3664 1846 3705 e
1867 3648 2101 3705 seniori-

571 3846 686 3925 (59>
713 3835 1878 3925 metam?"th“te-.‘itcrf'19e3‘eeast
1920 3836 2093 3925 “enea

488 3906 743 3980 notantur
769 3914 914 3973 enim
943 3911 1045 3979 illi,
1078 3912 1167 3983 qui
1196 3926 1224 3963 a
1248 3909 1581 3983 conjugibus
1598 3908 1759 3963 soluti
1794 3908 1963 3983 licere
1992 3906 2097 3962 sibi

486 3978 771 4068 potabant,
800 4002 906 4043 non
945 3978 1172 4068 incestas
1189 3980 1404 4068 quidem
1434 3978 1707 4068 libidines,
1732 3979 1827 4034 sed
1849 3978 2093 4048 incertas,

493 4050 627 4137 quas
658 4050 862 4118 scilicet
895 4059 1067 4129 pretio
1096 4054 1281 4109 soluto
1315 4067 1345 4106 a
1387 4050 1764 4107 meretricibus
1796 4065 1926 4119 vage
1954 4066 2095 4107 mer-

634 4150 777 4190 ntur.

496 4141 811 4280 εθῗῗδῖῧὲ.
844 4201 1117 4280 Remense
1144 4196 1308 4280 liabet
1332 4195 1589 4275 suggeglip
1608 4210 1629 4259 ;
1646 4191 1751 4280 ἐρα
1771 4193 1831 4280 ‘in
1849 4191 2097 4280 (ἱππείῳ

493 4262 735 4352 apposita
770 4284 893 4329 nota
940 4272 985 4326 li
1032 4270 1250 4352 finitivi“
1299 4262 1475 4352 mel—if"
1524 4262 2099 4352 Sig"iﬁcm',.suggesm

497 4336 715 4409 iit'aliis
736 4361 870 4402 mss.
898 4352 954 4399 et
981 4343 1110 4397 edit.
1141 4350 1193 4395 et
1220 4347 1485 4410 suggestus
1517 4352 1618 4410 pro
1628 4336 1976 4410 suggestione,
1992 4352 2100 4410 _s_eu

495 4405 794 4485 additione,
823 4416 905 4472 vel
942 4415 1254 4485 narratione
1281 4405 1540 4485 sumitur}
1579 4405 1858 4475 Ulpianus,
1888 4406 1955 4461 de
1982 4405 2097 4461 Μαι

497 4478 617 4570 gist.
644 4503 741 4570 rat.
773 4478 983 4570 convert.
1010 4485 1105 4568 lib.
1130 4500 1148 4539 ι
1184 4483 1381 4570 Digest.
1414 4496 1445 4570 ᾖ
1459 4478 1520 4535 Si
1546 4495 1610 4570 eis
1626 4487 1875 4570 suggestu
1900 4494 2095 4545 eorum,

495 4550 891 4624 uelrttominibus
917 4560 978 4615 ab
999 4558 1071 4613 eis
1096 4550 1317 4624 acceptis
1337 4567 1524 4624 prazscs
1552 4550 1767 4605 dederit.

572 4656 687 4729 (ιι)
719 4654 815 4709 Ms.
846 4652 999 4706 Rern.
1034 4648 1277 4729 incitata;
1300 4652 1357 4729 ct
1380 4650 1505 4729 post
1534 4656 1698 4729 ptiuca
1731 4657 1825 4726 pro
1871 4641 2104 4696 derivare

495 4714 639 4788 idem
666 4714 767 4782 ins.
801 4739 901 4778 nec
930 4736 1037 4775 non
1067 4718 1258 4774 Urbin.
1292 4726 1349 4771 et
1385 4714 1513 4771 Zen.
1540 4715 1779 4769 deriuari.

573 4822 688 4899 (42)
720 4818 1043 4899 Μαιτοηαιιιρ
1075 4812 1342 4899 Εεξιιμζῇη
1368 4809 1645 4899 Appuleio,
1668 4808 1762 4861 lilt.
1786 4824 1838 4863 tv
1862 4808 2100 4899 Metam;

495 4880 834 4963 [mi/factata:
887 4885 1028 4963 apud
1050 4880 1486 4963 Quintilianum,
1533 4880 1624 4934 lib.
1660 4895 1732 4945 XI,
1766 4895 1886 4947 cap.
1941 4881 1994 4948 1,
2050 4887 2106 4936 et

497 4952 1018 5025 Ter't'ttlliatnnn,‘de
1048 4954 1240 5016 Pallio,
1269 4967 1388 5021 cap.
1418 4952 1472 5006 4.

572 5056 685 5128 (45)
730 5052 859 5128 Verg
889 5058 958 5128 es_t
973 5049 1145 5128 abest.
1171 5061 1201 5099 a
1235 5059 1334 5098 ms.
1360 5042 1544 5128 item”
1569 5052 1642 5125 est
1673 5058 1700 5098 a
1728 5058 1877 5128 .mss:
1911 5043 2097 5128 Pomp.

498 5114 780 5187 θιύι·ἱιίιι.
817 5120 983 5177 Paulo
1033 5126 1152 5187 post
1202 5130 1301 5170 ms.
1360 5114 1513 5169 Rem.
1564 5115 1615 5168 in
1661 5115 1958 5187 solitudine,
2013 5116 2099 5169 ubi

499 5201 631 5255 Eva.
660 5198 759 5253 Ms.
800 5194 991 5261 Pontp.
1038 5188 1205 5260 priori
1236 5188 1506 5261 scriptura
1530 5187 1600 5261 in_
1618 5186 1966 5261 solitudinem,
1998 5204 2094 5255 βου

497 5269 712 5329 steiiori
762 5255 1375 5321 autem-in—solitudine’,
1422 5257 1507 5311 ubi
1553 5255 1732 5329 Evam.
1793 5257 1917 5329 llaec
1968 5264 2094 5315 item

497 5328 660 5401 lectio
714 5338 941 5392 habetur
982 5333 1037 5387 in
1077 5330 1235 5385 codd.
1282 5329 1518 5401 Tolent.,
1552 5328 1669 5401 vat.
1721 5338 1774 5383 et
1815 5328 1945 5384 Zen.
1994 5330 2093 5384 Ms.

496 5399 674 5472 autem
705 5408 838 5467 Urb.
870 5406 924 5459 iu
949 5403 1243 5465 solitudine,
1270 5400 1357 5455 ubi
1407 5399 1532 5454 Eua.
1582 5399 1719 5455 Hinc
1750 5415 1848 5454 vox
1881 5401 2098 5454 circum-

496 5501 691 5560 septum
720 5485 773 5536 in
809 5478 970 5536 editis
996 5474 1204 5529 videtur
1240 5473 1464 5560 ipse-na,
1503 5479 1576 5560 ¹ιιι
1623 5487 1690 5525 ne
1740 5486 1900 5552 voces
1946 5488 2093 5528 muro

426 5549 446 5571 ’
495 5542 743 5614 castitatis
769 5562 1046 5622 suspensae
1067 5552 1290 5599 starent.
1321 5543 1432 5622 liae
1458 5542 1551 5622 __d_e
1582 5557 1742 5622 causa
1779 5543 2093 5622 circumsep-

495 5613 599 5683 non
623 5613 956 5682 rctinuim'us.
988 5618 1120 5673 Post
1144 5629 1310 5686 pauca
1334 5614 1388 5669 in
1405 5613 1562 5669 editis
1589 5614 1755 5681 culpa:
1776 5617 2088 5683 succumbat,

496 5702 549 5757 in
578 5715 674 5755 tns.
708 5698 861 5751 llem.
894 5692 1050 5763 culpa
1074 5685 1387 5743 succumbat.
2033 5768 2037 5772 ι

570 5790 684 5862 (Η)
714 5788 853 5844 Editi
875 5786 1013 5849 Eme,
1037 5798 1103 5839 ex
1128 5796 1256 5838 mss.
1286 5777 1395 5834 Eva
1412 5778 1765 5835 correximus.
1786 5779 1859 5836 Ex
1878 5781 2092 5852 ancipiti

2202 3293 2387 3349 quam,
2424 3278 2761 3349 impudicitia
2786 3279 3107 3345 mentiente,
3135 3281 3188 3335 in
3210 3281 3482 3353 publicum
3514 3284 3762 3339 traxerant.

2204 3371 2483 3442 probatam
2512 3382 2565 3427 et
2593 3372 2921 3428 vindicatam
2950 3372 3018 3429 ad
3050 3374 3230 3430 mariti
3255 3375 3542 3431 thalamum
3568 3386 3674 3429 cum
3699 3370 3764 3424 in-

2200 3465 2348 3535 genti
2377 3466 2651 3536 triumpbo
2674 3467 2865 3522 victrix
2896 3466 3153 3537 pudicitia
3184 3468 3502 3541 reportavit.

2272 3555 2385 3612 Vll.
2434 3557 2541 3615 Sed
2571 3573 2605 3613 ο
2648 3570 2909 3630 quantum
2953 3569 3039 3617 est
3084 3560 3356 3630 miranda,
3377 3559 3641 3633 pudicitia,
3667 3569 3766 3627 ante

2201 3649 2359 3706 aliter
2392 3650 2599 3707 laudari
2629 3660 2682 3707 te
2717 3668 2826 3708 non
2858 3655 2965 3722 vis,
3018 3670 3178 3725 quam
3226 3667 3284 3712 ut
3314 3654 3643 3720 custodieris,
3670 3650 3764 3707 solo

2204 3848 2341 3893 metu
2370 3838 2689 3913 scripsimus
2709 3840 2949 3913 ancipitis
2976 3852 3157 3911 metus,
3199 3850 3260 3899 ut
3287 3843 3544 3900 sententia
3566 3849 3763 3898 constet.

2201 3913 2418 3979 Anceps
2446 3921 2624 3965 autem
2652 3911 2914 3968 Susanna:
2955 3924 3127 3970 metus
3172 3914 3292 3980 fuit,
3331 3931 3399 3972 ne
3435 3926 3524 3972 aut
3558 3914 3768 3969 dill‘auta-

2203 3990 2353 4065 retur
2378 3992 2434 4065 ut
2462 3982 2725 4049 adultera,
2764 3985 2810 4038 si
2844 3996 3117 4065 renue_ret_,
3149 4002 3215 4042 ex
3250 4003 3358 4059 quo
3385 3989 3551 4059 pudor
3574 3984 3768 4065 ejusjtt-

2201 4054 2521 4180 gulalnitu‘tl';
2555 4066 2646 4111 aut
2676 4066 2942 4126 peccaret,
2977 4058 3022 4115 si
3052 4054 3467 4129 obsequeretur,
3512 4054 3640 4131 quod
3661 4055 3768 4130 ,ιηί-

2204 4141 2346 4180 mam
2400 4141 2446 4180 ιε
2487 4137 2626 4180 cret.

2204 4141 2346 4182 utaut
2381 4137 2626 4182 laederet.

2278 4218 2391 4290 (45)
2413 4218 2466 4271 ln
2487 4218 2615 4273 edit.
2645 4228 2701 4274 et
2721 4219 2916 4296 aliquot
2945 4238 3074 4277 mss.
3098 4223 3325 4296 prwbere
3346 4225 3520 4280 debere
3546 4240 3563 4278 :
3591 4230 3768 4292 postre-

2204 4303 2345 4364 mam
2377 4306 2561 4364 vocent
2596 4301 2654 4364 ut
2695 4292 2852 4348 nimis
2899 4292 3317 4364 redundantem,
3347 4296 3653 4353 auctoritate
3678 4305 3765 4348 ms.

2203 4359 2421 4429 Pomp.,
2446 4361 2731 4419 delendam
2750 4364 3133 4434 judicavimus.

2277 4455 2394 4528 (46)
2425 4456 2548 4509 Mss.
2587 4455 2752 4511 Urbin
2785 4468 2839 4514 et
2879 4459 3067 4532 Pomp.
3111 4460 3426 4532 abjccerunt.

2278 4546 2398 4625 (47)
2425 4545 2907 4625 Compendiumnon
2951 4562 3058 4609 tam
3084 4553 3150 4609 de
3175 4556 3524 4624 parcimonia,
3551 4567 3695 4625 quam
3719 4548 3773 4625 de

2206 4620 2483 4696 brevitate
2502 4620 2726 4696 dicitur;
2762 4624 2905 4679 unde
2930 4620 3289 4695 compendium
3316 4632 3412 4683 uia’
3440 4620 3533 4696 pro
3568 4620 3771 4696 breviori

2210 4692 2293 4745 via
2336 4693 2485 4767 apud
2514 4693 2765 4767 Plinium,
2816 4697 2889 4750 lib
2916 4713 2969 4764 v,
3001 4692 3119 4767 cap.
3160 4699 3214 4760 5,
3250 4692 3466 4753 docendi
3513 4692 3774 4767 compendia

2207 4763 2348 4833 apud
2375 4764 2784 4831 Quintilianum,
2822 4768 2915 4821 lib.
2944 4763 2982 4831 ι,
3010 4763 3129 4837 cap.
3171 4771 3217 4834 l,
3246 4785 3343 4838 pro
3381 4763 3635 4826 brevitati:
3654 4780 3771 4836 prte-

2206 4841 2484 4904 ceptorum
2518 4838 2801 4905 reperitur.
2832 4838 2905 4892 Ita
2936 4843 3098 4896 etiam
3125 4837 3373 4896 Susanna
3410 4841 3593 4896 mortis
3617 4837 3771 4892 odisse

2208 4920 2388 4987 moras
2418 4908 2645 4987 traditur
2673 4909 2888 4981 pudoris
2920 4912 3259 4987 compendio,
3305 4913 3555 4987 nimirum
3584 4919 3636 4967 ut
3668 4909 3772 4963 bro-

2204 4979 2325 5032 vior
2354 4987 2500 5034 esset
2529 4979 2718 5047 pudor,
2746 4998 2852 5050 quo
2883 4979 3296 5040 nimis'moleste
3324 4986 3634 5054 angebatur.

2279 5068 2772 5145 (“ilhc/ﬁctilium
2803 5073 2965 5138 editi;
3000 5089 3129 5131 mss.
3156 5075 3337 5139 Rem.,
3369 5076 3578 5145 Pomp.,
3608 5068 3769 5145 Urbi":

2207 5138 2567 5215 profectitiunt,
2593 5151 2648 5197 et
2668 5145 2803 5200 bene
2827 5164 2841 5199 :
2867 5146 3228 5215 profectitiutn
3251 5138 3396 5203 enim
3421 5138 3627 5209 dicitur,
3652 5138 3773 5215 qunti

2205 5213 2422 5289 aliunde
2475 5218 2744 5283 provenit,
2783 5213 2880 5289 iut‘
2919 5219 3182 5274 Susannee
3230 5221 3445 5289 quidem
3497 5214 3771 5289 impositum

2203 5287 2410 5360 crimen
2437 5300 2466 5339 a
2496 5300 2684 5342 senum
2712 5288 2981 5344 calumnia
3015 5283 3295 5360 processit.
3322 5292 3378 5345 In
3399 5306 3501 5346 ms.
3523 5283 3634 5345 Tol.
3663 5283 3775 5338 Pro-

2204 5357 2327 5431 [ecti
2362 5372 2475 5410 cum
2525 5360 2715 5413 crimen
2758 5362 2972 5431 proprie
3016 5357 3272 5427 redditur,
3322 5362 3415 5417 sed
3455 5361 3613 5416 scelus
3644 5369 3774 5431 ειειιμιι

2204 5377 2323 5424 ιεσιι
2362 5377 2475 5410 cum
2525 5377 2715 5413 crimen
2804 5377 2972 5431 roprse
3022 5377 3272 5427 reaauur,
3322 5377 3414 5417 sed
3455 5377 3613 5416 sectus
3644 5377 3769 5410 uuln

2204 5427 2417 5481 laudant
2464 5439 2714 5485 auctores.
2747 5377 2954 5487 ἐξεώκει
3004 5433 3207 5489 habent
3239 5450 3370 5489 mss.
3423 5432 3538 5486 Vat.
3581 5440 3632 5487 et
3659 5426 3769 5485 Urb.

2201 5495 2382 5576 Codex
2410 5501 2778 5576 autemliem.
2828 5519 2950 5576 cum
2992 5505 3180 5575 Pomp.
3228 5504 3583 5576 Profectitium
3608 5502 3775 5555 crium:

2204 5571 2427 5640 propria:
2476 5572 2714 5626 redditur
2740 5589 2759 5627 :
2788 5574 2878 5627 sed
2922 5576 3088 5631 scelus
3125 5571 3244 5631 suos
3288 5571 3505 5632 laudant
3545 5584 3770 5628 auctores.

2201 5639 2327 5693 Post
2358 5656 2523 5710 pauca
2539 5644 2913 5712 impudicitiam
2932 5649 3248 5712 renitentem,
3268 5650 3318 5703 in
3348 5664 3452 5704 ms.
3476 5647 3622 5703 Rem.
3643 5657 3660 5707 ἱ
3681 5639 3774 5696 επθ⁶

2201 5721 2402 5776 tentem,
2441 5715 2492 5768 in
2525 5714 2738 5778 Urbin.,
2762 5734 2858 5784 pro
2883 5718 3206 5788 impudicitia
3232 5721 3504 5775 mruiente
3540 5726 3629 5771 :et
3659 5714 3771 5769 item

2200 5794 2323 5853 post
2351 5800 2479 5841 mss.
2514 5795 2744 5859 quatuor
2765 5804 2869 5859 pro.
2894 5789 3177 5848 thalamum
3204 5793 3450 5849 scribunt
3476 5788 3727 5844 thalamos.
