3960 6330
520 307 628 364 505

1919 301 2165 358 SANCTI
2203 301 2494 359 ZENONIS
3669 313 3752 368 501

515 414 1176 492 quovispratojucundior
1191 413 2135 488 55iucoeluniipsumlionorelaeto
2163 416 2210 475 Λ
2235 414 2324 485 jus
2351 415 2452 470 ista
2489 425 2612 472 sunt
2662 415 2820 472 verba
2849 436 2860 470 :
2895 414 3114 484 Tempus
3144 427 3444 474 coarctatum
3485 433 3548 477 est
3570 440 3586 477 :
3610 443 3756 497 super-

520 515 774 584 resiiirat.
815 512 937 566 Iliec
976 508 1162 565 liberis
1193 509 1387 577 gaudet
1420 526 1432 561 :
1465 518 1516 562 at
1566 509 1656 562 illa
1685 508 1979 563 liberorum
2014 521 2119 560 non

519 605 674 660 timet
699 603 1011 659 orbitatem.
1035 600 1159 656 llaec
1186 599 1503 655 eoruiiidem
1539 598 1814 654 blanditiis
1844 599 2123 653 vernanti-

519 700 622 755 bus
655 699 891 768 pascitur
922 707 976 752 ct
1003 694 1358 751 incrementis
1408 694 1843 750 adolescentibus
1886 693 2126 766 quotidie

521 789 872 847 delectatur:
917 799 973 843 at
1020 787 1114 843 illa
1157 803 1298 859 mgra
1347 785 1566 841 fastidio
1620 803 1812 842 novem
1860 785 2124 842 mensium

519 898 632 940 non
680 883 882 954 bajulat
922 880 1135 953 pondus
1178 879 1326 936 :sub
1373 881 1586 936 incerto
1640 890 1814 951 partu,
1865 877 2128 950 parientis

521 977 905 1046 nasceiitisque
935 974 1004 1030 de
1054 975 1228 1029 salute
1276 988 1382 1027 non
1425 973 1615 1042 gemit,
1660 973 1966 1041 nulliusque
2015 984 2128 1024 ino-

521 1071 721 1127 mentis
760 1069 1015 1125 omnibus
1069 1068 1232 1122 varia:
1273 1064 1656 1122 sollicitudinis
1719 1079 1848 1120 cura
1907 1072 2136 1134 torque-

524 1175 630 1221 ltlt‘.

596 1258 686 1315 lll.
721 1257 828 1315 Sed
855 1257 1006 1314 dicet
1025 1256 1220 1328 aliquis
1257 1274 1270 1310 :
1295 1254 1472 1310 Etiam
1497 1255 1664 1311 Maria
1690 1255 1844 1327 virgo
1865 1263 1917 1312 et
1950 1253 2133 1325 nupsit

523 1361 576 1408 et
613 1350 842 1421 peperit.
877 1349 960 1405 Sit
986 1351 1165 1420 aliqua
1209 1348 1330 1404 talis
1347 1357 1403 1404 et
1430 1348 1587 1404 cedo.
1631 1346 1900 1404 Cietcrum
1926 1347 2016 1402 illa
2052 1346 2130 1419 (ὅ)

524 1446 798 1515 luitvirgo
849 1454 970 1513 post
1018 1443 1375 1510 connubium,
1422 1442 1574 1514 virgo
1622 1452 1744 1514 post
1787 1451 2128 1512 conceptum,

527 1539 681 1612 virgo
711 1549 833 1610 post
861 1538 1054 1593 lilium.
1084 1537 1329 1608 Denique
1357 1536 1401 1591 si
1432 1536 1800 1606 essetaliquid
1825 1535 2134 1607 virginitate

525 1633 743 1697 melius,
800 1631 894 1686 Dei
949 1630 1092 1686 liliiis
1139 1629 1243 1685 hoc
1290 1629 1462 1700 magis
1505 1638 1761 1700 potuerat
1804 1643 1915 1682 sua:
1972 1627 2131 1683 matri

526 1737 807 1795 praestare,
865 1725 952 1780 cui
983 1725 1063 1798 (6)
1096 1725 1434 1794 prmstiterit,
1463 1734 1521 1779 ut
1566 1723 1762 1778 divinae
1810 1722 2134 1793 virginitatis

2228 518 2300 563 cst
2331 519 2382 561 ut
2412 509 2498 580 qui
2543 509 2726 563 habent
2756 526 2940 564 uxores
2990 511 3063 564 sic.
3101 511 3225 576 siut,
3278 513 3417 581 quasi
3465 531 3555 569 nou
3603 517 3756 573 haben-

2231 609 2322 662 (cs,
2358 604 2582 670 praeterit
2607 602 2739 656 enim
2767 603 2935 672 figura
2955 603 3112 676 hujus
3140 605 3310 657 mundi
3341 604 3382 677 (l
3409 606 3520 661 Cor.
3540 623 3624 669 vu.
3644 611 3703 665 29
3723 622 3758 664 et

2229 692 2346 766 51).
2382 695 2454 750 At
2475 710 2596 751 cuin
2629 707 2755 751 ante
2785 712 2956 751 annos
2986 696 3154 752 ferme
3200 696 3311 770 (10)
3357 700 3760 772 quadringentos,

2232 788 2338 860 55
2356 789 2434 843 vel
2451 805 2516 844 eo
2529 791 2783 862 amplius,
2805 791 3164 860 aposiolicum
3183 791 3278 847 lio:
3295 807 3535 862 operetur
3547 795 3760 864 edictum,

2231 898 2338 953 quo
2368 892 2416 936 et
2448 884 2747 940 vivaciores
2794 883 2945 939 luere
2977 883 3259 952 homines,
3290 895 3344 941 et
3385 886 3620 942 rarissimi
3641 887 3765 945 Clui-

2232 973 2391 1028 stiaiii
2415 990 2428 1039 ;
2465 991 2560 1030 cur
2589 991 2688 1046 ego
2711 975 3008 1032 christiano
3028 977 3142 1050 (11)
3161 978 3290 1034 orbe
3314 979 3426 1048 ipso
3449 996 3573 1048 pene
3587 982 3682 1048 jain
3705 996 3766 1039 to-

2233 1078 2310 1133 to,
2337 1069 2724 1140 hominumque
2746 1071 3032 1126 vivacitate
3055 1071 3258 1126 mundo
3273 1083 3573 1130 senescente
3589 1075 3767 1146 detrita,

2233 1163 2526 1219 obtundam
2556 1163 2736 1218 verbis
2763 1163 3104 1233 palpantibus
3132 1165 3301 1220 aciem
3333 1167 3578 1239 veritatis,
3602 1184 3656 1225 ac
3686 1187 3767 1225 non

2235 1258 2391 1328 plene
2429 1256 2780 1321 deiiuniiem,
2810 1257 3170 1314 observantia:
3213 1275 3316 1330 qua
3357 1262 3658 1330 perfectione
3695 1263 3769 1319 Dei

2235 1351 2413 1406 cultus
2458 1350 2655 1405 debeat
2703 1350 3004 1406 custodiri?
3032 1351 3189 1421 Apud
3223 1352 3553 1408 Salomoiieni
3583 1356 3772 1412 maxime

2235 1462 2359 1502 cum
2380 1445 2640 1514 scriptum
2669 1445 2737 1500 sit
2762 1463 2775 1500 :
2803 1443 2872 1498 Et
2898 1446 2942 1499 si
2965 1445 3373 1514 multiplicemur
3397 1447 3510 1516 filii,
3533 1465 3623 1502 non
3639 1449 3773 1504 oblec-

2237 1539 2356 1606 teris
2401 1539 2452 1592 in
2481 1539 2606 1601 illis,
2639 1539 2684 1594 si
2713 1555 2814 1593 non
2860 1551 2932 1594 est
2966 1541 3115 1594 timor
3163 1538 3374 1595 Domini
3419 1559 3524 1596 cum
3563 1543 3673 1607 illis,
3696 1560 3773 1598 non

2236 1631 2492 1686 corrideas
2517 1631 2708 1685 animm
2735 1631 2947 1686 illorum
2979 1649 2996 1688 :
3024 1631 3204 1686 melior
3231 1644 3304 1687 est
3332 1633 3464 1688 enim
3484 1651 3603 1689 unus
3627 1635 3774 1689 timent

2240 1726 2424 1794 Deum,
2456 1743 2609 1798 quant
2641 1727 2780 1781 mille
2807 1727 2904 1797 ﬁlii
2936 1728 3078 1794 impii
3097 1726 3266 1800 (Eccl.
3297 1744 3406 1792 xvr,
3432 1729 3480 1794 1,
3511 1729 3561 1785 Ξ.
3584 1727 3650 1801 5).
3670 1727 3774 1783 Cum

523 1819 733 1875 honore
775 1819 1024 1888 polleret.
1075 1815 1260 1888 Itaque
1293 1817 1346 1872 in
1389 1827 1536 1873 statu
1573 1833 1680 1888 quo
1727 1827 1851 1872 nata
1891 1833 1974 1882 es,
2002 1834 2129 1891 per-
2160 1818 2208 1878 B
2237 1822 2353 1878 hinc
2399 1823 2469 1876 ita
2513 1821 2620 1877 sint
2647 1862 2660 1886 ,
2689 1837 2789 1892 age
2819 1820 3020 1887 vidua,
3051 1837 3170 1891 quie
3213 1821 3353 1876 sirut
3397 1821 3637 1876 innocens
3658 1823 3775 1893 virgo

525 1926 752 1967 manens
799 1912 950 1980 virgo
992 1911 1270 1982 gloriare,
1331 1913 1618 1982 sanctique
1671 1911 1890 1982 pudoris
1940 1911 2131 1968 ﬂorem

523 2006 655 2062 nulli
713 2004 818 2076 legi
869 2004 1114 2074 subjecta
1171 2005 1298 2076 fidei
1354 2006 1668 2060 thesaurum
1719 2005 1981 2061 custodi:
2015 2015 2132 2062 esto

525 2108 715 2154 sancta
761 2105 820 2153 et
847 2111 1082 2166 corpore
1111 2103 1166 2152 et
1211 2095 1403 2165 spirittt
1432 2113 1444 2149 :
1479 2111 1668 2152 ainore
1698 2096 1900 2152 Christi
1950 2099 2129 2170 ignem

527 2192 709 2246 carnis
739 2191 1050 2261 exstingue,
1100 2198 1159 2242 ut
1188 2187 1256 2242 de
1303 2189 1704 2245 resurrectione
1728 2190 1899 2261 gloria
1919 2232 1934 2254 ,
1969 2206 2130 2260 quant

518 2283 610 2338 hic
651 2284 758 2353 iam
799 2281 895 2336 tibi
927 2281 1180 2337 vendicas
1206 2323 1222 2350 ,
1283 2291 1509 2344 taceam,
1544 2281 1595 2336 in
1623 2297 1726 2353 qua
1779 2295 1835 2338 ut
1868 2283 2130 2340 Dominus

536 2376 630 2441 ait,
667 2373 848 2446 Neque
872 2373 948 2446 (7)
975 2373 1196 2439 nubunt,
1228 2390 1387 2443 neque
1414 2374 1692 2438 nubentur,
1739 2375 1831 2430 sed
1861 2375 1992 2430 sicut
2019 2379 2130 2431 An-

522 2468 624 2540 geli
671 2477 818 2522 erunt
871 2465 1086 2540 (.llatih.
1139 2482 1273 2532 xxu,
1327 2466 1442 2538 50).
1498 2467 1746 2538 Magnum
1795 2452 2130 2542 consequere

520 2560 872 2625 beneﬁcium,
901 2559 944 2614 si
971 2559 1081 2614 Deo
1108 2559 1260 2613 vivas
1282 2559 1432 2630 puris
1457 2561 1699 2617 moribus
1731 2561 1923 2631 libera,
1951 2572 2006 2620 et
2032 2563 2130 2621 lio-

523 2655 685 2709 minis
716 2669 822 2707 non
847 2654 922 2707 sis
949 2653 1026 2722 (8)
1057 2651 1278 2706 ancilla.

595 2748 686 2804 lV.
737 2749 806 2804 At
851 2757 909 2806 tu
947 2747 1104 2802 vidua
1131 2746 1211 2820 (9)
1256 2747 1526 2803 secundas
1570 2764 1670 2805 cur
1712 2749 2124 2809 desideras'nu-

523 2844 683 2916 ptias,
715 2858 839 2898 cum
865 2853 1172 2913 temperare
1197 2839 1382 2896 videas
1412 2841 1735 2911 Apostolum
1767 2846 2007 2914 primas?
2030 2862 2124 2903 cu-

519 3013 701 3065 vecto,
759 3000 1000 3071 legimus
1037 2997 1180 3066 apud
1227 2996 1540 3071 Terentium
1592 2999 1813 3056 Phorm.
1871 3019 1908 3068 i,
1939 3003 2122 3071 4,13;

525 3075 863 3136 Suetonium,
886 3075 940 3125 in
965 3070 1313 3140 Vespasiano.
1332 3083 1450 3138 cap.
1471 3070 1526 3132 5,
1541 3078 1597 3124 et
1612 3073 1766 3128 alios.
1795 3073 1930 3130 Hinc
1945 3070 2127 3133 amem

525 3157 745 3202 nostras
773 3157 988 3213 quoque
1025 3142 1280 3198 mulieres
1329 3151 1516 3213 vestes
1531 3155 1584 3195 et
1626 3157 1941 3199 ornamenta
1979 3163 2009 3202 e
2037 3165 2125 3202 re-

528 3219 691 3274 maiis
722 3212 1032 3285 regionibus
1079 3227 1398 3286 procurasse
1431 3212 1630 3283 liquet,
1659 3215 1803 3286 quod
1832 3217 1884 3271 iu
1916 3219 2128 3274 feminis

2237 1917 2442 1972 nubere
2494 1931 2638 1986 saepe
2696 1913 2944 1979 festinas,
2998 1914 3352 1986 interroganti
3399 1914 3660 1983 responde,
3698 1915 3776 1968 bo-

2238 2026 2440 2067 niiuine
2475 2010 2725 2064 amiseris
2775 2009 3024 2063 maritum
3050 2050 3064 2074 ,
3093 2025 3160 2064 an
3203 2009 3442 2063 malum?
3470 2008 3521 2064 Si
3544 2009 3712 2062 malum
3735 2016 3777 2062 et

2238 2104 2516 2160 desideras
2547 2103 2782 2169 nubere,
2836 2102 2994 2173 digna
3037 2117 3097 2160 es
3142 2119 3304 2172 quam
3347 2102 3492 2173 pejor
3517 2101 3712 2169 afﬂigat.
3733 2099 3776 2155 Si

2237 2197 2437 2253 bonum
2461 2239 2474 2261 ,
2509 2194 2636 2252 ﬁdei
2683 2210 2843 2250 serva
2891 2195 3264 2263 signaculum:
3295 2195 3401 2267 pati
3445 2212 3543 2250 non
3584 2204 3778 2250 meretur

2239 2290 2490 2361 injuriam
2523 2290 2637 2361 ipse
2657 2289 2741 2344 cui
2773 2289 3028 2359 perhibes
3051 2290 3444 2345 testimonium.
3474 2290 3564 2346 Ubi
3590 2299 3664 2345 est
3688 2290 3773 2356 ille,

2237 2385 2328 2456 qui
2361 2384 2591 2440 invicem
2624 2383 3056 2439 desiderantibus
3097 2383 3253 2438 vobis
3283 2384 3481 2439 tardior
3505 2384 3692 2439 crctcris
3715 2384 3776 2437 ii-

2237 2479 2465 2534 drbaiur
2490 2477 2696 2549 primus
2725 2477 3051 2532 matrimonii
3081 2476 3237 2534 dies?
3263 2477 3363 2535 Ubi
3388 2478 3620 2549 pretiosae
3644 2478 3777 2550 virgi-

2238 2570 2422 2626 nitatis
2455 2571 2612 2634 festa,
2645 2570 2766 2643 (l2)
2790 2570 3031 2640 utrisque
3057 2569 3256 2638 dulcis,
3275 2571 3509 2628 occisio?
3529 2571 3776 2632 Ubiamur.

2235 2663 2326 2732 qui
2359 2663 2410 2716 in
2439 2678 2593 2733 a-qiio
2625 2662 2885 2732 uuitoqiic
2924 2662 3196 2734 conjugio,
3225 2680 3257 2720 e
3301 2664 3504 2720 duobus
3540 2665 3691 2719 altero
3708 2679 3779 2717 su-

2233 2763 2478 2825 perante,
2509 2770 2615 2810 non
2640 2754 2906 2810 moritur?
2931 2754 3082 2810 Tune
3113 2771 3220 2810 non
3279 2757 3364 2811 illa
3395 2773 3452 2813 es
3491 2773 3600 2828 qua:
3635 2752 3778 2810 mariti

2229 2863 2423 2920 corpus
2448 2846 2562 2921 (15)
2588 2847 2895 2918 expositum
2912 2846 3021 2920 56
3038 2847 3215 2904 lavisti
3242 2849 3510 2922 lacryuiis,
3528 2845 3782 2905 osciilisdc-

2311 3008 2424 3082 (ιο)
2445 3007 2515 3082 Ita
2545 3023 2607 3063 ex
2641 3009 2889 3064 omnibus
2919 3023 3049 3082 mss.
3072 3015 3136 3082 Aet
3164 3009 3404 3082 editione
3431 3011 3620 3082 prima;
3642 3009 3778 3064 solum

2236 3080 2289 3135 in
2311 3079 2448 3154 Icilii.
2482 3081 2601 3134 \‘er.
2637 3082 2972 3154 suppositum
3013 3079 3110 3135 l'uit
3139 3080 3412 3148 ducentos,
3435 3079 3567 3154 quod
3598 3085 3643 3136 in
3675 3085 3782 3154 alias

2236 3153 2500 3207 editiones
2555 3153 2839 3219 migravit;
2890 3153 3042 3222 cujus
3087 3154 3392 3210 arbitraria:
3441 3153 3781 3211 emendationis

2235 3225 2518 3297 C()ttStl_itllll
2551 3227 2664 3280 fuse
2692 3226 3077 3295 explicavimus
3105 3233 3160 3279 et
3206 3226 3494 3297 rejecimus
3534 3227 3721 3282 dissert.
3749 3239 3779 3290 i,

523 3284 875 3372 reprehendit
923 3301 1030 3341 non
1085 3284 1273 3372 διξιὲιηιΔ
1311 3284 1568 3372 Eleiiiens
1614 3284 2038 3372 ﬁlex'aiidrinus,
2074 3295 2127 3346 in
2156 3308 2204 3372 ρ
2235 3312 2355 3367 cap.
2387 3295 2444 3360 2,
2481 3295 2508 3368 §
2540 3297 2556 3348 Ι

521 3355 721 3430 Pedag.
759 3360 939 3430 lih.ti,
973 3357 1280 3430 θυμω-ει
1305 3355 1394 3420 11,
1428 3369 1552 3430 cuin
1579 3358 1700 3430 aliis
1728 3359 2002 3430 Patribus,
2037 3377 2132 3418 ve-

526 3448 644 3504 rum
667 3426 830 3486 etiam
842 3429 1088 3504 Seneca,
1104 3428 1156 3482 in
1175 3427 1454 3504 Consolat.
1477 3426 1543 3482 ad
1561 3429 1830 3500 Albinam,
1846 3448 1966 3504 cap.
1987 3426 2048 3489 11
2081 3443 2138 3490 et

526 3503 623 3560 lib.
647 3518 718 3557 vii
750 3505 817 3558 de
840 3499 1142 3564 Beneﬁciis,
1170 3514 1290 3569 cap.
1317 3497 1372 3555 9.

605 3594 688 3669 (5)
714 3593 827 3669 Hoc
847 3601 958 3647 tam
1009 3593 1295 3669 prmcisum
1337 3607 1439 3669 pro
1472 3591 1651 3649 Maria:
1690 3597 2025 3669 virginitatis
2057 3608 2134 3657 te-

529 3664 869 3725 stimiinium,
903 3665 1046 3734 quod
1093 3675 1355 3734 repetitur
1387 3664 1477 3719 lib.
1539 3680 1578 3720 ll
1609 3664 1798 3724 tractf
1828 3669 1884 3728 8.
1914 3673 2135 3728 maximi

530 3739 833 3793 faciendum
863 3747 966 3796 est,
1001 3750 1124 3790 cum
1160 3736 1365 3789 nullum
1410 3751 1474 3790 ex
1505 3736 1757 3795 Patribus
1795 3741 2015 3799 Zenone
2037 3762 2136 3799 an—

533 3810 820 3880 tiquiorem
849 3809 1077 3880 loimula
1110 3805 1496 3880 adeo_pr:rcisa
1534 3817 1588 3862 et
1613 3827 1756 3864 nunc
1786 3829 1888 3874 iani
1929 3817 2131 3872 celebri

531 3876 687 3936 usum
718 3879 959 3952 reperire
989 3877 1230 3952 licuerit_
1258 3876 1312 3930 Id
1339 3887 1516 3952 autem
1565 3881 1826 3938 adversus
1870 3888 2131 3952 quosdam

531 3953 596 4008 B.
637 3948 818 4026 Mariae
868 3949 1160 4026 virginitaii
1185 3948 1551 4026 detrahentes
1598 3952 1734 4008 adeo
1765 3948 2022 4026 expresse
2051 3959 2134 4013 di-

529 4037 677 4082 ctum
710 4022 944 4078 videtur.
971 4020 1118 4097 Sane
1151 4021 1293 4074 circa
1338 4018 1441 4097 hoc
1482 4022 1621 4076 idem
1659 4018 1871 4097 tempus
1898 4029 1955 4083 S.
1991 4031 2134 4084 llila-

530 4098 663 4152 rius.
691 4097 744 4149 in
775 4109 894 4173 cap.
923 4109 938 4146 i
970 4090 1367 4173 blatih...nuin..
1400 4090 1841 4173 3,_notat__ptures
1868 4100 2132 4173 irreligio-

531 4185 616 4221 sos
637 4177 684 4221 et
707 4184 737 4218 ιι
757 4163 1015 4235 spirituali
1039 4162 1274 4235 doctrina
1289 4163 1568 4235 admodum
1594 4166 1790 4222 alienos
1815 4162 2133 4226 occasionem

531 4255 596 4293 ea:
621 4233 988 4314 edoceantque
1018 4234 1234 4302 turpiter
1263 4236 1326 4286 de
1343 4233 1522 4314 altaria
1548 4237 1816 4314 opinandi,
1861 4243 2000 4314 quod
2026 4244 2134 4298 dic-

533 4319 642 4364 tum
663 4308 768 4361 sit:
803 4306 1117 4374 Priusquam
1139 4307 1488 4368 convenirent.
1519 4317 1624 4361 etc.
1660 4309 1806 4366 litem
1853 4306 2036 4370 monet
2065 4315 2132 4372 de

534 4379 812 4435 nonnullis
858 4379 1186 4448 Epiphanius
1212 4419 1227 4438 ,
1261 4376 1472 4449 haeres.
1517 4380 1605 4443 78,
1647 4397 1794 4436 num.
1827 4385 1880 4449 7,
1917 4389 2131 4442 tametsi

535 4451 738 4525 ab_lii_ic
762 4447 1021 4525 appellari
1066 4447 1336 4518 potuerint
1381 4449 1656 4525 Helvidius
1691 4467 1744 4525 et
1779 4447 2128 4525 Iovinianus,

537 4523 629 4593 qui
669 4521 1048 4593 Zenonisjeta
1072 4536 1158 4575 ein
1184 4521 1463 4575 consecuti
1507 4531 1652 4576 sunt.
1681 4524 1802 4580 Fuit
1830 4538 2005 4584 tamen
2034 4521 2134 4586 Ze;

537 4590 696 4665 tionis
740 4609 855 4665 aevo
906 4590 1223 4656 Eunomius,
1270 4595 1360 4662 qui
1413 4595 1463 4646 in
1497 4593 1970 4658 Tlieonlianinmm
2022 4605 2130 4665 die,

538 4664 788 4720 Eudoxio
815 4664 1016 4718 Ariano
1036 4667 1293 4731 episcopo
1318 4680 1422 4718 non
1452 4665 1827 4733 dissentiente,
1861 4675 1941 4727 vel
1968 4664 2130 4727 etiam

532 4735 780 4813 jubenie,
812 4735 1029 4789 Mariam
1053 4751 1080 4785 a
1111 4733 1498 4813 tlosephnﬂpost
1526 4737 1691 4813 divini
1726 4740 1883 4796 Verbi
1919 4757 2131 4813 partum

534 4804 806 4878 cognitam
850 4821 948 4876 pro
977 4804 1238 4878 concione
1279 4804 1585 4878 alﬂi'iiiavit,
1640 4815 1894 4868 uttradit
1920 4804 2130 4871 'Ptiilo-

536 4875 772 4955 stur-gius
820 4875 872 4931 iii
914 4875 1182 4945 excerptis
1221 4891 1252 4929 a
1299 4876 1522 4943 l’liotio,
1553 4879 1647 4937 lib.
1673 4897 1746 4952 Vi,
1779 4884 1806 4955 §
1834 4886 1869 4940 2
1893 4927 1907 4954 ,
1941 4887 2008 4942 ad
2040 4904 2129 4942 an.

537 4950 666 5006 561.

612 5019 848 5097 (6)__l\lss.
877 5019 1093 5097 Pompa"
1117 5017 1424 5097 Zen.,_Vat.
1455 5029 1514 5097 c_t_
1537 5021 1667 5078 edit.
1709 5025 1842 5097 Ven.
1872 5030 2129 5097 praestitit.

536 5089 644 5170 Pro
671 5089 857 5170 diuina:
880 5105 1008 5170 mss:
1035 5091 1222 5170 l’omp.
1241 5132 1254 5155 ,
1287 5089 1446 5159 Zen.,
1471 5091 1593 5147 Vat.
1626 5104 1681 5150 et
1707 5094 1838 5153 Urb.
1863 5089 2129 5170 rediuiua,

537 5162 671 5218 edit.
700 5161 835 5216 Ven.
868 5179 923 5215 re
950 5160 1134 5214 divine.

611 5231 690 5304 (ἶ)
721 5233 859 5286 Edit.
895 5230 1026 5286 Ven.
1061 5231 1254 5286 nubent
1292 5250 1310 5287 :
1333 5242 1388 5289 et
1444 5235 1572 5292 item
1619 5250 1762 5309 post,
1817 5241 2000 5314 Angeli
2035 5241 2133 5298 Dei

563 5314 707 5357 runt.

613 5375 693 5448 (8)
729 5374 859 5430 Nam
903 5374 1143 5448 mulieres
1165 5375 1288 5430 viris
1313 5376 1420 5430 suis
1464 5380 1683 5435 subdita:
1710 5392 1827 5438 sunt
1851 5385 1986 5440 sicut
2020 5383 2135 5440 Do-

539 5445 698 5508 mino.
728 5449 927 5517 Ephes.
959 5461 1010 5504 v.
1039 5445 1131 5500 9.2.

591 5538 945 5622 “(9)1enoiiis
989 5540 1312 5594 sententiam
1361 5540 1430 5597 de
1477 5544 1732 5600 secundis
1771 5549 1996 5617 nuptiis,
2033 5551 2130 5606 Pa-

535 5612 708 5688 tiitins
737 5612 974 5688 a_ntiquis
1002 5625 1317 5688 consonam,
1348 5628 1467 5688 qua:
1506 5625 1755 5685 tauquam
1792 5612 2130 5688 antiquitatis

535 5693 658 5735 nota
693 5682 877 5737 haberi
903 5693 1099 5752 potest,
1133 5682 1521 5810 explicavimus
1549 5682 2020 5748 et'vindicaviiuiis
2052 5697 2126 5748 la-

537 5755 642 5804 tius
669 5751 886 5808 disseri.
937 5769 994 5810 ii.
1038 5769 1160 5810 can.
1250 5795 1264 5810 .
1300 5755 1401 5810 Ms.
1438 5755 1649 5810 Tolent.
1702 5775 1799 5810 nm
1848 5772 2126 5810 ιεηιηειοιιη

537 5755 642 5835 tius
669 5751 994 5835 disseruit,
1038 5769 1160 5826 cap.
1205 5751 1274 5826 7.
1300 5755 1401 5812 Ms.
1438 5755 1649 5813 Tolent.
1701 5775 1799 5831 pro
1848 5772 2128 5835 temperare

540 5823 700 5878 habet
725 5832 988 5894 temptare.

2316 3367 2432 3440 (11)
2468 3367 2618 3420 Orbis
2651 3367 2868 3424 nomine
2915 3368 3084 3440 accipi
3116 3379 3296 3439 potest
3326 3379 3493 3426 totum
3531 3369 3782 3425 Romanum

2243 3439 2548 3509 imperium,
2571 3439 2713 3505 quod
2746 3440 2894 3495 orbis
2923 3439 3027 3495 dici
3061 3443 3294 3508 solebat,
3324 3453 3384 3498 ut
3414 3443 3570 3511 liquet
3596 3457 3653 3496 ex
3691 3439 3783 3506 plu-

2241 3511 2388 3565 ribus
2450 3511 2697 3576 testibus,
2730 3527 2792 3568 ac
2842 3513 3140 3582 praesertim
3187 3529 3256 3569 ex
3309 3514 3566 3578 Firmico,
3597 3514 3672 3582 qui
3712 3527 3785 3565 ex-

2240 3597 2427 3653 preSsze
2457 3582 2509 3636 id
2544 3583 2725 3645 tradit,
2748 3594 2803 3640 et
2833 3601 2896 3638 ex
2927 3584 3145 3652 antiquo
3174 3596 3400 3642 auctore
3434 3585 3548 3641 libri
3577 3584 3638 3640 de
3677 3582 3787 3637 lior-

2242 3654 2382 3710 tibiis
2431 3664 2858 3721 persecuturum,
2912 3655 2999 3711 ubi
3056 3659 3228 3710 orbem
3279 3669 3431 3713 terra;-
3467 3673 3558 3724 ιιι-ο
3585 3657 3786 3724 Romano

2239 3726 2466 3799 imperio
2494 3725 2696 3781 dii-tuin
2728 3728 3028 3799 saepissime
3064 3728 3332 3784 invenies.
3368 3721 3544 3799 Nepos
3581 3729 3627 3782 iii
3656 3721 3787 3799 Attici

2239 3797 2380 3862 Vita,
2409 3815 2555 3852 unm.
2588 3799 2680 3860 25.
2707 3798 2776 3854 de
2799 3797 3014 3854 Ctesare
3037 3813 3089 3856 et
3120 3801 3365 3856 Anionio
3407 3797 3620 3865 loquens
3646 3815 3657 3852 :
3686 3797 3787 3850 Cum

2237 3886 2310 3929 se.
2335 3873 2429 3936 ait,
2458 3879 2667 3930 uterque
2681 3872 2962 3940 principem
2988 3888 3091 3926 non
3115 3873 3280 3927 solum
3303 3873 3446 3928 urbis
3465 3873 3703 3934 Romanis,
3719 3865 3787 3940 sed

2238 3942 2374 3996 orbis
2404 3953 2655 3996 terrarum
2676 3959 2786 3998 esse
2821 3938 3048 4013 cuperet.
3085 3943 3271 4014 Virgil.
3307 3945 3451 4001 Eccl.
3481 3961 3517 4011 i,
3548 3958 3675 3998 vers.
3696 3938 3750 3995 67
3775 3953 3785 3989 :

2487 4035 2612 4087 Toto
2633 4035 2814 4088 divisos
2835 4037 2957 4087 orbe
2981 4037 3260 4088 Britannos.

2238 4128 2580 4214 Spartianus,
2607 4129 2657 4182 in
2678 4129 2977 4214 .Hadl‘iallt),
3005 4146 3127 4201 pag.
3153 4131 3206 4191 5.
3231 4131 3460 4214 adeptus
3493 4129 3788 4214 imperitiae...

2237 4203 2470 4277 tenenda:
2493 4200 2781 4277 penorbeut
2803 4199 3095 4277 terrarum
3135 4203 3280 4277 proci,
3301 4199 3506 4277 operam
3535 4199 3785 4277 imm”.

2239 4271 2372 4328 Vide
2388 4274 2542 4327 Ovid.
2568 4271 2666 4328 lib.
2683 4288 2701 4327 ι
2723 4271 2888 4328 Trist.
2905 4273 2963 4341 4,
2981 4271 3235 4341 νθτε.’69;
3253 4271 3496 4332 Tacitum
3514 4276 3577 4329 de
3591 4272 3790 4327 muribus

2237 4345 2634 4416 Germanorum
2650 4360 2778 4416 cap.
2808 4346 2830 4400 l
2857 4363 2871 4412 ;
2907 4346 3252 4401 Ambrosium
3281 4349 3444 4416 epist.
3471 4347 3554 4411 l7,
3579 4359 3709 4399 inim.

2237 4415 2618 4485 Symmachum
2646 4414 2721 4476 iu,
2759 4415 3038 4472 Relatione
3085 4434 3232 4473 num.
3257 4413 3331 4484 9;'
3357 4429 3412 4474 et
3457 4425 3718 4473 tractatum
3743 4413 3794 4466 l0

2237 4485 2606 4541 Zoiionianuiu
2666 4487 2822 4557 hujus
2874 4489 2991 4544 libri
3035 4506 3074 4550 t,
3109 4507 3258 4546 num.
3306 4491 3361 4546 5.
3399 4492 3527 4544 l‘linc
3557 4489 3792 4557 Minatius,

2239 4574 2402 4683 aulum.
2424 4559 2512 4621 12,
2545 4556 2819 4613 ltoinaiios
2837 4562 2982 4630 fusos
3008 4561 3132 4617 orbe
3169 4571 3276 4616 toto
3303 4563 3576 4618 afﬁrmare
3596 4574 3689 4614 inin
3710 4556 3793 4611 du-

2278 4646 2292 4683 i
2321 4642 2450 4683 arii.

2278 4641 2450 4684 llaVll.

2159 4707 2212 4768 1)
2309 4701 2425 4768 (t2)
2455 4700 2605 4778 Eilit.
2626 4701 2768 4778 Ven.
2791 4704 3076 4773 utriusque.
3119 4713 3171 4761 et
3199 4714 3388 4775 postea
3429 4715 3693 4778 «parante
3718 4711 3796 4769 pro

2237 4782 2526 4855 superante.
2557 4773 2681 4829 Mss.
2731 4773 2851 4829 Vat.
2889 4791 2988 4845 pro
3017 4773 3212 4832 occisia
3231 4778 3394 4834 habet
3421 4773 3637 4842 occasio,
3663 4773 3792 4828 Rutilo

2237 4859 2478 4898 06610810.

2312 4914 2425 4986 (Ιὲι)
2451 4916 2649 4971 Morem
2678 4918 2986 4986 exponendi
3041 4930 3376 4977 mortuorum
3408 4920 3658 4978 cadavera
3685 4912 3797 4972 iudi-

2236 4999 2358 5043 cant
2386 4987 2478 5041 illa
2515 4987 2716 5058 Virgilii
2745 4988 2967 5044 jEneid.
2999 5007 3050 5046 vi
3090 5008 3102 5045 :

2577 5083 2704 5133 Tum
2729 5085 2950 5135 membra
2975 5085 3120 5137 thoro
3141 5086 3326 5138 deﬂeta
3351 5092 3618 5151 reponunt:

2239 5166 2290 5219 in
2337 5182 2454 5235 qua:
2510 5166 2733 5223 Servius
2787 5185 2798 5220 :
2861 5169 3215 5225 Sen-abutitur
3254 5172 3512 5226 cadavera
3560 5179 3663 5224 octo
3709 5165 3799 5219 die-

2237 5236 2347 5362 ξιξ,
2400 5252 2505 5294 etc.
2558 5236 2862 5310 Depositum
2919 5256 3017 5312 pro
3071 5245 3360 5314 expositum
3406 5243 3541 5299 dixit
3581 5238 3724 5296 Ovid.
3753 5248 3798 5290 ut

2287 5323 2436 5362 rlSl.2

2301 5327 2436 5363 ‘lSl.:

2330 5401 2620 5464 Depositum
2643 5415 2737 5454 nec
2761 5417 2840 5453 me
2865 5406 2950 5468 qui
2974 5405 3112 5469 ﬂeat,
3137 5405 3270 5456 ullus
3291 5408 3409 5457 erit.

2306 5484 2354 5540 A
2379 5488 2601 5559 paganis
2625 5488 2841 5558 quidem
2869 5503 3105 5559 corpora
3130 5491 3539 5549 exiioni-bantur
3560 5489 3610 5542 in
3630 5483 3798 5541 mdium

2235 5558 2522 5640 vestibulo,
2548 5571 2619 5640 _u.t
2646 5561 2955 5640 colligimus
2977 5558 3058 5616 ex
3088 5561 3326 5640 Liiciaiio
3356 5566 3476 5640 περὶ
3510 5561 3733 5640 τιςένθρυς,

2239 5626 2406 5698 Dione
2436 5628 2504 5683 dc
2548 5630 2711 5686 Livia:
2756 5626 3006 5697 e'xcessu,
3037 5644 3090 5687 et
3134 5649 3202 5688 ex
3243 5626 3580 5690 Suetoi'ioin
3606 5626 3798 5698 Augusli

2236 5697 2378 5773 Vita.
2410 5715 2529 5770 cap.
2573 5702 2695 5760 100.
2745 5703 2801 5758 In
2851 5704 3100 5760 ecclesiis
3146 5716 3331 5761 autem
3382 5703 3620 5773 exposiia
3651 5697 3800 5773 luisse

2233 5769 2651 5848 christiauoruin
2679 5774 2945 5848 cadavera
2973 5773 3060 5848 (ut
3079 5791 3211 5832 sane
3253 5777 3319 5832 de
3368 5769 3548 5848 Paulae
3573 5771 3799 5848 cadat?!"

2234 5839 2288 5899 in
2311 5842 2427 5914 ejus
2453 5844 2730 5917 epitapbio
2776 5845 2941 5904 tradit
2983 5837 3346 5920 Hieronymus
3380 5867 3391 5901 :
3426 5847 3494 5905 lu
3521 5845 3679 5902 inedia
3716 5837 3801 5895 Ec-
