3894 6322
90 301 198 357 505'

1323 300 1526 357 LIBER
1567 301 1606 359 Ι.
1649 301 2064 364 TRACTATUS
2109 308 2166 363 \'.

3287 316 3393 370 506

93 421 322 490 tersisti,
359 421 586 479 crinium
615 421 812 475 damno
843 417 1051 483 velasti,
1104 416 1287 474 scissis
1329 419 1500 489 genis,
1527 416 1697 473 livore
1726 418 1778 478 Α
1802 422 2203 488 θιιιιιιηειεζιυθε
2242 424 2505 480 maritalis
2538 425 2700 497 gladii
2749 427 3207 500 contemplatione
3250 445 3400 486 com-

93 509 316 570 ftedatis
342 515 613 578 uberibus,
645 510 860 568 sordido
907 509 1029 581 plus
1080 509 1300 580 pulvere
1346 517 1484 565 tecta
1525 523 1684 581 quam

90 607 283 662 veste?
313 607 421 673 Tu,
471 608 701 678 inquam,
753 619 858 660 non
909 619 968 659 es
994 619 1115 674 quin
1147 601 1262 676 (14)
1307 618 1450 659 nunc
1488 602 1684 658 cmlum

89 699 264 769 ipsum
289 700 583 755 ululatibus
615 714 899 766 rumpens,
930 709 1048 768 post
1083 697 1243 752 talem
1277 697 1528 751 maritum
1556 712 1689 764 puu-

89 804 176 848 cto
207 794 476 866 temporis
511 794 687 848 vivere
735 802 789 848 te
836 808 940 846 non
989 806 1146 860 posse
1194 787 1505 845 clat'uahas?
1535 789 1687 846 Nunc

87 887 251 942 clusis
281 887 472 942 dolore
512 885 800 958 gemitibus
826 929 840 948 ,
870 898 1014 953 srepe
1063 883 1204 938 inter
1249 882 1440 938 attines
1478 896 1687 939 mortua

87 979 298 1050 Spiritu,
327 980 635 1036 labentibus
660 979 919 1035 membris
945 979 1010 1033 ad
1044 989 1262 1043 terram,
1301 979 1532 1034 incertas
1562 979 1685 1035 red-

85 1073 252 1130 debas
281 1075 569 1142 exsequias
600 1093 613 1106 ο
643 1076 728 1132 cui
763 1075 929 1145 magis
959 1075 1223 1147 lat-rynias
1256 1075 1683 1143 tuumnodarent,

85 1181 373 1225 mortuone
394 1212 409 1232 ,
441 1186 508 1225 an
538 1171 829 1226 morienti?
858 1169 984 1224 Post
1015 1169 1132 1224 ha'c
1157 1211 1171 1230 ,
1206 1169 1249 1223 si
1283 1169 1410 1224 libet
1439 1169 1642 1225 nubere
1669 1213 1683 1236 ,

87 1266 268 1318 omnia
299 1263 390 1319 illa
423 1265 643 1320 mentita
673 1280 752 1320 es.
787 1263 922 1334 Quid
958 1266 1059 1320 hoc
1086 1265 1208 1319 est?
1240 1265 1375 1318 Ecce
1405 1279 1592 1318 rursus
1616 1264 1681 1318 ad

85 1357 353 1414 lenocinia
401 1358 578 1422 redis,
611 1359 849 1414 colorem
889 1357 956 1412 de
1003 1357 1200 1429 pyxide
1228 1361 1489 1412 mutuaris
1523 1359 1682 1426 paulo

83 1461 204 1506 ante
251 1451 588 1506 damnatum.
639 1451 778 1506 Ecce
827 1450 1168 1519 indulgenter
1209 1449 1415 1505 excolis
1440 1450 1678 1516 crinem;

81 1546 310 1599 odorato
333 1543 562 1616 pulvere
592 1543 766 1598 luctus
805 1545 1082 1614 pulverem
1114 1552 1322 1607 mutas;
1354 1540 1467 1614 (l5)
1495 1543 1544 1596 in
1576 1543 1676 1596 sti-

83 1637 168 1694 1111)
211 1637 372 1692 lletus
403 1636 670 1703 includis;
713 1644 1033 1691 ornamento
1067 1635 1221 1707 ligas,
1251 1635 1392 1703 quod
1427 1634 1541 1707 (l6)
1583 1649 1677 1689 su-

82 1731 306 1802 spendio
337 1744 586 1796 voveras,
619 1730 848 1797 collum;
880 1729 948 1783 ab
987 1728 1206 1799 speculo
1236 1729 1452 1782 oracula
1495 1728 1674 1794 inqui-

1794 529 2005 588 pescas.
2038 512 2167 568 Mihi
2195 514 2374 580 crede,
2402 531 2507 570 non
2541 517 2695 573 habet
2724 520 3160 590 concupiscentia
3192 522 3391 588 locutu,

1793 609 1882 664 ubi
1931 607 2187 678 patientia
2239 607 2576 676 dominatur,
2634 611 2723 666 ubi
2780 614 2976 668 vivitur
3025 615 3249 680 sobrie,
3304 615 3393 671 ubi

1793 718 1940 759 mors
1973 702 2211 757 timetur.
2249 700 2432 773 Ilaqu
2457 702 2597 760 hanc
2623 705 3040 775 observantiam,
3063 708 3206 765 hunc
3236 711 3395 766 timo-

1793 816 1931 866 rem,
1951 799 2093 871 quod
2117 811 2195 856 est
2223 802 2404 854 verius
2435 811 2592 872 atque
2610 802 2828 873 iustius,
2854 808 3086 863 transfer
3111 809 3174 863 ad
3194 809 3390 879 Deum,

1792 907 1847 954 et
1876 897 2034 969 quale
2063 897 2193 952 libet
2240 895 2372 952 illud
2413 897 2502 962 sit,
2549 911 2772 969 repente
2812 902 3184 974 exstinguetur
3211 904 3396 960 incen-

1791 990 1961 1045 dium.

1864 1081 1952 1138 Vl.
1978 1081 2083 1137 Sed
2111 1082 2190 1136 sic
2211 1096 2312 1152 ego
2338 1082 2389 1135 in
2420 1081 2582 1137 rebus
2601 1081 2857 1138 demoror
2879 1085 2994 1156 (19)
3019 1102 3186 1157 pr0pe
3218 1088 3390 1156 sanis,

1789 1173 1942 1246 quasi
1971 1191 2090 1244 qu:e
2136 1189 2264 1229 vere
2303 1174 2633 1228 exsecranda
2680 1179 2820 1238 sint,
2849 1178 2958 1242 jam
3010 1190 3252 1234 correcta
3284 1183 3395 1235 sint

1788 1266 2032 1319 crimina.
2062 1265 2230 1320 Pudet
2258 1281 2343 1320 me
2370 1266 2551 1321 dicere
2583 1267 2632 1320 in
2660 1267 2856 1336 populo
2883 1271 3062 1339 gravi,
3092 1285 3226 1325 anus
3248 1288 3394 1343 saepe

1787 1359 1956 1414 videri
1997 1374 2163 1413 novas
2205 1359 2322 1431 (‘20)
2356 1371 2582 1431 nuptas,
2638 1377 2863 1430 quarum
2899 1379 3036 1432 pene
3071 1364 3250 1434 plurcs
3283 1366 3393 1420 sint

1786 1453 1989 1521 nuptire
2032 1467 2194 1520 quam
2245 1454 2452 1508 natales
2491 1470 2504 1506 :
2557 1469 2674 1524 qua:
2719 1471 2827 1510 non
2875 1472 3130 1527 rogamur
3174 1467 3231 1513 ut
3293 1475 3393 1512 nu-

1785 1543 1947 1610 bant,
1990 1543 2085 1599 sed
2133 1553 2188 1599 ut
2213 1544 2512 1610 dormiant,
2545 1546 2855 1626 invitantur
2885 1552 3166 1619 propiores
3206 1553 3390 1622 sepul-

1782 1651 1876 1692 cro
1905 1652 2062 1705 quam
2088 1636 2325 1691 thalamo
2355 1654 2369 1691 :
2401 1653 2520 1708 qu:e
2545 1640 2672 1710 ipsa:
2695 1656 2816 1696 cum
2843 1641 2959 1715 (ﬁt)
2991 1654 3240 1715 pereunt,
3288 1645 3390 1701 de-

1783 1729 2019 1785 tcstabili
2052 1730 2303 1801 exemplo
2329 1730 2756 1795 adulescentulas
2789 1751 3003 1807 quoque
3037 1737 3213 1805 perire
3239 1753 3390 1794 com-

80 1826 352 1897 ris,quam
375 1824 660 1879 eotnmode
684 1825 826 1894 possi
848 1823 1323 1879 scircumscribere
1345 1821 1460 1894 (17)
1491 1823 1682 1893 petito-
1713 1824 1760 1884 B
1792 1824 2016 1894 pel'unl.
2047 1823 2178 1892 Quis
2221 1825 2316 1879 has
2347 1825 2532 1896 diligat
2574 1826 2758 1882 filius?
2801 1829 2921 1898 quis
2960 1829 3224 1884 maritus?
3256 1846 3388 1886 con-

82 1935 212 1974 rem.
268 1918 543 1989 Quidquid
594 1918 808 1980 feceris,
843 1917 992 1988 virgo
1023 1916 1133 1988 jam
1182 1932 1286 1970 non
1329 1915 1438 1970 eris
1473 1931 1676 1970 :unum

85 2020 260 2066 tanien
319 2011 469 2077 scio,
503 2010 626 2082 quia
673 2009 803 2064 nihil
849 2008 1014 2063 distat
1061 2023 1089 2061 a
1135 2005 1421 2078 prodigio,
1467 2007 1679 2077 quiquis

79 2105 296 2161 alterius
327 2119 490 2160 causa
522 2113 574 2159 et
595 2102 826 2159 formam
859 2110 1028 2158 mutat
1049 2112 1102 2157 et
1133 2116 1332 2156 mores.

148 2198 209 2254 V.
237 2197 348 2256 Sed
375 2198 549 2254 dicis:
582 2198 758 2253 Ardor
806 2212 892 2253 me
933 2205 1134 2252 tenera:
1174 2193 1450 2265 compellit
1479 2193 1671 2248 rotatis.

79 2292 270 2349 Credo.
307 2293 447 2349 Ecce
477 2293 725 2362 nupsisti.
764 2289 834 2349 Ut
863 2291 930 2347 de
960 2289 1252 2362 fragilitate
1283 2288 1632 2344 humanitatis
1657 2331 1672 2356 ,

79 2384 292 2440 casibus
343 2395 401 2439 ut
446 2385 514 2438 de
542 2384 754 2440 caeteris
801 2393 1029 2449 taceant,
1060 2397 1188 2439 ecce
1230 2383 1480 2437 maritum
1523 2389 1672 2436 tuum

77 2477 338 2550 postridie
369 2477 546 2548 aliqua
580 2479 873 2533 necessitas
897 2477 1058 2548 rapit,
1083 2491 1204 2548 qum
1231 2492 1260 2531 a
1289 2486 1340 2532 te
1369 2476 1528 2546 longe
1559 2475 1671 2531 dis-

80 2580 305 2627 tractum
355 2571 655 2638 decennio,
686 2571 765 2626 vel
810 2585 877 2626 eo
903 2569 1154 2640 amplius.
1189 2581 1244 2624 ut
1269 2568 1477 2624 adsolet
1513 2568 1628 2625 fieri
1657 2611 1672 2634 ,

80 2667 317 2724 detineat
362 2667 680 2739 relegatum.
728 2666 864 2736 Quid
918 2665 1116 2722 facies?
1137 2665 1537 2721 Ohservabisne
1589 2679 1674 2720 re-

85 2759 360 2823 deuntem,
383 2775 449 2815 an
473 2759 651 2816 ardori
679 2775 886 2832 quaeres
903 2759 1008 2832 57
1033 2757 1251 2813 aliunde
1268 2758 1600 2813 remedium?
1619 2757 1676 2813 Si

81 2855 474 2909 observantiam
512 2853 626 2925 (18)
657 2853 936 2920 pollicere,
969 2854 1086 2907 sine
1131 2852 1294 2906 dubio
1324 2851 1482 2915 fallis,
1514 2851 1672 2919 cujus

81 2946 424 3017 impatientia:
452 2943 842 3017 professiojatn
875 2953 1114 2999 tenetur.
1143 2942 1202 2999 Si
1229 2957 1288 2997 es
1313 2952 1492 2998 autem
1523 2956 1670 2998 surn-

82 3048 234 3112 ptura
266 3039 588 3105 remedium,
617 3037 838 3093 dubium
863 3046 1073 3092 nonest
1100 3035 1205 3090 hoc
1229 3050 1352 3091 esse
1381 3035 1578 3100 solum,
1611 3041 1669 3087 ut

1785 1916 2074 1972 fundentes
2111 1918 2388 1988 sanguinis
2431 1917 2585 1988 jura,
2630 1917 2879 1975 delentes
2929 1923 3118 1976 rnerita
3165 1921 3389 1978 marito-

1783 2026 1940 2077 rum,
1997 1997 2282 2067 adulantes
2327 2012 2495 2072 vivis.
2547 2014 2776 2070 mortuis
2829 2016 3198 2086 suspirantes,
3243 2032 3387 2072 nunc

1780 2105 2032 2161 odientcs
2061 2114 2275 2162 veteres
2297 2149 2311 2171 ,
2344 2122 2490 2162 nunc
2521 2122 2692 2163 novos
2723 2109 2863 2164 filios
2905 2110 3155 2166 similiter
3182 2120 3238 2167 et
3276 2127 3390 2166 ma-

1780 2198 1954 2255 ritos?
1981 2200 2049 2254 At
2080 2215 2110 2255 e
2137 2200 2354 2256 diverso
2385 2203 2514 2272 ipsa:
2541 2201 2813 2258 aestiment
2835 2201 2949 2276 (22)
2971 2203 3098 2274 quid
3129 2205 3219 2270 sit,
3241 2204 3385 2276 quod

1784 2290 1836 2346 in
1871 2301 1974 2346 tam
2000 2293 2334 2348 solemnibus
2360 2294 2499 2349 votis
2525 2308 2670 2364 saepe
2697 2296 2997 2368 contingit,
3029 2307 3087 2352 ut
3118 2311 3216 2354 nec
3247 2299 3386 2354 filios

1785 2380 2022 2437 habeant
2043 2424 2058 2445 .
2094 2397 2193 2438 nec
2223 2385 2468 2438 maritos.
2501 2385 2648 2440 Talis
2679 2395 2761 2440 est
2801 2387 2961 2441 etiam
2994 2402 3156 2443 causa
3217 2390 3386 2444 mari-

1784 2485 1994 2540 torum,
2030 2475 2097 2531 ad
2125 2491 2262 2546 quos
2309 2477 2510 2546 aliquid
2557 2477 2700 2547 loqui
2743 2478 3072 2548 superfluum
3104 2489 3218 2546 est,
3260 2483 3385 2552 quia

1781 2568 1826 2622 si
1869 2583 2006 2622 uxor
2044 2577 2098 2623 et
2138 2569 2364 2623 maritus
2394 2568 2446 2624 111
2475 2559 2637 2624 carne
2676 2581 2802 2625 sunt
2847 2587 2950 2626 una
2976 2613 2990 2638 ,
3024 2573 3246 2629 dubium
3279 2590 3386 2630 non

1782 2671 1865 2715 εει
1883 2703 1899 2726 ,
1923 2662 2045 2731 quia
2068 2661 2212 2732 quod
2236 2662 2374 2717 alter
2399 2661 2577 2729 audit,
2601 2664 2880 2718 amborum
2905 2673 3008 2720 est.
3033 2667 3169 2733 Quid
3195 2683 3347 2737 agam
3373 2708 3390 2735 ,

1781 2767 1890 2823 quo
1935 2769 2020 2807 me
2051 2764 2255 2810 vertam
2284 2795 2297 2815 ,
2332 2753 2558 2809 aest-io:
2599 2769 2705 2810 non
2755 2755 2899 2810 enim
2955 2757 3112 2812 video
3156 2757 3283 2828 quid
3329 2758 3381 2812 in

1777 2846 2245 2902 exhortationibus
2287 2847 2452 2901 divini
2485 2862 2549 2903 ac
2576 2848 2687 2902 veri
2729 2849 2906 2903 cultus
2935 2848 3201 2905 Gentibus
3249 2865 3386 2920 prte—

1775 2939 1971 2996 dicem.
2005 2939 2414 2998 Felicitatetnne
2437 2941 2797 3013 virginitatis?
2821 2952 2877 2997 at
2897 2944 3095 2998 habent
3123 2944 3236 3018 (‘25)
3263 2960 3392 3001 suas

1774 3035 2015 3106 virgines
2045 3054 2058 3088 :
2091 3045 2145 3091 et
2177 3035 2222 3090 si
2255 3057 2268 3093 :
2305 3036 2414 3108 58
2441 3051 2546 3091 non
2580 3037 2797 3106 felices,
2831 3037 3031 3094 habent
3053 3047 3257 3096 tamen.
3291 3040 3389 3098 Sin

83 3184 234 3237 clesia
283 3182 544 3253 spelunca:
602 3182 893 3239 Saluatoris
945 3191 1019 3236 est
1048 3181 1263 3252 posita),
1290 3181 1472 3250 ibique
1511 3180 1674 3237 etiam
1704 3180 1749 3244 C
1783 3179 2241 3253 inclttsos'prodit.
2275 3181 2470 3250 Objicit
2507 3181 2758 3236 similiter
2784 3183 2926 3237 stibii
2955 3198 3109 3237 usum
3142 3184 3376 3239 mulieri-

85 3256 336 3310 niulieres
357 3257 594 3310 virorum
621 3270 840 3309 suorum
877 3269 1104 3324 corpora
1132 3254 1383 3326 lacrymis
1409 3253 1632 3326 diluisse
1655 3293 1672 3317 ,

85 3327 261 3392 colligi
297 3341 454 3396 posse
495 3326 707 3382 videtur
735 3342 800 3382 es
841 3335 996 3382 tract.
1030 3325 1098 3380 l6
1121 3366 1137 3390 ,
1170 3324 1320 3379 nuin.
1354 3325 1406 3389 5,
1441 3324 1526 3379 tibi
1561 3325 1677 3379 haec

86 3416 112 3453 a
162 3399 478 3469 mulieribus
522 3411 676 3469 gesta
725 3408 915 3453 auctor
967 3397 1205 3469 perbelle
1261 3406 1673 3461 commemorat,

86 3485 200 3525 cum
229 3468 552 3526 Sacerdotes
579 3471 830 3524 solemnia
857 3470 1028 3523 divina
1058 3468 1125 3523 de
1156 3483 1305 3523 more
1337 3476 1674 3537 peragerent,

89 3552 143 3595 ut
163 3542 428 3598 deinortni
461 3543 694 3596 animam
728 3542 837 3596 Deo
875 3539 1342 3600 commendarent,
1371 3540 1514 3608 quod
1546 3553 1679 3593 sane

89 3613 138 3668 in
168 3612 407 3668 Ecclesia
455 3613 571 3668 ﬁeri
611 3613 815 3668 debuit.
847 3612 953 3666 Pro
984 3613 1152 3668 lavisti
1179 3611 1322 3680 quod
1365 3621 1448 3663 est
1478 3611 1528 3663 in
1558 3626 1678 3664 om-

89 3686 241 3739 nibus
279 3701 402 3738 mss.
443 3695 498 3740 et
533 3684 664 3740 edit.
699 3683 856 3749 Vt-n.,
883 3683 1012 3739 editi
1047 3683 1248 3738 habent
1277 3682 1479 3736 lavasti.
1524 3681 1677 3748 Quod

89 3771 249 3826 porro
297 3757 522 3819 dicitur,
556 3757 816 3812 mulieres
872 3772 1058 3824 corpus
1129 3756 1416 3826 expositum
1463 3753 1678 3826 crinium

91 3824 275 3882 damno
304 3828 491 3882 velasse
522 3827 780 3898 (idipsum
824 3832 1084 3898 repetitur
1108 3837 1262 3880 tract.
1299 3825 1368 3882 16
1393 3841 1585 3898 ,ntnn.
1620 3824 1678 3895 Ei)

92 3901 292 3954 [oneris
319 3915 431 3954 mos
445 3895 562 3954 erat
591 3895 702 3954 uim
725 3898 861 3970 apud
885 3897 1125 3961 Gt'tecos,
1157 3908 1265 3951 111111
1299 3897 1437 3965 apud
1461 3895 1681 3970 Latinos

93 3972 355 4026 usitatus:
387 3987 596 4026 comam
633 3971 776 4025 enim
813 3971 915 4023 illa:
942 3971 1042 4023 sibi
1076 3971 1366 4023 demebant
1404 3969 1679 4022 cadaicri‘-

91 4059 190 4113 que
227 4045 402 4097 crines
437 4043 769 4113 injiciehaut,
815 4050 873 4096 ut
901 4042 1069 4112 liquet
1099 4057 1184 4113 ex,
1215 4042 1445 4113 Homero
1467 4081 1480 4102 ,
1513 4039 1682 4113 llero-

92 4111 268 4179 diano,
319 4111 600 4170 Plutarcho
648 4125 703 4170 et
751 4114 890 4177 aliis,
942 4111 1076 4180 quos
1121 4112 1316 4180 allegat
1379 4111 1682 4165 Everardus

92 4186 347 4251 Feitbius,
380 4188 770 4255 Antiquitatum
825 4185 1092 4238 llotueric.
1123 4184 1216 4237 lib.
1261 4199 1301 4249 1,
1330 4198 1446 4251 cap.
1485 4183 1569 4236 15.
1611 4183 1682 4235 lle

94 4275 238 4313 more
265 4261 385 4312 item
415 4261 615 4313 fiebant
652 4258 882 4324 reliqua,
915 4271 1034 4326 quae
1067 4268 1175 4308 tum
1211 4255 1318 4314 hic,
1370 4265 1477 4307 111111
1512 4267 1579 4308 tr.
1616 4255 1682 4309 16

95 4332 337 4383 similiter
359 4340 730 4396 recensentur,
755 4342 809 4383 ut
837 4344 902 4382 ne
931 4333 1122 4380 mirum
1147 4327 1214 4381 sit
1263 4325 1403 4396 qttod
1430 4327 1683 4380 mulieres

94 4403 456 4456 (‘mtsuctudini
489 4403 666 4472 potius
715 4416 876 4471 quam
905 4398 1075 4454 amori
1098 4399 1482 4468 obsequentes,
1509 4399 1682 4452 omnia

95 4473 182 4525 illa
209 4475 403 4526 memiri
437 4478 729 4543 potuerint.

163 4544 277 4616 (14)
305 4545 376 4600 De
406 4540 660 4611 particula
705 4557 968 4616 nuncpro
998 4551 1242 4612 tempore
1263 4540 1556 4616 prmterjto,
1590 4541 1674 4616 vix

97 4611 270 4670 tamen
297 4618 496 4686 elapso,
526 4624 750 4686 accepta
777 4611 898 4669 Vide
931 4625 997 4668 tr.
1032 4622 1085 4673 2,
1116 4611 1360 4686 annotat.
1409 4612 1496 4666 17.
1531 4611 1670 4686 lul'ra

97 4703 188 4754 pro
234 4684 537 4742 clusisedui
577 4684 699 4757 post
756 4686 878 4740 Ver.
929 4701 1208 4755 perperam
1261 4684 1459 4757 habent
1497 4685 1672 4757 elusis.

105 4757 238 4811 Inter
263 4761 442 4830 afﬁnes
468 4755 837 4829 supplevimus
864 4773 928 4813 ex
961 4772 1060 4812 ms.
1095 4758 1280 4826 Potnp.
1313 4768 1366 4811 et
1400 4755 1673 4830 significa-

101 4840 203 4892 tur,
236 4827 420 4886 una...
447 4832 499 4885 in
531 4827 844 4885 iifaritorutn
875 4830 1150 4898 exsequiis
1185 4843 1326 4895 saepe
1360 4843 1472 4896 pra:
1527 4827 1676 4882 defe-

101 4902 274 4957 ctione
314 4905 528 4967 Spiritus
557 4903 820 4957 cecidisse
857 4901 909 4954 in
961 4910 1157 4954 terram
1182 4941 1195 4964 ,
1229 4900 1296 4952 ita
1331 4909 1387 4951 ut
1416 4900 1674 4953 incertum

100 4982 242 5025 esset
278 4976 544 5041 affinibus,
581 4974 672 5044 qui
719 4974 961 5029 aderant.
995 4973 1078 5027 cui
1114 4972 1283 5038 magis
1326 4969 1598 5044 essoqaize
1623 4980 1680 5025 et

103 5045 346 5116 laciytnze
371 5042 717 5102 deberentur.
753 5045 894 5100 Edit.
938 5044 1074 5099 Ven.
1113 5057 1209 5112 pro
1239 5042 1472 5096 morienti
1520 5043 1677 5099 habet

102 5131 146 5166 m
153 5133 244 5168 Oﬂl
253 5135 313 5171 ur
316 5135 364 5171 0.

171 5189 284 5258 (15)
309 5189 529 5246 Stibium
554 5205 582 5242 a
605 5189 776 5243 Plinio
809 5195 1187 5248 memoratum,
1219 5185 1312 5238 lib.
1342 5200 1530 5258 xxxiii.
1564 5201 1686 5255 cap.

104 5259 156 5318 6.
189 5256 328 5314 1111111.
355 5261 445 5323 ⁸54,
467 5261 670 5314 metalli
701 5261 966 5329 quoddam
996 5273 1165 5326 genus
1187 5267 1272 5312 est
1292 5256 1455 5327 (qtlod
1484 5258 1690 5329 nigrum

104 5335 348 5400 pulverem
364 5333 750 5401 Tertulliauus,
773 5335 839 5387 de
860 5331 1049 5385 llabitn
1068 5330 1409 5392 feminarum,
1435 5333 1689 5399 appellat,

105 5405 186 5454 alii
217 5418 397 5458 vocant
425 5405 768 5475 alabastrum)
792 5405 868 5458 sic
894 5404 1094 5457 dictum
1124 5402 1420 5475 gra'canice
1451 5419 1487 5475 a7
1507 5404 1691 5466 στίϐω,

105 5489 195 5528 seu
229 5478 432 5545 στείϐω,
456 5473 904 5546 αόδιτὺιραψιυά
932 5473 1298 5543 adstringendi
1339 5473 1444 5546 viui
1479 5474 1693 5540 babeat,

108 5561 271 5615 eoque
301 5544 424 5604 cuiu
451 5544 728 5602 uterentur
773 5544 1026 5603 muleres
1062 5546 1114 5599 in
1147 5546 1367 5599 l’ucanda
1399 5544 1533 5600 facie
1563 5563 1691 5599 ocu-

106 5615 270 5692 lisque
297 5620 676 5692 perpolteutlis.
711 5620 816 5684 Vel,
848 5630 901 5672 ut
931 5618 1294 5692 Tit-rtullianus
1323 5619 1395 5692 ait
1423 5616 1494 5692 dc
1530 5617 1688 5672 Cultu

106 5687 312 5761 18111111..⁷
325 5687 684 5759 porrigendis;
713 5692 777 5744 de
805 5706 912 5761 quo
936 5691 1132 5744 vitlesis
1155 5687 1438 5761 Georgium
1471 5689 1690 5761 Agrico-

109 5759 232 5830 latn.
258 5764 347 5818 lib.
377 5765 494 5816 xde
518 5762 710 5818 Natura
737 5759 1022 5823 l05$i|ium,
1047 5777 1166 5830 cap.
1193 5763 1277 5816 ll.
1301 5760 1428 5814 Jure
1457 5761 1513 5815 S.
1545 5760 1690 5818 Zeno

108 5829 259 5887 ﬂetus
307 5835 598 5890 muliebres
643 5836 695 5888 in
748 5835 918 5901 stibio,
961 5848 1067 5902 quo
1104 5829 1243 5886 Oculi
1301 5831 1688 5900 deterguutur,

1783 3251 1884 3306 bus
1914 3253 2090 3305 viduis
2121 3252 2560 3316 Commodianus,
2594 3253 2845 3307 lnstruet.
2872 3253 2963 3313 59.
2994 3269 3137 3308 vers.
3168 3256 3220 3309 7.

1855 3324 1968 3393 (16)
1995 3323 2374 3393 ReSpiciuutur
2429 3325 2670 3395 hocloco
2707 3326 3148 3394 imprecmiooes,
3191 3325 3388 3395 quibus

1783 3396 2043 3467 mulieres
2075 3397 2248 3451 \‘ldlltl'
2281 3410 2390 3464 pne
2434 3394 2628 3450 dolore
2671 3395 2773 3450 sibi
2808 3405 3035 3450 mortem
3062 3408 3117 3450 et
3153 3394 3385 3467 saepen-

1782 3465 1930 3521 dium
1965 3483 2109 3529 saepe
2135 3471 2514 3535 adprecantur.

1855 3538 1972 3620 (17)
2025 3537 2226 3594 Petitor
2255 3539 2342 3595 hic
2388 3553 2484 3609 pro
2511 3537 2625 3601 illo,
2650 3539 2744 3610 qui
2777 3538 2990 3594 viduam
3023 3539 3126 3594 sibi
3155 3554 3384 3596 uxorem

1821 3617 1910 3663 ctit
1923 3648 1934 3660 .

1783 3623 1974 3750 ptiltLS)
2006 3679 2628 3751 Ms.Pomp.pollicenre.
2656 3681 2768 3736 Sub
2799 3681 2961 3737 finem
2995 3682 3204 3736 numeri
3235 3685 3392 3751 quale

1785 3751 1904 3806 libet
1947 3753 2264 3821 scrip~imns
2295 3769 2390 3824 pro
2436 3753 2587 3822 quale
2615 3754 2772 3820 velit;
2803 3755 2890 3809 ubi
2925 3753 3064 3808 forte
3108 3755 3222 3808 livet
3253 3755 3391 3808 scri-

1785 3836 1932 3893 ptuui
1987 3838 2087 3894 pro
2131 3825 2248 3878 libet
2295 3827 2546 3894 migravit
2594 3825 2646 3879 iti
2677 3825 2796 3881 velit
2830 3842 2849 3879 :
2876 3825 3029 3892 quale
3059 3825 3180 3879 libet
3208 3837 3389 3881 autem

1783 3897 1925 3950 idem
1956 3912 2017 3950 ac
2043 3901 2421 3964 qualecumque.
2456 3896 2518 3950 V.
2551 3894 2666 3950 Cic.
2702 3913 2736 3951 11
2765 3898 2829 3951 de
2858 3894 2984 3951 Nat.
3005 3938 3020 3962 ,
3052 3912 3102 3949 c.
3138 3897 3227 3952 δ’.

1858 3967 1979 4050 (19)
2010 3967 2180 4050 Prope
2199 3972 2618 4050 81111φ111ῑ³1111111ΐ
2649 3968 2901 4050 secundm
2927 3968 3125 4050 nuptia'
3144 3983 3254 4037 prte
3283 3984 3387 4050 nu-

1783 4039 1909 4111 ptiis
1941 4039 2148 4101 tertiis,
2175 4041 2411 4107 quartis,
2456 4050 2584 4102 ctc.,
2609 4056 2728 4110 qua:
2776 4040 3010 4107 antiquis
3042 4040 3392 4094 exsecranda:

1784 4109 1911 4164 viSw
1935 4120 2059 4166 sunt
2084 4128 2098 4177 ;
2127 4112 2195 4166 de
2224 4127 2331 4180 quo
2359 4113 2511 4182 plura
2542 4113 2758 4167 dissert.
2785 4129 2851 4174 11,
2886 4128 3006 4181 cap.
3041 4112 3093 4166 7.

1856 4181 1975 4253 (20)
2009 4183 2104 4238 his.
2146 4185 2334 4252 l'ouip.
2367 4184 2573 4252 nuptias
2605 4186 2656 4238 in
2687 4188 2933 4255 margine
2979 4181 3222 4254 corrigit.
3257 4182 3393 4238 Post

1784 4269 1951 4326 pauca
1987 4272 2089 4309 rus.
2124 4255 2282 4310 Rem.
2316 4257 2433 4327 plus
2463 4271 2558 4325 pro
2589 4256 2782 4326 plures.

1861 4351 1976 4423 (21)
2011 4349 2236 4404 Pereunt
2261 4350 2458 4404 dicitur
2487 4347 2718 4423 non__de
2760 4363 2893 4423 vera
2929 4346 3124 4423 culpa,
3175 4346 3270 4402 Sed
3319 4346 3390 4423 de

1784 4419 2130 4479 eontitientiiu
2149 4425 2380 4486 jactura,
2398 4435 2556 4486 quam
2577 4420 2750 4475 vidua:
2765 4419 2964 4487 sa-pius
2983 4419 3247 4473 nubentes
3262 4419 3395 4475 sub-

1786 4509 1948 4559 eunt;
1983 4509 2090 4552 auo
2139 4492 2228 4556 111,
2284 4503 2340 4547 ut
2387 4507 2485 4546 suo
2515 4493 2766 4560 exetnplo
2811 4491 3245 4546 adoleSCentulas
3275 4496 3392 4546 vir-

1704 4571 1757 4632 1)
1781 4567 1937 4636 gines
1965 4566 2162 4637 perire,
2187 4563 2242 4619 id
2264 4573 2346 4619 est
2366 4562 2690 4634 virginitatis
2711 4563 2978 4633 jacturam
3005 4561 3182 4617 facere
3200 4603 3215 4627 ,
3238 4577 3392 4618 com-

1783 4637 2004 4709 pellant.

1859 4729 1975 4803 (22)
2005 4729 2099 4784 Ms.
2129 4728 2343 4803 Tulerit.
2369 4727 2491 4793 quid
2513 4729 2636 4803 sint,
2658 4729 2840 4803 quibus
2857 4729 2909 4781 in
2933 4738 3034 4782 tant
3055 4729 3388 4803 solemnibus.

1785 4801 1964 4857 Paulo
1987 4812 2108 4872 post
2151 4818 2249 4856 tus.
2289 4801 2441 4855 Item.
2476 4801 2689 4868 contigit
2735 4815 2832 4868 pro
2861 4802 3143 4871 contingit;
3175 4809 3230 4854 et
3271 4809 3393 4870 post

1786 4889 1954 4944 pauca
1986 4871 2109 4929 Cum
2142 4872 2273 4928 edit.
2305 4871 2440 4928 Ven.
2474 4873 2603 4943 ﬁunt
2634 4889 2736 4925 una
2767 4889 2864 4940 pro
2895 4882 3010 4926 sunt
3040 4889 3164 4925 una.

1860 4967 1975 5038 (‘23)
2008 4965 2133 5038 Non
2155 4967 2387 5021 vestales
2409 4966 2610 5031 solum,
2629 4966 2724 5019 sed
2753 4965 2870 5017 alta-
2887 4980 3108 5038 quoque
3133 4963 3389 5038 Gentium

1786 5034 2022 5109 virgines
2045 5055 2072 5090 a
2107 5037 2438 5092 Tertulliauo
2470 5048 2840 5091 memorantur
2872 5034 2935 5109 in
2970 5037 3250 5109 Exltortat.
3292 5034 3395 5090 Ca-

1793 5106 1905 5165 stit.
1966 5125 2086 5180 cap.
2137 5111 2251 5165 13:
2306 5109 2563 5163 Noveram
2603 5110 2822 5180 virgines
2872 5107 3035 5162 Vestae
3075 5106 3393 5180 et_Junonis

1793 5184 1932 5253 apud
1961 5176 2172 5237 Acltaire
2201 5183 2448 5254 oppidum
2478 5224 2491 5241 ,
2524 5192 2569 5254 et
2614 5176 2906 5254 Appollinis
2943 5179 3083 5254 apud
3124 5176 3391 5254 Delphos,

1794 5251 1841 5310 et
1877 5254 2118 5308 Minervas
2146 5264 2190 5307 et
2224 5253 2403 5307 Diana:
2428 5251 2732 5323 quibusdam
2777 5252 2901 5306 locis
2927 5268 2944 5306 :
2974 5252 3164 5322 quibus
3195 5251 3391 5304 similia

1795 5329 1990 5395 repetit
2032 5327 2120 5381 lib.
2155 5341 2169 5378 I
2209 5325 2274 5380 ad
2309 5324 2574 5392 Uxorem,
2618 5339 2738 5394 cap.
2762 5324 2812 5378 6.
2846 5323 3262 5395 Pausaniaslih.
3297 5337 3390 5395 111,

1797 5393 1915 5467 cap.
1975 5399 2038 5454 16
2058 5440 2074 5465 ,
2105 5396 2347 5452 meminit
2374 5397 2637 5466 virginum
2681 5393 2798 5463 quas
2831 5395 3048 5450 Hilaris:
3076 5403 3132 5448 et
3160 5393 3393 5467 Phoebes

1800 5463 1953 5525 erant
1982 5463 2296 5526 sacerdotes
2317 5512 2330 5530 ,
2365 5463 2528 5540 atque
2557 5467 2862 5538 Leucipides
2890 5468 3224 5540 dicebantur.
3263 5463 3391 5517 Ves-

1802 5543 1985 5596 talium
2031 5559 2130 5596 suo
2169 5557 2382 5613 quoque
2413 5536 2655 5610 tempore
2693 5536 3010 5613 ﬂorentium
3053 5536 3383 5613 mentionem

1800 5613 1924 5686 facit
1950 5605 2349 5686 SymmachusL
2379 5605 2662 5686 prajféctns
2692 5610 2872 5672 Urbis,
2925 5605 3390 5686 iti__rclatioue_ad

1801 5678 2235 5740 Valentinianum
2263 5728 2274 5745 ,
2309 5678 2674 5740 Theodosium
2735 5691 2789 5735 et
2835 5678 3142 5742 Arcadium,
3185 5695 3240 5732 11.
3287 5678 3390 5741 11.

1798 5773 2006 5813 neCnon
2041 5762 2098 5812 S.
2129 5757 2448 5812 Ambrosius
2473 5797 2487 5824 ,
2531 5756 2622 5810 lib.
2657 5755 2757 5809 Ide
2793 5751 3134 5822 Virginitate,
3169 5763 3288 5820 cap.
3319 5748 3353 5804 4
3377 5787 3392 5816 ,

1797 5832 1957 5899 epist.
1991 5830 2086 5897 18,
2119 5846 2266 5884 nutu.
2295 5830 2379 5882 ll.
