  <div class='ocr_page' id='page_1' title='image "/cluster/home/n/w/nwhite01/storage/ocr_20150623/11/hvd.32044015471287/159.png"; bbox 0 0 3960 6330; ppageno 0'>
   <div class='ocr_carea' id='block_1_1' title="bbox 519 305 628 368">
    <p class='ocr_par' dir='ltr' id='par_1_1' title="bbox 519 305 628 368">
     <span class='ocr_line' id='line_1_1' title="bbox 519 305 628 368; baseline 0.018 -2"><span class='ocrx_word' id='word_1_1' title='bbox 519 305 628 368; x_wconf 73' lang='grc' dir='ltr'><strong>5οῚ</strong></span> 
     </span>
    </p>
   </div>
   <div class='ocr_carea' id='block_1_2' title="bbox 1927 301 2146 374">
    <p class='ocr_par' dir='ltr' id='par_1_2' title="bbox 1927 301 2146 370">
     <span class='ocr_line' id='line_1_2' title="bbox 1927 301 2146 370; baseline 0.009 -4"><span class='ocrx_word' id='word_1_2' title='bbox 1927 301 2146 370; x_wconf 74' lang='lat' dir='ltr'><strong>SANCT</strong></span> 
     </span>
    </p>
   </div>
   <div class='ocr_carea' id='block_1_3' title="bbox 2251 301 3750 374">
    <p class='ocr_par' dir='ltr' id='par_1_3' title="bbox 2259 302 3750 374">
     <span class='ocr_line' id='line_1_3' title="bbox 2259 302 3750 374; baseline 0.009 -17"><span class='ocrx_word' id='word_1_3' title='bbox 2259 302 2500 366; x_wconf 57' lang='lat' dir='ltr'><strong>ENOSIS</strong></span> <span class='ocrx_word' id='word_1_4' title='bbox 3667 318 3750 374; x_wconf 67' lang='lat'><strong>508</strong></span> 
     </span>
    </p>
   </div>
   <div class='ocr_carea' id='block_1_4' title="bbox 527 422 3753 497">
    <p class='ocr_par' dir='ltr' id='par_1_4' title="bbox 527 422 3753 497">
     <span class='ocr_line' id='line_1_4' title="bbox 527 422 3753 497; baseline -0.001 -13"><span class='ocrx_word' id='word_1_5' title='bbox 527 442 656 484; x_wconf 86' lang='lat' dir='ltr'><strong>vero</strong></span> <span class='ocrx_word' id='word_1_6' title='bbox 698 427 763 482; x_wconf 89' lang='lat' dir='ltr'><strong>ad</strong></span> <span class='ocrx_word' id='word_1_7' title='bbox 819 423 1089 482; x_wconf 78' lang='lat' dir='ltr'><strong>viduitatis</strong></span> <span class='ocrx_word' id='word_1_8' title='bbox 1142 424 1392 482; x_wconf 86' lang='lat' dir='ltr'><strong>sudorem</strong></span> <span class='ocrx_word' id='word_1_9' title='bbox 1432 423 1724 497; x_wconf 86' lang='lat' dir='ltr'><strong>gloriosum</strong></span> <span class='ocrx_word' id='word_1_10' title='bbox 1778 423 2116 494; x_wconf 86' lang='lat' dir='ltr'><strong>palmamque</strong></span> <span class='ocrx_word' id='word_1_11' title='bbox 2145 427 2189 485; x_wconf 78' lang='grc' dir='ltr'>Α</span> <span class='ocrx_word' id='word_1_12' title='bbox 2217 425 2558 495; x_wconf 73' lang='lat' dir='ltr'><strong>iugulantur,</strong></span> <span class='ocrx_word' id='word_1_13' title='bbox 2583 441 2702 496; x_wconf 85' lang='lat' dir='ltr'><strong>quae</strong></span> <span class='ocrx_word' id='word_1_14' title='bbox 2722 422 2920 481; x_wconf 77' lang='lat' dir='ltr'><strong>Christi</strong></span> <span class='ocrx_word' id='word_1_15' title='bbox 2961 425 3180 494; x_wconf 64' lang='lat' dir='ltr'><strong>ingrata:</strong></span> <span class='ocrx_word' id='word_1_16' title='bbox 3207 423 3485 488; x_wconf 82' lang='lat' dir='ltr'><strong>beneliciis.</strong></span> <span class='ocrx_word' id='word_1_17' title='bbox 3512 441 3674 496; x_wconf 81' lang='lat' dir='ltr'><strong>sponte</strong></span> <span class='ocrx_word' id='word_1_18' title='bbox 3701 433 3753 488; x_wconf 82' lang='lat' dir='ltr'><strong>ad</strong></span> 
     </span>
    </p>
   </div>
   <div class='ocr_carea' id='block_1_5' title="bbox 529 518 2124 592">
    <p class='ocr_par' dir='ltr' id='par_1_5' title="bbox 529 518 2124 592">
     <span class='ocr_line' id='line_1_5' title="bbox 529 518 2124 592; baseline -0.003 -15"><span class='ocrx_word' id='word_1_19' title='bbox 529 535 924 592; x_wconf 89' lang='lat' dir='ltr'><strong>provocavero;</strong></span> <span class='ocrx_word' id='word_1_20' title='bbox 960 519 1114 574; x_wconf 91' lang='lat' dir='ltr'><strong>nobis</strong></span> <span class='ocrx_word' id='word_1_21' title='bbox 1145 518 1387 574; x_wconf 88' lang='lat' dir='ltr'><strong>fortassis</strong></span> <span class='ocrx_word' id='word_1_22' title='bbox 1416 519 1708 585; x_wconf 89' lang='lat' dir='ltr'><strong>insultent,</strong></span> <span class='ocrx_word' id='word_1_23' title='bbox 1754 518 1876 588; x_wconf 83' lang='lat' dir='ltr'><strong>quia</strong></span> <span class='ocrx_word' id='word_1_24' title='bbox 1921 525 2124 572; x_wconf 69' lang='lat' dir='ltr'><strong>nostra}</strong></span> 
     </span>
    </p>
   </div>
   <div class='ocr_carea' id='block_1_6' title="bbox 527 608 2125 684">
    <p class='ocr_par' dir='ltr' id='par_1_6' title="bbox 527 608 2125 684">
     <span class='ocr_line' id='line_1_6' title="bbox 527 608 2125 684; baseline -0.003 -15"><span class='ocrx_word' id='word_1_25' title='bbox 527 629 694 669; x_wconf 77' lang='lat' dir='ltr'><strong>saera:</strong></span> <span class='ocrx_word' id='word_1_26' title='bbox 735 612 973 684; x_wconf 73' lang='lat' dir='ltr'><strong>virgines</strong></span> <span class='ocrx_word' id='word_1_27' title='bbox 1000 611 1282 682; x_wconf 75' lang='lat' dir='ltr'><strong>vidua-que</strong></span> <span class='ocrx_word' id='word_1_28' title='bbox 1309 628 1505 684; x_wconf 82' lang='lat' dir='ltr'><strong>magno</strong></span> <span class='ocrx_word' id='word_1_29' title='bbox 1554 627 1650 682; x_wconf 90' lang='lat' dir='ltr'><strong>pro</strong></span> <span class='ocrx_word' id='word_1_30' title='bbox 1703 608 2125 666; x_wconf 75' lang='lat' dir='ltr'><strong>inmortalitatis</strong></span> 
     </span>
    </p>
   </div>
   <div class='ocr_carea' id='block_1_7' title="bbox 529 701 2126 778">
    <p class='ocr_par' dir='ltr' id='par_1_7' title="bbox 529 701 2126 778">
     <span class='ocr_line' id='line_1_7' title="bbox 529 701 2126 778; baseline -0.004 -17"><span class='ocrx_word' id='word_1_31' title='bbox 529 706 782 778; x_wconf 69' lang='lat' dir='ltr'><strong>praemio,</strong></span> <span class='ocrx_word' id='word_1_32' title='bbox 816 720 926 760; x_wconf 68' lang='lat' dir='ltr'><strong>sua:</strong></span> <span class='ocrx_word' id='word_1_33' title='bbox 955 713 1133 761; x_wconf 88' lang='lat' dir='ltr'><strong>autem</strong></span> <span class='ocrx_word' id='word_1_34' title='bbox 1165 705 1334 776; x_wconf 90' lang='lat' dir='ltr'><strong>gratis</strong></span> <span class='ocrx_word' id='word_1_35' title='bbox 1376 705 1643 762; x_wconf 80' lang='lat' dir='ltr'><strong>laborent.</strong></span> <span class='ocrx_word' id='word_1_36' title='bbox 1678 704 1875 760; x_wconf 87' lang='lat' dir='ltr'><strong>Verum</strong></span> <span class='ocrx_word' id='word_1_37' title='bbox 1908 701 2014 757; x_wconf 90' lang='lat' dir='ltr'><strong>hoc</strong></span> <span class='ocrx_word' id='word_1_38' title='bbox 2042 708 2126 755; x_wconf 89' lang='lat' dir='ltr'><strong>est</strong></span> 
     </span>
    </p>
   </div>
   <div class='ocr_carea' id='block_1_8' title="bbox 526 795 2126 870">
    <p class='ocr_par' dir='ltr' id='par_1_8' title="bbox 526 795 2126 870">
     <span class='ocr_line' id='line_1_8' title="bbox 526 795 2126 870; baseline -0.006 -13"><span class='ocrx_word' id='word_1_39' title='bbox 526 800 740 868; x_wconf 89' lang='lat' dir='ltr'><strong>solum,</strong></span> <span class='ocrx_word' id='word_1_40' title='bbox 773 814 872 855; x_wconf 90' lang='lat' dir='ltr'><strong>nos</strong></span> <span class='ocrx_word' id='word_1_41' title='bbox 920 799 971 854; x_wconf 94' lang='lat' dir='ltr'><strong>in</strong></span> <span class='ocrx_word' id='word_1_42' title='bbox 1009 815 1116 870; x_wconf 89' lang='lat' dir='ltr'><strong>quo</strong></span> <span class='ocrx_word' id='word_1_43' title='bbox 1156 801 1453 863; x_wconf 84' lang='lat' dir='ltr'><strong>vincimus,</strong></span> <span class='ocrx_word' id='word_1_44' title='bbox 1480 801 1601 870; x_wconf 84' lang='lat' dir='ltr'><strong>quia</strong></span> <span class='ocrx_word' id='word_1_45' title='bbox 1645 813 1743 869; x_wconf 89' lang='lat' dir='ltr'><strong>pro</strong></span> <span class='ocrx_word' id='word_1_46' title='bbox 1783 812 1878 852; x_wconf 89' lang='lat' dir='ltr'><strong>sua</strong></span> <span class='ocrx_word' id='word_1_47' title='bbox 1921 795 2126 849; x_wconf 83' lang='lat' dir='ltr'><strong>sancti-</strong></span> 
     </span>
    </p>
   </div>
   <div class='ocr_carea' id='block_1_9' title="bbox 526 887 2127 963">
    <p class='ocr_par' dir='ltr' id='par_1_9' title="bbox 526 887 2127 963">
     <span class='ocr_line' id='line_1_9' title="bbox 526 887 2127 963; baseline -0.005 -16"><span class='ocrx_word' id='word_1_48' title='bbox 526 901 639 949; x_wconf 85' lang='lat' dir='ltr'><strong>tate</strong></span> <span class='ocrx_word' id='word_1_49' title='bbox 665 893 976 950; x_wconf 80' lang='lat' dir='ltr'><strong>ehristianae</strong></span> <span class='ocrx_word' id='word_1_50' title='bbox 1015 893 1136 963; x_wconf 91' lang='lat' dir='ltr'><strong>plus</strong></span> <span class='ocrx_word' id='word_1_51' title='bbox 1167 892 1392 947; x_wconf 91' lang='lat' dir='ltr'><strong>nubunt.</strong></span> <span class='ocrx_word' id='word_1_52' title='bbox 1427 891 1581 948; x_wconf 83' lang='lat' dir='ltr'><strong>Adde</strong></span> <span class='ocrx_word' id='word_1_53' title='bbox 1608 889 1750 959; x_wconf 91' lang='lat' dir='ltr'><strong>quod</strong></span> <span class='ocrx_word' id='word_1_54' title='bbox 1795 887 1913 960; x_wconf 67' lang='grc'>(24)</span> <span class='ocrx_word' id='word_1_55' title='bbox 1941 887 2127 944; x_wconf 85' lang='lat' dir='ltr'><strong>Genti-</strong></span> 
     </span>
    </p>
   </div>
   <div class='ocr_carea' id='block_1_10' title="bbox 527 983 2130 1056">
    <p class='ocr_par' dir='ltr' id='par_1_10' title="bbox 527 983 2130 1056">
     <span class='ocr_line' id='line_1_10' title="bbox 527 983 2130 1056; baseline -0.004 -15"><span class='ocrx_word' id='word_1_56' title='bbox 527 986 666 1041; x_wconf 90' lang='lat' dir='ltr'><strong>bus:</strong></span> <span class='ocrx_word' id='word_1_57' title='bbox 698 985 838 1056; x_wconf 89' lang='lat' dir='ltr'><strong>quod</strong></span> <span class='ocrx_word' id='word_1_58' title='bbox 868 986 984 1041; x_wconf 84' lang='lat' dir='ltr'><strong>sine</strong></span> <span class='ocrx_word' id='word_1_59' title='bbox 1009 983 1199 1041; x_wconf 90' lang='lat' dir='ltr'><strong>dolore</strong></span> <span class='ocrx_word' id='word_1_60' title='bbox 1231 999 1455 1056; x_wconf 88' lang='lat' dir='ltr'><strong>magno,</strong></span> <span class='ocrx_word' id='word_1_61' title='bbox 1481 983 1564 1040; x_wconf 87' lang='lat' dir='ltr'><strong>vel</strong></span> <span class='ocrx_word' id='word_1_62' title='bbox 1590 984 1791 1056; x_wconf 79' lang='lat' dir='ltr'><strong>gemitu</strong></span> <span class='ocrx_word' id='word_1_63' title='bbox 1814 996 1921 1037; x_wconf 94' lang='lat' dir='ltr'><strong>non</strong></span> <span class='ocrx_word' id='word_1_64' title='bbox 1951 988 2130 1051; x_wconf 83' lang='lat' dir='ltr'><strong>potest</strong></span> 
     </span>
    </p>
   </div>
   <div class='ocr_carea' id='block_1_11' title="bbox 531 1078 1570 1136">
    <p class='ocr_par' dir='ltr' id='par_1_11' title="bbox 531 1078 1570 1136">
     <span class='ocr_line' id='line_1_11' title="bbox 531 1078 1570 1136; baseline -0.001 -3"><span class='ocrx_word' id='word_1_65' title='bbox 531 1078 658 1136; x_wconf 90' lang='lat' dir='ltr'><strong>dici.</strong></span> <span class='ocrx_word' id='word_1_66' title='bbox 1557 1085 1570 1097; x_wconf 89' lang='lat'><strong><em>&#39;</em></strong></span> 
     </span>
    </p>
   </div>
   <div class='ocr_carea' id='block_1_12' title="bbox 603 1164 2134 1244">
    <p class='ocr_par' dir='ltr' id='par_1_12' title="bbox 603 1164 2134 1244">
     <span class='ocr_line' id='line_1_12' title="bbox 603 1164 2134 1244; baseline -0.005 -17"><span class='ocrx_word' id='word_1_67' title='bbox 603 1171 714 1227; x_wconf 84' lang='lat' dir='ltr'><strong>Vll.</strong></span> <span class='ocrx_word' id='word_1_68' title='bbox 757 1170 889 1244; x_wconf 77' lang='lat' dir='ltr'><strong>Quze</strong></span> <span class='ocrx_word' id='word_1_69' title='bbox 918 1171 1061 1225; x_wconf 86' lang='lat' dir='ltr'><strong>enim</strong></span> <span class='ocrx_word' id='word_1_70' title='bbox 1087 1185 1192 1225; x_wconf 80' lang='lat' dir='ltr'><strong>vox</strong></span> <span class='ocrx_word' id='word_1_71' title='bbox 1219 1211 1234 1237; x_wconf 87' lang='lat'><strong>,</strong></span> <span class='ocrx_word' id='word_1_72' title='bbox 1261 1186 1380 1241; x_wconf 76' lang='lat' dir='ltr'><strong>qua:</strong></span> <span class='ocrx_word' id='word_1_73' title='bbox 1411 1169 1710 1240; x_wconf 82' lang='lat' dir='ltr'><strong>increpatio</strong></span> <span class='ocrx_word' id='word_1_74' title='bbox 1738 1166 1836 1222; x_wconf 85' lang='lat' dir='ltr'><strong>has</strong></span> <span class='ocrx_word' id='word_1_75' title='bbox 1866 1164 2134 1234; x_wconf 74' lang='lat' dir='ltr'><strong>condigne</strong></span> 
     </span>
    </p>
   </div>
   <div class='ocr_carea' id='block_1_13' title="bbox 530 1260 2136 1340">
    <p class='ocr_par' dir='ltr' id='par_1_13' title="bbox 530 1260 2136 1340">
     <span class='ocr_line' id='line_1_13' title="bbox 530 1260 2136 1340; baseline -0.003 -19"><span class='ocrx_word' id='word_1_76' title='bbox 530 1266 704 1340; x_wconf 85' lang='lat' dir='ltr'><strong>possit</strong></span> <span class='ocrx_word' id='word_1_77' title='bbox 740 1266 1006 1337; x_wconf 86' lang='lat' dir='ltr'><strong>arguere?</strong></span> <span class='ocrx_word' id='word_1_78' title='bbox 1034 1281 1153 1338; x_wconf 70' lang='lat' dir='ltr'><strong>quae</strong></span> <span class='ocrx_word' id='word_1_79' title='bbox 1182 1265 1418 1321; x_wconf 83' lang='lat' dir='ltr'><strong>dedecus</strong></span> <span class='ocrx_word' id='word_1_80' title='bbox 1447 1279 1603 1319; x_wconf 91' lang='lat' dir='ltr'><strong>suum</strong></span> <span class='ocrx_word' id='word_1_81' title='bbox 1634 1261 1915 1333; x_wconf 88' lang='lat' dir='ltr'><strong>sacrilegio</strong></span> <span class='ocrx_word' id='word_1_82' title='bbox 1945 1260 2136 1316; x_wconf 85' lang='lat' dir='ltr'><strong>dolan-</strong></span> 
     </span>
    </p>
   </div>
   <div class='ocr_carea' id='block_1_14' title="bbox 534 1353 2130 1423">
    <p class='ocr_par' dir='ltr' id='par_1_14' title="bbox 534 1353 2130 1423">
     <span class='ocr_line' id='line_1_14' title="bbox 534 1353 2130 1423; baseline -0.004 -9"><span class='ocrx_word' id='word_1_83' title='bbox 534 1369 652 1423; x_wconf 88' lang='lat' dir='ltr'><strong>tes,</strong></span> <span class='ocrx_word' id='word_1_84' title='bbox 685 1362 923 1414; x_wconf 89' lang='lat' dir='ltr'><strong>membra</strong></span> <span class='ocrx_word' id='word_1_85' title='bbox 965 1358 1162 1414; x_wconf 83' lang='lat' dir='ltr'><strong>Christi</strong></span> <span class='ocrx_word' id='word_1_86' title='bbox 1186 1357 1580 1414; x_wconf 75' lang='lat' dir='ltr'><strong>dannoniorum</strong></span> <span class='ocrx_word' id='word_1_87' title='bbox 1622 1356 1795 1411; x_wconf 89' lang='lat' dir='ltr'><strong>servis</strong></span> <span class='ocrx_word' id='word_1_88' title='bbox 1834 1353 2092 1409; x_wconf 88' lang='lat' dir='ltr'><strong>addicunt</strong></span> <span class='ocrx_word' id='word_1_89' title='bbox 2115 1370 2130 1418; x_wconf 90' lang='lat'><strong>;</strong></span> 
     </span>
    </p>
   </div>
   <div class='ocr_carea' id='block_1_15' title="bbox 533 1446 2135 1524">
    <p class='ocr_par' dir='ltr' id='par_1_15' title="bbox 533 1446 2135 1524">
     <span class='ocr_line' id='line_1_15' title="bbox 533 1446 2135 1524; baseline -0.004 -18"><span class='ocrx_word' id='word_1_90' title='bbox 533 1449 899 1521; x_wconf 78' lang='lat' dir='ltr'><strong>Deitemplum</strong></span> <span class='ocrx_word' id='word_1_91' title='bbox 918 1451 1152 1520; x_wconf 82' lang='lat' dir='ltr'><strong>profanis</strong></span> <span class='ocrx_word' id='word_1_92' title='bbox 1178 1446 1674 1524; x_wconf 72' lang='lat' dir='ltr'><strong>patefaciunt;(25)</strong></span> <span class='ocrx_word' id='word_1_93' title='bbox 1701 1447 1935 1501; x_wconf 87' lang='lat' dir='ltr'><strong>sacraria</strong></span> <span class='ocrx_word' id='word_1_94' title='bbox 1966 1460 2135 1520; x_wconf 87' lang='lat' dir='ltr'><strong>usque</strong></span> 
     </span>
    </p>
   </div>
   <div class='ocr_carea' id='block_1_16' title="bbox 532 1539 2140 1614">
    <p class='ocr_par' dir='ltr' id='par_1_16' title="bbox 532 1539 2140 1614">
     <span class='ocr_line' id='line_1_16' title="bbox 532 1539 2140 1614; baseline -0.002 -17"><span class='ocrx_word' id='word_1_95' title='bbox 532 1543 647 1614; x_wconf 89' lang='lat' dir='ltr'><strong>ipsa</strong></span> <span class='ocrx_word' id='word_1_96' title='bbox 677 1543 986 1610; x_wconf 86' lang='lat' dir='ltr'><strong>denudant;</strong></span> <span class='ocrx_word' id='word_1_97' title='bbox 1015 1559 1167 1598; x_wconf 89' lang='lat' dir='ltr'><strong>sacra</strong></span> <span class='ocrx_word' id='word_1_98' title='bbox 1193 1543 1558 1609; x_wconf 90' lang='lat' dir='ltr'><strong>confundunt,</strong></span> <span class='ocrx_word' id='word_1_99' title='bbox 1588 1541 1784 1596; x_wconf 88' lang='lat' dir='ltr'><strong>amissa</strong></span> <span class='ocrx_word' id='word_1_100' title='bbox 1809 1540 1927 1595; x_wconf 92' lang='lat' dir='ltr'><strong>luce</strong></span> <span class='ocrx_word' id='word_1_101' title='bbox 1952 1539 2140 1594; x_wconf 67' lang='lat' dir='ltr'><strong>laztan-</strong></span> 
     </span>
    </p>
   </div>
   <div class='ocr_carea' id='block_1_17' title="bbox 535 1631 2141 1704">
    <p class='ocr_par' dir='ltr' id='par_1_17' title="bbox 535 1631 2141 1704">
     <span class='ocr_line' id='line_1_17' title="bbox 535 1631 2141 1704; baseline -0.001 -14"><span class='ocrx_word' id='word_1_102' title='bbox 535 1643 615 1692; x_wconf 85' lang='lat' dir='ltr'><strong>tes</strong></span> <span class='ocrx_word' id='word_1_103' title='bbox 646 1637 700 1692; x_wconf 93' lang='lat' dir='ltr'><strong>in</strong></span> <span class='ocrx_word' id='word_1_104' title='bbox 746 1637 985 1692; x_wconf 89' lang='lat' dir='ltr'><strong>tenebris</strong></span> <span class='ocrx_word' id='word_1_105' title='bbox 1013 1678 1028 1704; x_wconf 90' lang='lat'><strong>,</strong></span> <span class='ocrx_word' id='word_1_106' title='bbox 1061 1635 1321 1691; x_wconf 88' lang='lat' dir='ltr'><strong>habentes</strong></span> <span class='ocrx_word' id='word_1_107' title='bbox 1367 1635 1489 1691; x_wconf 91' lang='lat' dir='ltr'><strong>fana</strong></span> <span class='ocrx_word' id='word_1_108' title='bbox 1511 1677 1526 1702; x_wconf 90' lang='lat'><strong>,</strong></span> <span class='ocrx_word' id='word_1_109' title='bbox 1578 1648 1684 1688; x_wconf 90' lang='lat' dir='ltr'><strong>non</strong></span> <span class='ocrx_word' id='word_1_110' title='bbox 1723 1632 1937 1688; x_wconf 88' lang='lat' dir='ltr'><strong>domos.</strong></span> <span class='ocrx_word' id='word_1_111' title='bbox 1969 1631 2141 1704; x_wconf 80' lang='lat' dir='ltr'><strong>Digne</strong></span> 
     </span>
    </p>
   </div>
   <div class='ocr_carea' id='block_1_18' title="bbox 2227 517 3756 592">
    <p class='ocr_par' dir='ltr' id='par_1_18' title="bbox 2227 517 3756 592">
     <span class='ocr_line' id='line_1_18' title="bbox 2227 517 3756 592; baseline 0.003 -20"><span class='ocrx_word' id='word_1_112' title='bbox 2227 527 2454 574; x_wconf 89' lang='lat' dir='ltr'><strong>mortem</strong></span> <span class='ocrx_word' id='word_1_113' title='bbox 2480 560 2494 581; x_wconf 92' lang='lat'><strong>,</strong></span> <span class='ocrx_word' id='word_1_114' title='bbox 2525 517 2594 572; x_wconf 91' lang='lat' dir='ltr'><strong>de</strong></span> <span class='ocrx_word' id='word_1_115' title='bbox 2633 533 2734 589; x_wconf 87' lang='lat' dir='ltr'><strong>qua</strong></span> <span class='ocrx_word' id='word_1_116' title='bbox 2782 526 3098 583; x_wconf 74' lang='lat' dir='ltr'><strong>evaserant,</strong></span> <span class='ocrx_word' id='word_1_117' title='bbox 3148 527 3490 572; x_wconf 86' lang='lat' dir='ltr'><strong>revertuntur.</strong></span> <span class='ocrx_word' id='word_1_118' title='bbox 3519 518 3633 574; x_wconf 83' lang='lat' dir='ltr'><strong>Cum</strong></span> <span class='ocrx_word' id='word_1_119' title='bbox 3679 523 3756 592; x_wconf 63' lang='lat' dir='ltr'><strong>igio</strong></span> 
     </span>
    </p>
   </div>
   <div class='ocr_carea' id='block_1_19' title="bbox 2229 611 3755 682">
    <p class='ocr_par' dir='ltr' id='par_1_19' title="bbox 2229 611 3755 682">
     <span class='ocr_line' id='line_1_19' title="bbox 2229 611 3755 682; baseline 0.003 -20"><span class='ocrx_word' id='word_1_120' title='bbox 2229 617 2314 663; x_wconf 88' lang='lat' dir='ltr'><strong>tttr</strong></span> <span class='ocrx_word' id='word_1_121' title='bbox 2352 625 2568 680; x_wconf 82' lang='lat' dir='ltr'><strong>semper</strong></span> <span class='ocrx_word' id='word_1_122' title='bbox 2615 611 2898 682; x_wconf 79' lang='lat' dir='ltr'><strong>insidietur</strong></span> <span class='ocrx_word' id='word_1_123' title='bbox 2935 626 2994 665; x_wconf 89' lang='lat' dir='ltr'><strong>se</strong></span> <span class='ocrx_word' id='word_1_124' title='bbox 3021 626 3126 665; x_wconf 92' lang='lat' dir='ltr'><strong>non</strong></span> <span class='ocrx_word' id='word_1_125' title='bbox 3169 611 3517 679; x_wconf 69' lang='lat' dir='ltr'><strong>qttmrentibns</strong></span> <span class='ocrx_word' id='word_1_126' title='bbox 3534 612 3755 682; x_wconf 74' lang='lat' dir='ltr'><strong>diabolus,</strong></span> 
     </span>
    </p>
   </div>
   <div class='ocr_carea' id='block_1_20' title="bbox 2229 704 3758 776">
    <p class='ocr_par' dir='ltr' id='par_1_20' title="bbox 2229 704 3758 776">
     <span class='ocr_line' id='line_1_20' title="bbox 2229 704 3758 776; baseline 0.005 -18"><span class='ocrx_word' id='word_1_127' title='bbox 2229 705 2524 770; x_wconf 74' lang='lat' dir='ltr'><strong>mstimate,</strong></span> <span class='ocrx_word' id='word_1_128' title='bbox 2561 704 2685 776; x_wconf 88' lang='lat' dir='ltr'><strong>quid</strong></span> <span class='ocrx_word' id='word_1_129' title='bbox 2719 704 2878 760; x_wconf 82' lang='lat' dir='ltr'><strong>faciat</strong></span> <span class='ocrx_word' id='word_1_130' title='bbox 2921 705 3210 760; x_wconf 86' lang='lat' dir='ltr'><strong>invitatus:</strong></span> <span class='ocrx_word' id='word_1_131' title='bbox 3242 705 3325 760; x_wconf 91' lang='lat' dir='ltr'><strong>cui</strong></span> <span class='ocrx_word' id='word_1_132' title='bbox 3362 720 3540 760; x_wconf 85' lang='lat' dir='ltr'><strong>omnes</strong></span> <span class='ocrx_word' id='word_1_133' title='bbox 3574 711 3758 765; x_wconf 81' lang='lat' dir='ltr'><strong>nocendi</strong></span> 
     </span>
    </p>
   </div>
   <div class='ocr_carea' id='block_1_21' title="bbox 2229 798 3759 869">
    <p class='ocr_par' dir='ltr' id='par_1_21' title="bbox 2229 798 3759 869">
     <span class='ocr_line' id='line_1_21' title="bbox 2229 798 3759 869; baseline 0.002 -16"><span class='ocrx_word' id='word_1_134' title='bbox 2229 799 2407 853; x_wconf 87' lang='lat' dir='ltr'><strong>aditus</strong></span> <span class='ocrx_word' id='word_1_135' title='bbox 2435 798 2694 862; x_wconf 86' lang='lat' dir='ltr'><strong>reserati,</strong></span> <span class='ocrx_word' id='word_1_136' title='bbox 2728 808 2983 869; x_wconf 69' lang='lat' dir='ltr'><strong>praestant</strong></span> <span class='ocrx_word' id='word_1_137' title='bbox 3022 799 3139 854; x_wconf 86' lang='lat' dir='ltr'><strong>sine</strong></span> <span class='ocrx_word' id='word_1_138' title='bbox 3188 814 3392 868; x_wconf 85' lang='lat' dir='ltr'><strong>pugna,</strong></span> <span class='ocrx_word' id='word_1_139' title='bbox 3424 799 3531 854; x_wconf 89' lang='lat' dir='ltr'><strong>sine</strong></span> <span class='ocrx_word' id='word_1_140' title='bbox 3572 800 3663 854; x_wconf 91' lang='lat' dir='ltr'><strong>ullo</strong></span> <span class='ocrx_word' id='word_1_141' title='bbox 3698 801 3759 856; x_wconf 86' lang='lat' dir='ltr'><strong>la-</strong></span> 
     </span>
    </p>
   </div>
   <div class='ocr_carea' id='block_1_22' title="bbox 2231 890 3762 948">
    <p class='ocr_par' dir='ltr' id='par_1_22' title="bbox 2231 890 3762 948">
     <span class='ocr_line' id='line_1_22' title="bbox 2231 890 3762 948; baseline 0.002 -3"><span class='ocrx_word' id='word_1_142' title='bbox 2231 891 2363 946; x_wconf 91' lang='lat' dir='ltr'><strong>bore</strong></span> <span class='ocrx_word' id='word_1_143' title='bbox 2396 891 2675 945; x_wconf 80' lang='lat' dir='ltr'><strong>victoriam</strong></span> <span class='ocrx_word' id='word_1_144' title='bbox 2705 910 2716 944; x_wconf 91' lang='lat'>:</span> <span class='ocrx_word' id='word_1_145' title='bbox 2749 907 2855 946; x_wconf 92' lang='lat' dir='ltr'><strong>non</strong></span> <span class='ocrx_word' id='word_1_146' title='bbox 2885 891 3028 946; x_wconf 84' lang='lat' dir='ltr'><strong>enim</strong></span> <span class='ocrx_word' id='word_1_147' title='bbox 3057 890 3335 946; x_wconf 84' lang='lat' dir='ltr'><strong>conabitur</strong></span> <span class='ocrx_word' id='word_1_148' title='bbox 3363 892 3412 946; x_wconf 92' lang='lat' dir='ltr'><strong>in</strong></span> <span class='ocrx_word' id='word_1_149' title='bbox 3440 891 3671 948; x_wconf 74' lang='lat' dir='ltr'><strong>ditionem</strong></span> <span class='ocrx_word' id='word_1_150' title='bbox 3697 909 3762 948; x_wconf 84' lang='lat' dir='ltr'><strong>re-</strong></span> 
     </span>
    </p>
   </div>
   <div class='ocr_carea' id='block_1_23' title="bbox 2233 984 3765 1056">
    <p class='ocr_par' dir='ltr' id='par_1_23' title="bbox 2233 984 3765 1056">
     <span class='ocr_line' id='line_1_23' title="bbox 2233 984 3765 1056; baseline 0.003 -16"><span class='ocrx_word' id='word_1_151' title='bbox 2233 984 2418 1056; x_wconf 86' lang='lat' dir='ltr'><strong>digere</strong></span> <span class='ocrx_word' id='word_1_152' title='bbox 2447 999 2598 1040; x_wconf 92' lang='lat' dir='ltr'><strong>suam</strong></span> <span class='ocrx_word' id='word_1_153' title='bbox 2622 1029 2636 1052; x_wconf 88' lang='lat'><strong>,</strong></span> <span class='ocrx_word' id='word_1_154' title='bbox 2669 1001 2789 1056; x_wconf 82' lang='lat' dir='ltr'><strong>quae</strong></span> <span class='ocrx_word' id='word_1_155' title='bbox 2816 1001 2936 1041; x_wconf 87' lang='lat' dir='ltr'><strong>esse</strong></span> <span class='ocrx_word' id='word_1_156' title='bbox 2957 987 3075 1056; x_wconf 86' lang='lat' dir='ltr'><strong>ejus</strong></span> <span class='ocrx_word' id='word_1_157' title='bbox 3093 986 3314 1042; x_wconf 88' lang='lat' dir='ltr'><strong>ambivit</strong></span> <span class='ocrx_word' id='word_1_158' title='bbox 3339 987 3539 1042; x_wconf 82' lang='lat' dir='ltr'><strong>ancilla.</strong></span> <span class='ocrx_word' id='word_1_159' title='bbox 3570 987 3618 1043; x_wconf 88' lang='lat' dir='ltr'><strong>In</strong></span> <span class='ocrx_word' id='word_1_160' title='bbox 3638 988 3765 1044; x_wconf 89' lang='lat' dir='ltr'><strong>domo</strong></span> 
     </span>
    </p>
   </div>
   <div class='ocr_carea' id='block_1_24' title="bbox 2234 1076 3764 1149">
    <p class='ocr_par' dir='ltr' id='par_1_24' title="bbox 2234 1076 3764 1149">
     <span class='ocr_line' id='line_1_24' title="bbox 2234 1076 3764 1149; baseline 0.001 -17"><span class='ocrx_word' id='word_1_161' title='bbox 2234 1077 2470 1149; x_wconf 90' lang='lat' dir='ltr'><strong>denique</strong></span> <span class='ocrx_word' id='word_1_162' title='bbox 2501 1093 2621 1147; x_wconf 73' lang='lat' dir='ltr'><strong>qua:</strong></span> <span class='ocrx_word' id='word_1_163' title='bbox 2649 1088 2947 1146; x_wconf 87' lang='lat' dir='ltr'><strong>geruntur,</strong></span> <span class='ocrx_word' id='word_1_164' title='bbox 2988 1077 3082 1132; x_wconf 84' lang='lat' dir='ltr'><strong>sed</strong></span> <span class='ocrx_word' id='word_1_165' title='bbox 3127 1086 3181 1132; x_wconf 89' lang='lat' dir='ltr'><strong>et</strong></span> <span class='ocrx_word' id='word_1_166' title='bbox 3221 1077 3346 1146; x_wconf 82' lang='lat' dir='ltr'><strong>ipsis</strong></span> <span class='ocrx_word' id='word_1_167' title='bbox 3385 1077 3433 1132; x_wconf 91' lang='lat' dir='ltr'><strong>in</strong></span> <span class='ocrx_word' id='word_1_168' title='bbox 3462 1076 3615 1140; x_wconf 87' lang='lat' dir='ltr'><strong>fanis.</strong></span> <span class='ocrx_word' id='word_1_169' title='bbox 3643 1078 3764 1134; x_wconf 60' lang='lat' dir='ltr'><strong>Citrio</strong></span> 
     </span>
    </p>
   </div>
   <div class='ocr_carea' id='block_1_25' title="bbox 2237 1171 3767 1244">
    <p class='ocr_par' dir='ltr' id='par_1_25' title="bbox 2237 1171 3767 1244">
     <span class='ocr_line' id='line_1_25' title="bbox 2237 1171 3767 1244; baseline 0.003 -21"><span class='ocrx_word' id='word_1_170' title='bbox 2237 1171 2410 1226; x_wconf 89' lang='lat' dir='ltr'><strong>stiana</strong></span> <span class='ocrx_word' id='word_1_171' title='bbox 2445 1171 2652 1238; x_wconf 90' lang='lat' dir='ltr'><strong>lidclis,</strong></span> <span class='ocrx_word' id='word_1_172' title='bbox 2697 1171 2813 1225; x_wconf 90' lang='lat' dir='ltr'><strong>sine</strong></span> <span class='ocrx_word' id='word_1_173' title='bbox 2861 1182 2913 1226; x_wconf 89' lang='lat' dir='ltr'><strong>te</strong></span> <span class='ocrx_word' id='word_1_174' title='bbox 2943 1185 3063 1225; x_wconf 84' lang='lat' dir='ltr'><strong>esse</strong></span> <span class='ocrx_word' id='word_1_175' title='bbox 3111 1187 3216 1227; x_wconf 91' lang='lat' dir='ltr'><strong>non</strong></span> <span class='ocrx_word' id='word_1_176' title='bbox 3258 1180 3512 1240; x_wconf 87' lang='lat' dir='ltr'><strong>poterunt,</strong></span> <span class='ocrx_word' id='word_1_177' title='bbox 3561 1171 3767 1244; x_wconf 79' lang='lat' dir='ltr'><strong>59quia</strong></span> 
     </span>
    </p>
   </div>
   <div class='ocr_carea' id='block_1_26' title="bbox 2239 1263 3770 1335">
    <p class='ocr_par' dir='ltr' id='par_1_26' title="bbox 2239 1263 3770 1335">
     <span class='ocr_line' id='line_1_26' title="bbox 2239 1263 3770 1335; baseline 0.002 -18"><span class='ocrx_word' id='word_1_178' title='bbox 2239 1279 2376 1318; x_wconf 79' lang='lat' dir='ltr'><strong>uxor</strong></span> <span class='ocrx_word' id='word_1_179' title='bbox 2399 1263 2582 1318; x_wconf 80' lang='lat' dir='ltr'><strong>infelix</strong></span> <span class='ocrx_word' id='word_1_180' title='bbox 2611 1278 2670 1319; x_wconf 90' lang='lat' dir='ltr'><strong>es</strong></span> <span class='ocrx_word' id='word_1_181' title='bbox 2691 1305 2706 1330; x_wconf 94' lang='lat'><strong>,</strong></span> <span class='ocrx_word' id='word_1_182' title='bbox 2740 1264 2782 1317; x_wconf 93' lang='lat' dir='ltr'><strong>si</strong></span> <span class='ocrx_word' id='word_1_183' title='bbox 2816 1264 2993 1319; x_wconf 90' lang='lat' dir='ltr'><strong>nescis</strong></span> <span class='ocrx_word' id='word_1_184' title='bbox 3033 1263 3161 1333; x_wconf 91' lang='lat' dir='ltr'><strong>quid</strong></span> <span class='ocrx_word' id='word_1_185' title='bbox 3192 1272 3377 1335; x_wconf 84' lang='lat' dir='ltr'><strong>agatur</strong></span> <span class='ocrx_word' id='word_1_186' title='bbox 3406 1264 3456 1320; x_wconf 94' lang='lat' dir='ltr'><strong>in</strong></span> <span class='ocrx_word' id='word_1_187' title='bbox 3508 1265 3650 1320; x_wconf 86' lang='lat' dir='ltr'><strong>domo</strong></span> <span class='ocrx_word' id='word_1_188' title='bbox 3673 1283 3683 1319; x_wconf 94' lang='lat'>:</span> <span class='ocrx_word' id='word_1_189' title='bbox 3707 1265 3770 1321; x_wconf 89' lang='lat' dir='ltr'><strong>in-</strong></span> 
     </span>
    </p>
   </div>
   <div class='ocr_carea' id='block_1_27' title="bbox 2237 1356 2962 1422">
    <p class='ocr_par' dir='ltr' id='par_1_27' title="bbox 2237 1356 2962 1422">
     <span class='ocr_line' id='line_1_27' title="bbox 2237 1356 2962 1422; baseline -0.003 -10"><span class='ocrx_word' id='word_1_190' title='bbox 2237 1357 2445 1414; x_wconf 87' lang='lat' dir='ltr'><strong>felicior</strong></span> <span class='ocrx_word' id='word_1_191' title='bbox 2469 1365 2618 1413; x_wconf 87' lang='lat' dir='ltr'><strong>certe</strong></span> <span class='ocrx_word' id='word_1_192' title='bbox 2640 1398 2655 1422; x_wconf 96' lang='lat'><strong>,</strong></span> <span class='ocrx_word' id='word_1_193' title='bbox 2685 1356 2730 1412; x_wconf 90' lang='lat' dir='ltr'><strong>si</strong></span> <span class='ocrx_word' id='word_1_194' title='bbox 2753 1357 2962 1412; x_wconf 89' lang='lat' dir='ltr'><strong>scieris.</strong></span> 
     </span>
    </p>
   </div>
   <div class='ocr_carea' id='block_1_28' title="bbox 2317 1449 3773 1522">
    <p class='ocr_par' dir='ltr' id='par_1_28' title="bbox 2317 1449 3773 1522">
     <span class='ocr_line' id='line_1_28' title="bbox 2317 1449 3773 1522; baseline 0.002 -16"><span class='ocrx_word' id='word_1_195' title='bbox 2317 1449 2445 1506; x_wconf 83' lang='lat' dir='ltr'>VIII.</span> <span class='ocrx_word' id='word_1_196' title='bbox 2489 1449 2865 1518; x_wconf 81' lang='lat' dir='ltr'><strong>Proponamus</strong></span> <span class='ocrx_word' id='word_1_197' title='bbox 2910 1451 3124 1522; x_wconf 85' lang='lat' dir='ltr'><strong>itaque,</strong></span> <span class='ocrx_word' id='word_1_198' title='bbox 3176 1459 3234 1506; x_wconf 91' lang='lat' dir='ltr'><strong>ut</strong></span> <span class='ocrx_word' id='word_1_199' title='bbox 3273 1466 3412 1522; x_wconf 75' lang='lat' dir='ltr'><strong>smpe</strong></span> <span class='ocrx_word' id='word_1_200' title='bbox 3451 1450 3773 1522; x_wconf 84' lang='lat' dir='ltr'><strong>contingit,in</strong></span> 
     </span>
    </p>
   </div>
   <div class='ocr_carea' id='block_1_29' title="bbox 2242 1543 3776 1615">
    <p class='ocr_par' dir='ltr' id='par_1_29' title="bbox 2242 1543 3776 1615">
     <span class='ocr_line' id='line_1_29' title="bbox 2242 1543 3776 1615; baseline 0.003 -17"><span class='ocrx_word' id='word_1_201' title='bbox 2242 1559 2406 1598; x_wconf 89' lang='lat' dir='ltr'><strong>unum</strong></span> <span class='ocrx_word' id='word_1_202' title='bbox 2433 1543 2647 1597; x_wconf 89' lang='lat' dir='ltr'><strong>sibimet</strong></span> <span class='ocrx_word' id='word_1_203' title='bbox 2674 1544 2966 1598; x_wconf 87' lang='lat' dir='ltr'><strong>convenire</strong></span> <span class='ocrx_word' id='word_1_204' title='bbox 2986 1543 3218 1600; x_wconf 62' lang='lat' dir='ltr'><strong>diversae</strong></span> <span class='ocrx_word' id='word_1_205' title='bbox 3239 1544 3508 1615; x_wconf 82' lang='lat' dir='ltr'><strong>religionis</strong></span> <span class='ocrx_word' id='word_1_206' title='bbox 3526 1545 3675 1609; x_wconf 85' lang='lat' dir='ltr'><strong>diem,</strong></span> <span class='ocrx_word' id='word_1_207' title='bbox 3695 1563 3776 1615; x_wconf 88' lang='lat' dir='ltr'><strong>quo</strong></span> 
     </span>
    </p>
   </div>
   <div class='ocr_carea' id='block_1_30' title="bbox 2247 1634 3774 1710">
    <p class='ocr_par' dir='ltr' id='par_1_30' title="bbox 2247 1634 3774 1710">
     <span class='ocr_line' id='line_1_30' title="bbox 2247 1634 3774 1710; baseline 0.003 -21"><span class='ocrx_word' id='word_1_208' title='bbox 2247 1636 2339 1691; x_wconf 91' lang='lat' dir='ltr'><strong>tibi</strong></span> <span class='ocrx_word' id='word_1_209' title='bbox 2387 1634 2647 1699; x_wconf 79' lang='lat' dir='ltr'><strong>Ecclesia,</strong></span> <span class='ocrx_word' id='word_1_210' title='bbox 2679 1634 2755 1690; x_wconf 90' lang='lat' dir='ltr'><strong>illi</strong></span> <span class='ocrx_word' id='word_1_211' title='bbox 2785 1635 3028 1691; x_wconf 86' lang='lat' dir='ltr'><strong>adeunda</strong></span> <span class='ocrx_word' id='word_1_212' title='bbox 3061 1637 3169 1692; x_wconf 90' lang='lat' dir='ltr'><strong>sint</strong></span> <span class='ocrx_word' id='word_1_213' title='bbox 3197 1636 3315 1710; x_wconf 65' lang='lat'><strong>(‘36)</strong></span> <span class='ocrx_word' id='word_1_214' title='bbox 3349 1637 3555 1709; x_wconf 84' lang='lat' dir='ltr'><strong>templa.</strong></span> <span class='ocrx_word' id='word_1_215' title='bbox 3584 1637 3683 1706; x_wconf 85' lang='lat' dir='ltr'><strong>Quo</strong></span> <span class='ocrx_word' id='word_1_216' title='bbox 3701 1654 3774 1710; x_wconf 83' lang='lat' dir='ltr'><strong>ge-</strong></span> 
     </span>
    </p>
   </div>
   <div class='ocr_carea' id='block_1_31' title="bbox 612 1824 3780 1916">
    <p class='ocr_par' dir='ltr' id='par_1_31' title="bbox 612 1824 3780 1916">
     <span class='ocr_line' id='line_1_31' title="bbox 612 1824 3780 1916; baseline -0.001 -17"><span class='ocrx_word' id='word_1_217' title='bbox 612 1824 730 1916; x_wconf 60' lang='grc' dir='ltr'><strong>(ἐι)</strong></span> <span class='ocrx_word' id='word_1_218' title='bbox 761 1841 1019 1912; x_wconf 73' lang='lat' dir='ltr'><strong>Coniugia</strong></span> <span class='ocrx_word' id='word_1_219' title='bbox 1049 1841 1469 1916; x_wconf 85' lang='lat' dir='ltr'><strong>christianarum</strong></span> <span class='ocrx_word' id='word_1_220' title='bbox 1505 1837 1829 1916; x_wconf 69' lang='lat' dir='ltr'><strong>feminarum</strong></span> <span class='ocrx_word' id='word_1_221' title='bbox 1854 1850 1976 1916; x_wconf 80' lang='lat' dir='ltr'><strong>et_tm</strong></span> <span class='ocrx_word' id='word_1_222' title='bbox 2001 1835 2132 1916; x_wconf 81' lang='lat' dir='ltr'><strong>viris</strong></span> <span class='ocrx_word' id='word_1_223' title='bbox 2164 1839 2210 1901; x_wconf 92' lang='lat' dir='ltr'><strong>B</strong></span> <span class='ocrx_word' id='word_1_224' title='bbox 2242 1835 2500 1916; x_wconf 80' lang='lat' dir='ltr'><strong>Equidem</strong></span> <span class='ocrx_word' id='word_1_225' title='bbox 2545 1835 2964 1916; x_wconf 75' lang='lat' dir='ltr'><strong>christianorum</strong></span> <span class='ocrx_word' id='word_1_226' title='bbox 2995 1838 3255 1916; x_wconf 68' lang='lat' dir='ltr'><strong>ecclesias</strong></span> <span class='ocrx_word' id='word_1_227' title='bbox 3286 1839 3454 1916; x_wconf 80' lang='lat' dir='ltr'><strong>templi</strong></span> <span class='ocrx_word' id='word_1_228' title='bbox 3487 1839 3676 1916; x_wconf 78' lang='lat' dir='ltr'><strong>nomine</strong></span> <span class='ocrx_word' id='word_1_229' title='bbox 3710 1856 3780 1912; x_wconf 82' lang='lat' dir='ltr'><strong>ap-</strong></span> 
     </span>
    </p>
   </div>
   <div class='ocr_carea' id='block_1_32' title="bbox 537 1907 2132 1987">
    <p class='ocr_par' dir='ltr' id='par_1_32' title="bbox 537 1907 2132 1987">
     <span class='ocr_line' id='line_1_32' title="bbox 537 1907 2132 1987; baseline -0.006 -17"><span class='ocrx_word' id='word_1_230' title='bbox 537 1907 756 1987; x_wconf 77' lang='lat' dir='ltr'><strong>paganis</strong></span> <span class='ocrx_word' id='word_1_231' title='bbox 779 1907 1258 1987; x_wconf 45' lang='lat' dir='ltr'><strong>qtta&#39;m&#39;reprohata</strong></span> <span class='ocrx_word' id='word_1_232' title='bbox 1291 1927 1506 1987; x_wconf 80' lang='lat' dir='ltr'><strong>semper</strong></span> <span class='ocrx_word' id='word_1_233' title='bbox 1528 1910 1597 1987; x_wconf 84' lang='lat' dir='ltr'><strong>_in</strong></span> <span class='ocrx_word' id='word_1_234' title='bbox 1631 1908 1866 1987; x_wconf 63' lang='lat' dir='ltr'><strong>Ecclesia</strong></span> <span class='ocrx_word' id='word_1_235' title='bbox 1895 1907 2132 1987; x_wconf 74' lang='lat' dir='ltr'><strong>fuerint,</strong></span> 
     </span>
    </p>
   </div>
   <div class='ocr_carea' id='block_1_33' title="bbox 538 1979 2136 2057">
    <p class='ocr_par' dir='ltr' id='par_1_33' title="bbox 538 1979 2136 2057">
     <span class='ocr_line' id='line_1_33' title="bbox 538 1979 2136 2057; baseline -0.007 -15"><span class='ocrx_word' id='word_1_236' title='bbox 538 1979 633 2042; x_wconf 53' lang='lat' dir='ltr'><strong>&#39;ob&#39;</strong></span> <span class='ocrx_word' id='word_1_237' title='bbox 663 1979 961 2057; x_wconf 65' lang='lat' dir='ltr'><strong>periculum</strong></span> <span class='ocrx_word' id='word_1_238' title='bbox 993 1979 1295 2054; x_wconf 78' lang='lat' dir='ltr'><strong>praesertim</strong></span> <span class='ocrx_word' id='word_1_239' title='bbox 1336 1979 1479 2051; x_wconf 73' lang='lat' dir='ltr'><strong>quod</strong></span> <span class='ocrx_word' id='word_1_240' title='bbox 1518 1981 1615 2057; x_wconf 89' lang='lat' dir='ltr'><strong>_hic_</strong></span> <span class='ocrx_word' id='word_1_241' title='bbox 1651 1998 1677 2033; x_wconf 88' lang='lat' dir='ltr'><strong>a</strong></span> <span class='ocrx_word' id='word_1_242' title='bbox 1710 1979 1928 2034; x_wconf 85' lang='lat' dir='ltr'><strong>Zenone</strong></span> <span class='ocrx_word' id='word_1_243' title='bbox 1961 1979 2136 2057; x_wconf 60' lang='lat' dir='ltr'><strong>tangi-</strong></span> 
     </span>
    </p>
   </div>
   <div class='ocr_carea' id='block_1_34' title="bbox 538 2049 2139 2122">
    <p class='ocr_par' dir='ltr' id='par_1_34' title="bbox 538 2049 2139 2122">
     <span class='ocr_line' id='line_1_34' title="bbox 538 2049 2139 2122; baseline -0.005 -10"><span class='ocrx_word' id='word_1_244' title='bbox 538 2049 848 2122; x_wconf 52' lang='lat' dir='ltr'><strong>tur,&#39;multa</strong></span> <span class='ocrx_word' id='word_1_245' title='bbox 874 2057 977 2112; x_wconf 87' lang='lat' dir='ltr'><strong>alia</strong></span> <span class='ocrx_word' id='word_1_246' title='bbox 995 2049 1226 2110; x_wconf 42' lang='lat' dir='ltr'><strong>&#39;Patrum</strong></span> <span class='ocrx_word' id='word_1_247' title='bbox 1255 2049 1562 2109; x_wconf 85' lang='lat' dir='ltr'><strong>testimonia</strong></span> <span class='ocrx_word' id='word_1_248' title='bbox 1583 2053 1978 2107; x_wconf 85' lang='lat' dir='ltr'><strong>demonstrant.</strong></span> <span class='ocrx_word' id='word_1_249' title='bbox 2006 2049 2139 2122; x_wconf 80' lang='lat' dir='ltr'><strong>Ter-</strong></span> 
     </span>
    </p>
   </div>
   <div class='ocr_carea' id='block_1_35' title="bbox 541 2121 2137 2186">
    <p class='ocr_par' dir='ltr' id='par_1_35' title="bbox 541 2121 2137 2186">
     <span class='ocr_line' id='line_1_35' title="bbox 541 2121 2137 2186; baseline -0.006 -2"><span class='ocrx_word' id='word_1_250' title='bbox 541 2121 795 2186; x_wconf 87' lang='lat' dir='ltr'><strong>tullianus</strong></span> <span class='ocrx_word' id='word_1_251' title='bbox 816 2129 913 2184; x_wconf 88' lang='lat' dir='ltr'><strong>lib.</strong></span> <span class='ocrx_word' id='word_1_252' title='bbox 944 2145 979 2183; x_wconf 92' lang='grc' dir='ltr'><strong>ιι</strong></span> <span class='ocrx_word' id='word_1_253' title='bbox 1017 2128 1082 2183; x_wconf 87' lang='lat' dir='ltr'><strong>ad</strong></span> <span class='ocrx_word' id='word_1_254' title='bbox 1110 2127 1350 2184; x_wconf 78' lang='lat' dir='ltr'><strong>Uxorem</strong></span> <span class='ocrx_word' id='word_1_255' title='bbox 1381 2135 1522 2180; x_wconf 81' lang='lat' dir='ltr'><strong>totus</strong></span> <span class='ocrx_word' id='word_1_256' title='bbox 1549 2125 1602 2179; x_wconf 92' lang='lat' dir='ltr'><strong>in</strong></span> <span class='ocrx_word' id='word_1_257' title='bbox 1633 2139 1699 2178; x_wconf 90' lang='lat' dir='ltr'><strong>eo</strong></span> <span class='ocrx_word' id='word_1_258' title='bbox 1729 2133 1813 2176; x_wconf 90' lang='lat' dir='ltr'><strong>est</strong></span> <span class='ocrx_word' id='word_1_259' title='bbox 1835 2164 1848 2186; x_wconf 93' lang='lat'><strong>,</strong></span> <span class='ocrx_word' id='word_1_260' title='bbox 1879 2131 1934 2175; x_wconf 91' lang='lat' dir='ltr'><strong>ut</strong></span> <span class='ocrx_word' id='word_1_261' title='bbox 1975 2122 2018 2175; x_wconf 87' lang='lat' dir='ltr'><strong>si</strong></span> <span class='ocrx_word' id='word_1_262' title='bbox 2051 2121 2137 2175; x_wconf 87' lang='lat' dir='ltr'><strong>illa</strong></span> 
     </span>
    </p>
   </div>
   <div class='ocr_carea' id='block_1_36' title="bbox 543 2192 2141 2272">
    <p class='ocr_par' dir='ltr' id='par_1_36' title="bbox 543 2192 2141 2272">
     <span class='ocr_line' id='line_1_36' title="bbox 543 2192 2141 2272; baseline -0.005 -17"><span class='ocrx_word' id='word_1_263' title='bbox 543 2211 666 2272; x_wconf 83' lang='lat' dir='ltr'><strong>post.</strong></span> <span class='ocrx_word' id='word_1_264' title='bbox 716 2199 883 2272; x_wconf 89' lang='lat' dir='ltr'><strong>ipsius</strong></span> <span class='ocrx_word' id='word_1_265' title='bbox 935 2209 1166 2254; x_wconf 89' lang='lat' dir='ltr'><strong>mortem</strong></span> <span class='ocrx_word' id='word_1_266' title='bbox 1213 2213 1250 2272; x_wconf 12' lang='lat' dir='ltr'><strong>ia</strong></span> <span class='ocrx_word' id='word_1_267' title='bbox 1303 2197 1573 2272; x_wconf 74' lang='lat' dir='ltr'><strong>secundis</strong></span> <span class='ocrx_word' id='word_1_268' title='bbox 1611 2194 1810 2272; x_wconf 79' lang='lat' dir='ltr'><strong>nuptiis</strong></span> <span class='ocrx_word' id='word_1_269' title='bbox 1865 2192 2141 2272; x_wconf 66' lang='lat' dir='ltr'><strong>abstinere</strong></span> 
     </span>
    </p>
   </div>
   <div class='ocr_carea' id='block_1_37' title="bbox 541 2261 2139 2344">
    <p class='ocr_par' dir='ltr' id='par_1_37' title="bbox 541 2261 2139 2344">
     <span class='ocr_line' id='line_1_37' title="bbox 541 2261 2139 2344; baseline -0.006 -17"><span class='ocrx_word' id='word_1_270' title='bbox 541 2261 823 2344; x_wconf 64' lang='lat' dir='ltr'><strong>icgerri&#39;mc</strong></span> <span class='ocrx_word' id='word_1_271' title='bbox 849 2279 1081 2342; x_wconf 86' lang='lat' dir='ltr'><strong>nequeat</strong></span> <span class='ocrx_word' id='word_1_272' title='bbox 1100 2271 1337 2344; x_wconf 16' lang='lat' dir='ltr'><strong>,dsaltem</strong></span> <span class='ocrx_word' id='word_1_273' title='bbox 1362 2285 1392 2324; x_wconf 88' lang='lat' dir='ltr'><strong>a</strong></span> <span class='ocrx_word' id='word_1_274' title='bbox 1420 2261 1765 2323; x_wconf 86' lang='lat' dir='ltr'><strong>matrimonio</strong></span> <span class='ocrx_word' id='word_1_275' title='bbox 1791 2280 1912 2344; x_wconf 71' lang='lat' dir='ltr'><strong>cum</strong></span> <span class='ocrx_word' id='word_1_276' title='bbox 1939 2261 2139 2344; x_wconf 83' lang='lat' dir='ltr'><strong>Gentili</strong></span> 
     </span>
    </p>
   </div>
   <div class='ocr_carea' id='block_1_38' title="bbox 541 2336 2142 2413">
    <p class='ocr_par' dir='ltr' id='par_1_38' title="bbox 541 2336 2142 2413">
     <span class='ocr_line' id='line_1_38' title="bbox 541 2336 2142 2413; baseline -0.007 -15"><span class='ocrx_word' id='word_1_277' title='bbox 541 2336 816 2413; x_wconf 58' lang='lat' dir='ltr'><strong>ju&#39;ngendo</strong></span> <span class='ocrx_word' id='word_1_278' title='bbox 847 2336 1073 2406; x_wconf 69' lang='lat' dir='ltr'><strong>caveat;</strong></span> <span class='ocrx_word' id='word_1_279' title='bbox 1119 2342 1298 2411; x_wconf 91' lang='lat' dir='ltr'><strong>ibique</strong></span> <span class='ocrx_word' id='word_1_280' title='bbox 1325 2348 1637 2413; x_wconf 81' lang='lat' dir='ltr'><strong>argumenta</strong></span> <span class='ocrx_word' id='word_1_281' title='bbox 1673 2347 1827 2413; x_wconf 66' lang='lat' dir='ltr'><strong>urget.</strong></span> <span class='ocrx_word' id='word_1_282' title='bbox 1857 2336 1939 2413; x_wconf 83' lang='lat' dir='ltr'><strong>_iis</strong></span> <span class='ocrx_word' id='word_1_283' title='bbox 1983 2337 2142 2413; x_wconf 75' lang='lat' dir='ltr'><strong>plane</strong></span> 
     </span>
    </p>
   </div>
   <div class='ocr_carea' id='block_1_39' title="bbox 543 2405 2142 2484">
    <p class='ocr_par' dir='ltr' id='par_1_39' title="bbox 543 2405 2142 2484">
     <span class='ocr_line' id='line_1_39' title="bbox 543 2405 2142 2484; baseline -0.005 -16"><span class='ocrx_word' id='word_1_284' title='bbox 543 2405 737 2470; x_wconf 66' lang='lat' dir='ltr'><strong>similia</strong></span> <span class='ocrx_word' id='word_1_285' title='bbox 789 2430 910 2484; x_wconf 68' lang='lat' dir='ltr'><strong>quae</strong></span> <span class='ocrx_word' id='word_1_286' title='bbox 961 2425 1146 2468; x_wconf 80' lang='lat' dir='ltr'><strong>neSter</strong></span> <span class='ocrx_word' id='word_1_287' title='bbox 1215 2405 1414 2467; x_wconf 69' lang='lat' dir='ltr'><strong>auctor</strong></span> <span class='ocrx_word' id='word_1_288' title='bbox 1461 2409 1699 2479; x_wconf 83' lang='lat' dir='ltr'><strong>pressius</strong></span> <span class='ocrx_word' id='word_1_289' title='bbox 1728 2405 1992 2484; x_wconf 55' lang='lat' dir='ltr'><strong>quidem.</strong></span> <span class='ocrx_word' id='word_1_290' title='bbox 2047 2405 2142 2461; x_wconf 91' lang='lat' dir='ltr'><strong>sed</strong></span> 
     </span>
    </p>
   </div>
   <div class='ocr_carea' id='block_1_40' title="bbox 547 2477 2144 2554">
    <p class='ocr_par' dir='ltr' id='par_1_40' title="bbox 547 2477 2144 2554">
     <span class='ocr_line' id='line_1_40' title="bbox 547 2477 2144 2554; baseline -0.004 -13"><span class='ocrx_word' id='word_1_291' title='bbox 547 2502 653 2542; x_wconf 92' lang='lat' dir='ltr'><strong>non</strong></span> <span class='ocrx_word' id='word_1_292' title='bbox 685 2477 864 2542; x_wconf 80' lang='lat' dir='ltr'><strong>minus</strong></span> <span class='ocrx_word' id='word_1_293' title='bbox 891 2483 1246 2550; x_wconf 84' lang='lat' dir='ltr'><strong>vehementer</strong></span> <span class='ocrx_word' id='word_1_294' title='bbox 1273 2493 1328 2537; x_wconf 91' lang='lat' dir='ltr'><strong>et</strong></span> <span class='ocrx_word' id='word_1_295' title='bbox 1372 2477 1655 2554; x_wconf 72' lang='lat' dir='ltr'><strong>eleganter</strong></span> <span class='ocrx_word' id='word_1_296' title='bbox 1686 2480 1860 2536; x_wconf 70' lang='lat' dir='ltr'><strong>effert.</strong></span> <span class='ocrx_word' id='word_1_297' title='bbox 1910 2477 2144 2554; x_wconf 41' lang='lat' dir='ltr'><strong>[tegatur</strong></span> 
     </span>
    </p>
   </div>
   <div class='ocr_carea' id='block_1_41' title="bbox 550 2549 2146 2633">
    <p class='ocr_par' dir='ltr' id='par_1_41' title="bbox 550 2549 2146 2633">
     <span class='ocr_line' id='line_1_41' title="bbox 550 2549 2146 2633; baseline -0.005 -20"><span class='ocrx_word' id='word_1_298' title='bbox 550 2559 867 2633; x_wconf 76' lang='lat' dir='ltr'><strong>Ambrosius</strong></span> <span class='ocrx_word' id='word_1_299' title='bbox 900 2555 944 2633; x_wconf 66' lang='grc' dir='ltr'><strong>1.Δ</strong></span> <span class='ocrx_word' id='word_1_300' title='bbox 969 2555 1434 2633; x_wconf 44' lang='lat' dir='ltr'><strong>tndeuAbraham,</strong></span> <span class='ocrx_word' id='word_1_301' title='bbox 1464 2549 1698 2633; x_wconf 51' lang='lat' dir='ltr'><strong>&#39;cap._9,</strong></span> <span class='ocrx_word' id='word_1_302' title='bbox 1733 2566 1879 2633; x_wconf 63' lang='lat' dir='ltr'><strong>num.</strong></span> <span class='ocrx_word' id='word_1_303' title='bbox 2031 2594 2064 2633; x_wconf 34' lang='grc' dir='ltr'><strong>τ.</strong></span> <span class='ocrx_word' id='word_1_304' title='bbox 2091 2559 2146 2605; x_wconf 90' lang='lat' dir='ltr'><strong>et</strong></span> 
     </span>
    </p>
   </div>
   <div class='ocr_carea' id='block_1_42' title="bbox 546 2622 2144 2699">
    <p class='ocr_par' dir='ltr' id='par_1_42' title="bbox 546 2622 2144 2699">
     <span class='ocr_line' id='line_1_42' title="bbox 546 2622 2144 2699; baseline -0.005 -15"><span class='ocrx_word' id='word_1_305' title='bbox 546 2630 704 2699; x_wconf 91' lang='lat' dir='ltr'><strong>epist.</strong></span> <span class='ocrx_word' id='word_1_306' title='bbox 752 2629 843 2692; x_wconf 69' lang='lat'><strong>19,</strong></span> <span class='ocrx_word' id='word_1_307' title='bbox 881 2628 945 2682; x_wconf 87' lang='lat' dir='ltr'><strong>ad</strong></span> <span class='ocrx_word' id='word_1_308' title='bbox 979 2626 1362 2697; x_wconf 83' lang='lat' dir='ltr'><strong>Vigilium,cui</strong></span> <span class='ocrx_word' id='word_1_309' title='bbox 1395 2626 1506 2696; x_wconf 86' lang='lat' dir='ltr'><strong>jam</strong></span> <span class='ocrx_word' id='word_1_310' title='bbox 1541 2622 1796 2699; x_wconf 77' lang='lat' dir='ltr'><strong>episcopo</strong></span> <span class='ocrx_word' id='word_1_311' title='bbox 1821 2622 2144 2699; x_wconf 79' lang='lat' dir='ltr'><strong>Tridentino</strong></span> 
     </span>
    </p>
   </div>
   <div class='ocr_carea' id='block_1_43' title="bbox 549 2694 2141 2768">
    <p class='ocr_par' dir='ltr' id='par_1_43' title="bbox 549 2694 2141 2768">
     <span class='ocr_line' id='line_1_43' title="bbox 549 2694 2141 2768; baseline -0.004 -14"><span class='ocrx_word' id='word_1_312' title='bbox 549 2694 940 2758; x_wconf 80' lang='lat' dir='ltr'><strong>institutionem</strong></span> <span class='ocrx_word' id='word_1_313' title='bbox 986 2694 1229 2768; x_wconf 74' lang='lat' dir='ltr'><strong>poscenti</strong></span> <span class='ocrx_word' id='word_1_314' title='bbox 1263 2700 1365 2754; x_wconf 89' lang='lat' dir='ltr'><strong>hoc</strong></span> <span class='ocrx_word' id='word_1_315' title='bbox 1395 2694 1627 2768; x_wconf 84' lang='lat' dir='ltr'><strong>primum</strong></span> <span class='ocrx_word' id='word_1_316' title='bbox 1657 2697 1917 2768; x_wconf 84' lang='lat' dir='ltr'><strong>monitum</strong></span> <span class='ocrx_word' id='word_1_317' title='bbox 1950 2694 2141 2768; x_wconf 88' lang='lat' dir='ltr'><strong>dedit,</strong></span> 
     </span>
    </p>
   </div>
   <div class='ocr_carea' id='block_1_44' title="bbox 545 2765 2146 2841">
    <p class='ocr_par' dir='ltr' id='par_1_44' title="bbox 545 2765 2146 2841">
     <span class='ocr_line' id='line_1_44' title="bbox 545 2765 2146 2841; baseline -0.003 -15"><span class='ocrx_word' id='word_1_318' title='bbox 545 2772 756 2828; x_wconf 84' lang='lat' dir='ltr'><strong>videret</strong></span> <span class='ocrx_word' id='word_1_319' title='bbox 788 2787 854 2826; x_wconf 91' lang='lat' dir='ltr'><strong>ne</strong></span> <span class='ocrx_word' id='word_1_320' title='bbox 879 2765 1182 2841; x_wconf 75' lang='lat' dir='ltr'><strong>qualidelis</strong></span> <span class='ocrx_word' id='word_1_321' title='bbox 1203 2786 1324 2825; x_wconf 92' lang='lat' dir='ltr'><strong>cum</strong></span> <span class='ocrx_word' id='word_1_322' title='bbox 1354 2765 1554 2824; x_wconf 78' lang='lat' dir='ltr'><strong>infideli</strong></span> <span class='ocrx_word' id='word_1_323' title='bbox 1589 2765 1928 2824; x_wconf 86' lang='lat' dir='ltr'><strong>matrimonio</strong></span> <span class='ocrx_word' id='word_1_324' title='bbox 1952 2765 2146 2836; x_wconf 81' lang='lat' dir='ltr'><strong>junge-</strong></span> 
     </span>
    </p>
   </div>
   <div class='ocr_carea' id='block_1_45' title="bbox 545 2841 1637 2915">
    <p class='ocr_par' dir='ltr' id='par_1_45' title="bbox 545 2841 1637 2915">
     <span class='ocr_line' id='line_1_45' title="bbox 545 2841 1637 2915; baseline -0.005 -15"><span class='ocrx_word' id='word_1_325' title='bbox 545 2853 729 2915; x_wconf 81' lang='lat' dir='ltr'><strong>retur.</strong></span> <span class='ocrx_word' id='word_1_326' title='bbox 753 2842 887 2915; x_wconf 61' lang='lat' dir='ltr'><strong>Vide</strong></span> <span class='ocrx_word' id='word_1_327' title='bbox 915 2844 1066 2915; x_wconf 91' lang='lat' dir='ltr'><strong>plura</strong></span> <span class='ocrx_word' id='word_1_328' title='bbox 1091 2843 1306 2915; x_wconf 77' lang='lat' dir='ltr'><strong>dissert.</strong></span> <span class='ocrx_word' id='word_1_329' title='bbox 1338 2858 1398 2910; x_wconf 83' lang='lat' dir='ltr'><strong>ll,</strong></span> <span class='ocrx_word' id='word_1_330' title='bbox 1431 2856 1552 2915; x_wconf 84' lang='lat' dir='ltr'><strong>cap.</strong></span> <span class='ocrx_word' id='word_1_331' title='bbox 1583 2841 1637 2894; x_wconf 91' lang='lat'><strong>7.</strong></span> 
     </span>
    </p>
   </div>
   <div class='ocr_carea' id='block_1_46' title="bbox 626 2909 2145 2986">
    <p class='ocr_par' dir='ltr' id='par_1_46' title="bbox 626 2909 2145 2986">
     <span class='ocr_line' id='line_1_46' title="bbox 626 2909 2145 2986; baseline -0.003 -18"><span class='ocrx_word' id='word_1_332' title='bbox 626 2914 742 2986; x_wconf 76' lang='lat'><strong>(9.5)</strong></span> <span class='ocrx_word' id='word_1_333' title='bbox 779 2909 1061 2986; x_wconf 51' lang='lat' dir='ltr'><strong>Tota&#39;htec</strong></span> <span class='ocrx_word' id='word_1_334' title='bbox 1089 2913 1341 2983; x_wconf 81' lang='lat' dir='ltr'><strong>periodus</strong></span> <span class='ocrx_word' id='word_1_335' title='bbox 1374 2912 1523 2982; x_wconf 89' lang='lat' dir='ltr'><strong>nupti</strong></span> <span class='ocrx_word' id='word_1_336' title='bbox 1545 2927 1678 2986; x_wconf 75' lang='lat' dir='ltr'><strong>-_rum</strong></span> <span class='ocrx_word' id='word_1_337' title='bbox 1726 2909 2145 2986; x_wconf 79' lang='lat' dir='ltr'><strong>celebrationem</strong></span> 
     </span>
    </p>
   </div>
   <div class='ocr_carea' id='block_1_47' title="bbox 549 2981 2149 3053">
    <p class='ocr_par' dir='ltr' id='par_1_47' title="bbox 549 2981 2149 3053">
     <span class='ocr_line' id='line_1_47' title="bbox 549 2981 2149 3053; baseline -0.003 -11"><span class='ocrx_word' id='word_1_338' title='bbox 549 2981 671 3052; x_wconf 86' lang='lat' dir='ltr'><strong>cum</strong></span> <span class='ocrx_word' id='word_1_339' title='bbox 700 2981 900 3040; x_wconf 86' lang='lat' dir='ltr'><strong>infideli</strong></span> <span class='ocrx_word' id='word_1_340' title='bbox 930 2981 1143 3040; x_wconf 84' lang='lat' dir='ltr'><strong>videtur</strong></span> <span class='ocrx_word' id='word_1_341' title='bbox 1176 2981 1514 3053; x_wconf 84' lang='lat' dir='ltr'><strong>prospicere,</strong></span> <span class='ocrx_word' id='word_1_342' title='bbox 1545 2984 1595 3036; x_wconf 93' lang='lat' dir='ltr'><strong>in</strong></span> <span class='ocrx_word' id='word_1_343' title='bbox 1625 2996 1728 3052; x_wconf 88' lang='lat' dir='ltr'><strong>qua</strong></span> <span class='ocrx_word' id='word_1_344' title='bbox 1753 2983 1892 3036; x_wconf 89' lang='lat' dir='ltr'><strong>sicut</strong></span> <span class='ocrx_word' id='word_1_345' title='bbox 1923 2981 2149 3037; x_wconf 85' lang='lat' dir='ltr'><strong>membra</strong></span> 
     </span>
    </p>
   </div>
   <div class='ocr_carea' id='block_1_48' title="bbox 552 3053 2148 3124">
    <p class='ocr_par' dir='ltr' id='par_1_48' title="bbox 552 3053 2148 3124">
     <span class='ocr_line' id='line_1_48' title="bbox 552 3053 2148 3124; baseline -0.003 -13"><span class='ocrx_word' id='word_1_346' title='bbox 552 3057 774 3121; x_wconf 79' lang='lat' dir='ltr'><strong>Christi,</strong></span> <span class='ocrx_word' id='word_1_347' title='bbox 809 3056 859 3110; x_wconf 91' lang='lat' dir='ltr'><strong>id</strong></span> <span class='ocrx_word' id='word_1_348' title='bbox 900 3067 983 3111; x_wconf 89' lang='lat' dir='ltr'><strong>est</strong></span> <span class='ocrx_word' id='word_1_349' title='bbox 1013 3055 1256 3111; x_wconf 79' lang='lat' dir='ltr'><strong>mulieris</strong></span> <span class='ocrx_word' id='word_1_350' title='bbox 1298 3071 1516 3124; x_wconf 85' lang='lat' dir='ltr'><strong>corpus,</strong></span> <span class='ocrx_word' id='word_1_351' title='bbox 1549 3053 1918 3124; x_wconf 67' lang='lat' dir='ltr'><strong>dqunoniorum</strong></span> <span class='ocrx_word' id='word_1_352' title='bbox 1960 3055 2148 3119; x_wconf 78' lang='lat' dir='ltr'><strong>servis,</strong></span> 
     </span>
    </p>
   </div>
   <div class='ocr_carea' id='block_1_49' title="bbox 556 3122 2151 3194">
    <p class='ocr_par' dir='ltr' id='par_1_49' title="bbox 556 3122 2151 3194">
     <span class='ocr_line' id='line_1_49' title="bbox 556 3122 2151 3194; baseline -0.002 -11"><span class='ocrx_word' id='word_1_353' title='bbox 556 3129 606 3183; x_wconf 90' lang='lat' dir='ltr'><strong>id</strong></span> <span class='ocrx_word' id='word_1_354' title='bbox 649 3138 732 3183; x_wconf 72' lang='lat' dir='ltr'><strong>est</strong></span> <span class='ocrx_word' id='word_1_355' title='bbox 756 3128 985 3182; x_wconf 73' lang='lat' dir='ltr'><strong>etimit-is</strong></span> <span class='ocrx_word' id='word_1_356' title='bbox 1012 3129 1139 3182; x_wconf 87' lang='lat' dir='ltr'><strong>viris</strong></span> <span class='ocrx_word' id='word_1_357' title='bbox 1161 3168 1176 3192; x_wconf 95' lang='lat'><strong>,</strong></span> <span class='ocrx_word' id='word_1_358' title='bbox 1209 3122 1414 3181; x_wconf 81' lang='lat' dir='ltr'><strong>addicta</strong></span> <span class='ocrx_word' id='word_1_359' title='bbox 1439 3168 1451 3190; x_wconf 93' lang='lat'><strong>,</strong></span> <span class='ocrx_word' id='word_1_360' title='bbox 1486 3136 1539 3181; x_wconf 87' lang='lat' dir='ltr'><strong>et</strong></span> <span class='ocrx_word' id='word_1_361' title='bbox 1584 3122 1681 3178; x_wconf 88' lang='lat' dir='ltr'><strong>Dei</strong></span> <span class='ocrx_word' id='word_1_362' title='bbox 1733 3123 1859 3178; x_wconf 85' lang='lat' dir='ltr'><strong>item</strong></span> <span class='ocrx_word' id='word_1_363' title='bbox 1907 3126 2151 3194; x_wconf 86' lang='lat' dir='ltr'><strong>templum</strong></span> 
     </span>
    </p>
   </div>
   <div class='ocr_carea' id='block_1_50' title="bbox 558 3196 2151 3272">
    <p class='ocr_par' dir='ltr' id='par_1_50' title="bbox 558 3196 2151 3272">
     <span class='ocr_line' id='line_1_50' title="bbox 558 3196 2151 3272; baseline -0.004 -16"><span class='ocrx_word' id='word_1_364' title='bbox 558 3202 788 3272; x_wconf 74' lang='lat' dir='ltr'><strong>profanis</strong></span> <span class='ocrx_word' id='word_1_365' title='bbox 826 3205 1138 3272; x_wconf 62' lang='lat' dir='ltr'><strong>patefactum</strong></span> <span class='ocrx_word' id='word_1_366' title='bbox 1179 3198 1432 3272; x_wconf 67' lang='lat' dir='ltr'><strong>intelligit</strong></span> <span class='ocrx_word' id='word_1_367' title='bbox 1472 3198 1640 3272; x_wconf 81' lang='lat' dir='ltr'><strong>ipsam</strong></span> <span class='ocrx_word' id='word_1_368' title='bbox 1683 3196 1960 3272; x_wconf 82' lang='lat' dir='ltr'><strong>mulierem</strong></span> <span class='ocrx_word' id='word_1_369' title='bbox 2003 3197 2151 3272; x_wconf 84' lang='lat' dir='ltr'><strong>chri-</strong></span> 
     </span>
    </p>
   </div>
   <div class='ocr_carea' id='block_1_51' title="bbox 556 3338 2152 3417">
    <p class='ocr_par' dir='ltr' id='par_1_51' title="bbox 556 3338 2152 3417">
     <span class='ocr_line' id='line_1_51' title="bbox 556 3338 2152 3417; baseline -0.001 -20"><span class='ocrx_word' id='word_1_370' title='bbox 556 3343 870 3417; x_wconf 70' lang='lat' dir='ltr'><strong>Cyprianus</strong></span> <span class='ocrx_word' id='word_1_371' title='bbox 903 3338 952 3397; x_wconf 83' lang='lat' dir='ltr'><strong>in</strong></span> <span class='ocrx_word' id='word_1_372' title='bbox 1004 3352 1160 3397; x_wconf 88' lang='lat' dir='ltr'><strong>tract.</strong></span> <span class='ocrx_word' id='word_1_373' title='bbox 1204 3341 1491 3417; x_wconf 81' lang='lat' dir='ltr'><strong>de_llabitu</strong></span> <span class='ocrx_word' id='word_1_374' title='bbox 1525 3340 1790 3417; x_wconf 69' lang='lat' dir='ltr'><strong>virginum</strong></span> <span class='ocrx_word' id='word_1_375' title='bbox 1817 3338 2006 3417; x_wconf 75' lang='lat' dir='ltr'><strong>__(u_nde</strong></span> <span class='ocrx_word' id='word_1_376' title='bbox 2038 3339 2152 3417; x_wconf 88' lang='lat' dir='ltr'><strong>ipse</strong></span> 
     </span>
    </p>
   </div>
   <div class='ocr_carea' id='block_1_52' title="bbox 558 3409 2147 3478">
    <p class='ocr_par' dir='ltr' id='par_1_52' title="bbox 558 3409 2147 3478">
     <span class='ocr_line' id='line_1_52' title="bbox 558 3409 2147 3478; baseline -0.003 -8"><span class='ocrx_word' id='word_1_377' title='bbox 558 3409 618 3470; x_wconf 46' lang='lat' dir='ltr'><strong>Si</strong></span> <span class='ocrx_word' id='word_1_378' title='bbox 644 3409 794 3470; x_wconf 79' lang='lat' dir='ltr'><strong>Zeno</strong></span> <span class='ocrx_word' id='word_1_379' title='bbox 823 3414 916 3468; x_wconf 89' lang='lat' dir='ltr'><strong>lib.</strong></span> <span class='ocrx_word' id='word_1_380' title='bbox 945 3431 978 3470; x_wconf 91' lang='grc' dir='ltr'><strong>ιι</strong></span> <span class='ocrx_word' id='word_1_381' title='bbox 999 3455 1015 3478; x_wconf 84' lang='grc'><em>,</em></span> <span class='ocrx_word' id='word_1_382' title='bbox 1049 3423 1206 3470; x_wconf 88' lang='lat' dir='ltr'><strong>tract.</strong></span> <span class='ocrx_word' id='word_1_383' title='bbox 1237 3413 1340 3478; x_wconf 66' lang='grc'><strong>42,</strong></span> <span class='ocrx_word' id='word_1_384' title='bbox 1375 3429 1441 3474; x_wconf 75' lang='lat' dir='ltr'><strong>ex</strong></span> <span class='ocrx_word' id='word_1_385' title='bbox 1470 3413 1667 3468; x_wconf 82' lang='lat' dir='ltr'><strong>celebri</strong></span> <span class='ocrx_word' id='word_1_386' title='bbox 1703 3409 1855 3466; x_wconf 81' lang='lat' dir='ltr'><strong>Pauli</strong></span> <span class='ocrx_word' id='word_1_387' title='bbox 1885 3409 2147 3478; x_wconf 85' lang='lat' dir='ltr'><strong>formula,</strong></span> 
     </span>
    </p>
   </div>
   <div class='ocr_carea' id='block_1_53' title="bbox 561 3484 2152 3556">
    <p class='ocr_par' dir='ltr' id='par_1_53' title="bbox 561 3484 2152 3556">
     <span class='ocr_line' id='line_1_53' title="bbox 561 3484 2152 3556; baseline -0.001 -16"><span class='ocrx_word' id='word_1_388' title='bbox 561 3486 657 3540; x_wconf 87' lang='lat' dir='ltr'><strong>Dei</strong></span> <span class='ocrx_word' id='word_1_389' title='bbox 703 3488 893 3554; x_wconf 87' lang='lat' dir='ltr'><strong>templa</strong></span> <span class='ocrx_word' id='word_1_390' title='bbox 937 3484 1174 3556; x_wconf 84' lang='lat' dir='ltr'><strong>appellat</strong></span> <span class='ocrx_word' id='word_1_391' title='bbox 1224 3486 1560 3554; x_wconf 84' lang='lat' dir='ltr'><strong>baptizatos,</strong></span> <span class='ocrx_word' id='word_1_392' title='bbox 1595 3499 1730 3552; x_wconf 88' lang='lat' dir='ltr'><strong>quos</strong></span> <span class='ocrx_word' id='word_1_393' title='bbox 1748 3498 1920 3556; x_wconf 12' lang='lat' dir='ltr'><strong>,geum</strong></span> <span class='ocrx_word' id='word_1_394' title='bbox 1969 3495 2152 3538; x_wconf 89' lang='lat' dir='ltr'><strong>essent</strong></span> 
     </span>
    </p>
   </div>
   <div class='ocr_carea' id='block_1_54' title="bbox 556 3554 2153 3625">
    <p class='ocr_par' dir='ltr' id='par_1_54' title="bbox 556 3554 2153 3625">
     <span class='ocr_line' id='line_1_54' title="bbox 556 3554 2153 3625; baseline -0.003 -12"><span class='ocrx_word' id='word_1_395' title='bbox 556 3558 822 3625; x_wconf 76' lang='lat' dir='ltr'><strong>gentiles.</strong></span> <span class='ocrx_word' id='word_1_396' title='bbox 868 3554 1175 3612; x_wconf 71' lang='lat' dir='ltr'><strong>idololatria:</strong></span> <span class='ocrx_word' id='word_1_397' title='bbox 1214 3556 1336 3625; x_wconf 77' lang='lat' dir='ltr'><strong>fana</strong></span> <span class='ocrx_word' id='word_1_398' title='bbox 1369 3564 1656 3625; x_wconf 76' lang='lat' dir='ltr'><strong>vocaverat</strong></span> <span class='ocrx_word' id='word_1_399' title='bbox 1690 3573 1702 3610; x_wconf 90' lang='lat'><strong>:</strong></span> <span class='ocrx_word' id='word_1_400' title='bbox 1749 3554 1909 3620; x_wconf 84' lang='lat' dir='ltr'><strong>Quem</strong></span> <span class='ocrx_word' id='word_1_401' title='bbox 1957 3556 2153 3609; x_wconf 82' lang='lat' dir='ltr'><strong>noveris</strong></span> 
     </span>
    </p>
   </div>
   <div class='ocr_carea' id='block_1_55' title="bbox 557 3619 2153 3698">
    <p class='ocr_par' dir='ltr' id='par_1_55' title="bbox 557 3619 2153 3698">
     <span class='ocr_line' id='line_1_55' title="bbox 557 3619 2153 3698; baseline -0.003 -16"><span class='ocrx_word' id='word_1_402' title='bbox 557 3619 871 3683; x_wconf 72' lang='lat' dir='ltr'><strong>idololatria:</strong></span> <span class='ocrx_word' id='word_1_403' title='bbox 903 3633 1094 3698; x_wconf 79' lang='lat' dir='ltr'><strong>fanum,</strong></span> <span class='ocrx_word' id='word_1_404' title='bbox 1123 3619 1344 3698; x_wconf 66' lang='lat' dir='ltr'><strong>gaudeas</strong></span> <span class='ocrx_word' id='word_1_405' title='bbox 1366 3619 1460 3682; x_wconf 85' lang='lat' dir='ltr'><strong>Dei</strong></span> <span class='ocrx_word' id='word_1_406' title='bbox 1483 3628 1751 3698; x_wconf 83' lang='lat' dir='ltr'><strong>templum,</strong></span> <span class='ocrx_word' id='word_1_407' title='bbox 1770 3619 1848 3680; x_wconf 80' lang='lat' dir='ltr'><strong>ita</strong></span> <span class='ocrx_word' id='word_1_408' title='bbox 1879 3627 2037 3680; x_wconf 88' lang='lat' dir='ltr'><strong>etiam</strong></span> <span class='ocrx_word' id='word_1_409' title='bbox 2070 3644 2153 3679; x_wconf 85' lang='lat' dir='ltr'><strong>sa-</strong></span> 
     </span>
    </p>
   </div>
   <div class='ocr_carea' id='block_1_56' title="bbox 561 3698 2153 3769">
    <p class='ocr_par' dir='ltr' id='par_1_56' title="bbox 561 3698 2153 3769">
     <span class='ocr_line' id='line_1_56' title="bbox 561 3698 2153 3769; baseline 0 -16"><span class='ocrx_word' id='word_1_410' title='bbox 561 3701 732 3754; x_wconf 85' lang='lat' dir='ltr'><strong>craria</strong></span> <span class='ocrx_word' id='word_1_411' title='bbox 783 3715 878 3767; x_wconf 87' lang='lat' dir='ltr'><strong>per</strong></span> <span class='ocrx_word' id='word_1_412' title='bbox 908 3701 1192 3765; x_wconf 83' lang='lat' dir='ltr'><strong>quamdam</strong></span> <span class='ocrx_word' id='word_1_413' title='bbox 1222 3701 1590 3769; x_wconf 87' lang='lat' dir='ltr'><strong>gradationetn</strong></span> <span class='ocrx_word' id='word_1_414' title='bbox 1637 3698 1828 3752; x_wconf 90' lang='lat' dir='ltr'><strong>eodem</strong></span> <span class='ocrx_word' id='word_1_415' title='bbox 1881 3700 2153 3769; x_wconf 86' lang='lat' dir='ltr'><strong>pertinere</strong></span> 
     </span>
    </p>
   </div>
   <div class='ocr_carea' id='block_1_57' title="bbox 562 3768 2154 3840">
    <p class='ocr_par' dir='ltr' id='par_1_57' title="bbox 562 3768 2154 3840">
     <span class='ocr_line' id='line_1_57' title="bbox 562 3768 2154 3840; baseline 0.001 -17"><span class='ocrx_word' id='word_1_416' title='bbox 562 3771 694 3827; x_wconf 87' lang='lat' dir='ltr'><strong>nihil</strong></span> <span class='ocrx_word' id='word_1_417' title='bbox 730 3770 1082 3840; x_wconf 80' lang='lat' dir='ltr'><strong>atnbigimns.</strong></span> <span class='ocrx_word' id='word_1_418' title='bbox 1138 3768 1304 3826; x_wconf 78' lang='lat' dir='ltr'><strong>Sacra</strong></span> <span class='ocrx_word' id='word_1_419' title='bbox 1345 3781 1526 3826; x_wconf 88' lang='lat' dir='ltr'><strong>autem</strong></span> <span class='ocrx_word' id='word_1_420' title='bbox 1577 3771 1790 3839; x_wconf 73' lang='lat' dir='ltr'><strong>confusu</strong></span> <span class='ocrx_word' id='word_1_421' title='bbox 1835 3769 1960 3837; x_wconf 92' lang='lat' dir='ltr'><strong>quid</strong></span> <span class='ocrx_word' id='word_1_422' title='bbox 2005 3768 2154 3824; x_wconf 80' lang='lat' dir='ltr'><strong>Zeno</strong></span> 
     </span>
    </p>
   </div>
   <div class='ocr_carea' id='block_1_58' title="bbox 565 3839 2149 3912">
    <p class='ocr_par' dir='ltr' id='par_1_58' title="bbox 565 3839 2149 3912">
     <span class='ocr_line' id='line_1_58' title="bbox 565 3839 2149 3912; baseline -0.001 -16"><span class='ocrx_word' id='word_1_423' title='bbox 565 3839 798 3912; x_wconf 80' lang='lat' dir='ltr'><strong>dixerit,</strong></span> <span class='ocrx_word' id='word_1_424' title='bbox 841 3843 1174 3912; x_wconf 63' lang='lat' dir='ltr'><strong>ignoramus,</strong></span> <span class='ocrx_word' id='word_1_425' title='bbox 1231 3842 1330 3898; x_wconf 89' lang='lat' dir='ltr'><strong>nisi</strong></span> <span class='ocrx_word' id='word_1_426' title='bbox 1383 3840 1520 3895; x_wconf 89' lang='lat' dir='ltr'><strong>forte</strong></span> <span class='ocrx_word' id='word_1_427' title='bbox 1571 3850 1774 3910; x_wconf 87' lang='lat' dir='ltr'><strong>spectet</strong></span> <span class='ocrx_word' id='word_1_428' title='bbox 1821 3854 1972 3894; x_wconf 90' lang='lat' dir='ltr'><strong>sacra</strong></span> <span class='ocrx_word' id='word_1_429' title='bbox 2019 3841 2149 3906; x_wconf 89' lang='lat' dir='ltr'><strong>illa,</strong></span> 
     </span>
    </p>
   </div>
   <div class='ocr_carea' id='block_1_59' title="bbox 562 3911 2155 3983">
    <p class='ocr_par' dir='ltr' id='par_1_59' title="bbox 562 3911 2155 3983">
     <span class='ocr_line' id='line_1_59' title="bbox 562 3911 2155 3983; baseline -0.001 -16"><span class='ocrx_word' id='word_1_430' title='bbox 562 3928 682 3982; x_wconf 67' lang='lat' dir='ltr'><strong>quae</strong></span> <span class='ocrx_word' id='word_1_431' title='bbox 722 3911 889 3983; x_wconf 82' lang='lat' dir='ltr'><strong>illatis</strong></span> <span class='ocrx_word' id='word_1_432' title='bbox 936 3928 965 3965; x_wconf 92' lang='lat' dir='ltr'><strong>a</strong></span> <span class='ocrx_word' id='word_1_433' title='bbox 1007 3911 1201 3968; x_wconf 88' lang='lat' dir='ltr'><strong>marito</strong></span> <span class='ocrx_word' id='word_1_434' title='bbox 1225 3912 1411 3983; x_wconf 85' lang='lat' dir='ltr'><strong>gentili</strong></span> <span class='ocrx_word' id='word_1_435' title='bbox 1445 3913 1496 3966; x_wconf 91' lang='lat' dir='ltr'><strong>in</strong></span> <span class='ocrx_word' id='word_1_436' title='bbox 1539 3927 1690 3966; x_wconf 64' lang='lat' dir='ltr'><strong>navie</strong></span> <span class='ocrx_word' id='word_1_437' title='bbox 1723 3920 1902 3980; x_wconf 70' lang='lat' dir='ltr'><strong>nuptm.</strong></span> <span class='ocrx_word' id='word_1_438' title='bbox 1933 3912 2155 3966; x_wconf 89' lang='lat' dir='ltr'><strong>cubicu-</strong></span> 
     </span>
    </p>
   </div>
   <div class='ocr_carea' id='block_1_60' title="bbox 564 3982 2154 4053">
    <p class='ocr_par' dir='ltr' id='par_1_60' title="bbox 564 3982 2154 4053">
     <span class='ocr_line' id='line_1_60' title="bbox 564 3982 2154 4053; baseline -0.001 -15"><span class='ocrx_word' id='word_1_439' title='bbox 564 3985 673 4044; x_wconf 89' lang='lat' dir='ltr'><strong>lum</strong></span> <span class='ocrx_word' id='word_1_440' title='bbox 705 3982 894 4048; x_wconf 87' lang='lat' dir='ltr'><strong>idolis,</strong></span> <span class='ocrx_word' id='word_1_441' title='bbox 929 3999 995 4038; x_wconf 80' lang='lat' dir='ltr'><strong>ex</strong></span> <span class='ocrx_word' id='word_1_442' title='bbox 1028 3982 1356 4053; x_wconf 85' lang='lat' dir='ltr'><strong>paganorum</strong></span> <span class='ocrx_word' id='word_1_443' title='bbox 1391 3983 1494 4038; x_wconf 91' lang='lat' dir='ltr'><strong>ritu</strong></span> <span class='ocrx_word' id='word_1_444' title='bbox 1528 3983 1701 4053; x_wconf 91' lang='lat' dir='ltr'><strong>primo</strong></span> <span class='ocrx_word' id='word_1_445' title='bbox 1732 3985 2035 4048; x_wconf 90' lang='lat' dir='ltr'><strong>nuptiarum</strong></span> <span class='ocrx_word' id='word_1_446' title='bbox 2066 3985 2154 4038; x_wconf 86' lang='lat' dir='ltr'><strong>die</strong></span> 
     </span>
    </p>
   </div>
   <div class='ocr_carea' id='block_1_61' title="bbox 565 4053 2155 4126">
    <p class='ocr_par' dir='ltr' id='par_1_61' title="bbox 565 4053 2155 4126">
     <span class='ocr_line' id='line_1_61' title="bbox 565 4053 2155 4126; baseline -0.001 -16"><span class='ocrx_word' id='word_1_447' title='bbox 565 4055 988 4126; x_wconf 86' lang='lat' dir='ltr'><strong>peragebantur;</strong></span> <span class='ocrx_word' id='word_1_448' title='bbox 1017 4070 1082 4110; x_wconf 82' lang='lat' dir='ltr'><strong>ex</strong></span> <span class='ocrx_word' id='word_1_449' title='bbox 1125 4071 1230 4126; x_wconf 92' lang='lat' dir='ltr'><strong>quo</strong></span> <span class='ocrx_word' id='word_1_450' title='bbox 1269 4055 1448 4109; x_wconf 85' lang='lat' dir='ltr'><strong>domus</strong></span> <span class='ocrx_word' id='word_1_451' title='bbox 1491 4056 1542 4107; x_wconf 88' lang='lat' dir='ltr'><strong>iu</strong></span> <span class='ocrx_word' id='word_1_452' title='bbox 1583 4058 1761 4126; x_wconf 75' lang='lat' dir='ltr'><strong>[anum</strong></span> <span class='ocrx_word' id='word_1_453' title='bbox 1806 4064 2006 4110; x_wconf 89' lang='lat' dir='ltr'><strong>mutata</strong></span> <span class='ocrx_word' id='word_1_454' title='bbox 2047 4053 2155 4126; x_wconf 85' lang='lat' dir='ltr'><strong>dici</strong></span> 
     </span>
    </p>
   </div>
   <div class='ocr_carea' id='block_1_62' title="bbox 565 4124 2152 4196">
    <p class='ocr_par' dir='ltr' id='par_1_62' title="bbox 565 4124 2152 4196">
     <span class='ocr_line' id='line_1_62' title="bbox 565 4124 2152 4196; baseline -0.001 -16"><span class='ocrx_word' id='word_1_455' title='bbox 565 4124 758 4190; x_wconf 77' lang='lat' dir='ltr'><strong>potuit.</strong></span> <span class='ocrx_word' id='word_1_456' title='bbox 789 4125 951 4183; x_wconf 87' lang='lat' dir='ltr'><strong>Forte</strong></span> <span class='ocrx_word' id='word_1_457' title='bbox 979 4124 1354 4182; x_wconf 14' lang='lat' dir='ltr'><strong>etiamidomus</strong></span> <span class='ocrx_word' id='word_1_458' title='bbox 1376 4128 1500 4196; x_wconf 79' lang='lat' dir='ltr'><strong>[ana</strong></span> <span class='ocrx_word' id='word_1_459' title='bbox 1530 4124 1705 4180; x_wconf 81' lang='lat' dir='ltr'><strong>vocari</strong></span> <span class='ocrx_word' id='word_1_460' title='bbox 1734 4133 1986 4194; x_wconf 86' lang='lat' dir='ltr'><strong>potuere,</strong></span> <span class='ocrx_word' id='word_1_461' title='bbox 2011 4124 2152 4196; x_wconf 87' lang='lat' dir='ltr'><strong>quod</strong></span> 
     </span>
    </p>
   </div>
   <div class='ocr_carea' id='block_1_63' title="bbox 565 4195 2156 4269">
    <p class='ocr_par' dir='ltr' id='par_1_63' title="bbox 565 4195 2156 4269">
     <span class='ocr_line' id='line_1_63' title="bbox 565 4195 2156 4269; baseline -0.001 -16"><span class='ocrx_word' id='word_1_462' title='bbox 565 4198 618 4253; x_wconf 80' lang='lat' dir='ltr'><strong>in</strong></span> <span class='ocrx_word' id='word_1_463' title='bbox 665 4200 889 4269; x_wconf 79' lang='lat' dir='ltr'><strong>privatis</strong></span> <span class='ocrx_word' id='word_1_464' title='bbox 933 4213 1261 4269; x_wconf 83' lang='lat' dir='ltr'><strong>paganorum</strong></span> <span class='ocrx_word' id='word_1_465' title='bbox 1292 4195 1541 4253; x_wconf 89' lang='lat' dir='ltr'><strong>domibus</strong></span> <span class='ocrx_word' id='word_1_466' title='bbox 1579 4206 1763 4252; x_wconf 81' lang='lat' dir='ltr'><strong>essent</strong></span> <span class='ocrx_word' id='word_1_467' title='bbox 1812 4195 1987 4269; x_wconf 82' lang='lat' dir='ltr'><strong>i_do_la,</strong></span> <span class='ocrx_word' id='word_1_468' title='bbox 2034 4195 2156 4269; x_wconf 81' lang='lat' dir='ltr'><strong>quae</strong></span> 
     </span>
    </p>
   </div>
   <div class='ocr_carea' id='block_1_64' title="bbox 564 4265 2156 4334">
    <p class='ocr_par' dir='ltr' id='par_1_64' title="bbox 564 4265 2156 4334">
     <span class='ocr_line' id='line_1_64' title="bbox 564 4265 2156 4334; baseline 0.001 -12"><span class='ocrx_word' id='word_1_469' title='bbox 564 4265 766 4324; x_wconf 80' lang='lat' dir='ltr'><strong>divinis</strong></span> <span class='ocrx_word' id='word_1_470' title='bbox 793 4265 1090 4325; x_wconf 75' lang='lat' dir='ltr'><strong>honoribus</strong></span> <span class='ocrx_word' id='word_1_471' title='bbox 1117 4271 1433 4325; x_wconf 87' lang='lat' dir='ltr'><strong>colebantur</strong></span> <span class='ocrx_word' id='word_1_472' title='bbox 1459 4287 1477 4324; x_wconf 90' lang='lat'><em>:</em></span> <span class='ocrx_word' id='word_1_473' title='bbox 1506 4285 1626 4324; x_wconf 89' lang='lat' dir='ltr'><strong>nam</strong></span> <span class='ocrx_word' id='word_1_474' title='bbox 1649 4311 1662 4334; x_wconf 92' lang='lat'><strong>,</strong></span> <span class='ocrx_word' id='word_1_475' title='bbox 1693 4276 1751 4323; x_wconf 91' lang='lat' dir='ltr'><strong>ut</strong></span> <span class='ocrx_word' id='word_1_476' title='bbox 1778 4266 1853 4322; x_wconf 87' lang='lat' dir='ltr'><strong>ait</strong></span> <span class='ocrx_word' id='word_1_477' title='bbox 1872 4265 2156 4324; x_wconf 86' lang='lat' dir='ltr'><strong>Tertullia-</strong></span> 
     </span>
    </p>
   </div>
   <div class='ocr_carea' id='block_1_65' title="bbox 566 4339 2157 4409">
    <p class='ocr_par' dir='ltr' id='par_1_65' title="bbox 566 4339 2157 4409">
     <span class='ocr_line' id='line_1_65' title="bbox 566 4339 2157 4409; baseline -0.001 -14"><span class='ocrx_word' id='word_1_478' title='bbox 566 4355 688 4409; x_wconf 85' lang='lat' dir='ltr'><strong>mts,</strong></span> <span class='ocrx_word' id='word_1_479' title='bbox 714 4341 804 4397; x_wconf 88' lang='lat' dir='ltr'><strong>lib.</strong></span> <span class='ocrx_word' id='word_1_480' title='bbox 827 4341 946 4396; x_wconf 87' lang='lat' dir='ltr'><strong>uad</strong></span> <span class='ocrx_word' id='word_1_481' title='bbox 971 4341 1224 4407; x_wconf 80' lang='lat' dir='ltr'><strong>Uxorem,</strong></span> <span class='ocrx_word' id='word_1_482' title='bbox 1243 4358 1362 4409; x_wconf 84' lang='lat' dir='ltr'><strong>cap.</strong></span> <span class='ocrx_word' id='word_1_483' title='bbox 1385 4342 1446 4395; x_wconf 86' lang='lat'><strong>6:</strong></span> <span class='ocrx_word' id='word_1_484' title='bbox 1475 4339 1527 4394; x_wconf 86' lang='grc' dir='ltr'><em>Μ</em></span> <span class='ocrx_word' id='word_1_485' title='bbox 1536 4352 1709 4394; x_wconf 87' lang='lat' dir='ltr'><strong>oratur</strong></span> <span class='ocrx_word' id='word_1_486' title='bbox 1725 4339 1818 4393; x_wconf 81' lang='lat' dir='ltr'><strong>Dei</strong></span> <span class='ocrx_word' id='word_1_487' title='bbox 1831 4341 2021 4394; x_wconf 73' lang='lat' dir='ltr'><strong>anellla</strong></span> <span class='ocrx_word' id='word_1_488' title='bbox 2040 4356 2157 4393; x_wconf 85' lang='lat' dir='ltr'><strong>cum</strong></span> 
     </span>
    </p>
   </div>
   <div class='ocr_carea' id='block_1_66' title="bbox 567 4411 2156 4476">
    <p class='ocr_par' dir='ltr' id='par_1_66' title="bbox 567 4411 2156 4476">
     <span class='ocr_line' id='line_1_66' title="bbox 567 4411 2156 4476; baseline -0.001 -10"><span class='ocrx_word' id='word_1_489' title='bbox 567 4411 785 4468; x_wconf 87' lang='lat' dir='ltr'><strong>Laribus</strong></span> <span class='ocrx_word' id='word_1_490' title='bbox 815 4413 996 4468; x_wconf 89' lang='lat' dir='ltr'><strong>alienis</strong></span> <span class='ocrx_word' id='word_1_491' title='bbox 1017 4453 1031 4476; x_wconf 91' lang='lat'><strong>,</strong></span> <span class='ocrx_word' id='word_1_492' title='bbox 1063 4423 1109 4466; x_wconf 91' lang='lat' dir='ltr'><strong>et</strong></span> <span class='ocrx_word' id='word_1_493' title='bbox 1149 4414 1277 4467; x_wconf 87' lang='lat' dir='ltr'><strong>inter</strong></span> <span class='ocrx_word' id='word_1_494' title='bbox 1319 4414 1434 4467; x_wconf 89' lang='lat' dir='ltr'><strong>illos</strong></span> <span class='ocrx_word' id='word_1_495' title='bbox 1463 4411 1696 4466; x_wconf 82' lang='lat' dir='ltr'><strong>omnibus</strong></span> <span class='ocrx_word' id='word_1_496' title='bbox 1737 4411 2014 4465; x_wconf 85' lang='lat' dir='ltr'><strong>honoribus</strong></span> <span class='ocrx_word' id='word_1_497' title='bbox 2052 4412 2156 4465; x_wconf 78' lang='lat' dir='ltr'><strong>da:-</strong></span> 
     </span>
    </p>
   </div>
   <div class='ocr_carea' id='block_1_67' title="bbox 567 4483 2152 4559">
    <p class='ocr_par' dir='ltr' id='par_1_67' title="bbox 567 4483 2152 4559">
     <span class='ocr_line' id='line_1_67' title="bbox 567 4483 2152 4559; baseline 0 -24"><span class='ocrx_word' id='word_1_498' title='bbox 567 4500 775 4559; x_wconf 76' lang='lat' dir='ltr'><strong>ntonum</strong></span> <span class='ocrx_word' id='word_1_499' title='bbox 800 4527 814 4550; x_wconf 93' lang='lat'><strong>,</strong></span> <span class='ocrx_word' id='word_1_500' title='bbox 845 4485 1078 4538; x_wconf 86' lang='lat' dir='ltr'><strong>omnibus</strong></span> <span class='ocrx_word' id='word_1_501' title='bbox 1107 4483 1416 4559; x_wconf 65' lang='lat' dir='ltr'><strong>sulcantibus</strong></span> <span class='ocrx_word' id='word_1_502' title='bbox 1439 4500 1616 4559; x_wconf 69' lang='lat' dir='ltr'><strong>regum</strong></span> <span class='ocrx_word' id='word_1_503' title='bbox 1641 4525 1659 4559; x_wconf 76' lang='lat'><strong>,</strong></span> <span class='ocrx_word' id='word_1_504' title='bbox 1683 4484 1961 4559; x_wconf 81' lang='lat' dir='ltr'><strong>incipiente</strong></span> <span class='ocrx_word' id='word_1_505' title='bbox 1986 4499 2120 4559; x_wconf 82' lang='lat' dir='ltr'><strong>anno</strong></span> <span class='ocrx_word' id='word_1_506' title='bbox 2137 4525 2152 4549; x_wconf 88' lang='lat'><strong>,</strong></span> 
     </span>
    </p>
   </div>
   <div class='ocr_carea' id='block_1_68' title="bbox 566 4554 2156 4636">
    <p class='ocr_par' dir='ltr' id='par_1_68' title="bbox 566 4554 2156 4636">
     <span class='ocr_line' id='line_1_68' title="bbox 566 4554 2156 4636; baseline 0 -28"><span class='ocrx_word' id='word_1_507' title='bbox 566 4554 852 4636; x_wconf 66' lang='lat' dir='ltr'><strong>incipiente</strong></span> <span class='ocrx_word' id='word_1_508' title='bbox 868 4573 1065 4622; x_wconf 86' lang='lat' dir='ltr'><strong>mense,</strong></span> <span class='ocrx_word' id='word_1_509' title='bbox 1100 4556 1278 4636; x_wconf 79' lang='lat' dir='ltr'><strong>nidore</strong></span> <span class='ocrx_word' id='word_1_510' title='bbox 1310 4554 1810 4636; x_wconf 56' lang='lat' dir='ltr'><strong>that-is_:rtgitabit_ttr,</strong></span> <span class='ocrx_word' id='word_1_511' title='bbox 1841 4564 1908 4634; x_wconf 82' lang='lat' dir='ltr'><strong>et_</strong></span> <span class='ocrx_word' id='word_1_512' title='bbox 1920 4554 2156 4636; x_wconf 67' lang='lat' dir='ltr'><strong>procedet</strong></span> 
     </span>
    </p>
   </div>
   <div class='ocr_carea' id='block_1_69' title="bbox 2241 1907 3777 1982">
    <p class='ocr_par' dir='ltr' id='par_1_69' title="bbox 2241 1907 3777 1982">
     <span class='ocr_line' id='line_1_69' title="bbox 2241 1907 3777 1982; baseline 0.003 -20"><span class='ocrx_word' id='word_1_513' title='bbox 2241 1907 2999 1982; x_wconf 31' lang='lat' dir='ltr'><strong>pellatas‘primoAinvcnitmts</strong></span> <span class='ocrx_word' id='word_1_514' title='bbox 3024 1909 3161 1982; x_wconf 86' lang='lat' dir='ltr'><strong>apud</strong></span> <span class='ocrx_word' id='word_1_515' title='bbox 3195 1909 3255 1965; x_wconf 88' lang='lat' dir='ltr'><strong>S.</strong></span> <span class='ocrx_word' id='word_1_516' title='bbox 3282 1907 3632 1982; x_wconf 76' lang='lat' dir='ltr'><strong>Ambrosium,</strong></span> <span class='ocrx_word' id='word_1_517' title='bbox 3654 1907 3777 1982; x_wconf 81' lang='lat' dir='ltr'><strong>epist.</strong></span> 
     </span>
    </p>
   </div>
   <div class='ocr_carea' id='block_1_70' title="bbox 2241 1979 3779 2045">
    <p class='ocr_par' dir='ltr' id='par_1_70' title="bbox 2241 1979 3779 2045">
     <span class='ocr_line' id='line_1_70' title="bbox 2241 1979 3779 2045; baseline 0.004 -13"><span class='ocrx_word' id='word_1_518' title='bbox 2241 1994 2309 2032; x_wconf 78' lang='lat' dir='ltr'><strong>xx</strong></span> <span class='ocrx_word' id='word_1_519' title='bbox 2331 2021 2347 2045; x_wconf 91' lang='lat'><strong>,</strong></span> <span class='ocrx_word' id='word_1_520' title='bbox 2383 1995 2436 2034; x_wconf 85' lang='grc' dir='ltr'>ιι.</span> <span class='ocrx_word' id='word_1_521' title='bbox 2468 1979 2537 2042; x_wconf 77' lang='lat'><strong>2,</strong></span> <span class='ocrx_word' id='word_1_522' title='bbox 2568 1989 2625 2033; x_wconf 89' lang='lat' dir='ltr'><strong>ut</strong></span> <span class='ocrx_word' id='word_1_523' title='bbox 2661 1979 3030 2035; x_wconf 83' lang='lat' dir='ltr'><strong>Gothofredus</strong></span> <span class='ocrx_word' id='word_1_524' title='bbox 3063 1979 3453 2036; x_wconf 83' lang='lat' dir='ltr'><strong>animadvertit</strong></span> <span class='ocrx_word' id='word_1_525' title='bbox 3499 1985 3544 2036; x_wconf 92' lang='lat' dir='ltr'><strong>in</strong></span> <span class='ocrx_word' id='word_1_526' title='bbox 3591 1979 3708 2038; x_wconf 80' lang='lat' dir='ltr'><strong>notis</strong></span> <span class='ocrx_word' id='word_1_527' title='bbox 3729 1985 3779 2039; x_wconf 89' lang='lat' dir='ltr'><strong>ad</strong></span> 
     </span>
    </p>
   </div>
   <div class='ocr_carea' id='block_1_71' title="bbox 2243 2050 3780 2125">
    <p class='ocr_par' dir='ltr' id='par_1_71' title="bbox 2243 2050 3780 2125">
     <span class='ocr_line' id='line_1_71' title="bbox 2243 2050 3780 2125; baseline 0.003 -21"><span class='ocrx_word' id='word_1_528' title='bbox 2243 2051 2455 2105; x_wconf 91' lang='lat' dir='ltr'><strong>titulum</strong></span> <span class='ocrx_word' id='word_1_529' title='bbox 2485 2051 2547 2104; x_wconf 87' lang='lat' dir='ltr'><strong>de</strong></span> <span class='ocrx_word' id='word_1_530' title='bbox 2577 2050 3021 2125; x_wconf 13' lang='lat' dir='ltr'><strong>Vl’aganis,prope</strong></span> <span class='ocrx_word' id='word_1_531' title='bbox 3052 2053 3236 2115; x_wconf 78' lang='lat' dir='ltr'><strong>finem.</strong></span> <span class='ocrx_word' id='word_1_532' title='bbox 3261 2069 3379 2125; x_wconf 89' lang='lat' dir='ltr'><strong>pag.</strong></span> <span class='ocrx_word' id='word_1_533' title='bbox 3405 2052 3525 2110; x_wconf 75' lang='grc'><strong>255.</strong></span> <span class='ocrx_word' id='word_1_534' title='bbox 3549 2052 3698 2110; x_wconf 87' lang='lat' dir='ltr'><strong>Unum</strong></span> <span class='ocrx_word' id='word_1_535' title='bbox 3722 2067 3780 2109; x_wconf 86' lang='lat' dir='ltr'><strong>ta-</strong></span> 
     </span>
    </p>
   </div>
   <div class='ocr_carea' id='block_1_72' title="bbox 2243 2124 3776 2199">
    <p class='ocr_par' dir='ltr' id='par_1_72' title="bbox 2243 2124 3776 2199">
     <span class='ocr_line' id='line_1_72' title="bbox 2243 2124 3776 2199; baseline 0.004 -25"><span class='ocrx_word' id='word_1_536' title='bbox 2243 2138 2364 2176; x_wconf 92' lang='lat' dir='ltr'><strong>men</strong></span> <span class='ocrx_word' id='word_1_537' title='bbox 2391 2124 2730 2199; x_wconf 61' lang='lat' dir='ltr'><strong>vetustius</strong></span> <span class='ocrx_word' id='word_1_538' title='bbox 2763 2124 2956 2199; x_wconf 67' lang='lat' dir='ltr'><strong>llilarii</strong></span> <span class='ocrx_word' id='word_1_539' title='bbox 2975 2124 3353 2199; x_wconf 76' lang='lat' dir='ltr'><strong>testimonium</strong></span> <span class='ocrx_word' id='word_1_540' title='bbox 3371 2127 3587 2199; x_wconf 86' lang='lat' dir='ltr'><strong>suppetit</strong></span> <span class='ocrx_word' id='word_1_541' title='bbox 3608 2127 3654 2199; x_wconf 88' lang='lat' dir='ltr'><strong>iu</strong></span> <span class='ocrx_word' id='word_1_542' title='bbox 3673 2127 3776 2197; x_wconf 79' lang='lat' dir='ltr'><strong>ps-d.</strong></span> 
     </span>
    </p>
   </div>
   <div class='ocr_carea' id='block_1_73' title="bbox 2241 2194 3778 2265">
    <p class='ocr_par' dir='ltr' id='par_1_73' title="bbox 2241 2194 3778 2265">
     <span class='ocr_line' id='line_1_73' title="bbox 2241 2194 3778 2265; baseline 0.001 -17"><span class='ocrx_word' id='word_1_543' title='bbox 2241 2209 2406 2248; x_wconf 72' lang='lat' dir='ltr'><strong>CXXVI</strong></span> <span class='ocrx_word' id='word_1_544' title='bbox 2432 2235 2446 2257; x_wconf 88' lang='lat'><strong>,</strong></span> <span class='ocrx_word' id='word_1_545' title='bbox 2481 2211 2630 2248; x_wconf 90' lang='lat' dir='ltr'><strong>num.</strong></span> <span class='ocrx_word' id='word_1_546' title='bbox 2661 2196 2727 2258; x_wconf 86' lang='grc'><strong>’5,</strong></span> <span class='ocrx_word' id='word_1_547' title='bbox 2761 2196 2847 2252; x_wconf 91' lang='lat' dir='ltr'><strong>ubi</strong></span> <span class='ocrx_word' id='word_1_548' title='bbox 2872 2237 2884 2255; x_wconf 87' lang='lat'><strong>.</strong></span> <span class='ocrx_word' id='word_1_549' title='bbox 2915 2194 3205 2252; x_wconf 73' lang='lat' dir='ltr'><strong>Constemus</strong></span> <span class='ocrx_word' id='word_1_550' title='bbox 3249 2194 3562 2251; x_wconf 77' lang='lat' dir='ltr'><strong>ecclesiarum</strong></span> <span class='ocrx_word' id='word_1_551' title='bbox 3582 2238 3595 2262; x_wconf 90' lang='lat'><strong>,</strong></span> <span class='ocrx_word' id='word_1_552' title='bbox 3619 2194 3778 2265; x_wconf 71' lang='lat' dir='ltr'><strong>inquit,</strong></span> 
     </span>
    </p>
   </div>
   <div class='ocr_carea' id='block_1_74' title="bbox 2243 2267 3780 2336">
    <p class='ocr_par' dir='ltr' id='par_1_74' title="bbox 2243 2267 3780 2336">
     <span class='ocr_line' id='line_1_74' title="bbox 2243 2267 3780 2336; baseline 0.002 -19"><span class='ocrx_word' id='word_1_553' title='bbox 2243 2267 2556 2319; x_wconf 83' lang='lat' dir='ltr'><strong>consuetudo</strong></span> <span class='ocrx_word' id='word_1_554' title='bbox 2583 2278 2756 2320; x_wconf 86' lang='lat' dir='ltr'><strong>nostra</strong></span> <span class='ocrx_word' id='word_1_555' title='bbox 2785 2268 2861 2321; x_wconf 82' lang='lat' dir='ltr'><strong>vel</strong></span> <span class='ocrx_word' id='word_1_556' title='bbox 2881 2268 3088 2321; x_wconf 86' lang='lat' dir='ltr'><strong>domum</strong></span> <span class='ocrx_word' id='word_1_557' title='bbox 3119 2268 3215 2322; x_wconf 89' lang='lat' dir='ltr'><strong>Dei</strong></span> <span class='ocrx_word' id='word_1_558' title='bbox 3237 2268 3388 2324; x_wconf 89' lang='lat' dir='ltr'><strong>solita</strong></span> <span class='ocrx_word' id='word_1_559' title='bbox 3413 2281 3484 2323; x_wconf 86' lang='lat' dir='ltr'><strong>est</strong></span> <span class='ocrx_word' id='word_1_560' title='bbox 3508 2286 3780 2336; x_wconf 81' lang='lat' dir='ltr'><strong>nuncupare,</strong></span> 
     </span>
    </p>
   </div>
   <div class='ocr_carea' id='block_1_75' title="bbox 2244 2337 3780 2408">
    <p class='ocr_par' dir='ltr' id='par_1_75' title="bbox 2244 2337 3780 2408">
     <span class='ocr_line' id='line_1_75' title="bbox 2244 2337 3780 2408; baseline 0.005 -19"><span class='ocrx_word' id='word_1_561' title='bbox 2244 2338 2322 2391; x_wconf 82' lang='lat' dir='ltr'><strong>vel</strong></span> <span class='ocrx_word' id='word_1_562' title='bbox 2343 2338 2586 2406; x_wconf 76' lang='lat' dir='ltr'><strong>templum</strong></span> <span class='ocrx_word' id='word_1_563' title='bbox 2611 2355 2628 2391; x_wconf 91' lang='lat'><em>:</em></span> <span class='ocrx_word' id='word_1_564' title='bbox 2652 2337 2846 2408; x_wconf 84' lang='lat' dir='ltr'><strong>quibus</strong></span> <span class='ocrx_word' id='word_1_565' title='bbox 2885 2339 3063 2394; x_wconf 80' lang='lat' dir='ltr'><strong>verbis</strong></span> <span class='ocrx_word' id='word_1_566' title='bbox 3084 2339 3377 2408; x_wconf 79' lang='lat' dir='ltr'><strong>significari</strong></span> <span class='ocrx_word' id='word_1_567' title='bbox 3411 2340 3603 2395; x_wconf 88' lang='lat' dir='ltr'><strong>videtur</strong></span> <span class='ocrx_word' id='word_1_568' title='bbox 3634 2337 3780 2396; x_wconf 79' lang='lat' dir='ltr'><strong>Hilarii</strong></span> 
     </span>
    </p>
   </div>
   <div class='ocr_carea' id='block_1_76' title="bbox 2245 2411 3780 2478">
    <p class='ocr_par' dir='ltr' id='par_1_76' title="bbox 2245 2411 3780 2478">
     <span class='ocr_line' id='line_1_76' title="bbox 2245 2411 3780 2478; baseline 0.003 -17"><span class='ocrx_word' id='word_1_569' title='bbox 2245 2423 2458 2478; x_wconf 91' lang='lat' dir='ltr'><strong>quoque</strong></span> <span class='ocrx_word' id='word_1_570' title='bbox 2501 2424 2618 2462; x_wconf 66' lang='lat' dir='ltr'><strong>arvo</strong></span> <span class='ocrx_word' id='word_1_571' title='bbox 2639 2453 2652 2472; x_wconf 91' lang='lat'><strong>,</strong></span> <span class='ocrx_word' id='word_1_572' title='bbox 2695 2426 2817 2466; x_wconf 89' lang='lat' dir='ltr'><strong>cum</strong></span> <span class='ocrx_word' id='word_1_573' title='bbox 2847 2411 2947 2465; x_wconf 85' lang='lat' dir='ltr'><strong>sub</strong></span> <span class='ocrx_word' id='word_1_574' title='bbox 2977 2413 3100 2466; x_wconf 71' lang='lat' dir='ltr'><strong>vita:</strong></span> <span class='ocrx_word' id='word_1_575' title='bbox 3131 2411 3294 2467; x_wconf 82' lang='lat' dir='ltr'><strong>linem</strong></span> <span class='ocrx_word' id='word_1_576' title='bbox 3325 2412 3465 2467; x_wconf 90' lang='lat' dir='ltr'><strong>hunc</strong></span> <span class='ocrx_word' id='word_1_577' title='bbox 3501 2421 3780 2467; x_wconf 78' lang='lat' dir='ltr'><strong>commenta-</strong></span> 
     </span>
    </p>
   </div>
   <div class='ocr_carea' id='block_1_77' title="bbox 2249 2480 3783 2553">
    <p class='ocr_par' dir='ltr' id='par_1_77' title="bbox 2249 2480 3783 2553">
     <span class='ocr_line' id='line_1_77' title="bbox 2249 2480 3783 2553; baseline 0.005 -21"><span class='ocrx_word' id='word_1_578' title='bbox 2249 2480 2471 2553; x_wconf 78' lang='lat' dir='ltr'><strong>riumin</strong></span> <span class='ocrx_word' id='word_1_579' title='bbox 2505 2482 2742 2550; x_wconf 83' lang='lat' dir='ltr'><strong>pSalmos</strong></span> <span class='ocrx_word' id='word_1_580' title='bbox 2773 2484 3036 2538; x_wconf 87' lang='lat' dir='ltr'><strong>scriberet</strong></span> <span class='ocrx_word' id='word_1_581' title='bbox 3068 2485 3229 2553; x_wconf 88' lang='lat' dir='ltr'><strong>paulo</strong></span> <span class='ocrx_word' id='word_1_582' title='bbox 3259 2495 3385 2540; x_wconf 91' lang='lat' dir='ltr'><strong>ante</strong></span> <span class='ocrx_word' id='word_1_583' title='bbox 3411 2500 3497 2539; x_wconf 90' lang='lat' dir='ltr'><strong>an.</strong></span> <span class='ocrx_word' id='word_1_584' title='bbox 3527 2484 3650 2546; x_wconf 78' lang='lat'><strong>567,</strong></span> <span class='ocrx_word' id='word_1_585' title='bbox 3676 2484 3783 2540; x_wconf 88' lang='lat' dir='ltr'><strong>hanc</strong></span> 
     </span>
    </p>
   </div>
   <div class='ocr_carea' id='block_1_78' title="bbox 2249 2550 3783 2625">
    <p class='ocr_par' dir='ltr' id='par_1_78' title="bbox 2249 2550 3783 2625">
     <span class='ocr_line' id='line_1_78' title="bbox 2249 2550 3783 2625; baseline 0.003 -21"><span class='ocrx_word' id='word_1_586' title='bbox 2249 2550 2570 2625; x_wconf 85' lang='lat' dir='ltr'><strong>locutionem</strong></span> <span class='ocrx_word' id='word_1_587' title='bbox 2619 2553 3009 2625; x_wconf 72' lang='lat' dir='ltr'><strong>consuetudine</strong></span> <span class='ocrx_word' id='word_1_588' title='bbox 3063 2550 3374 2625; x_wconf 84' lang='lat' dir='ltr'><strong>receptam.</strong></span> <span class='ocrx_word' id='word_1_589' title='bbox 3417 2571 3513 2624; x_wconf 88' lang='lat' dir='ltr'><strong>qua</strong></span> <span class='ocrx_word' id='word_1_590' title='bbox 3551 2555 3783 2610; x_wconf 83' lang='lat' dir='ltr'><strong>ecclesias-</strong></span> 
     </span>
    </p>
   </div>
   <div class='ocr_carea' id='block_1_79' title="bbox 2250 2622 3784 2697">
    <p class='ocr_par' dir='ltr' id='par_1_79' title="bbox 2250 2622 3784 2697">
     <span class='ocr_line' id='line_1_79' title="bbox 2250 2622 3784 2697; baseline 0.002 -21"><span class='ocrx_word' id='word_1_591' title='bbox 2250 2622 2367 2676; x_wconf 71' lang='lat' dir='ltr'><strong>tica:</strong></span> <span class='ocrx_word' id='word_1_592' title='bbox 2393 2624 2537 2678; x_wconf 82' lang='lat' dir='ltr'><strong>:cdes</strong></span> <span class='ocrx_word' id='word_1_593' title='bbox 2566 2625 2650 2679; x_wconf 80' lang='lat' dir='ltr'><strong>vel</strong></span> <span class='ocrx_word' id='word_1_594' title='bbox 2681 2623 2774 2680; x_wconf 89' lang='lat' dir='ltr'><strong>Dei</strong></span> <span class='ocrx_word' id='word_1_595' title='bbox 2805 2625 3016 2687; x_wconf 89' lang='lat' dir='ltr'><strong>domus,</strong></span> <span class='ocrx_word' id='word_1_596' title='bbox 3042 2627 3123 2680; x_wconf 89' lang='lat' dir='ltr'><strong>vel</strong></span> <span class='ocrx_word' id='word_1_597' title='bbox 3157 2622 3350 2697; x_wconf 78' lang='lat' dir='ltr'><strong>templa</strong></span> <span class='ocrx_word' id='word_1_598' title='bbox 3381 2622 3688 2681; x_wconf 80' lang='lat' dir='ltr'><strong>vocarentur.</strong></span> <span class='ocrx_word' id='word_1_599' title='bbox 3713 2627 3784 2680; x_wconf 82' lang='lat' dir='ltr'><strong>Er-</strong></span> 
     </span>
    </p>
   </div>
   <div class='ocr_carea' id='block_1_80' title="bbox 2249 2697 3784 2768">
    <p class='ocr_par' dir='ltr' id='par_1_80' title="bbox 2249 2697 3784 2768">
     <span class='ocr_line' id='line_1_80' title="bbox 2249 2697 3784 2768; baseline 0.003 -21"><span class='ocrx_word' id='word_1_600' title='bbox 2249 2708 2428 2749; x_wconf 91' lang='lat' dir='ltr'><strong>rorem</strong></span> <span class='ocrx_word' id='word_1_601' title='bbox 2461 2705 2638 2750; x_wconf 88' lang='lat' dir='ltr'><strong>tamen</strong></span> <span class='ocrx_word' id='word_1_602' title='bbox 2692 2697 2776 2750; x_wconf 89' lang='lat' dir='ltr'><strong>hic</strong></span> <span class='ocrx_word' id='word_1_603' title='bbox 2820 2697 2918 2751; x_wconf 93' lang='lat' dir='ltr'><strong>loci</strong></span> <span class='ocrx_word' id='word_1_604' title='bbox 2947 2698 3172 2752; x_wconf 81' lang='lat' dir='ltr'><strong>subesse</strong></span> <span class='ocrx_word' id='word_1_605' title='bbox 3194 2741 3210 2762; x_wconf 91' lang='lat'><strong>,</strong></span> <span class='ocrx_word' id='word_1_606' title='bbox 3241 2711 3294 2752; x_wconf 92' lang='lat' dir='ltr'><strong>et</strong></span> <span class='ocrx_word' id='word_1_607' title='bbox 3323 2700 3404 2754; x_wconf 92' lang='lat' dir='ltr'><strong>vel</strong></span> <span class='ocrx_word' id='word_1_608' title='bbox 3434 2702 3651 2768; x_wconf 83' lang='lat' dir='ltr'><strong>templum</strong></span> <span class='ocrx_word' id='word_1_609' title='bbox 3673 2697 3784 2765; x_wconf 74' lang='lat' dir='ltr'><strong>glos-</strong></span> 
     </span>
    </p>
   </div>
   <div class='ocr_carea' id='block_1_81' title="bbox 2249 2767 3784 2840">
    <p class='ocr_par' dir='ltr' id='par_1_81' title="bbox 2249 2767 3784 2840">
     <span class='ocr_line' id='line_1_81' title="bbox 2249 2767 3784 2840; baseline 0.002 -21"><span class='ocrx_word' id='word_1_610' title='bbox 2249 2780 2594 2840; x_wconf 86' lang='lat' dir='ltr'><strong>semacsse,</strong></span> <span class='ocrx_word' id='word_1_611' title='bbox 2637 2767 2778 2840; x_wconf 87' lang='lat' dir='ltr'><strong>quod</strong></span> <span class='ocrx_word' id='word_1_612' title='bbox 2821 2785 2850 2823; x_wconf 94' lang='lat' dir='ltr'><strong>e</strong></span> <span class='ocrx_word' id='word_1_613' title='bbox 2895 2770 3137 2840; x_wconf 70' lang='lat' dir='ltr'><strong>margine</strong></span> <span class='ocrx_word' id='word_1_614' title='bbox 3178 2770 3234 2824; x_wconf 94' lang='lat' dir='ltr'><strong>in</strong></span> <span class='ocrx_word' id='word_1_615' title='bbox 3276 2779 3477 2826; x_wconf 77' lang='lat' dir='ltr'><strong>textum</strong></span> <span class='ocrx_word' id='word_1_616' title='bbox 3524 2770 3784 2840; x_wconf 85' lang='lat' dir='ltr'><strong>irrepscril,</strong></span> 
     </span>
    </p>
   </div>
   <div class='ocr_carea' id='block_1_82' title="bbox 2249 2837 3786 2912">
    <p class='ocr_par' dir='ltr' id='par_1_82' title="bbox 2249 2837 3786 2912">
     <span class='ocr_line' id='line_1_82' title="bbox 2249 2837 3786 2912; baseline 0.003 -22"><span class='ocrx_word' id='word_1_617' title='bbox 2249 2837 2514 2907; x_wconf 81' lang='lat' dir='ltr'><strong>quiSpiam</strong></span> <span class='ocrx_word' id='word_1_618' title='bbox 2541 2837 3014 2912; x_wconf 75' lang='lat' dir='ltr'><strong>existiuiel.Qnod</strong></span> <span class='ocrx_word' id='word_1_619' title='bbox 3038 2843 3081 2896; x_wconf 92' lang='lat' dir='ltr'><strong>si</strong></span> <span class='ocrx_word' id='word_1_620' title='bbox 3107 2841 3211 2896; x_wconf 91' lang='lat' dir='ltr'><strong>hoc</strong></span> <span class='ocrx_word' id='word_1_621' title='bbox 3237 2843 3416 2912; x_wconf 82' lang='lat' dir='ltr'><strong>minus</strong></span> <span class='ocrx_word' id='word_1_622' title='bbox 3442 2837 3653 2912; x_wconf 78' lang='lat' dir='ltr'><strong>placeat,</strong></span> <span class='ocrx_word' id='word_1_623' title='bbox 3682 2843 3786 2895; x_wconf 86' lang='lat' dir='ltr'><strong>inte-</strong></span> 
     </span>
    </p>
   </div>
   <div class='ocr_carea' id='block_1_83' title="bbox 2250 2908 3782 2982">
    <p class='ocr_par' dir='ltr' id='par_1_83' title="bbox 2250 2908 3782 2982">
     <span class='ocr_line' id='line_1_83' title="bbox 2250 2908 3782 2982; baseline 0.001 -19"><span class='ocrx_word' id='word_1_624' title='bbox 2250 2924 2348 2978; x_wconf 86' lang='lat' dir='ltr'><strong>ger</strong></span> <span class='ocrx_word' id='word_1_625' title='bbox 2392 2918 2568 2964; x_wconf 79' lang='lat' dir='ltr'><strong>textus</strong></span> <span class='ocrx_word' id='word_1_626' title='bbox 2597 2912 2639 2964; x_wconf 87' lang='lat' dir='ltr'><strong>si</strong></span> <span class='ocrx_word' id='word_1_627' title='bbox 2670 2911 3081 2982; x_wconf 87' lang='lat' dir='ltr'><strong>consideretur,</strong></span> <span class='ocrx_word' id='word_1_628' title='bbox 3124 2929 3232 2966; x_wconf 91' lang='lat' dir='ltr'><strong>nou</strong></span> <span class='ocrx_word' id='word_1_629' title='bbox 3264 2908 3382 2968; x_wconf 78' lang='lat' dir='ltr'><strong>eam</strong></span> <span class='ocrx_word' id='word_1_630' title='bbox 3413 2908 3524 2982; x_wconf 71' lang='lat' dir='ltr'><strong>eius</strong></span> <span class='ocrx_word' id='word_1_631' title='bbox 3567 2913 3650 2966; x_wconf 87' lang='lat' dir='ltr'><strong>loci</strong></span> <span class='ocrx_word' id='word_1_632' title='bbox 3689 2926 3782 2965; x_wconf 66' lang='lat' dir='ltr'><strong>esse</strong></span> 
     </span>
    </p>
   </div>
   <div class='ocr_carea' id='block_1_84' title="bbox 2252 2981 3788 3052">
    <p class='ocr_par' dir='ltr' id='par_1_84' title="bbox 2252 2981 3788 3052">
     <span class='ocr_line' id='line_1_84' title="bbox 2252 2981 3788 3052; baseline 0.004 -18"><span class='ocrx_word' id='word_1_633' title='bbox 2252 2983 2573 3036; x_wconf 89' lang='lat' dir='ltr'><strong>sententiam</strong></span> <span class='ocrx_word' id='word_1_634' title='bbox 2604 2984 2899 3052; x_wconf 83' lang='lat' dir='ltr'><strong>apparebit.</strong></span> <span class='ocrx_word' id='word_1_635' title='bbox 2935 2981 3006 3036; x_wconf 79' lang='lat' dir='ltr'><strong>Ita</strong></span> <span class='ocrx_word' id='word_1_636' title='bbox 3043 2999 3172 3037; x_wconf 77' lang='lat' dir='ltr'><strong>vero</strong></span> <span class='ocrx_word' id='word_1_637' title='bbox 3199 2985 3272 3039; x_wconf 92' lang='lat' dir='ltr'><strong>ibi</strong></span> <span class='ocrx_word' id='word_1_638' title='bbox 3301 2981 3578 3040; x_wconf 88' lang='lat' dir='ltr'><strong>scribitur:</strong></span> <span class='ocrx_word' id='word_1_639' title='bbox 3605 2983 3788 3040; x_wconf 74' lang='lat' dir='ltr'><strong>Convert-</strong></span> 
     </span>
    </p>
   </div>
   <div class='ocr_carea' id='block_1_85' title="bbox 2251 3054 3785 3127">
    <p class='ocr_par' dir='ltr' id='par_1_85' title="bbox 2251 3054 3785 3127">
     <span class='ocr_line' id='line_1_85' title="bbox 2251 3054 3785 3127; baseline 0.001 -21"><span class='ocrx_word' id='word_1_640' title='bbox 2251 3063 2332 3106; x_wconf 89' lang='lat' dir='ltr'><strong>tus</strong></span> <span class='ocrx_word' id='word_1_641' title='bbox 2379 3054 2703 3108; x_wconf 84' lang='lat' dir='ltr'><strong>ecclesiarum</strong></span> <span class='ocrx_word' id='word_1_642' title='bbox 2729 3097 2741 3116; x_wconf 93' lang='lat'><strong>,</strong></span> <span class='ocrx_word' id='word_1_643' title='bbox 2792 3056 2896 3110; x_wconf 82' lang='lat' dir='ltr'><strong>sive</strong></span> <span class='ocrx_word' id='word_1_644' title='bbox 2935 3065 3040 3109; x_wconf 89' lang='lat' dir='ltr'><strong>tum</strong></span> <span class='ocrx_word' id='word_1_645' title='bbox 3086 3057 3302 3123; x_wconf 84' lang='lat' dir='ltr'><strong>templi,</strong></span> <span class='ocrx_word' id='word_1_646' title='bbox 3334 3075 3455 3127; x_wconf 85' lang='lat' dir='ltr'><strong>quos</strong></span> <span class='ocrx_word' id='word_1_647' title='bbox 3495 3057 3556 3110; x_wconf 85' lang='lat' dir='ltr'><strong>ad</strong></span> <span class='ocrx_word' id='word_1_648' title='bbox 3587 3067 3785 3113; x_wconf 79' lang='lat' dir='ltr'><strong>secretam</strong></span> 
     </span>
    </p>
   </div>
   <div class='ocr_carea' id='block_1_86' title="bbox 2253 3128 3788 3196">
    <p class='ocr_par' dir='ltr' id='par_1_86' title="bbox 2253 3128 3788 3196">
     <span class='ocr_line' id='line_1_86' title="bbox 2253 3128 3788 3196; baseline 0 -19"><span class='ocrx_word' id='word_1_649' title='bbox 2253 3135 2683 3178; x_wconf 81' lang='lat' dir='ltr'><strong>sacramentorum</strong></span> <span class='ocrx_word' id='word_1_650' title='bbox 2725 3128 3022 3196; x_wconf 81' lang='lat' dir='ltr'><strong>religionem</strong></span> <span class='ocrx_word' id='word_1_651' title='bbox 3051 3129 3393 3193; x_wconf 73' lang='lat' dir='ltr'><strong>a’diﬁciorum</strong></span> <span class='ocrx_word' id='word_1_652' title='bbox 3431 3139 3587 3196; x_wconf 78' lang='lat' dir='ltr'><strong>scepta</strong></span> <span class='ocrx_word' id='word_1_653' title='bbox 3623 3129 3788 3181; x_wconf 81' lang='lat' dir='ltr'><strong>canclu-</strong></span> 
     </span>
    </p>
   </div>
   <div class='ocr_carea' id='block_1_87' title="bbox 2197 3197 3791 3259">
    <p class='ocr_par' dir='ltr' id='par_1_87' title="bbox 2197 3197 3791 3259">
     <span class='ocr_line' id='line_1_87' title="bbox 2197 3197 3791 3259; baseline -0.002 -7"><span class='ocrx_word' id='word_1_654' title='bbox 2197 3231 2218 3252; x_wconf 64' lang='grc' dir='ltr'><strong>ς</strong></span> <span class='ocrx_word' id='word_1_655' title='bbox 2255 3197 2409 3259; x_wconf 89' lang='lat' dir='ltr'><strong>dunt,</strong></span> <span class='ocrx_word' id='word_1_656' title='bbox 2443 3197 2754 3251; x_wconf 82' lang='lat' dir='ltr'><strong>consuetudo</strong></span> <span class='ocrx_word' id='word_1_657' title='bbox 2781 3207 2953 3251; x_wconf 88' lang='lat' dir='ltr'><strong>nostra</strong></span> <span class='ocrx_word' id='word_1_658' title='bbox 2981 3201 3058 3253; x_wconf 86' lang='lat' dir='ltr'><strong>vel</strong></span> <span class='ocrx_word' id='word_1_659' title='bbox 3083 3200 3298 3254; x_wconf 87' lang='lat' dir='ltr'><strong>domum</strong></span> <span class='ocrx_word' id='word_1_660' title='bbox 3329 3199 3424 3256; x_wconf 84' lang='lat' dir='ltr'><strong>Dei</strong></span> <span class='ocrx_word' id='word_1_661' title='bbox 3447 3197 3586 3254; x_wconf 86' lang='lat' dir='ltr'><strong>solita</strong></span> <span class='ocrx_word' id='word_1_662' title='bbox 3607 3209 3668 3254; x_wconf 81' lang='lat' dir='ltr'><strong>ett</strong></span> <span class='ocrx_word' id='word_1_663' title='bbox 3689 3215 3791 3252; x_wconf 85' lang='lat' dir='ltr'><strong>nun-</strong></span> 
     </span>
    </p>
   </div>
   <div class='ocr_carea' id='block_1_88' title="bbox 557 3268 2220 3340">
    <p class='ocr_par' dir='ltr' id='par_1_88' title="bbox 557 3268 2220 3340">
     <span class='ocr_line' id='line_1_88' title="bbox 557 3268 2220 3340; baseline -0.001 -15"><span class='ocrx_word' id='word_1_664' title='bbox 557 3268 786 3326; x_wconf 76' lang='lat' dir='ltr'><strong>suanam</strong></span> <span class='ocrx_word' id='word_1_665' title='bbox 809 3268 837 3335; x_wconf 80' lang='grc'><strong>,’</strong></span> <span class='ocrx_word' id='word_1_666' title='bbox 857 3268 1011 3340; x_wconf 82' lang='lat' dir='ltr'><strong>cujus</strong></span> <span class='ocrx_word' id='word_1_667' title='bbox 1045 3271 1283 3326; x_wconf 88' lang='lat' dir='ltr'><strong>membra</strong></span> <span class='ocrx_word' id='word_1_668' title='bbox 1315 3268 1407 3324; x_wconf 84' lang='lat' dir='ltr'><strong>Dei</strong></span> <span class='ocrx_word' id='word_1_669' title='bbox 1436 3268 1683 3338; x_wconf 81' lang='lat' dir='ltr'><strong>templum</strong></span> <span class='ocrx_word' id='word_1_670' title='bbox 1706 3268 1909 3340; x_wconf 76' lang='lat' dir='ltr'><strong>pariter</strong></span> <span class='ocrx_word' id='word_1_671' title='bbox 1939 3270 2150 3340; x_wconf 78' lang='lat' dir='ltr'><strong>vocavit</strong></span> <span class='ocrx_word' id='word_1_672' title='bbox 2178 3268 2220 3294; x_wconf 84' lang='lat'>“</span> 
     </span>
    </p>
   </div>
   <div class='ocr_carea' id='block_1_89' title="bbox 2256 3270 3788 3341">
    <p class='ocr_par' dir='ltr' id='par_1_89' title="bbox 2256 3270 3788 3341">
     <span class='ocr_line' id='line_1_89' title="bbox 2256 3270 3788 3341; baseline 0.001 -22"><span class='ocrx_word' id='word_1_673' title='bbox 2256 3284 2444 3337; x_wconf 83' lang='lat' dir='ltr'><strong>cupere</strong></span> <span class='ocrx_word' id='word_1_674' title='bbox 2467 3309 2483 3330; x_wconf 82' lang='lat'><strong>,</strong></span> <span class='ocrx_word' id='word_1_675' title='bbox 2510 3271 2585 3322; x_wconf 85' lang='lat' dir='ltr'><strong>vel</strong></span> <span class='ocrx_word' id='word_1_676' title='bbox 2608 3270 2851 3336; x_wconf 86' lang='lat' dir='ltr'><strong>templum</strong></span> <span class='ocrx_word' id='word_1_677' title='bbox 2879 3286 2897 3323; x_wconf 91' lang='lat'><strong><em>:</em></strong></span> <span class='ocrx_word' id='word_1_678' title='bbox 2928 3271 3014 3324; x_wconf 91' lang='lat' dir='ltr'><strong>ubi</strong></span> <span class='ocrx_word' id='word_1_679' title='bbox 3042 3271 3521 3327; x_wconf 86' lang='lat' dir='ltr'><strong>animadvertenda</strong></span> <span class='ocrx_word' id='word_1_680' title='bbox 3547 3271 3788 3341; x_wconf 62' lang='lat' dir='ltr'><strong>praesertim</strong></span> 
     </span>
    </p>
   </div>
   <div class='ocr_carea' id='block_1_90' title="bbox 2254 3340 3790 3414">
    <p class='ocr_par' dir='ltr' id='par_1_90' title="bbox 2254 3340 3790 3414">
     <span class='ocr_line' id='line_1_90' title="bbox 2254 3340 3790 3414; baseline -0.001 -22"><span class='ocrx_word' id='word_1_681' title='bbox 2254 3350 2336 3393; x_wconf 87' lang='lat' dir='ltr'><strong>est</strong></span> <span class='ocrx_word' id='word_1_682' title='bbox 2371 3341 2419 3414; x_wconf 84' lang='lat' dir='ltr'><strong>in</strong></span> <span class='ocrx_word' id='word_1_683' title='bbox 2444 3341 2631 3414; x_wconf 68' lang='lat' dir='ltr'><strong>primo</strong></span> <span class='ocrx_word' id='word_1_684' title='bbox 2656 3341 2896 3396; x_wconf 87' lang='lat' dir='ltr'><strong>membro</strong></span> <span class='ocrx_word' id='word_1_685' title='bbox 2925 3344 3184 3414; x_wconf 87' lang='lat' dir='ltr'><strong>particula</strong></span> <span class='ocrx_word' id='word_1_686' title='bbox 3217 3354 3362 3412; x_wconf 85' lang='lat' dir='ltr'><strong>tum,</strong></span> <span class='ocrx_word' id='word_1_687' title='bbox 3391 3360 3506 3414; x_wconf 74' lang='lat' dir='ltr'><strong>qua:</strong></span> <span class='ocrx_word' id='word_1_688' title='bbox 3529 3340 3629 3395; x_wconf 86' lang='lat' dir='ltr'><strong>voci</strong></span> <span class='ocrx_word' id='word_1_689' title='bbox 3655 3340 3790 3406; x_wconf 80' lang='lat' dir='ltr'><strong>templi</strong></span> 
     </span>
    </p>
   </div>
   <div class='ocr_carea' id='block_1_91' title="bbox 2256 3410 3791 3480">
    <p class='ocr_par' dir='ltr' id='par_1_91' title="bbox 2256 3410 3791 3480">
     <span class='ocr_line' id='line_1_91' title="bbox 2256 3410 3791 3480; baseline -0.002 -15"><span class='ocrx_word' id='word_1_690' title='bbox 2256 3412 2568 3480; x_wconf 76' lang='lat' dir='ltr'><strong>pr.rligitur.</strong></span> <span class='ocrx_word' id='word_1_691' title='bbox 2601 3410 2790 3467; x_wconf 84' lang='lat' dir='ltr'><strong>Sermo</strong></span> <span class='ocrx_word' id='word_1_692' title='bbox 2815 3410 2995 3467; x_wconf 86' lang='lat' dir='ltr'><strong>autem</strong></span> <span class='ocrx_word' id='word_1_693' title='bbox 3030 3413 3232 3469; x_wconf 88' lang='lat' dir='ltr'><strong>ibidem</strong></span> <span class='ocrx_word' id='word_1_694' title='bbox 3275 3410 3358 3472; x_wconf 85' lang='lat' dir='ltr'><strong>est</strong></span> <span class='ocrx_word' id='word_1_695' title='bbox 3400 3410 3466 3470; x_wconf 83' lang='lat' dir='ltr'><strong>de</strong></span> <span class='ocrx_word' id='word_1_696' title='bbox 3493 3414 3791 3469; x_wconf 70' lang='lat' dir='ltr'><strong>aediﬁcatione</strong></span> 
     </span>
    </p>
   </div>
   <div class='ocr_carea' id='block_1_92' title="bbox 2257 3481 3791 3556">
    <p class='ocr_par' dir='ltr' id='par_1_92' title="bbox 2257 3481 3791 3556">
     <span class='ocr_line' id='line_1_92' title="bbox 2257 3481 3791 3556; baseline 0 -20"><span class='ocrx_word' id='word_1_697' title='bbox 2257 3484 2440 3556; x_wconf 78' lang='lat' dir='ltr'><strong>templi</strong></span> <span class='ocrx_word' id='word_1_698' title='bbox 2471 3483 2775 3540; x_wconf 83' lang='lat' dir='ltr'><strong>Salomonis</strong></span> <span class='ocrx_word' id='word_1_699' title='bbox 2795 3527 2808 3548; x_wconf 90' lang='lat'><strong>,</strong></span> <span class='ocrx_word' id='word_1_700' title='bbox 2838 3484 2904 3538; x_wconf 89' lang='lat' dir='ltr'><strong>de</strong></span> <span class='ocrx_word' id='word_1_701' title='bbox 2936 3501 3037 3554; x_wconf 91' lang='lat' dir='ltr'><strong>qua</strong></span> <span class='ocrx_word' id='word_1_702' title='bbox 3062 3485 3113 3538; x_wconf 90' lang='lat' dir='ltr'><strong>iu</strong></span> <span class='ocrx_word' id='word_1_703' title='bbox 3137 3501 3205 3540; x_wconf 89' lang='lat' dir='ltr'><strong>eo</strong></span> <span class='ocrx_word' id='word_1_704' title='bbox 3237 3488 3444 3555; x_wconf 90' lang='lat' dir='ltr'><strong>psalmo</strong></span> <span class='ocrx_word' id='word_1_705' title='bbox 3472 3485 3654 3556; x_wconf 83' lang='lat' dir='ltr'><strong>agilur,</strong></span> <span class='ocrx_word' id='word_1_706' title='bbox 3681 3492 3725 3537; x_wconf 89' lang='lat' dir='ltr'><strong>et</strong></span> <span class='ocrx_word' id='word_1_707' title='bbox 3741 3481 3791 3536; x_wconf 84' lang='lat' dir='ltr'><strong>ad</strong></span> 
     </span>
    </p>
   </div>
   <div class='ocr_carea' id='block_1_93' title="bbox 2256 3551 3792 3614">
    <p class='ocr_par' dir='ltr' id='par_1_93' title="bbox 2256 3551 3792 3614">
     <span class='ocr_line' id='line_1_93' title="bbox 2256 3551 3792 3614; baseline -0.002 -6"><span class='ocrx_word' id='word_1_708' title='bbox 2256 3551 2393 3609; x_wconf 81' lang='lat' dir='ltr'><strong>hanc</strong></span> <span class='ocrx_word' id='word_1_709' title='bbox 2422 3571 2580 3609; x_wconf 88' lang='lat' dir='ltr'><strong>unam</strong></span> <span class='ocrx_word' id='word_1_710' title='bbox 2613 3551 3021 3611; x_wconf 69' lang='lat' dir='ltr'><strong>aediﬁcationem</strong></span> <span class='ocrx_word' id='word_1_711' title='bbox 3047 3551 3283 3612; x_wconf 82' lang='lat' dir='ltr'><strong>refertur</strong></span> <span class='ocrx_word' id='word_1_712' title='bbox 3314 3559 3440 3614; x_wconf 89' lang='lat' dir='ltr'><strong>illud</strong></span> <span class='ocrx_word' id='word_1_713' title='bbox 3473 3551 3567 3613; x_wconf 66' lang='lat' dir='ltr'><strong>sive</strong></span> <span class='ocrx_word' id='word_1_714' title='bbox 3589 3567 3792 3609; x_wconf 81' lang='lat' dir='ltr'><strong>lutulent-</strong></span> 
     </span>
    </p>
   </div>
   <div class='ocr_carea' id='block_1_94' title="bbox 2259 3625 3793 3698">
    <p class='ocr_par' dir='ltr' id='par_1_94' title="bbox 2259 3625 3793 3698">
     <span class='ocr_line' id='line_1_94' title="bbox 2259 3625 3793 3698; baseline -0.001 -22"><span class='ocrx_word' id='word_1_715' title='bbox 2259 3625 2346 3693; x_wconf 88' lang='lat' dir='ltr'><strong>pli.</strong></span> <span class='ocrx_word' id='word_1_716' title='bbox 2381 3625 2531 3693; x_wconf 86' lang='lat' dir='ltr'><strong>Quod</strong></span> <span class='ocrx_word' id='word_1_717' title='bbox 2564 3629 2606 3680; x_wconf 93' lang='lat' dir='ltr'><strong>si</strong></span> <span class='ocrx_word' id='word_1_718' title='bbox 2638 3641 2758 3680; x_wconf 91' lang='lat' dir='ltr'><strong>cum</strong></span> <span class='ocrx_word' id='word_1_719' title='bbox 2791 3627 3115 3682; x_wconf 78' lang='lat' dir='ltr'><strong>Zeuonianis</strong></span> <span class='ocrx_word' id='word_1_720' title='bbox 3142 3630 3425 3686; x_wconf 74' lang='lat' dir='ltr'><strong>codicibus</strong></span> <span class='ocrx_word' id='word_1_721' title='bbox 3457 3631 3506 3684; x_wconf 92' lang='lat' dir='ltr'><strong>in</strong></span> <span class='ocrx_word' id='word_1_722' title='bbox 3537 3628 3793 3698; x_wconf 66' lang='lat' dir='ltr'><strong>Appenilaje</strong></span> 
     </span>
    </p>
   </div>
   <div class='ocr_carea' id='block_1_95' title="bbox 2256 3697 3790 3758">
    <p class='ocr_par' dir='ltr' id='par_1_95' title="bbox 2256 3697 3790 3758">
     <span class='ocr_line' id='line_1_95' title="bbox 2256 3697 3790 3758; baseline -0.001 -8"><span class='ocrx_word' id='word_1_723' title='bbox 2256 3698 2623 3752; x_wconf 84' lang='lat' dir='ltr'><strong>memorandis</strong></span> <span class='ocrx_word' id='word_1_724' title='bbox 2651 3698 2748 3758; x_wconf 88' lang='lat' dir='ltr'><strong>(ibi</strong></span> <span class='ocrx_word' id='word_1_725' title='bbox 2778 3698 2921 3753; x_wconf 92' lang='lat' dir='ltr'><strong>enim</strong></span> <span class='ocrx_word' id='word_1_726' title='bbox 2955 3698 3039 3753; x_wconf 88' lang='lat' dir='ltr'><strong>hie</strong></span> <span class='ocrx_word' id='word_1_727' title='bbox 3074 3699 3386 3757; x_wconf 85' lang='lat' dir='ltr'><strong>Hilarianus</strong></span> <span class='ocrx_word' id='word_1_728' title='bbox 3411 3697 3646 3756; x_wconf 82' lang='lat' dir='ltr'><strong>tractatus</strong></span> <span class='ocrx_word' id='word_1_729' title='bbox 3671 3697 3790 3752; x_wconf 79' lang='lat' dir='ltr'><strong>dabi-</strong></span> 
     </span>
    </p>
   </div>
   <div class='ocr_carea' id='block_1_96' title="bbox 2259 3770 3792 3840">
    <p class='ocr_par' dir='ltr' id='par_1_96' title="bbox 2259 3770 3792 3840">
     <span class='ocr_line' id='line_1_96' title="bbox 2259 3770 3792 3840; baseline -0.002 -17"><span class='ocrx_word' id='word_1_730' title='bbox 2259 3773 2364 3836; x_wconf 88' lang='lat' dir='ltr'><strong>tur)</strong></span> <span class='ocrx_word' id='word_1_731' title='bbox 2398 3771 2514 3823; x_wconf 85' lang='lat' dir='ltr'><strong>sine</strong></span> <span class='ocrx_word' id='word_1_732' title='bbox 2551 3779 2657 3822; x_wconf 88' lang='lat' dir='ltr'><strong>tum</strong></span> <span class='ocrx_word' id='word_1_733' title='bbox 2709 3770 2989 3840; x_wconf 86' lang='lat' dir='ltr'><strong>legendum</strong></span> <span class='ocrx_word' id='word_1_734' title='bbox 3023 3780 3213 3839; x_wconf 89' lang='lat' dir='ltr'><strong>putes,</strong></span> <span class='ocrx_word' id='word_1_735' title='bbox 3247 3773 3423 3828; x_wconf 90' lang='lat' dir='ltr'><strong>adhuc</strong></span> <span class='ocrx_word' id='word_1_736' title='bbox 3474 3773 3596 3828; x_wconf 89' lang='lat' dir='ltr'><strong>nihil</strong></span> <span class='ocrx_word' id='word_1_737' title='bbox 3636 3772 3792 3840; x_wconf 55' lang='lat' dir='ltr'><strong>obest,</strong></span> 
     </span>
    </p>
   </div>
   <div class='ocr_carea' id='block_1_97' title="bbox 2256 3837 3794 3910">
    <p class='ocr_par' dir='ltr' id='par_1_97' title="bbox 2256 3837 3794 3910">
     <span class='ocr_line' id='line_1_97' title="bbox 2256 3837 3794 3910; baseline 0 -18"><span class='ocrx_word' id='word_1_738' title='bbox 2256 3856 2419 3910; x_wconf 89' lang='lat' dir='ltr'><strong>quum</strong></span> <span class='ocrx_word' id='word_1_739' title='bbox 2469 3837 2908 3896; x_wconf 56' lang='lat' dir='ltr'><strong>universas&#39;sive</strong></span> <span class='ocrx_word' id='word_1_740' title='bbox 2956 3837 3170 3908; x_wconf 79' lang='lat' dir='ltr'><strong>veieris,</strong></span> <span class='ocrx_word' id='word_1_741' title='bbox 3200 3837 3344 3899; x_wconf 13' lang='lat' dir='ltr'><strong>rsive</strong></span> <span class='ocrx_word' id='word_1_742' title='bbox 3373 3845 3493 3900; x_wconf 87' lang='lat' dir='ltr'><strong>novi</strong></span> <span class='ocrx_word' id='word_1_743' title='bbox 3518 3837 3794 3900; x_wconf 59' lang='lat' dir='ltr'><strong>Ti-stanwuti</strong></span> 
     </span>
    </p>
   </div>
   <div class='ocr_carea' id='block_1_98' title="bbox 2259 3912 3796 3984">
    <p class='ocr_par' dir='ltr' id='par_1_98' title="bbox 2259 3912 3796 3984">
     <span class='ocr_line' id='line_1_98' title="bbox 2259 3912 3796 3984; baseline -0.002 -19"><span class='ocrx_word' id='word_1_744' title='bbox 2259 3912 2641 3984; x_wconf 72' lang='lat' dir='ltr'><strong>a-dilicationi-s</strong></span> <span class='ocrx_word' id='word_1_745' title='bbox 2671 3915 3080 3984; x_wconf 81' lang='lat' dir='ltr'><strong>complexurus,</strong></span> <span class='ocrx_word' id='word_1_746' title='bbox 3125 3917 3465 3971; x_wconf 76' lang='lat' dir='ltr'><strong>ecclesiarum</strong></span> <span class='ocrx_word' id='word_1_747' title='bbox 3509 3914 3699 3970; x_wconf 87' lang='lat' dir='ltr'><strong>nomine</strong></span> <span class='ocrx_word' id='word_1_748' title='bbox 3734 3913 3796 3963; x_wconf 87' lang='lat' dir='ltr'><strong>iu-</strong></span> 
     </span>
    </p>
   </div>
   <div class='ocr_carea' id='block_1_99' title="bbox 2260 3983 3796 4052">
    <p class='ocr_par' dir='ltr' id='par_1_99' title="bbox 2260 3983 3796 4052">
     <span class='ocr_line' id='line_1_99' title="bbox 2260 3983 3796 4052; baseline 0.002 -17"><span class='ocrx_word' id='word_1_749' title='bbox 2260 3984 2500 4052; x_wconf 89' lang='lat' dir='ltr'><strong>telligere</strong></span> <span class='ocrx_word' id='word_1_750' title='bbox 2533 3983 2762 4037; x_wconf 81' lang='lat' dir='ltr'><strong>llilarius</strong></span> <span class='ocrx_word' id='word_1_751' title='bbox 2792 3983 3026 4051; x_wconf 80' lang='lat' dir='ltr'><strong>potuerit</strong></span> <span class='ocrx_word' id='word_1_752' title='bbox 3065 3988 3490 4042; x_wconf 79' lang='lat' dir='ltr'><strong>Christianorum</strong></span> <span class='ocrx_word' id='word_1_753' title='bbox 3512 3987 3669 4049; x_wconf 61' lang='lat' dir='ltr'><strong>mdes,</strong></span> <span class='ocrx_word' id='word_1_754' title='bbox 3692 3998 3796 4052; x_wconf 63' lang='lat' dir='ltr'><strong>quis</strong></span> 
     </span>
    </p>
   </div>
   <div class='ocr_carea' id='block_1_100' title="bbox 2259 4053 3798 4129">
    <p class='ocr_par' dir='ltr' id='par_1_100' title="bbox 2259 4053 3798 4129">
     <span class='ocr_line' id='line_1_100' title="bbox 2259 4053 3798 4129; baseline 0 -23"><span class='ocrx_word' id='word_1_755' title='bbox 2259 4055 2440 4129; x_wconf 69' lang='lat' dir='ltr'><strong>domus</strong></span> <span class='ocrx_word' id='word_1_756' title='bbox 2484 4053 2579 4129; x_wconf 86' lang='lat' dir='ltr'><strong>Dei</strong></span> <span class='ocrx_word' id='word_1_757' title='bbox 2620 4055 2915 4129; x_wconf 80' lang='lat' dir='ltr'><strong>appellatas</strong></span> <span class='ocrx_word' id='word_1_758' title='bbox 2962 4063 3149 4118; x_wconf 73' lang='lat' dir='ltr'><strong>n‘otat.</strong></span> <span class='ocrx_word' id='word_1_759' title='bbox 3182 4059 3361 4129; x_wconf 86' lang='lat' dir='ltr'><strong>templi</strong></span> <span class='ocrx_word' id='word_1_760' title='bbox 3413 4070 3580 4114; x_wconf 89' lang='lat' dir='ltr'><strong>autent</strong></span> <span class='ocrx_word' id='word_1_761' title='bbox 3624 4055 3798 4129; x_wconf 82' lang='lat' dir='ltr'><strong>nomine</strong></span> 
     </span>
    </p>
   </div>
   <div class='ocr_carea' id='block_1_101' title="bbox 2260 4126 3799 4200">
    <p class='ocr_par' dir='ltr' id='par_1_101' title="bbox 2260 4126 3799 4200">
     <span class='ocr_line' id='line_1_101' title="bbox 2260 4126 3799 4200; baseline -0.001 -20"><span class='ocrx_word' id='word_1_762' title='bbox 2260 4126 2566 4180; x_wconf 86' lang='lat' dir='ltr'><strong>Salomonis</strong></span> <span class='ocrx_word' id='word_1_763' title='bbox 2613 4127 2938 4200; x_wconf 67' lang='lat' dir='ltr'><strong>aedilicium,</strong></span> <span class='ocrx_word' id='word_1_764' title='bbox 2981 4130 3178 4199; x_wconf 86' lang='lat' dir='ltr'><strong>quippe</strong></span> <span class='ocrx_word' id='word_1_765' title='bbox 3233 4126 3379 4200; x_wconf 67' lang='lat' dir='ltr'><strong>quod</strong></span> <span class='ocrx_word' id='word_1_766' title='bbox 3406 4173 3418 4195; x_wconf 87' lang='lat'><strong>,</strong></span> <span class='ocrx_word' id='word_1_767' title='bbox 3467 4133 3597 4186; x_wconf 88' lang='lat' dir='ltr'><strong>sicut</strong></span> <span class='ocrx_word' id='word_1_768' title='bbox 3642 4126 3799 4200; x_wconf 77' lang='lat' dir='ltr'><strong>nostris</strong></span> 
     </span>
    </p>
   </div>
   <div class='ocr_carea' id='block_1_102' title="bbox 2257 4198 3799 4270">
    <p class='ocr_par' dir='ltr' id='par_1_102' title="bbox 2257 4198 3799 4270">
     <span class='ocr_line' id='line_1_102' title="bbox 2257 4198 3799 4270; baseline 0.001 -20"><span class='ocrx_word' id='word_1_769' title='bbox 2257 4211 2471 4266; x_wconf 90' lang='lat' dir='ltr'><strong>quoque</strong></span> <span class='ocrx_word' id='word_1_770' title='bbox 2503 4198 2838 4263; x_wconf 86' lang='lat' dir='ltr'><strong>temporibus</strong></span> <span class='ocrx_word' id='word_1_771' title='bbox 2863 4240 2876 4262; x_wconf 91' lang='lat'><strong>,</strong></span> <span class='ocrx_word' id='word_1_772' title='bbox 2907 4198 3014 4254; x_wconf 85' lang='lat' dir='ltr'><strong>uno</strong></span> <span class='ocrx_word' id='word_1_773' title='bbox 3037 4202 3213 4270; x_wconf 81' lang='lat' dir='ltr'><strong>templi</strong></span> <span class='ocrx_word' id='word_1_774' title='bbox 3234 4198 3262 4266; x_wconf 18' lang='lat' dir='ltr'><strong>,V</strong></span> <span class='ocrx_word' id='word_1_775' title='bbox 3281 4218 3386 4258; x_wconf 92' lang='lat' dir='ltr'><strong>non</strong></span> <span class='ocrx_word' id='word_1_776' title='bbox 3419 4211 3588 4257; x_wconf 89' lang='lat' dir='ltr'><strong>autem</strong></span> <span class='ocrx_word' id='word_1_777' title='bbox 3618 4199 3799 4254; x_wconf 67' lang='lat' dir='ltr'><strong>ecclesia</strong></span> 
     </span>
    </p>
   </div>
   <div class='ocr_carea' id='block_1_103' title="bbox 2260 4271 3797 4339">
    <p class='ocr_par' dir='ltr' id='par_1_103' title="bbox 2260 4271 3797 4339">
     <span class='ocr_line' id='line_1_103' title="bbox 2260 4271 3797 4339; baseline 0 -18"><span class='ocrx_word' id='word_1_778' title='bbox 2260 4271 2478 4322; x_wconf 90' lang='lat' dir='ltr'><strong>nomine</strong></span> <span class='ocrx_word' id='word_1_779' title='bbox 2505 4271 2762 4337; x_wconf 86' lang='lat' dir='ltr'><strong>appellari</strong></span> <span class='ocrx_word' id='word_1_780' title='bbox 2809 4271 2980 4339; x_wconf 90' lang='lat' dir='ltr'><strong>solet;</strong></span> <span class='ocrx_word' id='word_1_781' title='bbox 3019 4271 3088 4326; x_wconf 88' lang='lat' dir='ltr'><strong>ita</strong></span> <span class='ocrx_word' id='word_1_782' title='bbox 3125 4273 3312 4327; x_wconf 88' lang='lat' dir='ltr'><strong>llilarii</strong></span> <span class='ocrx_word' id='word_1_783' title='bbox 3362 4290 3476 4328; x_wconf 73' lang='lat' dir='ltr'><strong>aevo</strong></span> <span class='ocrx_word' id='word_1_784' title='bbox 3505 4273 3632 4328; x_wconf 87' lang='lat' dir='ltr'><strong>idem</strong></span> <span class='ocrx_word' id='word_1_785' title='bbox 3669 4282 3797 4323; x_wconf 87' lang='lat' dir='ltr'><strong>uuunt</strong></span> 
     </span>
    </p>
   </div>
   <div class='ocr_carea' id='block_1_104' title="bbox 2259 4341 3801 4412">
    <p class='ocr_par' dir='ltr' id='par_1_104' title="bbox 2259 4341 3801 4412">
     <span class='ocr_line' id='line_1_104' title="bbox 2259 4341 3801 4412; baseline -0.001 -18"><span class='ocrx_word' id='word_1_786' title='bbox 2259 4355 2324 4394; x_wconf 64' lang='lat' dir='ltr'><strong>es</strong></span> <span class='ocrx_word' id='word_1_787' title='bbox 2364 4341 2860 4412; x_wconf 60' lang='lat' dir='ltr'><strong>omnibusaédihus</strong></span> <span class='ocrx_word' id='word_1_788' title='bbox 2886 4358 3016 4399; x_wconf 81' lang='lat' dir='ltr'><strong>vero</strong></span> <span class='ocrx_word' id='word_1_789' title='bbox 3047 4344 3156 4398; x_wconf 87' lang='lat' dir='ltr'><strong>Deo</strong></span> <span class='ocrx_word' id='word_1_790' title='bbox 3185 4344 3384 4400; x_wconf 85' lang='lat' dir='ltr'><strong>dicatis</strong></span> <span class='ocrx_word' id='word_1_791' title='bbox 3425 4345 3590 4412; x_wconf 81' lang='lat' dir='ltr'><strong>templi</strong></span> <span class='ocrx_word' id='word_1_792' title='bbox 3628 4341 3801 4412; x_wconf 84' lang='lat' dir='ltr'><strong>utuuiue</strong></span> 
     </span>
    </p>
   </div>
   <div class='ocr_carea' id='block_1_105' title="bbox 2261 4411 3798 4483">
    <p class='ocr_par' dir='ltr' id='par_1_105' title="bbox 2261 4411 3798 4483">
     <span class='ocr_line' id='line_1_105' title="bbox 2261 4411 3798 4483; baseline -0.003 -17"><span class='ocrx_word' id='word_1_793' title='bbox 2261 4428 2325 4483; x_wconf 77' lang='lat' dir='ltr'><strong>ex</strong></span> <span class='ocrx_word' id='word_1_794' title='bbox 2371 4411 2644 4483; x_wconf 90' lang='lat' dir='ltr'><strong>communi</strong></span> <span class='ocrx_word' id='word_1_795' title='bbox 2697 4413 2964 4469; x_wconf 87' lang='lat' dir='ltr'><strong>locutione</strong></span> <span class='ocrx_word' id='word_1_796' title='bbox 3014 4417 3429 4483; x_wconf 86' lang='lat' dir='ltr'><strong>nuncupabatur</strong></span> <span class='ocrx_word' id='word_1_797' title='bbox 3461 4435 3473 4468; x_wconf 85' lang='lat'><strong>:</strong></span> <span class='ocrx_word' id='word_1_798' title='bbox 3507 4411 3636 4470; x_wconf 86' lang='lat' dir='ltr'><strong>unde</strong></span> <span class='ocrx_word' id='word_1_799' title='bbox 3674 4420 3720 4466; x_wconf 90' lang='lat' dir='ltr'><strong>et</strong></span> <span class='ocrx_word' id='word_1_800' title='bbox 3753 4411 3798 4464; x_wconf 84' lang='lat' dir='ltr'><strong>S.</strong></span> 
     </span>
    </p>
   </div>
   <div class='ocr_carea' id='block_1_106' title="bbox 2261 4482 3802 4553">
    <p class='ocr_par' dir='ltr' id='par_1_106' title="bbox 2261 4482 3802 4553">
     <span class='ocr_line' id='line_1_106' title="bbox 2261 4482 3802 4553; baseline -0.001 -17"><span class='ocrx_word' id='word_1_801' title='bbox 2261 4482 2408 4536; x_wconf 68' lang='lat' dir='ltr'><strong>Zeno</strong></span> <span class='ocrx_word' id='word_1_802' title='bbox 2430 4527 2442 4544; x_wconf 82' lang='lat'><strong>,</strong></span> <span class='ocrx_word' id='word_1_803' title='bbox 2476 4484 2564 4553; x_wconf 89' lang='lat' dir='ltr'><strong>qui</strong></span> <span class='ocrx_word' id='word_1_804' title='bbox 2595 4482 2916 4540; x_wconf 75' lang='lat' dir='ltr'><strong>cltristianas</strong></span> <span class='ocrx_word' id='word_1_805' title='bbox 2941 4482 3333 4544; x_wconf 76' lang='lat' dir='ltr'><strong>aedilieatiOnes</strong></span> <span class='ocrx_word' id='word_1_806' title='bbox 3370 4503 3546 4542; x_wconf 86' lang='lat' dir='ltr'><strong>sacras</strong></span> <span class='ocrx_word' id='word_1_807' title='bbox 3577 4495 3802 4552; x_wconf 78' lang='lat' dir='ltr'><strong>nunquam</strong></span> 
     </span>
    </p>
   </div>
   <div class='ocr_carea' id='block_1_107' title="bbox 2261 4554 3802 4620">
    <p class='ocr_par' dir='ltr' id='par_1_107' title="bbox 2261 4554 3802 4620">
     <span class='ocr_line' id='line_1_107' title="bbox 2261 4554 3802 4620; baseline -0.003 -12"><span class='ocrx_word' id='word_1_808' title='bbox 2261 4562 2418 4608; x_wconf 82' lang='lat' dir='ltr'><strong>vocat</strong></span> <span class='ocrx_word' id='word_1_809' title='bbox 2450 4555 2636 4618; x_wconf 87' lang='lat' dir='ltr'><strong>templa</strong></span> <span class='ocrx_word' id='word_1_810' title='bbox 2661 4571 2826 4610; x_wconf 85' lang='lat' dir='ltr'><strong>serm.</strong></span> <span class='ocrx_word' id='word_1_811' title='bbox 2858 4556 2922 4610; x_wconf 71' lang='lat' dir='ltr'><strong>l4</strong></span> <span class='ocrx_word' id='word_1_812' title='bbox 2944 4600 2957 4620; x_wconf 92' lang='lat'><strong>,</strong></span> <span class='ocrx_word' id='word_1_813' title='bbox 2989 4574 3136 4612; x_wconf 84' lang='grc' dir='ltr'>ιιιιιιι.</span> <span class='ocrx_word' id='word_1_814' title='bbox 3167 4560 3216 4612; x_wconf 81' lang='lat' dir='ltr'><strong>l.</strong></span> <span class='ocrx_word' id='word_1_815' title='bbox 3244 4560 3547 4614; x_wconf 61' lang='lat' dir='ltr'><strong>Salomonis</strong></span> <span class='ocrx_word' id='word_1_816' title='bbox 3567 4554 3802 4612; x_wconf 67' lang='lat' dir='ltr'><strong>aedilicium</strong></span> 
     </span>
    </p>
   </div>
   <div class='ocr_carea' id='block_1_108' title="bbox 565 4621 3803 4700">
    <p class='ocr_par' dir='ltr' id='par_1_108' title="bbox 565 4621 3803 4700">
     <span class='ocr_line' id='line_1_108' title="bbox 565 4621 3803 4700; baseline -0.002 -21"><span class='ocrx_word' id='word_1_817' title='bbox 565 4621 806 4700; x_wconf 74' lang='lat' dir='ltr'><strong>dejanua</strong></span> <span class='ocrx_word' id='word_1_818' title='bbox 833 4621 1060 4700; x_wconf 82' lang='lat' dir='ltr'><strong>laureata</strong></span> <span class='ocrx_word' id='word_1_819' title='bbox 1087 4627 1442 4700; x_wconf 83' lang='lat' dir='ltr'><strong>etluccrnata.</strong></span> <span class='ocrx_word' id='word_1_820' title='bbox 1471 4621 1565 4681; x_wconf 75' lang='lat' dir='ltr'><strong>His</strong></span> <span class='ocrx_word' id='word_1_821' title='bbox 1598 4625 1835 4696; x_wconf 85' lang='lat' dir='ltr'><strong>profanis</strong></span> <span class='ocrx_word' id='word_1_822' title='bbox 1861 4625 1966 4700; x_wconf 86' lang='lat' dir='ltr'><strong>viri</strong></span> <span class='ocrx_word' id='word_1_823' title='bbox 1978 4627 2156 4700; x_wconf 81' lang='lat' dir='ltr'><strong>sacris</strong></span> <span class='ocrx_word' id='word_1_824' title='bbox 2183 4621 2238 4682; x_wconf 89' lang='lat' dir='ltr'><strong>D</strong></span> <span class='ocrx_word' id='word_1_825' title='bbox 2261 4641 2328 4682; x_wconf 90' lang='lat' dir='ltr'><strong>eo</strong></span> <span class='ocrx_word' id='word_1_826' title='bbox 2357 4626 2574 4700; x_wconf 83' lang='lat' dir='ltr'><strong>nomine</strong></span> <span class='ocrx_word' id='word_1_827' title='bbox 2603 4628 2880 4700; x_wconf 83' lang='lat' dir='ltr'><strong>perspicue</strong></span> <span class='ocrx_word' id='word_1_828' title='bbox 2906 4629 3169 4697; x_wconf 75' lang='lat' dir='ltr'><strong>designat.</strong></span> <span class='ocrx_word' id='word_1_829' title='bbox 3207 4632 3357 4684; x_wconf 85' lang='lat' dir='ltr'><strong>lianc</strong></span> <span class='ocrx_word' id='word_1_830' title='bbox 3387 4646 3512 4700; x_wconf 84' lang='lat' dir='ltr'><strong>t-rgo</strong></span> <span class='ocrx_word' id='word_1_831' title='bbox 3540 4628 3803 4698; x_wconf 55' lang='lat' dir='ltr'><strong>appellatio.</strong></span> 
     </span>
    </p>
   </div>
   <div class='ocr_carea' id='block_1_109' title="bbox 565 4695 2152 4768">
    <p class='ocr_par' dir='ltr' id='par_1_109' title="bbox 565 4695 2152 4768">
     <span class='ocr_line' id='line_1_109' title="bbox 565 4695 2152 4768; baseline 0.001 -17"><span class='ocrx_word' id='word_1_832' title='bbox 565 4695 859 4768; x_wconf 73' lang='lat' dir='ltr'><strong>christiana</strong></span> <span class='ocrx_word' id='word_1_833' title='bbox 901 4699 1096 4768; x_wconf 90' lang='lat' dir='ltr'><strong>mulier</strong></span> <span class='ocrx_word' id='word_1_834' title='bbox 1125 4699 1354 4754; x_wconf 87' lang='lat' dir='ltr'><strong>debebat</strong></span> <span class='ocrx_word' id='word_1_835' title='bbox 1394 4699 1494 4752; x_wconf 89' lang='lat' dir='ltr'><strong>alia</strong></span> <span class='ocrx_word' id='word_1_836' title='bbox 1537 4713 1602 4753; x_wconf 85' lang='lat' dir='ltr'><strong>ex</strong></span> <span class='ocrx_word' id='word_1_837' title='bbox 1639 4699 1848 4768; x_wconf 86' lang='lat' dir='ltr'><strong>propria</strong></span> <span class='ocrx_word' id='word_1_838' title='bbox 1893 4695 2152 4768; x_wconf 83' lang='lat' dir='ltr'><strong>religione</strong></span> 
     </span>
    </p>
   </div>
   <div class='ocr_carea' id='block_1_110' title="bbox 562 4766 2151 4839">
    <p class='ocr_par' dir='ltr' id='par_1_110' title="bbox 562 4766 2151 4839">
     <span class='ocr_line' id='line_1_110' title="bbox 562 4766 2151 4839; baseline 0.001 -19"><span class='ocrx_word' id='word_1_839' title='bbox 562 4767 799 4836; x_wconf 88' lang='lat' dir='ltr'><strong>objicere</strong></span> <span class='ocrx_word' id='word_1_840' title='bbox 821 4809 834 4832; x_wconf 89' lang='lat'><strong>,</strong></span> <span class='ocrx_word' id='word_1_841' title='bbox 868 4767 1125 4822; x_wconf 88' lang='lat' dir='ltr'><strong>nimirum</strong></span> <span class='ocrx_word' id='word_1_842' title='bbox 1166 4785 1348 4824; x_wconf 82' lang='lat' dir='ltr'><strong>sacras</strong></span> <span class='ocrx_word' id='word_1_843' title='bbox 1376 4769 1443 4824; x_wconf 90' lang='lat' dir='ltr'><strong>ad</strong></span> <span class='ocrx_word' id='word_1_844' title='bbox 1493 4768 1660 4824; x_wconf 90' lang='lat' dir='ltr'><strong>Deum</strong></span> <span class='ocrx_word' id='word_1_845' title='bbox 1693 4766 1880 4839; x_wconf 80' lang='lat' dir='ltr'><strong>preces</strong></span> <span class='ocrx_word' id='word_1_846' title='bbox 1901 4809 1914 4833; x_wconf 93' lang='lat'><strong>,</strong></span> <span class='ocrx_word' id='word_1_847' title='bbox 1958 4766 2151 4839; x_wconf 12' lang='lat' dir='ltr'><strong>etrfor-</strong></span> 
     </span>
    </p>
   </div>
   <div class='ocr_carea' id='block_1_111' title="bbox 564 4838 2152 4909">
    <p class='ocr_par' dir='ltr' id='par_1_111' title="bbox 564 4838 2152 4909">
     <span class='ocr_line' id='line_1_111' title="bbox 564 4838 2152 4909; baseline 0.001 -17"><span class='ocrx_word' id='word_1_848' title='bbox 564 4839 723 4894; x_wconf 83' lang='lat' dir='ltr'><strong>lassis</strong></span> <span class='ocrx_word' id='word_1_849' title='bbox 752 4841 912 4894; x_wconf 88' lang='lat' dir='ltr'><strong>etiam</strong></span> <span class='ocrx_word' id='word_1_850' title='bbox 959 4840 1320 4907; x_wconf 84' lang='lat' dir='ltr'><strong>sutnptiouem</strong></span> <span class='ocrx_word' id='word_1_851' title='bbox 1371 4838 1747 4904; x_wconf 61' lang='lat' dir='ltr'><strong>Eucharistiaé,</strong></span> <span class='ocrx_word' id='word_1_852' title='bbox 1781 4855 1939 4909; x_wconf 88' lang='lat' dir='ltr'><strong>quam</strong></span> <span class='ocrx_word' id='word_1_853' title='bbox 1979 4838 2152 4893; x_wconf 87' lang='lat' dir='ltr'><strong>chris-</strong></span> 
     </span>
    </p>
   </div>
   <div class='ocr_carea' id='block_1_112' title="bbox 565 4910 2154 4981">
    <p class='ocr_par' dir='ltr' id='par_1_112' title="bbox 565 4910 2154 4981">
     <span class='ocr_line' id='line_1_112' title="bbox 565 4910 2154 4981; baseline 0.002 -19"><span class='ocrx_word' id='word_1_854' title='bbox 565 4911 739 4965; x_wconf 88' lang='lat' dir='ltr'><strong>tianos</strong></span> <span class='ocrx_word' id='word_1_855' title='bbox 777 4910 994 4965; x_wconf 92' lang='lat' dir='ltr'><strong>domum</strong></span> <span class='ocrx_word' id='word_1_856' title='bbox 1034 4911 1311 4974; x_wconf 88' lang='lat' dir='ltr'><strong>attulisse,</strong></span> <span class='ocrx_word' id='word_1_857' title='bbox 1344 4910 1597 4981; x_wconf 81' lang='lat' dir='ltr'><strong>domique</strong></span> <span class='ocrx_word' id='word_1_858' title='bbox 1638 4925 1918 4974; x_wconf 83' lang='lat' dir='ltr'><strong>servasse,</strong></span> <span class='ocrx_word' id='word_1_859' title='bbox 1953 4911 2154 4979; x_wconf 84' lang='lat' dir='ltr'><strong>patebit</strong></span> 
     </span>
    </p>
   </div>
   <div class='ocr_carea' id='block_1_113' title="bbox 562 4981 2154 5051">
    <p class='ocr_par' dir='ltr' id='par_1_113' title="bbox 562 4981 2154 5051">
     <span class='ocr_line' id='line_1_113' title="bbox 562 4981 2154 5051; baseline 0 -15"><span class='ocrx_word' id='word_1_860' title='bbox 562 4996 629 5036; x_wconf 84' lang='lat' dir='ltr'><strong>ex</strong></span> <span class='ocrx_word' id='word_1_861' title='bbox 657 4989 843 5036; x_wconf 88' lang='lat' dir='ltr'><strong>annot.</strong></span> <span class='ocrx_word' id='word_1_862' title='bbox 868 4981 959 5035; x_wconf 73' lang='lat'><strong>29.</strong></span> <span class='ocrx_word' id='word_1_863' title='bbox 996 4982 1331 5036; x_wconf 81' lang='lat' dir='ltr'><strong>l’robahilius</strong></span> <span class='ocrx_word' id='word_1_864' title='bbox 1373 4991 1550 5037; x_wconf 90' lang='lat' dir='ltr'><strong>tamen</strong></span> <span class='ocrx_word' id='word_1_865' title='bbox 1582 4993 1693 5046; x_wconf 68' lang='grc' dir='ltr'><strong>εει,</strong></span> <span class='ocrx_word' id='word_1_866' title='bbox 1725 4981 1826 5038; x_wconf 87' lang='lat' dir='ltr'><strong>hoc</strong></span> <span class='ocrx_word' id='word_1_867' title='bbox 1852 4983 1973 5035; x_wconf 85' lang='lat' dir='ltr'><strong>loco</strong></span> <span class='ocrx_word' id='word_1_868' title='bbox 1998 4996 2154 5051; x_wconf 79' lang='lat' dir='ltr'><strong>Spec-</strong></span> 
     </span>
    </p>
   </div>
   <div class='ocr_carea' id='block_1_114' title="bbox 564 5051 2155 5122">
    <p class='ocr_par' dir='ltr' id='par_1_114' title="bbox 564 5051 2155 5122">
     <span class='ocr_line' id='line_1_114' title="bbox 564 5051 2155 5122; baseline 0.001 -18"><span class='ocrx_word' id='word_1_869' title='bbox 564 5054 661 5122; x_wconf 77' lang='lat' dir='ltr'><strong>tari</strong></span> <span class='ocrx_word' id='word_1_870' title='bbox 694 5051 783 5106; x_wconf 90' lang='lat' dir='ltr'><strong>illa</strong></span> <span class='ocrx_word' id='word_1_871' title='bbox 825 5052 974 5108; x_wconf 84' lang='lat' dir='ltr'><strong>Pauli</strong></span> <span class='ocrx_word' id='word_1_872' title='bbox 1003 5052 1047 5110; x_wconf 87' lang='lat' dir='ltr'><strong>ll</strong></span> <span class='ocrx_word' id='word_1_873' title='bbox 1084 5051 1207 5108; x_wconf 87' lang='lat' dir='ltr'><strong>Cor.</strong></span> <span class='ocrx_word' id='word_1_874' title='bbox 1239 5067 1358 5122; x_wconf 86' lang='lat' dir='ltr'><strong>Cap.</strong></span> <span class='ocrx_word' id='word_1_875' title='bbox 1393 5069 1440 5108; x_wconf 74' lang='grc' dir='ltr'><strong>ιι</strong></span> <span class='ocrx_word' id='word_1_876' title='bbox 1469 5095 1484 5118; x_wconf 91' lang='lat'><strong>,</strong></span> <span class='ocrx_word' id='word_1_877' title='bbox 1511 5068 1651 5108; x_wconf 86' lang='lat' dir='ltr'><strong>vers.</strong></span> <span class='ocrx_word' id='word_1_878' title='bbox 1682 5051 1766 5112; x_wconf 72' lang='grc' dir='ltr'><strong>Μ.</strong></span> <span class='ocrx_word' id='word_1_879' title='bbox 1796 5052 1989 5120; x_wconf 88' lang='lat' dir='ltr'><strong>quibus</strong></span> <span class='ocrx_word' id='word_1_880' title='bbox 2017 5070 2155 5119; x_wconf 87' lang='lat' dir='ltr'><strong>nup-</strong></span> 
     </span>
    </p>
   </div>
   <div class='ocr_carea' id='block_1_115' title="bbox 561 5121 2155 5194">
    <p class='ocr_par' dir='ltr' id='par_1_115' title="bbox 561 5121 2155 5194">
     <span class='ocr_line' id='line_1_115' title="bbox 561 5121 2155 5194; baseline 0.002 -18"><span class='ocrx_word' id='word_1_881' title='bbox 561 5121 663 5194; x_wconf 77' lang='lat' dir='ltr'><strong>t_ias</strong></span> <span class='ocrx_word' id='word_1_882' title='bbox 690 5137 810 5176; x_wconf 90' lang='lat' dir='ltr'><strong>cum</strong></span> <span class='ocrx_word' id='word_1_883' title='bbox 840 5123 1150 5178; x_wconf 80' lang='lat' dir='ltr'><strong>infidelibus</strong></span> <span class='ocrx_word' id='word_1_884' title='bbox 1176 5125 1243 5178; x_wconf 90' lang='lat' dir='ltr'><strong>ab</strong></span> <span class='ocrx_word' id='word_1_885' title='bbox 1274 5121 1532 5194; x_wconf 66' lang='lat' dir='ltr'><strong>Apostolo</strong></span> <span class='ocrx_word' id='word_1_886' title='bbox 1568 5123 1878 5178; x_wconf 82' lang='lat' dir='ltr'><strong>interdictas</strong></span> <span class='ocrx_word' id='word_1_887' title='bbox 1911 5124 2155 5194; x_wconf 88' lang='lat' dir='ltr'><strong>plerique</strong></span> 
     </span>
    </p>
   </div>
   <div class='ocr_carea' id='block_1_116' title="bbox 559 5190 2154 5267">
    <p class='ocr_par' dir='ltr' id='par_1_116' title="bbox 559 5190 2154 5267">
     <span class='ocr_line' id='line_1_116' title="bbox 559 5190 2154 5267; baseline 0.003 -21"><span class='ocrx_word' id='word_1_888' title='bbox 559 5190 776 5267; x_wconf 56' lang='lat' dir='ltr'><strong>Patrum</strong></span> <span class='ocrx_word' id='word_1_889' title='bbox 809 5194 1228 5267; x_wconf 81' lang='lat' dir='ltr'><strong>interpretantur</strong></span> <span class='ocrx_word' id='word_1_890' title='bbox 1256 5213 1266 5250; x_wconf 91' lang='lat'>:</span> <span class='ocrx_word' id='word_1_891' title='bbox 1303 5190 1478 5251; x_wconf 80' lang='lat' dir='ltr'><strong>Nolite</strong></span> <span class='ocrx_word' id='word_1_892' title='bbox 1499 5197 1688 5267; x_wconf 83' lang='lat' dir='ltr'><strong>jugum</strong></span> <span class='ocrx_word' id='word_1_893' title='bbox 1719 5190 2045 5250; x_wconf 56' lang='lat' dir='ltr'><strong>ducere&#39;cum</strong></span> <span class='ocrx_word' id='word_1_894' title='bbox 2069 5190 2154 5267; x_wconf 56' lang='lat' dir='ltr'><strong>ine</strong></span> 
     </span>
    </p>
   </div>
   <div class='ocr_carea' id='block_1_117' title="bbox 557 5259 2154 5336">
    <p class='ocr_par' dir='ltr' id='par_1_117' title="bbox 557 5259 2154 5336">
     <span class='ocr_line' id='line_1_117' title="bbox 557 5259 2154 5336; baseline 0.003 -20"><span class='ocrx_word' id='word_1_895' title='bbox 557 5259 816 5331; x_wconf 81' lang='lat' dir='ltr'><strong>ﬁdelibus.</strong></span> <span class='ocrx_word' id='word_1_896' title='bbox 841 5259 969 5329; x_wconf 69' lang='grc' dir='ltr'>Ωιιιὲ</span> <span class='ocrx_word' id='word_1_897' title='bbox 989 5267 1120 5322; x_wconf 87' lang='lat' dir='ltr'><strong>enim</strong></span> <span class='ocrx_word' id='word_1_898' title='bbox 1141 5268 1467 5336; x_wconf 84' lang='lat' dir='ltr'><strong>participatio</strong></span> <span class='ocrx_word' id='word_1_899' title='bbox 1480 5259 1699 5336; x_wconf 40' lang='lat' dir='ltr'><strong>jus-tilia:</strong></span> <span class='ocrx_word' id='word_1_900' title='bbox 1716 5281 1831 5320; x_wconf 81' lang='lat' dir='ltr'><strong>cum</strong></span> <span class='ocrx_word' id='word_1_901' title='bbox 1852 5266 2154 5334; x_wconf 85' lang='lat' dir='ltr'><strong>iniquitate?</strong></span> 
     </span>
    </p>
   </div>
   <div class='ocr_carea' id='block_1_118' title="bbox 554 5336 2153 5405">
    <p class='ocr_par' dir='ltr' id='par_1_118' title="bbox 554 5336 2153 5405">
     <span class='ocr_line' id='line_1_118' title="bbox 554 5336 2153 5405; baseline 0.002 -18"><span class='ocrx_word' id='word_1_902' title='bbox 554 5343 644 5390; x_wconf 88' lang='lat' dir='ltr'><strong>aut</strong></span> <span class='ocrx_word' id='word_1_903' title='bbox 667 5352 781 5405; x_wconf 77' lang='lat' dir='ltr'><strong>qua:</strong></span> <span class='ocrx_word' id='word_1_904' title='bbox 802 5337 1017 5394; x_wconf 86' lang='lat' dir='ltr'><strong>societas</strong></span> <span class='ocrx_word' id='word_1_905' title='bbox 1046 5337 1172 5391; x_wconf 86' lang='lat' dir='ltr'><strong>lucis</strong></span> <span class='ocrx_word' id='word_1_906' title='bbox 1200 5338 1266 5392; x_wconf 90' lang='lat' dir='ltr'><strong>ad</strong></span> <span class='ocrx_word' id='word_1_907' title='bbox 1306 5336 1575 5394; x_wconf 86' lang='lat' dir='ltr'><strong>tenebras?</strong></span> <span class='ocrx_word' id='word_1_908' title='bbox 1603 5353 1715 5405; x_wconf 66' lang='lat' dir='ltr'><strong>qua</strong></span> <span class='ocrx_word' id='word_1_909' title='bbox 1743 5347 1911 5391; x_wconf 86' lang='lat' dir='ltr'><strong>autem</strong></span> <span class='ocrx_word' id='word_1_910' title='bbox 1939 5355 2153 5392; x_wconf 86' lang='lat' dir='ltr'><strong>conven-</strong></span> 
     </span>
    </p>
   </div>
   <div class='ocr_carea' id='block_1_119' title="bbox 557 5406 2154 5479">
    <p class='ocr_par' dir='ltr' id='par_1_119' title="bbox 557 5406 2154 5479">
     <span class='ocr_line' id='line_1_119' title="bbox 557 5406 2154 5479; baseline 0.003 -21"><span class='ocrx_word' id='word_1_911' title='bbox 557 5406 638 5479; x_wconf 87' lang='lat' dir='ltr'><strong>tio</strong></span> <span class='ocrx_word' id='word_1_912' title='bbox 657 5406 845 5468; x_wconf 75' lang='lat' dir='ltr'><strong>Christi</strong></span> <span class='ocrx_word' id='word_1_913' title='bbox 875 5407 944 5462; x_wconf 86' lang='lat' dir='ltr'><strong>ad</strong></span> <span class='ocrx_word' id='word_1_914' title='bbox 974 5407 1182 5472; x_wconf 80' lang='lat' dir='ltr'><strong>Belial?</strong></span> <span class='ocrx_word' id='word_1_915' title='bbox 1208 5419 1293 5462; x_wconf 87' lang='lat' dir='ltr'><strong>aut</strong></span> <span class='ocrx_word' id='word_1_916' title='bbox 1315 5424 1430 5479; x_wconf 68' lang='lat' dir='ltr'><strong>qua;</strong></span> <span class='ocrx_word' id='word_1_917' title='bbox 1454 5425 1572 5477; x_wconf 84' lang='lat' dir='ltr'><strong>pars</strong></span> <span class='ocrx_word' id='word_1_918' title='bbox 1602 5408 1744 5478; x_wconf 85' lang='lat' dir='ltr'><strong>ﬁdeli</strong></span> <span class='ocrx_word' id='word_1_919' title='bbox 1774 5425 1886 5479; x_wconf 80' lang='lat' dir='ltr'><strong>cum</strong></span> <span class='ocrx_word' id='word_1_920' title='bbox 1915 5409 2154 5479; x_wconf 84' lang='lat' dir='ltr'><strong>inﬁdeli?</strong></span> 
     </span>
    </p>
   </div>
   <div class='ocr_carea' id='block_1_120' title="bbox 552 5477 2156 5550">
    <p class='ocr_par' dir='ltr' id='par_1_120' title="bbox 552 5477 2156 5550">
     <span class='ocr_line' id='line_1_120' title="bbox 552 5477 2156 5550; baseline 0.001 -19"><span class='ocrx_word' id='word_1_921' title='bbox 552 5478 641 5544; x_wconf 86' lang='lat' dir='ltr'><strong>qui</strong></span> <span class='ocrx_word' id='word_1_922' title='bbox 667 5487 838 5534; x_wconf 86' lang='lat' dir='ltr'><strong>autem</strong></span> <span class='ocrx_word' id='word_1_923' title='bbox 867 5495 1140 5550; x_wconf 78' lang='lat' dir='ltr'><strong>consensus</strong></span> <span class='ocrx_word' id='word_1_924' title='bbox 1186 5477 1374 5550; x_wconf 86' lang='lat' dir='ltr'><strong>templo</strong></span> <span class='ocrx_word' id='word_1_925' title='bbox 1401 5478 1498 5536; x_wconf 90' lang='lat' dir='ltr'><strong>Dei</strong></span> <span class='ocrx_word' id='word_1_926' title='bbox 1526 5477 1643 5534; x_wconf 87' lang='lat' dir='ltr'><strong>cum</strong></span> <span class='ocrx_word' id='word_1_927' title='bbox 1674 5477 1870 5537; x_wconf 78' lang='lat' dir='ltr'><strong>idolis?</strong></span> <span class='ocrx_word' id='word_1_928' title='bbox 1891 5477 1978 5536; x_wconf 81' lang='lat' dir='ltr'><strong>vos</strong></span> <span class='ocrx_word' id='word_1_929' title='bbox 2020 5481 2156 5534; x_wconf 89' lang='lat' dir='ltr'><strong>enim</strong></span> 
     </span>
    </p>
   </div>
   <div class='ocr_carea' id='block_1_121' title="bbox 555 5548 1217 5619">
    <p class='ocr_par' dir='ltr' id='par_1_121' title="bbox 555 5548 1217 5619">
     <span class='ocr_line' id='line_1_121' title="bbox 555 5548 1217 5619; baseline 0.008 -19"><span class='ocrx_word' id='word_1_930' title='bbox 555 5549 673 5602; x_wconf 90' lang='lat' dir='ltr'><strong>estis</strong></span> <span class='ocrx_word' id='word_1_931' title='bbox 705 5553 947 5619; x_wconf 83' lang='lat' dir='ltr'><strong>templum</strong></span> <span class='ocrx_word' id='word_1_932' title='bbox 977 5548 1072 5604; x_wconf 85' lang='lat' dir='ltr'><strong>Dei</strong></span> <span class='ocrx_word' id='word_1_933' title='bbox 1099 5551 1217 5605; x_wconf 85' lang='lat' dir='ltr'><strong>vivi.</strong></span> 
     </span>
    </p>
   </div>
   <div class='ocr_carea' id='block_1_122' title="bbox 630 5618 2151 5693">
    <p class='ocr_par' dir='ltr' id='par_1_122' title="bbox 630 5618 2151 5693">
     <span class='ocr_line' id='line_1_122' title="bbox 630 5618 2151 5693; baseline 0.002 -18"><span class='ocrx_word' id='word_1_934' title='bbox 630 5618 742 5693; x_wconf 68' lang='lat'><strong>(26)</strong></span> <span class='ocrx_word' id='word_1_935' title='bbox 787 5621 923 5676; x_wconf 87' lang='lat' dir='ltr'><strong>Hinc</strong></span> <span class='ocrx_word' id='word_1_936' title='bbox 949 5621 1126 5692; x_wconf 78' lang='lat' dir='ltr'><strong>colligi</strong></span> <span class='ocrx_word' id='word_1_937' title='bbox 1173 5630 1368 5693; x_wconf 88' lang='lat' dir='ltr'><strong>potest,</strong></span> <span class='ocrx_word' id='word_1_938' title='bbox 1402 5621 1638 5678; x_wconf 87' lang='lat' dir='ltr'><strong>Zenonis</strong></span> <span class='ocrx_word' id='word_1_939' title='bbox 1679 5628 1837 5678; x_wconf 67' lang='lat' dir='ltr'><strong>aetate</strong></span> <span class='ocrx_word' id='word_1_940' title='bbox 1887 5621 2151 5680; x_wconf 92' lang='lat' dir='ltr'><strong>idolorum</strong></span> 
     </span>
    </p>
   </div>
   <div class='ocr_carea' id='block_1_123' title="bbox 557 5690 2154 5761">
    <p class='ocr_par' dir='ltr' id='par_1_123' title="bbox 557 5690 2154 5761">
     <span class='ocr_line' id='line_1_123' title="bbox 557 5690 2154 5761; baseline 0.005 -19"><span class='ocrx_word' id='word_1_941' title='bbox 557 5690 700 5744; x_wconf 65' lang='lat' dir='ltr'><strong>aedes</strong></span> <span class='ocrx_word' id='word_1_942' title='bbox 735 5695 949 5761; x_wconf 85' lang='lat' dir='ltr'><strong>proprio</strong></span> <span class='ocrx_word' id='word_1_943' title='bbox 977 5690 1185 5761; x_wconf 73' lang='lat' dir='ltr'><strong>templi,</strong></span> <span class='ocrx_word' id='word_1_944' title='bbox 1216 5693 1358 5748; x_wconf 70' lang='lat' dir='ltr'><strong>aedes</strong></span> <span class='ocrx_word' id='word_1_945' title='bbox 1384 5702 1560 5750; x_wconf 90' lang='lat' dir='ltr'><strong>autem</strong></span> <span class='ocrx_word' id='word_1_946' title='bbox 1609 5708 1791 5747; x_wconf 88' lang='lat' dir='ltr'><strong>sacras</strong></span> <span class='ocrx_word' id='word_1_947' title='bbox 1832 5693 2154 5750; x_wconf 80' lang='lat' dir='ltr'><strong>christiano-</strong></span> 
     </span>
    </p>
   </div>
   <div class='ocr_carea' id='block_1_124' title="bbox 558 5765 2154 5837">
    <p class='ocr_par' dir='ltr' id='par_1_124' title="bbox 558 5765 2154 5837">
     <span class='ocr_line' id='line_1_124' title="bbox 558 5765 2154 5837; baseline 0.009 -28"><span class='ocrx_word' id='word_1_948' title='bbox 558 5773 676 5813; x_wconf 90' lang='lat' dir='ltr'><strong>rum</strong></span> <span class='ocrx_word' id='word_1_949' title='bbox 702 5765 935 5837; x_wconf 79' lang='lat' dir='ltr'><strong>proprio</strong></span> <span class='ocrx_word' id='word_1_950' title='bbox 981 5765 1210 5820; x_wconf 67' lang='lat' dir='ltr'><strong>ecclesiis</strong></span> <span class='ocrx_word' id='word_1_951' title='bbox 1253 5765 1474 5820; x_wconf 88' lang='lat' dir='ltr'><strong>nomine</strong></span> <span class='ocrx_word' id='word_1_952' title='bbox 1515 5765 1812 5837; x_wconf 87' lang='lat' dir='ltr'><strong>appellatas</strong></span> <span class='ocrx_word' id='word_1_953' title='bbox 1861 5765 2059 5831; x_wconf 88' lang='lat' dir='ltr'><strong>fuisse,</strong></span> <span class='ocrx_word' id='word_1_954' title='bbox 2095 5777 2154 5823; x_wconf 93' lang='lat' dir='ltr'><strong>ut</strong></span> 
     </span>
    </p>
   </div>
   <div class='ocr_carea' id='block_1_125' title="bbox 556 5831 2150 5908">
    <p class='ocr_par' dir='ltr' id='par_1_125' title="bbox 556 5831 2150 5908">
     <span class='ocr_line' id='line_1_125' title="bbox 556 5831 2150 5908; baseline 0.008 -24"><span class='ocrx_word' id='word_1_955' title='bbox 556 5841 655 5884; x_wconf 84' lang='lat' dir='ltr'><strong>nec</strong></span> <span class='ocrx_word' id='word_1_956' title='bbox 700 5831 831 5887; x_wconf 37' lang='lat' dir='ltr'><strong>isue‘</strong></span> <span class='ocrx_word' id='word_1_957' title='bbox 877 5837 1098 5904; x_wconf 78' lang='lat' dir='ltr'><strong>templa.</strong></span> <span class='ocrx_word' id='word_1_958' title='bbox 1151 5851 1251 5893; x_wconf 88' lang='lat' dir='ltr'><strong>nec</strong></span> <span class='ocrx_word' id='word_1_959' title='bbox 1296 5837 1402 5894; x_wconf 75' lang='lat' dir='ltr'><strong>illa:</strong></span> <span class='ocrx_word' id='word_1_960' title='bbox 1454 5831 1857 5908; x_wconf 78' lang='lat' dir='ltr'><strong>appellarentur</strong></span> <span class='ocrx_word' id='word_1_961' title='bbox 1906 5838 2150 5896; x_wconf 77' lang='lat' dir='ltr'><strong>ecclesite.</strong></span> 
     </span>
    </p>
   </div>
   <div class='ocr_carea' id='block_1_126' title="bbox 2262 4697 3804 4771">
    <p class='ocr_par' dir='ltr' id='par_1_126' title="bbox 2262 4697 3804 4771">
     <span class='ocr_line' id='line_1_126' title="bbox 2262 4697 3804 4771; baseline -0.001 -19"><span class='ocrx_word' id='word_1_962' title='bbox 2262 4713 2383 4752; x_wconf 90' lang='lat' dir='ltr'><strong>nem</strong></span> <span class='ocrx_word' id='word_1_963' title='bbox 2417 4697 2555 4771; x_wconf 81' lang='lat' dir='ltr'><strong>apud</strong></span> <span class='ocrx_word' id='word_1_964' title='bbox 2588 4697 2840 4752; x_wconf 90' lang='lat' dir='ltr'><strong>llilaritnn</strong></span> <span class='ocrx_word' id='word_1_965' title='bbox 2869 4703 2912 4754; x_wconf 92' lang='lat' dir='ltr'><strong>si</strong></span> <span class='ocrx_word' id='word_1_966' title='bbox 2951 4702 3070 4771; x_wconf 89' lang='lat' dir='ltr'><strong>quis</strong></span> <span class='ocrx_word' id='word_1_967' title='bbox 3098 4701 3164 4755; x_wconf 89' lang='lat' dir='ltr'><strong>ad</strong></span> <span class='ocrx_word' id='word_1_968' title='bbox 3196 4697 3526 4758; x_wconf 72' lang='lat' dir='ltr'><strong>christianos</strong></span> <span class='ocrx_word' id='word_1_969' title='bbox 3553 4706 3804 4756; x_wconf 83' lang='lat' dir='ltr'><strong>conventus</strong></span> 
     </span>
    </p>
   </div>
   <div class='ocr_carea' id='block_1_127' title="bbox 2265 4768 3802 4840">
    <p class='ocr_par' dir='ltr' id='par_1_127' title="bbox 2265 4768 3802 4840">
     <span class='ocr_line' id='line_1_127' title="bbox 2265 4768 3802 4840; baseline 0.001 -17"><span class='ocrx_word' id='word_1_970' title='bbox 2265 4768 2591 4834; x_wconf 83' lang='lat' dir='ltr'><strong>transferat,</strong></span> <span class='ocrx_word' id='word_1_971' title='bbox 2654 4771 2878 4825; x_wconf 82' lang='lat' dir='ltr'><strong>mirilice</strong></span> <span class='ocrx_word' id='word_1_972' title='bbox 2945 4768 3162 4826; x_wconf 74' lang='lat' dir='ltr'><strong>fallitur.</strong></span> <span class='ocrx_word' id='word_1_973' title='bbox 3211 4773 3412 4829; x_wconf 86' lang='lat' dir='ltr'><strong>Notum</strong></span> <span class='ocrx_word' id='word_1_974' title='bbox 3467 4786 3546 4830; x_wconf 91' lang='lat' dir='ltr'><strong>est</strong></span> <span class='ocrx_word' id='word_1_975' title='bbox 3590 4780 3802 4840; x_wconf 82' lang='lat' dir='ltr'><strong>quantum</strong></span> 
     </span>
    </p>
   </div>
   <div class='ocr_carea' id='block_1_128' title="bbox 2262 4840 3804 4915">
    <p class='ocr_par' dir='ltr' id='par_1_128' title="bbox 2262 4840 3804 4915">
     <span class='ocr_line' id='line_1_128' title="bbox 2262 4840 3804 4915; baseline -0.003 -19"><span class='ocrx_word' id='word_1_976' title='bbox 2262 4840 2540 4915; x_wconf 79' lang='lat' dir='ltr'><strong>christiani</strong></span> <span class='ocrx_word' id='word_1_977' title='bbox 2583 4852 2790 4915; x_wconf 73' lang='lat' dir='ltr'><strong>veteres</strong></span> <span class='ocrx_word' id='word_1_978' title='bbox 2816 4857 2844 4894; x_wconf 92' lang='lat' dir='ltr'><strong>a</strong></span> <span class='ocrx_word' id='word_1_979' title='bbox 2868 4845 3046 4915; x_wconf 66' lang='lat' dir='ltr'><strong>templi</strong></span> <span class='ocrx_word' id='word_1_980' title='bbox 3070 4850 3472 4914; x_wconf 71' lang='lat' dir='ltr'><strong>nuncupatione</strong></span> <span class='ocrx_word' id='word_1_981' title='bbox 3493 4845 3594 4898; x_wconf 69' lang='lat' dir='ltr'><strong>suis</strong></span> <span class='ocrx_word' id='word_1_982' title='bbox 3615 4841 3804 4915; x_wconf 61' lang='lat' dir='ltr'><strong>coitibus</strong></span> 
     </span>
    </p>
   </div>
   <div class='ocr_carea' id='block_1_129' title="bbox 2261 4909 3804 4988">
    <p class='ocr_par' dir='ltr' id='par_1_129' title="bbox 2261 4909 3804 4988">
     <span class='ocr_line' id='line_1_129' title="bbox 2261 4909 3804 4988; baseline -0.003 -22"><span class='ocrx_word' id='word_1_983' title='bbox 2261 4911 2559 4988; x_wconf 82' lang='lat' dir='ltr'><strong>addicenda</strong></span> <span class='ocrx_word' id='word_1_984' title='bbox 2597 4909 2979 4988; x_wconf 48' lang='lat' dir='ltr'><strong>abhorrerent;</strong></span> <span class='ocrx_word' id='word_1_985' title='bbox 3005 4913 3222 4988; x_wconf 79' lang='lat' dir='ltr'><strong>Templa</strong></span> <span class='ocrx_word' id='word_1_986' title='bbox 3254 4909 3507 4972; x_wconf 78' lang='lat' dir='ltr'><strong>nimirum</strong></span> <span class='ocrx_word' id='word_1_987' title='bbox 3555 4909 3804 4979; x_wconf 81' lang='lat' dir='ltr'><strong>nuncupari</strong></span> 
     </span>
    </p>
   </div>
   <div class='ocr_carea' id='block_1_130' title="bbox 2262 4984 3807 5056">
    <p class='ocr_par' dir='ltr' id='par_1_130' title="bbox 2262 4984 3807 5056">
     <span class='ocr_line' id='line_1_130' title="bbox 2262 4984 3807 5056; baseline -0.003 -18"><span class='ocrx_word' id='word_1_988' title='bbox 2262 4984 2555 5056; x_wconf 84' lang='lat' dir='ltr'><strong>cernebant</strong></span> <span class='ocrx_word' id='word_1_989' title='bbox 2594 4985 2902 5053; x_wconf 79' lang='lat' dir='ltr'><strong>magnificas</strong></span> <span class='ocrx_word' id='word_1_990' title='bbox 2933 4984 3199 5042; x_wconf 83' lang='lat' dir='ltr'><strong>idolorum</strong></span> <span class='ocrx_word' id='word_1_991' title='bbox 3231 4990 3415 5053; x_wconf 81' lang='lat' dir='ltr'><strong>:edes,</strong></span> <span class='ocrx_word' id='word_1_992' title='bbox 3447 4989 3628 5056; x_wconf 88' lang='lat' dir='ltr'><strong>quibus</strong></span> <span class='ocrx_word' id='word_1_993' title='bbox 3654 4995 3807 5056; x_wconf 79' lang='lat' dir='ltr'><strong>carna-</strong></span> 
     </span>
    </p>
   </div>
   <div class='ocr_carea' id='block_1_131' title="bbox 2263 5054 3806 5127">
    <p class='ocr_par' dir='ltr' id='par_1_131' title="bbox 2263 5054 3806 5127">
     <span class='ocr_line' id='line_1_131' title="bbox 2263 5054 3806 5127; baseline 0.001 -18"><span class='ocrx_word' id='word_1_994' title='bbox 2263 5056 2342 5110; x_wconf 86' lang='lat' dir='ltr'><strong>les</strong></span> <span class='ocrx_word' id='word_1_995' title='bbox 2374 5054 2618 5127; x_wconf 81' lang='lat' dir='ltr'><strong>homines</strong></span> <span class='ocrx_word' id='word_1_996' title='bbox 2665 5057 2955 5125; x_wconf 87' lang='lat' dir='ltr'><strong>plttrimtnu</strong></span> <span class='ocrx_word' id='word_1_997' title='bbox 2994 5059 3332 5114; x_wconf 83' lang='lat' dir='ltr'><strong>deferebant.</strong></span> <span class='ocrx_word' id='word_1_998' title='bbox 3369 5054 3493 5115; x_wconf 52' lang='lat' dir='ltr'><strong>nec</strong></span> <span class='ocrx_word' id='word_1_999' title='bbox 3533 5073 3650 5127; x_wconf 82' lang='lat' dir='ltr'><strong>ergo</strong></span> <span class='ocrx_word' id='word_1_1000' title='bbox 3687 5054 3806 5127; x_wconf 52' lang='lat' dir='ltr'><strong>riua-</strong></span> 
     </span>
    </p>
   </div>
   <div class='ocr_carea' id='block_1_132' title="bbox 2265 5124 3805 5193">
    <p class='ocr_par' dir='ltr' id='par_1_132' title="bbox 2265 5124 3805 5193">
     <span class='ocr_line' id='line_1_132' title="bbox 2265 5124 3805 5193; baseline 0.003 -15"><span class='ocrx_word' id='word_1_1001' title='bbox 2265 5125 2410 5181; x_wconf 89' lang='lat' dir='ltr'><strong>modi</strong></span> <span class='ocrx_word' id='word_1_1002' title='bbox 2442 5124 2747 5180; x_wconf 81' lang='lat' dir='ltr'><strong>hominibus</strong></span> <span class='ocrx_word' id='word_1_1003' title='bbox 2779 5129 3082 5184; x_wconf 76' lang='lat' dir='ltr'><strong>necessaria</strong></span> <span class='ocrx_word' id='word_1_1004' title='bbox 3112 5145 3232 5185; x_wconf 89' lang='lat' dir='ltr'><strong>esse</strong></span> <span class='ocrx_word' id='word_1_1005' title='bbox 3261 5132 3538 5193; x_wconf 81' lang='lat' dir='ltr'><strong>dicebant,</strong></span> <span class='ocrx_word' id='word_1_1006' title='bbox 3579 5124 3671 5183; x_wconf 83' lang='lat' dir='ltr'><strong>non</strong></span> <span class='ocrx_word' id='word_1_1007' title='bbox 3695 5124 3805 5183; x_wconf 86' lang='lat' dir='ltr'><strong>sibi.</strong></span> 
     </span>
    </p>
   </div>
   <div class='ocr_carea' id='block_1_133' title="bbox 2261 5197 3809 5272">
    <p class='ocr_par' dir='ltr' id='par_1_133' title="bbox 2261 5197 3809 5272">
     <span class='ocr_line' id='line_1_133' title="bbox 2261 5197 3809 5272; baseline 0.003 -21"><span class='ocrx_word' id='word_1_1008' title='bbox 2261 5199 2350 5267; x_wconf 92' lang='lat' dir='ltr'><strong>qui</strong></span> <span class='ocrx_word' id='word_1_1009' title='bbox 2379 5197 2773 5272; x_wconf 65' lang='lat' dir='ltr'><strong>pertemptant</strong></span> <span class='ocrx_word' id='word_1_1010' title='bbox 2805 5201 2984 5256; x_wconf 88' lang='lat' dir='ltr'><strong>vivum</strong></span> <span class='ocrx_word' id='word_1_1011' title='bbox 3030 5203 3080 5256; x_wconf 91' lang='lat' dir='ltr'><strong>in</strong></span> <span class='ocrx_word' id='word_1_1012' title='bbox 3119 5204 3427 5272; x_wconf 87' lang='lat' dir='ltr'><strong>semetipsis</strong></span> <span class='ocrx_word' id='word_1_1013' title='bbox 3463 5200 3809 5272; x_wconf 70' lang='lat' dir='ltr'><strong>gererent.__lll</strong></span> 
     </span>
    </p>
   </div>
   <div class='ocr_carea' id='block_1_134' title="bbox 2260 5268 3808 5345">
    <p class='ocr_par' dir='ltr' id='par_1_134' title="bbox 2260 5268 3808 5345">
     <span class='ocr_line' id='line_1_134' title="bbox 2260 5268 3808 5345; baseline 0.001 -25"><span class='ocrx_word' id='word_1_1014' title='bbox 2260 5269 2459 5345; x_wconf 72' lang='lat' dir='ltr'><strong>saepius</strong></span> <span class='ocrx_word' id='word_1_1015' title='bbox 2488 5269 2828 5345; x_wconf 78' lang='lat' dir='ltr'><strong>inculcabant</strong></span> <span class='ocrx_word' id='word_1_1016' title='bbox 2855 5287 2920 5326; x_wconf 77' lang='lat' dir='ltr'><strong>ex</strong></span> <span class='ocrx_word' id='word_1_1017' title='bbox 2954 5272 3121 5327; x_wconf 87' lang='lat' dir='ltr'><strong>Paulo</strong></span> <span class='ocrx_word' id='word_1_1018' title='bbox 3151 5268 3399 5342; x_wconf 82' lang='lat' dir='ltr'><strong>apostolo</strong></span> <span class='ocrx_word' id='word_1_1019' title='bbox 3433 5268 3537 5328; x_wconf 34' lang='lat' dir='ltr'><strong>:‘et</strong></span> <span class='ocrx_word' id='word_1_1020' title='bbox 3564 5274 3686 5345; x_wconf 75' lang='lat' dir='ltr'><strong>sicut</strong></span> <span class='ocrx_word' id='word_1_1021' title='bbox 3707 5268 3808 5345; x_wconf 61' lang='lat' dir='ltr'><strong>oliui</strong></span> 
     </span>
    </p>
   </div>
   <div class='ocr_carea' id='block_1_135' title="bbox 2262 5337 3808 5416">
    <p class='ocr_par' dir='ltr' id='par_1_135' title="bbox 2262 5337 3808 5416">
     <span class='ocr_line' id='line_1_135' title="bbox 2262 5337 3808 5416; baseline 0.002 -23"><span class='ocrx_word' id='word_1_1022' title='bbox 2262 5337 2691 5416; x_wconf 18' lang='lat' dir='ltr'><strong>ferévesceutibus</strong></span> <span class='ocrx_word' id='word_1_1023' title='bbox 2714 5337 3318 5416; x_wconf 48' lang='lat' dir='ltr'><strong>persecutionibus&#39;nou</strong></span> <span class='ocrx_word' id='word_1_1024' title='bbox 3353 5346 3502 5414; x_wconf 86' lang='lat' dir='ltr'><strong>pauci</strong></span> <span class='ocrx_word' id='word_1_1025' title='bbox 3534 5337 3808 5416; x_wconf 60' lang='lat' dir='ltr'><strong>templasilti</strong></span> 
     </span>
    </p>
   </div>
   <div class='ocr_carea' id='block_1_136' title="bbox 2263 5410 3809 5486">
    <p class='ocr_par' dir='ltr' id='par_1_136' title="bbox 2263 5410 3809 5486">
     <span class='ocr_line' id='line_1_136' title="bbox 2263 5410 3809 5486; baseline -0.003 -16"><span class='ocrx_word' id='word_1_1026' title='bbox 2263 5411 2407 5470; x_wconf 89' lang='lat' dir='ltr'><strong>nulla</strong></span> <span class='ocrx_word' id='word_1_1027' title='bbox 2435 5425 2556 5486; x_wconf 81' lang='lat' dir='ltr'><strong>esse</strong></span> <span class='ocrx_word' id='word_1_1028' title='bbox 2587 5410 2870 5482; x_wconf 85' lang='lat' dir='ltr'><strong>protestati</strong></span> <span class='ocrx_word' id='word_1_1029' title='bbox 2900 5426 3055 5482; x_wconf 88' lang='lat' dir='ltr'><strong>sunt,</strong></span> <span class='ocrx_word' id='word_1_1030' title='bbox 3086 5416 3154 5471; x_wconf 92' lang='lat' dir='ltr'><strong>de</strong></span> <span class='ocrx_word' id='word_1_1031' title='bbox 3183 5431 3292 5486; x_wconf 93' lang='lat' dir='ltr'><strong>quo</strong></span> <span class='ocrx_word' id='word_1_1032' title='bbox 3324 5410 3447 5472; x_wconf 83' lang='lat' dir='ltr'><strong>vide</strong></span> <span class='ocrx_word' id='word_1_1033' title='bbox 3485 5422 3656 5470; x_wconf 88' lang='lat' dir='ltr'><strong>annot.</strong></span> <span class='ocrx_word' id='word_1_1034' title='bbox 3678 5410 3724 5486; x_wconf 86' lang='lat'><strong>_6_</strong></span> <span class='ocrx_word' id='word_1_1035' title='bbox 3745 5410 3809 5486; x_wconf 83' lang='lat' dir='ltr'><strong>_in</strong></span> 
     </span>
    </p>
   </div>
   <div class='ocr_carea' id='block_1_137' title="bbox 2263 5479 3810 5557">
    <p class='ocr_par' dir='ltr' id='par_1_137' title="bbox 2263 5479 3810 5557">
     <span class='ocr_line' id='line_1_137' title="bbox 2263 5479 3810 5557; baseline 0.001 -20"><span class='ocrx_word' id='word_1_1036' title='bbox 2263 5493 2416 5557; x_wconf 82' lang='lat' dir='ltr'><strong>tract.</strong></span> <span class='ocrx_word' id='word_1_1037' title='bbox 2453 5479 2662 5557; x_wconf 28' lang='lat' dir='ltr'><strong>14,:ita</strong></span> <span class='ocrx_word' id='word_1_1038' title='bbox 2696 5494 2881 5557; x_wconf 88' lang='lat' dir='ltr'><strong>postea</strong></span> <span class='ocrx_word' id='word_1_1039' title='bbox 2911 5479 3125 5557; x_wconf 87' lang='lat' dir='ltr'><strong>quoque</strong></span> <span class='ocrx_word' id='word_1_1040' title='bbox 3151 5479 3215 5542; x_wconf 70' lang='grc' dir='ltr'>ιιι·</span> <span class='ocrx_word' id='word_1_1041' title='bbox 3233 5505 3433 5543; x_wconf 84' lang='lat' dir='ltr'><strong>nomen</strong></span> <span class='ocrx_word' id='word_1_1042' title='bbox 3467 5503 3568 5542; x_wconf 89' lang='lat' dir='ltr'><strong>non</strong></span> <span class='ocrx_word' id='word_1_1043' title='bbox 3599 5484 3687 5557; x_wconf 81' lang='lat' dir='ltr'><strong>nisi</strong></span> <span class='ocrx_word' id='word_1_1044' title='bbox 3713 5479 3810 5557; x_wconf 79' lang='lat' dir='ltr'><strong>ido-</strong></span> 
     </span>
    </p>
   </div>
   <div class='ocr_carea' id='block_1_138' title="bbox 2265 5553 3809 5620">
    <p class='ocr_par' dir='ltr' id='par_1_138' title="bbox 2265 5553 3809 5620">
     <span class='ocr_line' id='line_1_138' title="bbox 2265 5553 3809 5620; baseline -0.003 -12"><span class='ocrx_word' id='word_1_1045' title='bbox 2265 5554 2436 5608; x_wconf 90' lang='lat' dir='ltr'><strong>lorum</strong></span> <span class='ocrx_word' id='word_1_1046' title='bbox 2468 5554 2675 5610; x_wconf 70' lang='lat' dir='ltr'><strong>aedibus</strong></span> <span class='ocrx_word' id='word_1_1047' title='bbox 2700 5553 2944 5620; x_wconf 57' lang='lat' dir='ltr'><strong>dedere;</strong></span> <span class='ocrx_word' id='word_1_1048' title='bbox 2975 5553 3059 5614; x_wconf 84' lang='lat' dir='ltr'><strong>vel</strong></span> <span class='ocrx_word' id='word_1_1049' title='bbox 3092 5560 3252 5614; x_wconf 89' lang='lat' dir='ltr'><strong>etiam</strong></span> <span class='ocrx_word' id='word_1_1050' title='bbox 3285 5557 3584 5616; x_wconf 82' lang='lat' dir='ltr'><strong>Salomonis</strong></span> <span class='ocrx_word' id='word_1_1051' title='bbox 3611 5553 3809 5610; x_wconf 57' lang='lat' dir='ltr'><strong>mdilicac</strong></span> 
     </span>
    </p>
   </div>
   <div class='ocr_carea' id='block_1_139' title="bbox 2260 5619 3812 5700">
    <p class='ocr_par' dir='ltr' id='par_1_139' title="bbox 2260 5619 3812 5700">
     <span class='ocr_line' id='line_1_139' title="bbox 2260 5619 3812 5700; baseline -0.001 -20"><span class='ocrx_word' id='word_1_1052' title='bbox 2260 5627 2420 5689; x_wconf 87' lang='lat' dir='ltr'><strong>tioni,</strong></span> <span class='ocrx_word' id='word_1_1053' title='bbox 2451 5641 2570 5694; x_wconf 74' lang='lat' dir='ltr'><strong>qua:</strong></span> <span class='ocrx_word' id='word_1_1054' title='bbox 2611 5628 2811 5682; x_wconf 84' lang='lat' dir='ltr'><strong>carnali</strong></span> <span class='ocrx_word' id='word_1_1055' title='bbox 2839 5628 3151 5684; x_wconf 70' lang='lat' dir='ltr'><strong>Judauorum</strong></span> <span class='ocrx_word' id='word_1_1056' title='bbox 3185 5632 3387 5700; x_wconf 89' lang='lat' dir='ltr'><strong>populo</strong></span> <span class='ocrx_word' id='word_1_1057' title='bbox 3418 5626 3729 5687; x_wconf 83' lang='lat' dir='ltr'><strong>necessaria,</strong></span> <span class='ocrx_word' id='word_1_1058' title='bbox 3755 5619 3812 5675; x_wconf 80' lang='lat' dir='ltr'><strong>ob</strong></span> 
     </span>
    </p>
   </div>
   <div class='ocr_carea' id='block_1_140' title="bbox 2258 5700 3815 5773">
    <p class='ocr_par' dir='ltr' id='par_1_140' title="bbox 2258 5700 3815 5773">
     <span class='ocr_line' id='line_1_140' title="bbox 2258 5700 3815 5773; baseline 0 -22"><span class='ocrx_word' id='word_1_1059' title='bbox 2258 5706 2539 5773; x_wconf 64' lang='lat' dir='ltr'><strong>structura:</strong></span> <span class='ocrx_word' id='word_1_1060' title='bbox 2562 5710 2628 5773; x_wconf 89' lang='lat' dir='ltr'><strong>et_</strong></span> <span class='ocrx_word' id='word_1_1061' title='bbox 2643 5700 2887 5754; x_wconf 74' lang='lat' dir='ltr'><strong>materiei</strong></span> <span class='ocrx_word' id='word_1_1062' title='bbox 2915 5702 3145 5772; x_wconf 90' lang='lat' dir='ltr'><strong>pretium</strong></span> <span class='ocrx_word' id='word_1_1063' title='bbox 3177 5701 3690 5773; x_wconf 66' lang='lat' dir='ltr'><strong>magnificentissime</strong></span> <span class='ocrx_word' id='word_1_1064' title='bbox 3710 5707 3815 5768; x_wconf 51' lang='lat' dir='ltr'><strong>put:-</strong></span> 
     </span>
    </p>
   </div>
   <div class='ocr_carea' id='block_1_141' title="bbox 2259 5768 3812 5843">
    <p class='ocr_par' dir='ltr' id='par_1_141' title="bbox 2259 5768 3812 5843">
     <span class='ocr_line' id='line_1_141' title="bbox 2259 5768 3812 5843; baseline -0.003 -21"><span class='ocrx_word' id='word_1_1065' title='bbox 2259 5768 2557 5843; x_wconf 77' lang='lat' dir='ltr'><strong>dicabatur.</strong></span> <span class='ocrx_word' id='word_1_1066' title='bbox 2590 5768 3096 5843; x_wconf 59' lang='lat' dir='ltr'><strong>Conventus&#39;porro</strong></span> <span class='ocrx_word' id='word_1_1067' title='bbox 3129 5768 3569 5829; x_wconf 57' lang='lat' dir='ltr'><strong>suos&#39;christiani</strong></span> <span class='ocrx_word' id='word_1_1068' title='bbox 3597 5784 3704 5843; x_wconf 86' lang='lat' dir='ltr'><strong>cum</strong></span> <span class='ocrx_word' id='word_1_1069' title='bbox 3732 5780 3812 5829; x_wconf 67' lang='lat' dir='ltr'><strong>apo</strong></span> 
     </span>
    </p>
   </div>
   <div class='ocr_carea' id='block_1_142' title="bbox 2259 5837 3811 5922">
    <p class='ocr_par' dir='ltr' id='par_1_142' title="bbox 2259 5837 3811 5922">
     <span class='ocr_line' id='line_1_142' title="bbox 2259 5837 3811 5922; baseline 0.01 -29"><span class='ocrx_word' id='word_1_1070' title='bbox 2259 5837 2524 5912; x_wconf 86' lang='lat' dir='ltr'><strong>pellarent</strong></span> <span class='ocrx_word' id='word_1_1071' title='bbox 2548 5881 2562 5904; x_wconf 83' lang='lat'><strong>,</strong></span> <span class='ocrx_word' id='word_1_1072' title='bbox 2589 5850 2646 5897; x_wconf 90' lang='lat' dir='ltr'><strong>ut</strong></span> <span class='ocrx_word' id='word_1_1073' title='bbox 2673 5837 2959 5902; x_wconf 75' lang='lat' dir='ltr'><strong>iunoerenl</strong></span> <span class='ocrx_word' id='word_1_1074' title='bbox 2986 5844 3174 5904; x_wconf 85' lang='lat' dir='ltr'><strong>ﬁdeles</strong></span> <span class='ocrx_word' id='word_1_1075' title='bbox 3195 5847 3343 5922; x_wconf 87' lang='lat' dir='ltr'><strong>ipsos</strong></span> <span class='ocrx_word' id='word_1_1076' title='bbox 3367 5847 3574 5920; x_wconf 83' lang='lat' dir='ltr'><strong>potius,</strong></span> <span class='ocrx_word' id='word_1_1077' title='bbox 3600 5842 3682 5918; x_wconf 80' lang='lat' dir='ltr'><strong>qui</strong></span> <span class='ocrx_word' id='word_1_1078' title='bbox 3704 5851 3811 5909; x_wconf 74' lang='grc' dir='ltr'><strong>εοην</strong></span> 
     </span>
    </p>
   </div>
  </div>
