3960 6330
211 292 312 353 509

1424 294 1627 355 Linea
1667 252 1707 354 t.
1749 293 2166 357 TRAC’I'A’I'US
2227 298 2292 356 v.

3401 305 3505 364 510

208 422 333 464 nere
359 407 723 480 unusquisque
742 424 900 466 suum
921 410 1244 468 sacriﬁcium
1270 408 1799 485 procurabitisteo
1824 414 1874 479 Α
1902 414 2186 484 sacrilegio
2238 415 2413 488 possis
2440 413 2656 487 placere
2685 414 2971 491 sacrilego.
3004 416 3074 477 Ut
3103 432 3220 479 rem
3249 434 3506 494 compen-

211 516 312 572 quo
329 502 580 571 sumptu?
605 504 802 573 quibus
828 503 1006 559 vasis?
1032 502 1296 577 quibusve
1332 505 1635 562 ministris?
1665 508 1732 561 At
1755 506 1801 560 si

1903 507 1995 564 dio
2023 509 2345 581 transigam,
2389 509 2572 581 utique
2598 524 2629 564 a
2657 511 2859 582 templo
2899 512 3214 585 regrediens
3253 530 3507 573 necessa-

212 593 438 651 diserete
465 595 600 650 ﬁunt
636 596 738 652 ista
759 636 776 663 ,
809 598 941 654 nihil
971 599 1198 671 prodest
1226 618 1239 655 :
1267 615 1334 657 ex
1364 615 1470 655 uno
1498 599 1643 657 enim
1681 614 1806 671 pro—
1905 603 1988 657 rio
2025 601 2303 659 enarrabit
2340 602 2436 659 tibi
2474 602 2810 673 sciscitanti,
2842 604 2945 662 sibi
2993 606 3061 663 de
3087 608 3373 682 utriusque
3417 624 3506 667 sa-

213 686 497 743 lieiscendo
521 698 575 744 et
603 688 658 744 in
680 704 849 745 unum
880 690 1178 748 remeando
1196 734 1212 761 ,
1241 693 1287 749 si
1316 707 1422 749 non
1449 691 1804 761 confusione,

215 779 291 837 rei
334 792 522 835 errore
562 779 699 837 ﬁunt
745 797 871 837 una.
902 781 1042 852 Quid
1066 824 1085 853 ,
1114 785 1258 854 quod
1307 785 1449 842 illius
1486 786 1807 843 sacriﬁcium

215 869 475 941 publicum
503 878 618 937 est,
653 880 800 929 tuum
832 874 944 947 (27)
985 876 1294 932 secretum?
1340 876 1485 932 illius
1536 891 1569 933 a
1619 877 1810 948 quovis

215 964 375 1021 libere
404 966 625 1022 tractari
682 976 881 1037 potest,
915 977 1063 1024 tuum
1092 968 1254 1026 etiam
1284 985 1314 1024 a
1340 969 1653 1027 cbristianis
1679 970 1811 1042 ipsis

214 1060 427 1117 minime
456 1059 577 1134 (28)
607 1064 937 1125 consecratis
982 1063 1101 1119 sine
1151 1065 1439 1137 sacrilegio
1478 1065 1648 1121 videri
1701 1080 1825 1121 non.

219 1162 409 1224 potest.
441 1153 726 1212 Postremo
752 1156 1087 1214 detestabilis
1112 1158 1811 1227 estvivendiconditiombi

216 1263 314 1303 non
343 1246 476 1304 licet
502 1247 682 1306 facere
701 1251 857 1306 uxori
890 1251 1032 1320 quod
1091 1253 1285 1308 marito
1317 1253 1526 1322 placet;
1557 1252 1647 1308 ubi
1679 1267 1808 1324 pro-

217 1340 361 1413 ponis
384 1380 402 1405 ,
437 1342 567 1412 quia
597 1341 729 1398 nihil
762 1352 814 1400 te
853 1358 1047 1415 gerere
1101 1343 1266 1412 sinit,
1316 1343 1420 1401 nisi
1459 1360 1580 1416 qua:
1622 1346 1809 1417 dispo-

215 1433 419 1500 suerit,
451 1434 603 1504 prior
632 1435 752 1506 ipse
777 1436 1150 1505 eompleverit.
1184 1437 1337 1506 Quod
1363 1438 1411 1496 si
1465 1437 1665 1493 factum
1699 1453 1807 1495 non

214 1526 398 1593 fuerit,
430 1528 702 1586 factumve
726 1529 1095 1601 displicuerit,
1118 1538 1231 1588 tum
1261 1540 1371 1587 tota
1400 1533 1600 1609 mugiet
1628 1532 1812 1588 litibus

216 1620 397 1677 domus
422 1663 441 1688 ,
480 1620 947 1693 blasphemabitur
995 1622 1167 1691 Deus,
1212 1633 1543 1696 arreptoque
1586 1622 1809 1681 forsitan

215 1717 322 1789 ipso
346 1717 478 1790 (29)
506 1719 780 1775 sacriﬁcio
802 1729 917 1788 tuo,
948 1727 1100 1776 tuum
1134 1731 1322 1791 pectus
1353 1720 1642 1788 obtundet,
1663 1729 1808 1777 tuam

215 1808 397 1866 faciem
427 1808 764 1867 deformabit
782 1851 797 1877 ,
830 1820 1095 1882 praestans
1122 1812 1415 1883 aliquando
1438 1813 1546 1886 σι
1569 1825 1621 1870 et
1646 1813 1812 1871 bene-

1911 695 2020 751 lute
2047 736 2062 763 ,
2096 695 2182 753 vel
2218 694 2572 753 unanimitate
2601 694 2825 765 deorum
2869 712 2989 769 quae
3018 697 3172 758 fuere
3219 716 3503 774 responsa.

1910 786 1966 843 Si
1999 786 2290 853 terribilia,
2326 793 2668 843 consternata
2706 796 2884 858 metu,
2927 787 3159 848 forsitan
3180 832 3199 860 ,
3233 791 3353 864 ipso
3385 809 3508 851 ces-

1913 889 2100 949 sante,
2129 880 2313 939 illicita
2366 882 2445 939 eis
2487 889 2611 937 vota
2649 880 2907 951 donabis,
2940 885 3082 953 quod
3108 886 3316 943 maritis
3345 888 3511 944 etiam

1914 978 2015 1035 sub
2044 978 2290 1034 ﬁdelibus
2310 978 2492 1034 multa:
2522 979 2699 1034 fecere
2731 977 2942 1048 pejores
2968 978 3095 1037 Evae
3125 997 3231 1038 non
3264 981 3503 1054 discipu«

1917 1070 1982 1126 Ia:
2003 1113 2017 1136 ,
2040 1070 2135 1126 sed
2159 1070 2458 1142 magistrae;
2486 1070 2573 1125 illa
2599 1070 2745 1127 enim
2774 1069 2996 1143 decepta
3022 1113 3037 1138 ,
3070 1072 3151 1127 hae
3196 1088 3292 1130 sua
3316 1082 3510 1145 sponte

1918 1177 1979 1219 se
2003 1162 2217 1219 diabolo
2241 1160 2586 1219 dediderunt.
2612 1160 2706 1219 Sin
2730 1175 2861 1217 vero
2889 1161 3111 1232 paciﬁca
3138 1172 3194 1219 et
3219 1163 3471 1220 salutaria
3495 1181 3511 1230 ;

1918 1254 2160 1328 profecto
2184 1254 2485 1320 laetaberis,
2520 1255 2677 1325 eique
2711 1262 2859 1310 tanto
2891 1269 2988 1327 pro
3021 1256 3212 1312 nuntio
3245 1258 3513 1330 morigera

1917 1347 2114 1418 eonjux
2149 1362 2333 1415 pacem
2364 1348 2407 1403 si
2436 1362 2542 1404 non
2572 1347 2775 1419 ingeris
2795 1388 2813 1414 ,
2842 1362 2944 1405 nec
2962 1348 3208 1420 negabis.

1943 1474 1956 1487 -
1990 1440 2080 1497 IX.
2110 1440 2247 1511 Quid
2274 1442 2409 1515 agis,
2443 1441 2675 1498 misera?
2703 1440 2850 1513 quid,
2883 1456 3104 1510 vesana,
3130 1442 3371 1501 laetaris?
3397 1443 3513 1501 Non

1916 1544 1996 1592 est
2028 1534 2145 1606 (30)
2174 1549 2276 1605 pax
2303 1533 2427 1603 ista,
2459 1533 2557 1591 sed
2585 1533 2814 1601 bellum;
2842 1550 2947 1590 non
2989 1536 3234 1593 osculum
3256 1578 3272 1604 ,
3301 1536 3399 1594 sed
3424 1553 3518 1595 ve-

1919 1641 2143 1684 nenum.
2174 1624 2316 1681 Proh
2346 1623 2527 1681 nefas!
2552 1625 2729 1681 adhuc
2748 1623 3006 1682 fumantia
3040 1626 3153 1699 (5t)
3178 1627 3337 1684 busto
3361 1645 3515 1687 com-

1919 1720 2172 1792 plecteris
2202 1720 2441 1776 membra
2468 1761 2484 1787 ,
2537 1719 2901 1791 sudoremque
2927 1720 3269 1779 sordidarum
3300 1724 3519 1796 vaporis

1918 1829 2134 1870 ararum
2162 1828 2326 1869 carne
2359 1825 2444 1868 tua
2472 1811 2733 1881 detergis,
2774 1812 2999 1884 joearis,
3026 1812 3313 1880 blandiris,
3359 1816 3519 1874 obse-

214 1904 419 1971 ficium,
450 1920 577 1961 cum
606 1914 659 1962 te
697 1866 851 1977 jubei
880 1904 947 1961 ad
993 1866 1281 1962 ecclesiam
1328 1866 1670 1963 noun-nire.
1699 1906 1806 1963 Sed
1840 1866 1890 1927 Β
1915 1907 2129 1978 qneris;
2157 1906 2204 1962 si
2231 1906 2375 1978 quod
2422 1904 2563 1962 forte
2608 1866 2889 1976 accepium
2934 1904 3234 1964 relatumve
3273 1903 3439 1964 fuerit
3484 1923 3517 1964 a

214 1996 373 2055 multo
402 1997 568 2068 pejus
604 2006 717 2065 est,
751 1998 799 2054 si
829 1997 1006 2069 places
1032 1998 1265 2055 marito:
1302 2013 1476 2070 neque
1520 2000 1663 2056 enim
1691 2000 1810 2056 sine

213 2158 535 2226 veniebant,
565 2171 726 2229 quam
752 2158 944 2231 locum
988 2157 1041 2214 in
1082 2176 1188 2231 quo
1228 2161 1623 2230 convenirent,
1651 2163 1812 2218 eccle-

213 2232 309 2285 sias
335 2239 642 2293 vocarunt;
662 2229 766 2303 vel
788 2230 832 2284 si
858 2231 1034 2286 locum
1063 2229 1236 2303 ipsum
1266 2243 1455 2289 notare
1486 2229 1806 2300 voluerunt,

213 2303 414 2356 «tornum
446 2302 729 2365 orationis,
760 2303 847 2357 vel
892 2318 1014 2357 cum
1051 2302 1265 2360 Zenone
1311 2314 1469 2361 tract.
1500 2322 1610 2372 xrv,
1653 2323 1708 2361 η.
1743 2307 1766 2361 1
1795 2348 1809 2374 ,

215 2374 459 2430 orationis
490 2375 665 2428 locum
692 2373 1059 2432 nominarunt.
1092 2376 1215 2432 Haec
1246 2375 1416 2433 fusius
1440 2377 1666 2435 dicenda
1698 2373 1813 2434 fue-F

216 2457 332 2501 runt
351 2489 366 2511 ,
402 2462 516 2501 non
545 2446 718 2500 solum
753 2453 809 2499 ut
837 2444 923 2499 hic
954 2446 1133 2517 locus,
1158 2448 1211 2503 in
1239 2464 1398 2518 quem
1427 2450 1812 2505 animadverti-

216 2534 326 2572 mus
346 2559 361 2585 ,
411 2518 827 2590 illustraretur,
845 2518 937 2573 sed
966 2520 1127 2574 etiam
1161 2527 1218 2574 ut
1247 2521 1644 2590 explicarentur
1670 2520 1772 2575 alia
1792 2563 1808 2588 ,

215 2605 325 2658 qua:
348 2590 484 2645 aliis
514 2588 883 2660 intelligendis
927 2590 1117 2658 utilia,
1159 2592 1246 2647 vel
1284 2588 1591 2648 necessaria
1634 2590 1813 2647 futura

215 2676 307 2718 suo
313 2672 351 2717 ι.

282 2732 400 2806 (27)
435 2731 711 2806 Secretum
745 2741 933 2799 vocat,
965 2734 1166 2803 quippe
1194 2734 1420 2805 quodex
1441 2735 1620 2793 arcani
1650 2734 1815 2790 disci-

216 2802 352 2877 plina
380 2802 766 2878 sacriﬁcium,
806 2819 910 2878 (seu
954 2802 1304 2878 Eucltaristice
1345 2807 1663 2878 mysterium
1708 2823 1813 2861 non

218 2890 455 2947 paganos
489 2876 690 2941 solum,
721 2877 817 2931 sed
885 2876 1032 2947 ipsos
1060 2876 1222 2933 etiam
1267 2876 1686 2935 catechumenos
1729 2892 1816 2934 ac-

219 2958 395 3005 curate
422 2947 718 3004 celandum
747 2955 908 3006 esset.

288 3040 407 3113 (28)
439 3039 751 3113 Legebatur
778 3040 832 3096 in
858 3039 1019 3113 editis
1037 3042 1323 3097 consecrati
1346 3058 1365 3098 :
1389 3042 1723 3099 correximus
1749 3058 1817 3099 ex

222 3111 341 3167 mss.
380 3112 583 3181 Pomp.
611 3121 668 3166 et
704 3111 911 3167 duobus
941 3111 1285 3169 Zenonianis.
1316 3113 1607 3168 Consecrati
1637 3124 1815 3170 autem

222 3184 571 3257 dicebautur,
599 3183 688 3254 qui
720 3184 985 3257 baptisma
1011 3196 1379 3257 susceperant.
1407 3186 1589 3257 Itaque
1614 3186 1822 3242 minime

223 3255 506 3312 consecrati
545 3265 671 3329 sunt
710 3255 1115 3329 catechumeni,
1155 3255 1264 3329 (qui
1307 3258 1409 3312 alia
1456 3255 1682 3313 l'o'rmula
1721 3258 1817 3329 rni-

223 3330 350 3383 nime
373 3329 576 3384 initiati
606 3327 952 3395 dicebantur,
982 3328 1049 3384 de
1079 3327 1271 3398 quibus
1297 3344 1362 3384 ex
1387 3337 1683 3385 memorata
1708 3328 1821 3384 dis-

224 3401 414 3471 ciplina
462 3398 650 3455 arcani
699 3408 910 3455 cautum
951 3410 1070 3456 erat
1106 3398 1245 3456 adeo
1289 3399 1611 3471 diligenter,
1652 3417 1729 3471 ne
1765 3403 1815 3456 in
1844 3403 1889 3467 C

225 3470 579 3531 Eucharistia:
607 3483 995 3527 sacramentum
1024 3472 1209 3527 oculos
1240 3470 1603 3541 conjieerent,
1633 3481 1690 3526 ut
1714 3470 1816 3527 Sa-

228 3553 367 3613 tyrus
392 3544 456 3601 S.
492 3541 766 3599 Ambrosii
806 3541 973 3599 frater
996 3543 1169 3598 adhuc
1210 3541 1665 3609 eatechumettus,
1694 3560 1817 3599 cum

228 3616 274 3698 in
301 3617 542 3698 qundam
576 3615 836 3698 naulrngii
870 3615 1107 3698 periculo
1136 3614 1535 3698 Eucharistiam
1566 3615 1668 3698 sibi
1699 3615 1816 3698 dari

224 3690 288 3771 εει»
315 3686 539 3743 initiatis
573 3686 1080 3771 postulassetaeatn.
1105 3729 1120 3753 ,
1160 3704 1223 3743 ne
1260 3686 1817 3771 curiososocutosjn-

224 3759 371 3830 [erret
394 3758 632 3824 arcanis,
660 3760 711 3814 in
731 3761 917 3815 orario
939 3759 1233 3830 involutam
1261 3759 1567 3830 acceperit,
1594 3767 1651 3813 ut
1676 3758 1816 3813 idem

225 3829 440 3886 Sanctus
497 3832 704 3886 notavit
748 3831 876 3887 Iib.t
926 3831 997 3887 de
1051 3829 1289 3901 Excessu
1347 3829 1609 3901 ejusdem,
1643 3830 1819 3900 Satyri

228 3916 367 3956 num.
396 3902 497 3958 43.
526 3901 904 3959 Tillemontius
945 3912 1133 3957 auuol.
1163 3899 1228 3967 6,
1259 3904 1309 3957 in
1349 3899 1451 3957 art.
1482 3903 1547 3968 7,
1583 3900 1651 3956 de
1696 3899 1821 3972 per-

226 3973 507 4031 secutione
539 3973 827 4038 Valeriani,
870 3975 1011 4030 titul.
1049 3990 1124 4041 tv,
1151 3974 1586 4029 animadvertens
1607 3972 1706 4028 hos
1726 3972 1824 4026 mi-

228 4045 355 4100 nime
382 4058 715 4105 consecratos
738 4061 766 4102 a
789 4045 1008 4102 Zenone
1036 4045 1297 4115 appellari
1324 4043 1628 4101 christianos
1645 4084 1661 4111 ,
1691 4043 1753 4099 ba
1766 4060 1823 4115 p-

231 4116 414 4173 tizatos
438 4160 452 4181 ,
491 4133 599 4173 non
629 4125 806 4173 autem
835 4114 1253 4174 catechumenos
1280 4117 1398 4173 heic
1428 4117 1604 4173 vocari
1636 4114 1823 4171 existi—

230 4200 369 4258 mat,
402 4189 642 4261 quibus,
682 4191 816 4258 nisi,
849 4198 908 4245 ut
948 4190 1335 4261 interpretatur
1356 4232 1370 4253 ,
1396 4189 1449 4242 in
1474 4189 1671 4261 clerum
1697 4204 1826 4261 con-

229 4258 670 4328 secrati'essent,
721 4262 1042 4316 sacriﬁcium
1091 4259 1283 4316 intueri
1332 4276 1439 4315 non
1487 4258 1722 4326 licebat,
1766 4258 1822 4314 in

231 4333 511 4391 occidente
533 4334 675 4387 enim
700 4334 875 4391 velum
904 4331 1222 4389 tendebatur
1243 4374 1258 4397 ,
1289 4348 1397 4399 quo
1422 4331 1540 4386 laici
1564 4330 1823 4401 impedie-

231 4401 420 4478 bantur
445 4446 462 4470 ,
494 4421 561 4460 ne
588 4403 649 4478 in
670 4407 1104 4478 sacramysteria
1130 4404 1325 4478 oculos
1351 4402 1716 4478 intenderent.
1748 4401 1825 4458 Ita

232 4474 337 4530 ille.
361 4478 433 4533 At
471 4476 790 4546 sacriﬁcium
824 4474 927 4532 hoc
956 4477 1074 4531 loco
1111 4475 1312 4531 dictum
1358 4474 1711 4546 Eucharistias
1741 4488 1826 4546 sa:

229 4555 567 4618 ammentum
587 4544 738 4613 ,‘nun
765 4561 944 4604 autem
977 4548 1262 4603 missarum
1307 4545 1630 4618 sacriﬁcium
1662 4544 1825 4618 (quod

230 4616 639 4691 Tillemontium
664 4617 871 4691 fefellit)
888 4635 948 4676 ex
976 4626 1219 4676 attttotnt.
1250 4620 1496 4690 sequenti
1513 4616 1687 4691 palam
1714 4618 1822 4674 llet.

234 4688 398 4745 Porro
438 4701 762 4746 consecratos
798 4688 972 4747 dictos
1002 4690 1167 4746 fuisse
1204 4688 1368 4745 etiam
1406 4688 1827 4745 catechumenos

231 4776 293 4817 ex
322 4763 608 4833 nonnullis
658 4766 882 4819 testibus
913 4775 1089 4832 patet,
1120 4762 1259 4818 inter
1283 4777 1420 4833 quos
1447 4760 1569 4818 vide
1594 4761 1825 4816 Pascha-

233 4834 330 4909 sini
358 4832 671 4909 Lylibetani
700 4835 858 4909 epist.
893 4834 957 4889 ad
990 4834 1249 4909 Leonem,
1280 4848 1399 4902 cap.
1428 4834 1497 4909 5,
1531 4833 1583 4887 in
1614 4848 1716 4909 qua
1736 4848 1824 4887 ca-

233 4905 586 4963 techumenos
644 4906 1014 4973 indicaturus,
1073 4906 1155 4961 bis
1206 4920 1273 4961 eo
1338 4906 1557 4960 nomine
1634 4905 1821 4959 utitur.

234 4974 557 5034 Christianos
596 4994 760 5050 porro
786 4981 900 5035 lere
920 4978 1135 5050 quidem
1158 4976 1358 5050 dictos,
1390 4975 1824 5050 quihaptismate

236 5050 424 5104 initiati
474 5046 637 5118 sunt,
668 5050 811 5106 haud
862 5046 1193 5113 inficiatnur;
1223 5046 1418 5119 quibus
1448 5046 1647 5119 ideirco
1676 5050 1821 5102 'cate-

232 5119 532 5192 ebumenos
556 5120 1152 5192 opposuitAugustinns
1182 5117 1338 5192 tract.
1362 5135 1399 5174 Il
1422 5121 1472 5173 in
1500 5117 1821 5192 Joan.,cap.

234 5190 294 5259 5,
326 5209 382 5247 η.
418 5194 493 5249 4:
528 5188 779 5250 Nesciunt
810 5188 1157 5255 catechumeni
1200 5191 1321 5259 quid
1365 5192 1621 5259 accipiant
1662 5188 1824 5245 chris—

237 5265 381 5318 tiani.
406 5266 514 5321 Sed
535 5266 955 5336 eatechumenos
998 5278 1213 5336 quoque
1238 5263 1545 5336 christianos
1573 5278 1823 5336 nonttung

236 5352 429 5406 quam,
461 5335 689 5394 Zenonis
722 5333 1029 5409 prwsertim'
1051 5351 1171 5391 aevo
1191 5376 1208 5399 ,
1234 5334 1534 5460 aripellatos
1554 5375 1569 5399 ,
1592 5349 1658 5390 eo
1684 5333 1826 5403 quod

238 5407 286 5460 in
317 5407 596 5460 Christum
627 5409 946 5460 crederent.
978 5408 1146 5460 Iionet
1173 5422 1237 5460 ex
1326 5404 1655 5460 heodosiano
1677 5404 1825 5460 cod..

238 5404 286 5479 in
317 5407 596 5464 Christum
627 5404 946 5477 crederent,
978 5408 1146 5479 liquet
1173 5422 1237 5462 ex
1276 5404 1655 5479 Theodosiano
1677 5404 1825 5479 φάη

238 5478 272 5533 Ι.
303 5495 433 5545 xrt,
469 5481 547 5536 lit.
578 5481 643 5546 7,
677 5478 809 5551 Leg.
838 5480 873 5534 2
930 5475 1512 5551 TheodosiiASenioris
1561 5475 1651 5533 an.
1684 5475 1826 5551 5S5,

237 5551 467 5623 aliisque
496 5560 639 5623 patet
666 5547 961 5623 exemplis,
991 5551 1182 5623 quibus
1219 5547 1678 5623 Constantinuset
1707 5547 1827 5623 _Va-

241 5619 569 5678 lentiniamts
596 5621 788 5678 Junior
831 5619 960 5678 licet
1003 5619 1375 5677 catechumuui
1403 5665 1417 5689 ,
1450 5619 1718 5674 christiani
1749 5628 1827 5672 ta-

242 5711 360 5751 men
390 5696 685 5765 Jirincipes
734 5694 986 5765 appellati
1037 5695 1403 5749 inveniuntur.
1450 5690 1507 5746 Id
1552 5700 1742 5765 autem;
1773 5692 1826 5765 in

242 5713 360 5751 men
438 5713 685 5765 tI'IIIClpeS
734 5713 986 5765 appellati
1037 5713 1403 5749 mventumur.
1450 5713 1507 5746 ru
1552 5713 1730 5746 auwlll
1773 5713 1826 5746 Ill

240 5781 354 5821 rem
386 5713 622 5820 ieuonis
648 5768 881 5823 maxime
911 5766 1171 5821 intererat
1201 5806 1214 5829 ,
1245 5765 1334 5834 qui
1366 5765 1670 5819 christianos
1695 5763 1831 5818 dixit

247 5837 437 5907 ﬁdeles
466 5838 732 5932 quoslibet
753 5878 770 5907 ,
801 5846 1066 5931 quatenus
1111 5835 1418 5913 inﬁdelibus
1446 5844 1825 5925 Opponuutur,

1915 2001 2031 2074 (52)
2064 1999 2294 2056 fanatico
2315 1999 2560 2056 solemne
2603 1999 2945 2072 mysterium,
2967 2000 3078 2073 62
3108 1998 3223 2072 ipsa
3262 2000 3516 2074 suscipis,

1921 2175 2029 2233 quo
2057 2175 2188 2216 sane
2221 2160 2280 2233 in,
2316 2174 2541 2216 numero
2584 2159 2959 2217 catechumeni
2989 2161 3373 2233 censebantur.
3422 2164 3519 2223 His

1920 2230 2137 2304 quidem
2176 2231 2354 2304 solis,
2396 2246 2502 2288 non
2543 2244 2723 2289 autem
2768 2230 3051 2304 baptizatis
3088 2234 3519 2304 vetitum'fuisse

1919 2302 2144 2360 cernere
2173 2302 2529 2359 Eucharistire
2568 2302 2968 2360 sacramentum
2992 2345 3007 2370 ,
3029 2303 3111 2358 vel
3140 2319 3209 2360 ex
3237 2320 3305 2361 eo
3334 2319 3482 2374 patet
3501 2349 3517 2374 ,

1920 2375 2062 2447 quod
2091 2374 2232 2432 istud
2261 2375 2517 2448 baptizati
2539 2383 2594 2431 et
2636 2376 2812 2446 palam
2841 2384 3121 2448 sumerent
3163 2376 3214 2431 in
3242 2374 3471 2435 ecclesia
3499 2423 3515 2448 ,

1920 2445 1975 2503 et
1997 2447 2215 2503 domum
2248 2448 2409 2503 etiam
2438 2445 2692 2502 alferrent
2712 2488 2725 2510 ,
2762 2456 2818 2501 ut
2858 2445 3049 2502 eodem
3071 2486 3086 2513 ,
3119 2462 3242 2519 cum
3272 2465 3407 2519 opus
3434 2445 3520 2509 es?

1920 2526 2005 2593 set
2029 2562 2044 2584 ,
2080 2521 2413 2593 semetipsos
2456 2519 2957 2593 communicarent,
2999 2517 3141 2588 quod
3189 2517 3319 2576 sine
3350 2523 3519 2593 ipsius

1919 2592 2036 2645 visu
2070 2590 2183 2645 ﬁeri
2216 2604 2322 2644 non
2353 2598 2580 2659 poterat.
2880 2590 2887 2595 “

1992 2659 2111 2734 (29)
2143 2660 2471 2731 Sacriﬁcium
2516 2660 2603 2734 hic
2640 2668 2827 2734 aperte
2865 2659 3128 2729 accipitur
3158 2676 3257 2731 pro
3300 2663 3517 2720 Eucha-

1921 2731 2099 2788 ristize'
2115 2743 2458 2804 sacramento
2507 2731 2673 2804 (sicut
2712 2732 3076 2804 etiamntract.
3121 2747 3224 2800 xv,
3259 2750 3408 2790 num.
3439 2735 3473 2791 5
3498 2778 3513 2802 ,

1921 2804 2233 2874 sacriﬁcium
2258 2802 2445 2871 sumat)
2475 2801 2617 2874 quod
2646 2802 2865 2858 domum
2891 2801 3092 2874 inferre
3122 2818 3239 2859 mos
3270 2815 3416 2874 erat,
3450 2823 3518 2863 ne

1923 2873 2065 2931 dum
2105 2874 2289 2945 primis
2334 2873 2592 2930 Ecclesia:
2637 2875 2852 2930 szeculis
2878 2915 2893 2939 ,
2941 2873 3069 2928 dum
3110 2878 3519 2945 persecutiones

1902 2949 2244 3023 .ingruerent
2268 2988 2283 3012 ,
2331 2946 2425 3001 sed
2469 2946 2701 3002 Zenonis
2733 2959 2974 3023 __quoque
3023 2952 3232 3023 aetate,
3277 2949 3386 3005 imo
3418 2950 3521 3023 alio

1922 3016 2124 3090 quanta
2175 3019 2563 3091 cliatnApost,
2612 3026 2671 3072 ut
2733 3016 2901 3088 liquet
2956 3031 3033 3091 ex
3076 3016 3295 3084 Basilio,
3345 3022 3509 3091 epist.

1924 3086 2307 3164 cccxxxrx_ad
2352 3086 2692 3164 caesariem,
2744 3086 2913 3164 cimex
2972 3086 3321 3164 Hieronymo,
3354 3086 3516 3164 epist.

1922 3177 2087 3217 vattt
2117 3162 2183 3216 ad
2206 3160 2631 3216 Pammachium.
2664 3160 2843 3217 Basilii
2884 3160 3054 3214 coaevi
3097 3160 3334 3219 auctoris
3358 3160 3520 3221 verba

1925 3237 2156 3307 recitare
2173 3232 2376 3307 _plaeet.
2398 3230 2461 3307 _U
2466 3233 2775 3302 nusquisque
2803 3232 2955 3307 etiam
2976 3245 3042 3284 ea:
3071 3229 3220 3287 laicis
3257 3242 3316 3287 ut
3339 3237 3519 3307 (pluri-

1884 3321 1889 3327 '
1922 3322 2065 3360 munt
2087 3305 2242 3380 habet
2271 3304 2408 3357 domi
2433 3319 2540 3380 sua:
2565 3303 2974 3380 communionem
2990 3343 3022 3380 ,_
3040 3309 3091 3355 et
3118 3318 3234 3356 cum
3260 3303 3401 3380 vult,
3428 3323 3520 3380 per

1922 3376 2249 3448 semetipsum
2271 3376 2631 3448 communicat.
2652 3375 2950 3448 Memorat}!
2973 3372 3193 3448 dignum
3214 3383 3297 3430 est
3318 3372 3480 3448 etia'tn
3499 3419 3514 3443 ,

1923 3450 2064 3520 quod
2099 3443 2366 3520 discimus
2407 3460 2475 3520 est
2515 3446 2835 3520 Ambrosio,
2869 3443 2962 3520 lib.
2996 3460 3012 3497 ι
3042 3444 3106 3497 de
3148 3443 3380 3520 Eagcessu
3417 3447 3520 3504 Sa-

1923 3515 2023 3591 tyri
2078 3535 2226 3574 num.
2256 3519 2357 3591 45,
2382 3515 2487 3591 ubi,
2503 3517 2733 3591 traditur
2763 3515 2905 3571 hunc
2932 3516 3516 3591 iamcatechumennm

1924 3585 1975 3647 in
2006 3592 2188 3646 nauira
2232 3590 2266 3644 ii
2291 3588 2529 3659 periculo
2558 3588 2620 3643 ab
2649 3589 2714 3642 iis
2738 3627 2754 3652 ,
2785 3604 2912 3655 quos
2940 3585 3169 3642 initiatos
3198 3604 3305 3644 esse
3331 3605 3391 3644 co
3428 3606 3521 3645 no-

1924 3674 2061 3715 verat
2080 3707 2094 3715 .
2177 3606 2410 3715 (ﬁvinum
2478 3660 2610 3714 illud
2659 3660 2888 3715 ﬁdelium
2930 3670 3307 3714 sacramentum
3356 3608 3521 3715 nauo-

1923 3674 2094 3732 verat,
2177 3660 2410 3717 divinum
2478 3660 2610 3714 illud
2658 3660 2888 3732 ﬁdelium
2930 3670 3307 3714 sacramentum
3356 3660 3522 3732 ρὸρο-

1924 3730 2108 3800 scisse,
2154 3750 2255 3788 non
2285 3743 2342 3787 ut
2380 3733 2610 3787 curiosos
2641 3730 2814 3786 oculos
2842 3730 3055 3800 inferret
3082 3731 3289 3786 arcanis
3307 3773 3322 3797 ,
3350 3730 3441 3787 sed
3466 3743 3522 3788 ut

1923 3807 2046 3876 ﬁdei
2092 3820 2201 3860 sua:
2227 3812 2616 3876 consequeretur
2655 3801 2954 3876 auxilium;
2983 3801 3179 3876 etenint
3210 3803 3362 3876 ligari
3400 3806 3522 3875 fecit

1922 3871 1977 3931 in
2007 3878 2176 3932 orario
2197 3919 2211 3943 ,
2261 3888 2305 3933 ct
2335 3871 2562 3931 orarium
2590 3874 2801 3929 involvit
2844 3871 2978 3928 collo
3003 3914 3017 3939 ,
3062 3887 3125 3943 ac
3168 3871 3337 3927 ita'in
3372 3871 3522 3932 mare

1907 3950 2218 4020 prosiliens
2241 3990 2256 4012 ,
2300 3948 2585 4020 incolumis
2620 3945 2790 4020 evasit
2822 3960 2935 4020 :_c__x
2980 3942 3187 4020 quibus
3227 3944 3519 4020 Eucharis-

1928 4014 2053 4075 iiam
2085 4038 2112 4075 a
2144 4020 2461 4091 quibusdam
2492 4017 2671 4090 Satyri
2718 4016 3007 4091 comitibus
3046 4014 3328 4084 baptizatis
3354 4017 3519 4091 etiam

1927 4094 1981 4147 in
2011 4088 2284 4147 maritimo
2313 4092 2507 4146 itinere
2531 4088 2714 4145 secum
2742 4089 2958 4142 allatam
2988 4095 3234 4152 constat,
3267 4097 3325 4141 ut
3351 4088 3402 4142 id
3434 4089 3522 4146 vel

1927 4165 2155 4237 Satyro,
2190 4163 2315 4237 licet
2359 4160 2785 4237 catechumenu,
2813 4168 2998 4237 not_um
3028 4157 3522 4237 esset._l}il‘ﬁculta~

1929 4227 2041 4291 teni
2068 4227 2313 4290 fortassis
2342 4232 2613 4303 movebit,
2646 4231 2787 4303 quod
2819 4243 2851 4283 a
2893 4228 3113 4287 Zenone
3155 4227 3405 4298 additur,
3437 4246 3524 4303 sag-

1927 4307 2121 4379 crificio
2144 4316 2292 4361 tuum
2327 4314 2501 4378 pectus
2538 4300 2779 4379 obtundet
2808 4318 2828 4379 ς
2865 4302 2959 4357 sed
2990 4309 3347 4379 praeterquam
3375 4300 3520 4376 quod

1930 4371 2139 4449 poterat
2168 4391 2289 4433 esse
2318 4371 2473 4449 panis
2499 4375 2639 4449 male
2664 4374 2932 4449 crassior,
2960 4371 3052 4444 qui
3079 4371 3243 4449 ictum
3273 4371 3517 4449 faceret,

1932 4442 2072 4505 hunc
2118 4452 2172 4505 in
2214 4442 2351 4521 ligno
2378 4446 2736 4521 custoditum,
2765 4452 2843 4521 et_
2856 4442 3089 4521 domum
3109 4443 3332 4500 allatum
3363 4444 3522 4501 colli-

1928 4537 2115 4594 gemus
2143 4536 2208 4594 ex
2240 4515 2398 4594 fract.
2427 4534 2548 4587 xtv,
2579 4517 2650 4594 ad
2671 4527 2790 4594 not.
2818 4515 2905 4571 18.
2996 4592 3005 4594 _
3352 4538 3361 4539 ί

2005 4591 2120 4663 (30)
2160 4592 2258 4647 Ms.
2291 4591 2434 4656 Tol.,
2459 4605 2564 4662 pax
2592 4588 2837 4663 tibi_i_sta.
2995 4592 3005 4599 '

2006 4654 2121 4735 (3i)
2163 4664 2276 4719 Hoc
2298 4654 2497 4717 nomen
2526 4660 2665 4730 apud
2685 4658 3003 4735 Ciceronem
3022 4663 3077 4715 et
3101 4654 3236 4714 alios
3251 4657 3521 4735 frequens

1930 4728 2144 4805 leg'ituri
2168 4745 2223 4790 et
2256 4728 2576 4804 sepulcrum‘
2592 4730 2853 4805 translate
2883 4728 3207 4805 plerumque
3221 4728 3521 4805 signiﬁcat;

1852 4802 1908 4864 D
1934 4800 2146 4885 proprie
2173 4800 2351 4861 autem
2385 4805 2585 4885 indicat
2603 4803 3032 4885 _i-psum‘corpus,
3053 4800 3208 4871 “quod
3230 4800 3518 4884 antequam

1927 4871 2268 4949 sepeliretur,
2296 4875 2541 4933 comburi
2567 4871 2694 4929 olim
2726 4872 2968 4949 solebat,
2996 4886 3227 4949 corpus,
3258 4871 3477 4949 inquam
3503 4912 3520 4941 ,

1928 4942 2103 5022 ipsum
2144 4942 2262 5017 jam
2288 4950 2666 5005 combusmm:
2701 4945 3012 5022 dicitur-que
3027 4942 3257 5022 _bustum,
3290 4942 3365 5022 ait
3391 4943 3525 5000 Fes-

1928 5013 2044 5089 tus,
2092 5013 2237 5090 quasi
2288 5023 2409 5076 bene
2457 5030 2649 5074 ustum.
2723 5013 3273 5090 liacns‘igniﬁcatione
3319 5013 3524 5073 bustum

1927 5086 2040 5150 hoc
2076 5086 2195 5149 locis
2247 5092 2442 5148 dicitur
2487 5089 2699 5145 victima
2733 5087 2891 5142 idolis
2919 5086 3096 5158 oblata
3120 5096 3199 5158 (et
3240 5094 3390 5155 usta;
3416 5102 3520 5158 qua

1925 5167 2135 5221 ratione
2191 5166 2351 5220 etiam
2384 5163 2702 5218 Ambrosius
2731 5157 2979 5213 similiter
3017 5156 3199 5213 dixit:
3232 5159 3407 5228 fumus
3436 5156 3522 5214 ἐκ

1930 5237 2072 5292 busto
2100 5236 2152 5291 in
2176 5236 2335 5307 epist.
2367 5250 2474 5290 xvu
2500 5234 2563 5307 ad
2592 5228 3019 5307 Valentinianum
3052 5244 3105 5283 n.
3130 5229 3204 5307 _9,
3234 5231 3325 5307 qui
3371 5231 3522 5286 locus

1930 5301 2336 5380 signiﬁcationis
2384 5302 2771 5380 conﬁrmandae
2817 5314 2977 5380 causa
3036 5301 3342 5356 recitandus
3372 5377 3380 5380 Α
3413 5310 3517 5380 est.

1931 5371 2006 5437 Si
2020 5379 2193 5447 hodie,
2224 5379 2419 5450 inquit,
2451 5374 2878 5450 Gentilisaliquis
2906 5373 3206 5445 imperator,
3227 5377 3381 5450 _quod
3428 5371 3520 5425 ab-

1931 5455 2017 5519 sit,
2050 5444 2194 5506 aram
2237 5444 2477 5504 statueret
2526 5446 2836 5519 simulacris,
2863 5451 2909 5519 et
2936 5444 2993 5497 eo
3031 5444 3299 5498 convenire
3325 5451 3535 5519 cogeret

1933 5516 2245 5578 christianos
2260 5564 2275 5589 ,
2327 5526 2385 5576 ut
2429 5516 2839 5589 sacriﬁcantibus
2862 5516 3268 5589 intet'essent,_nt
3293 5516 3526 5589 opplerct

1934 5595 2192 5651 anhelitus
2221 5584 2271 5649 et
2299 5609 2391 5647 ora
2427 5584 2655 5660 ﬁdelium
2686 5589 2814 5643 cinis
2844 5595 2891 5642 et
2918 5602 3029 5652 ora,
3054 5584 3234 5656 favilla
3272 5585 3334 5640 de
3360 5587 3525 5641 sacri-

1935 5669 2087 5740 legio,
2120 5672 2289 5738 {uinus
2316 5682 2378 5721 ea;
2403 5664 2567 5731 busto,
2598 5670 2702 5718 etc.

2007 5757 2129 5834 ('52),
2140 5758 2340 5834 Horatii
2354 5755 2683 5834 Scholiastcs
2700 5752 2753 5808 in
2767 5751 2955 5834 .Artem
2969 5745 3249 5834 Poeticam.
3259 5763 3380 5834 pag.
3401 5747 3528 5807 638.

1938 5823 2180 5904 Fanaiici
2210 5829 2472 5895 dicuntur,
2497 5827 2585 5906 qui
2614 5823 2925 5906 lymphatico
2952 5823 3135 5902 spiritu
3163 5823 3443 5895 agitantur,
3484 5833 3533 5897 et
