3960 6330
454 310 555 366 ’511

1806 296 1887 350 ΞΑ
1897 293 2051 348 NC'l‘l
2091 287 2381 348 ZENONIS

3649 279 3759 335 5ίέ

456 432 574 498 ipsa
597 425 835 498 reponis,
863 426 976 495 ipsa
994 419 1255 478 custodis.
1284 419 1396 476 Una
1424 414 1541 489 (55)
1566 415 1749 472 cibum
1781 426 2043 485 praeterea
2074 415 2124 473 Α
2150 419 2334 476 tatem,
2366 405 2716 478 probitatem,
2770 401 3139 467 concordiam,
3172 399 3528 463 charitatem,
3562 411 3759 453 omnes

455 522 608 593 capis
627 504 863 590 reliquas
884 514 1056 587 poculi
1076 512 1344 585 propinati
1356 509 1651 565 lambendo
1669 506 1832 562 labris
1848 504 2051 562 exhau-

457 616 553 678 ris,
585 614 853 679 futurique
904 608 1129 664 haustus
1155 606 1308 678 quasi
1341 603 1599 676 quasdam
1631 601 1893 673 primitias
1920 613 2047 653 aus-

456 707 692 777 picaris,
749 713 920 759 totum
973 716 1194 773 prorsus
1249 698 1546 771 iniquitatis
1589 695 1836 766 spiritum
1873 692 2048 747 libens

454 797 697 870 concipis
747 812 845 868 per
892 797 1145 850 maritum
1180 811 1192 846 :
1226 791 1413 848 infelix
1450 792 1558 859 jam
1609 788 1731 860 plus
1784 787 1839 842 in
1873 794 1926 841 te
1963 792 2050 840 est

450 908 610 965 quam
644 884 695 947 iii
721 891 923 959 templo
950 887 1225 944 remansit.
1250 885 1321 942 At
1349 885 1395 940 si
1427 894 1479 940 te
1504 897 1691 939 serves
1725 892 1887 951 atque
1912 894 2044 933 ron-

452 989 649 1048 tineas.
676 985 962 1042 aestimabit
992 998 1098 1038 non
1130 997 1315 1036 amore
1349 979 1514 1036 divini
1561 977 1759 1043 cultus,
1790 974 1885 1030 sed
1914 973 2048 1029 alte—

449 1080 564 1136 rius
609 1080 838 1148 alicujus
888 1075 1158 1131 desiderio
1213 1074 1265 1128 in
1313 1088 1465 1127 suam
1508 1070 1611 1125 ltoc
1667 1066 2044 1125 contumeliam

453 1171 730 1242 procurari
765 1188 778 1225 :
810 1167 1075 1224 castitatis
1096 1164 1563 1235 oltservantimque
1594 1162 1844 1217 virtutem
1875 1158 2043 1217 devo-

450 1268 593 1322 rabit
619 1268 672 1321 in
701 1266 926 1321 crimen.
958 1261 1097 1330 Quid
1128 1262 1270 1316 enim
1302 1259 1390 1314 ille
1428 1258 1551 1311 ntali
1584 1255 1697 1327 (54)
1733 1270 1838 1309 non
1863 1253 2045 1321 snsiii-

449 1369 623 1426 cctur,
653 1374 760 1413 non
786 1353 1128 1420 efficiat,diis
1148 1350 1481 1415 crudelibus,
1510 1348 1612 1403 diis
1642 1346 1901 1403 adulteiis
1926 1361 2044 1400 scr-

446 1452 636 1507 viens?
650 1452 836 1521 Itaque
852 1448 1105 1519 deinceps
1123 1445 1266 1516 fuge.
1284 1444 1456 1519 virgo,
1475 1442 1618 1512 iuge,
1637 1440 1817 1505 vidua,
1834 1439 2047 1508 nuptias

449 1544 605 1598 tales.
638 1543 929 1597 Excusatio
953 1554 1172 1610 prorsus
1200 1538 1345 1593 nulla
1377 1535 1632 1604 competit
1665 1534 1785 1589 tibi.
1836 1532 1892 1588 Si
1917 1547 2046 1587 eon-

446 1638 627 1692 tinens
654 1649 777 1691 esse
805 1649 911 1688 non
965 1631 1172 1702 poteris
1206 1674 1219 1695 ,
1273 1629 1466 1685 saltem
1512 1627 1621 1682 noli
1667 1635 1785 1681 tuas
1830 1624 2045 1693 nuptias

445 1729 563 1799 (55)
592 1726 854 1790 fenerare,
884 1739 952 1779 ne
979 1725 1033 1778 in
1065 1723 1157 1779 illo
1186 1720 1604 1778 resurrectionis
1632 1718 1721 1773 die
1751 1717 1893 1772 inter
1929 1716 2046 1787 plu-

2152 512 2295 558 artes
2323 513 2626 570 omnesque
2656 497 2907 563 virtutes,
2964 497 3075 565 ipsa
3098 509 3314 568 quoque
3359 494 3631 551 elementa
3675 490 3760 566 (ὃ)

2151 603 2400 651 constare
2427 610 2533 648 non
2564 606 2723 663 posse
2769 592 2887 647 sine
2931 591 3050 660 ejus
3095 589 3406 646 eruditione
3437 588 3523 644 vel
3569 588 3755 643 freno.

2153 689 2248 744 Est
2285 688 2426 743 enim
2455 684 2534 760 (5)
2586 692 2798 741 matura
2835 698 3092 755 semper,
3147 681 3573 746 ltumilis,cauta,
3627 695 3761 750 pru-

2151 782 2310 848 dens,
2342 779 2594 850 provida,
2644 779 2793 833 omni
2841 778 3164 833 necessitate
3200 785 3454 831 contenta
3488 819 3503 842 ,
3561 774 3761 844 quavis

2153 876 2519 930 turliatiOnnm
2602 880 2922 942 tempestate
2993 868 3307 938 tranquilla.
3388 865 3758 925 Serenitatem

2152 983 2302 1024 suam
2365 965 2446 1040 (6)
2480 967 2696 1022 nebulis
2725 964 3102 1020 tnrbulenlare
3135 978 3240 1018 non
3273 962 3441 1019 novit.
3476 961 3764 1018 Ραξιιίιειτ-

2152 1063 2278 1118 tiam
2313 1063 2526 1119 nescit:
2560 1061 2640 1135 (7)
2689 1061 2972 1116 altercatio
2997 1056 3126 1131 quid
3168 1059 3237 1113 sit
3280 1057 3527 1129 ignorat;
3560 1071 3763 1112 omnes

2151 1167 2243 1211 ant
2266 1157 2490 1224 devitat,
2535 1164 2630 1211 aut
2660 1163 2833 1223 portat
2877 1152 3124 1224 injurias.
3158 1152 3424 1208 Incertum
3452 1161 3540 1205 est
3571 1158 3757 1205 utrum

2152 1250 2504 1320 inipassiliilis
2524 1250 2818 1321 jndicetnr,
2843 1263 2965 1302 cum
2994 1245 3196 1315 aliquid
3217 1261 3397 1316 passa,
3429 1244 3589 1313 quasi
3620 1244 3762 1300 nihil

2153 1358 2307 1412 passa
2335 1344 2427 1408 sit,
2462 1343 2753 1397 invenitur.
2801 1340 3084 1396 Postremo
3126 1339 3460 1409 impos~ibile
3487 1348 3595 1400 est.
3649 1337 3762 1393 fra-

2151 1446 2283 1505 tres,
2311 1436 2429 1507 ejus
2461 1437 2732 1491 aestimare
2785 1433 3039 1489 virtutem
3067 1473 3081 1492 .
3122 1432 3280 1501 cujus
3327 1432 3469 1487 vinci
3516 1431 3758 1486 victoria

2149 1542 2256 1586 est.
2285 1530 2402 1585 Non
2436 1530 2581 1585 illam
2625 1529 2745 1584 loco
2795 1528 2877 1582 vis
2907 1526 3014 1582 ulla
3045 1525 3374 1597 detorquet,
3423 1539 3529 1579 non
3577 1524 3757 1590 labor,

2150 1639 2257 1679 non
2287 1624 2474 1690 fames,
2504 1638 2610 1678 non
2640 1620 2875 1684 auditas,
2905 1635 3011 1675 non
3046 1618 3375 1689 persecutio,
3407 1632 3516 1673 non
3540 1624 3757 1682 metus,

2150 1728 2258 1771 non
2293 1716 2610 1787 periculum,
2643 1729 2750 1771 non
2776 1728 2945 1779 mors,
2977 1728 3087 1768 non
3115 1721 3387 1767 tormenta
3433 1719 3614 1766 morte
3640 1710 3758 1780 ipsa

447 1823 616 1876 rimos
665 1820 886 1875 maritos
922 1834 1029 1873 non
1079 1818 1257 1888 possis
1305 1816 1461 1886 cujus
1503 1813 1667 1870 fueris
1695 1828 1832 1868 uxor
1878 1828 2045 1882 agno-
2074 1795 2120 1854 Β
2148 1809 2419 1880 graviora,
2451 1823 2559 1863 non
2586 1815 2847 1878 potestas,
2890 1821 2997 1861 non
3040 1804 3264 1860 ambitio
3290 1845 3307 1871 ,
3352 1817 3461 1859 non
3495 1801 3751 1858 felicitas.

439 1929 613 1971 scere.
642 1912 763 1969 Noli
794 1927 916 1968 esse
944 1911 1203 1983 sacrilega
1234 1954 1247 1978 ,
1281 1908 1396 1983 (56)
1444 1910 1553 1965 noli
1580 1908 1851 1980 proditrix
1877 1906 2034 1977 legis.

442 2007 674 2064 Profano
702 2024 799 2063 cur
829 2008 1031 2073 nubas,
1065 2022 1185 2061 cum
1220 2006 1394 2075 possis
1445 2003 1649 2059 nubere
1690 2000 2042 2059 Christiano?

895 2137 1005 2212 33
1037 2133 1454 2193 TRACTATUS
1495 2133 1580 2190 γι.

976 2252 1053 2308 De
1082 2250 1163 2326 (i)
1194 2249 1475 2307 Patientia.

508 2369 548 2425 l.
585 2370 697 2426 Etsi
728 2369 881 2425 beata
912 2367 1143 2424 diversis
1162 2367 1268 2423 vita
1300 2364 1592 2422 virtutibus
1615 2365 1905 2436 quaeritur,
1935 2378 2034 2419 cu-

447 2464 538 2536 jus
586 2464 664 2538 (2)
706 2462 961 2535 cupidine
1004 2461 1241 2534 ﬂagrans
1266 2459 1575 2515 humanitas
1620 2473 1718 2530 per
1763 2466 2036 2513 momenta

434 2564 665 2635 suspirat
690 2580 705 2630 ;
726 2573 905 2633 tamen
923 2576 1116 2617 omnes
1139 2575 1248 2615 tino
1269 2559 1570 2628 eodemque
1592 2571 1863 2614 consensu
1883 2553 2038 2628 quasi

432 2658 725 2732 quemdam
794 2656 1067 2728 patientia:
1119 2652 1439 2710 deferuntur
1488 2652 1541 2708 in
1600 2657 1814 2722 portum
1843 2692 1858 2715 ,
1916 2649 2038 2706 sine

434 2768 540 2826 qua
562 2767 664 2810 nec
687 2750 888 2817 audiri,
923 2765 1023 2806 nec
1045 2748 1282 2820 concipi,
1331 2762 1433 2803 nec
1456 2746 1590 2802 disci
1618 2745 1910 2817 quidquam
1938 2759 2034 2814 po-

431 2848 578 2912 terit,
607 2860 712 2903 nec
739 2843 946 2899 doceri.
979 2842 1113 2897 Nam
1158 2841 1400 2911 profecto
1445 2839 1561 2895 sola
1603 2848 1688 2894 est
1717 2880 1732 2904 ,
1779 2838 1845 2893 ad
1869 2853 2031 2909 quam

429 2950 653 3008 prorsus
682 2951 772 2992 res
802 2935 948 2990 omni
977 2933 1060 3005 (5)
1089 2933 1400 3006 adspectet:
1424 2932 1646 2988 dubium
1668 2932 1870 3002 quippe
1906 2945 2030 2986 cum

430 3045 536 3087 non
566 3030 658 3095 sit,
689 3044 865 3100 spem,
897 3027 1081 3095 ﬁdem,
1125 3026 1412 3097 justitiam,
1439 3024 1798 3081 humilitatem
1825 3061 1842 3091 ,
1870 3023 2034 3079 casti-

2148 1904 2375 1972 Semper
2407 1902 2699 1958 immobilis
2749 1910 2968 1967 manet,
3026 1900 3133 1954 alta
3175 1898 3407 1969 quadam
3455 1911 3522 1953 ac
3563 1896 3756 1951 divina

2148 1996 2503 2075 temperantia
2549 1994 2766 2050 robuste
2794 1993 2872 2065 (8)
2922 1992 3115 2047 librata
3144 1993 3424 2046 universas
3457 1991 3760 2061 permatio-

2147 2105 2243 2144 nes
2275 2088 2576 2143 animorum
2602 2085 2807 2157 placida
2856 2081 3754 2156 moderatione“compescens,

2143 2190 2198 2239 et
2242 2192 2299 2238 ut
2333 2182 2514 2237 omnia
2549 2177 2628 2254 (9)
2655 2194 2763 2237 non
2792 2192 3117 2251 magnopere
3145 2176 3397 2232 devincat
3421 2218 3438 2243 ,
3483 2191 3543 2232 sc
3573 2177 3756 2248 primo

2147 2277 2336 2334 vincit.

2216 2370 2279 2453 li.
2307 2368 2424 2426 Non
2445 2370 2674 2426 virtutes
2705 2375 2931 2439 possunt
2973 2379 3094 2423 esse
3123 2364 3377 2432 virtutes,
3409 2378 3517 2420 non
3547 2379 3757 2436 peren-

2147 2478 2245 2520 nes
2274 2463 2667 2521 elementornm
2707 2460 2825 2536 (10)
2853 2472 3047 2532 status,
3082 2480 3188 2521 non
3231 2474 3475 2533 tempora
3516 2476 3757 2536 cognata

2145 2556 2485 2613 connexione
2531 2556 2585 2611 in
2613 2557 2889 2612 solemnes
2916 2556 3122 2614 reditus
3167 2566 3591 2623 commearent,
3647 2557 3753 2612 nisi

2146 2665 2328 2706 rerum
2348 2649 2687 2720 disciplinam
2717 2651 3255 2724 conversionemque,
3297 2651 3454 2725 quasi
3492 2651 3753 2722 quaedam

2143 2742 2373 2798 sollicita
2406 2752 2578 2798 mater
2609 2784 2625 2809 ,
2676 2743 2939 2815 patientia
2989 2745 3312 2803 custodiret.
3366 2745 3459 2803 Sol
3505 2745 3755 2815 denique

2141 2835 2386 2905 quamvis
2417 2833 2550 2889 mira
2583 2835 2862 2890 celeritate
2916 2836 3156 2894 alternas
3212 2838 3398 2894 mundi
3453 2850 3632 2896 metas
3683 2838 3757 2895 il-

2141 2927 2378 2993 lustret,
2429 2938 2606 2983 tamen
2640 2944 2913 3000 nunquam
2963 2929 3217 2987 dilectam
3269 2931 3752 3005 verecundamqnc

2139 3022 2426 3078 antevertit
2459 3036 2709 3077 auroram
2743 3040 2757 3076 :
2808 3023 2936 3094 qui,
2967 3023 3109 3094 quod
3140 3023 3316 3097 majus
3340 3032 3444 3094 est,
3472 3025 3750 3082 duodenis

430 3192 724 3263 phrenesin:
773 3190 1058 3263 patiuntur.
1112 3186 1201 3263 Hi_
1222 3186 1293 3263 ita
1322 3183 1453 3263 dicti
1487 3199 1583 3263 per
1614 3184 1986 3263 metaphoram
2015 3200 2030 3250 ;
2061 3190 2105 3254 C
2140 3183 2677 3263 uxpris_amore_._ve_l_
2717 3182 2785 3238 de
2827 3182 3125 3263 homicidio
3154 3184 3253 3240 sibi
3297 3184 3614 3241 inlentando
3646 3202 3746 3244 su—

427 3255 644 3336 proprie
661 3255 806 3318 enim
840 3260 1097 3336 fanaticus
1119 3274 1147 3313 a
1177 3257 1337 3324 fanis,
1358 3255 1499 3336 sicut
1527 3256 1595 3311 ab
1622 3256 1733 3310 aris
1751 3255 1952 3336 aridus,
1978 3266 2032 3336 et

427 3326 695 3407 significat
732 3326 1080 3407 sacerdotum
1102 3345 1294 3400 genus,
1335 3328 1433 3407 qui
1464 3340 1600 3407 gestu
1621 3326 1856 3407 quodam
1888 3326 2028 3407 divi-

425 3399 517 3468 no.
544 3416 600 3462 ut
648 3404 890 3463 Gentiles
935 3399 1236 3472 putabant,
1288 3399 1575 3472 perciti,_e
1622 3399 1851 3472 deorum
1892 3399 2030 3472 fanis

423 3493 702 3605 respergit
713 3470 1253 3539 vaticinabantur,de
1268 3474 1466 3544 quibus
1494 3470 1797 3534 Juvenalis.
1822 3471 1938 3525 Sat.
1968 3470 2025 3526 4.

423 3565 571 3605 vers.
671 3566 705 3605 ο
749 3565 763 3603 :

422 3565 571 3607 vers.
602 3551 705 3605 125
749 3565 763 3603 :

669 3662 770 3713 Sed
794 3670 848 3713 ut
871 3662 1106 3712 fanaticus
1125 3665 1278 3712 (nstro

671 3726 945 3776 Percussus
960 3724 1163 3775 Bellona
1182 3730 1268 3775 tuo
1289 3722 1471 3773 divinat
1493 3736 1505 3772 :

423 3841 478 3890 et
505 3830 865 3888 Prudentius:

667 3944 775 3994 Non
798 3948 991 4007 spumat
1007 3942 1217 4007 anhelus

668 4007 789 4059 Fata
813 4003 1052 4072 sibylll'his
1074 4004 1314 4055 fanaticus
1338 4003 1468 4055 edita
1490 4003 1647 4054 libris.

420 4117 621 4174 Horum
662 4115 867 4170 mentio
896 4114 1167 4184 reperitur
1195 4112 1333 4181 apud
1365 4111 1679 4184 Ciceronem
1726 4128 1847 4184 prog
1867 4114 2021 4169 domo

414 4206 533 4251 sua,
565 4187 771 4241 Arnob.
804 4186 881 4240 lib
934 4181 974 4247 ιζ
1026 4200 1146 4251 pag.
1180 4184 1271 4248 15,
1296 4195 1348 4238 et
1377 4183 1512 4238 alios
1542 4183 1746 4251 plnrcs.
1802 4181 2020 4250 Fannii-

416 4260 782 4334 cu8_i¢pa‘tt_)t_5:
814 4256 1101 4334 ἱερόδᾳνλος
1129 4253 1420 4334 dicitnrhin
1454 4253 1905 4334 glossis._Verum
1936 4257 2021 4326 fa-

413 4324 639 4387 naticum
690 4330 775 4381 hic
820 4324 1145 4397 appellatum
1194 4325 1584 4398 intelligimus,
1615 4324 1945 4396 quicumque
1986 4344 2015 4383 a

413 4401 554 4458 fanis
584 4400 758 4456 redux
789 4399 990 4468 aliquid
1038 4398 1161 4453 inde
1202 4396 1420 4452 allerret
1451 4396 1767 4462 referrctve,
1794 4414 1858 4453 ac
1881 4414 2014 4467 prte-

412 4472 602 4529 sertim
649 4472 738 4542 qui
768 4470 1108 4525 sacerdotum
1141 4483 1425 4542 responsa,
1458 4469 1527 4542 ob
1552 4484 1671 4542 qua:
1691 4470 1776 4523 isti
1799 4469 2017 4542 fanatici

411 4556 539 4600 sunt
569 4539 841 4612 appellati,
882 4551 1197 4612 repeti-ret,
1226 4540 1530 4612 cujusmudi
1575 4541 1737 4596 fuisse
1768 4539 2013 4597 videmus

410 4632 558 4682 eum,
588 4610 658 4671 de
705 4630 812 4685 quo
861 4614 919 4685 S.
948 4610 1119 4685 ‘Zeno
1160 4610 1418 4684 loquitur.
1467 4610 1759 4685 Fanaticos
1788 4614 2006 4682 quidem

405 4686 463 4746 S.
494 4684 848 4753 Augustinus,
871 4684 925 4741 in
950 4684 1089 4757 psal.
1120 4699 1210 4757 ξι,
1245 4700 1396 4740 num.
1429 4684 1482 4757 f,
1508 4699 1627 4757 pag.
1658 4684 1795 4747 545.
1828 4686 2005 4740 nomi-

408 4770 500 4814 nat
557 4772 654 4812 eos
697 4753 1062 4827 paganos'qni
1106 4753 1175 4808 de
1215 4757 1368 4810 ruina
1418 4755 1837 4827 christianorum
1884 4764 2004 4812 tan-

405 4843 665 4904 quameg
686 4825 905 4904 oraculo
935 4825 1075 4904 inter
1101 4840 1222 4904 sese
1244 4825 1663 4904 respondebant.

476 4900 594 4973 (55)
622 4898 999 4973 Repreltendit
1035 4912 1141 4973 non
1177 4895 1440 4973 simplicis
1489 4898 1594 4973 cibi
1619 4900 2000 4973 _snn_tptionem

401 4967 524 5028 cum
549 4967 749 5027 infideli
764 4971 1012 5036 conjuge,
1035 4968 1130 5022 sed
1148 4967 1507 5036 sumptionem
1529 4969 1632 5024 cibi
1656 4987 1719 5024 ex
1735 4967 1999 5026 idolorum

403 5043 672 5098 sacriﬁcio
697 5042 916 5113 domum
944 5055 972 5093 a
995 5038 1382 5113 maritoallati,
1410 5054 1510 5093 nec.
1536 5040 1640 5093 non
1669 5042 1802 5094 alias
1828 5042 1879 5113 id
1909 5060 2001 5113 ge-

402 5116 552 5169 neris
600 5111 1019 5180 superstitiones
1065 5113 1117 5165 in
1167 5110 1288 5165 cibo
1335 5120 1391 5165 et
1461 5119 1584 5179 poto
1626 5113 1778 5165 statis
1809 5110 1999 5168 diebus

400 5187 649 5246 usitatas,
679 5185 747 5237 de
775 5182 972 5250 quibus
1000 5181 1291 5237 christiana
1318 5182 1507 5236 mulier
1535 5185 1653 5237 sine
1680 5183 1998 5241 idololatrite

400 5255 523 5327 labe
554 5252 874 5327 participare
899 5267 1005 5327 non
1035 5261 1267 5327 poterat.
1295 5251 1430 5327 Vide
1459 5253 1527 5327 de
1557 5252 1641 5308 his
1681 5254 1828 5325 plura
1855 5258 1996 5327 apud

398 5324 819 5389 Tertulliannnt,
852 5324 904 5377 in
937 5324 1077 5378 libro
1107 5323 1171 5377 de
1198 5323 1529 5379 ldololatria.

2140 3256 2338 3327 spicari
2363 3271 2469 3328 non
2492 3255 2712 3328 difficile
2734 3256 2923 3328 possit.

2209 3327 2558 3401 ('55)Feuero
2576 3327 2665 3383 hic
2689 3326 2786 3401 pro
2803 3326 3181 3401 multiplicare.
3207 3327 3504 3401 scuplnres
3518 3332 3744 3399 nuptias

2134 3398 2293 3456 inire.
2326 3400 2590 3474 Similiter
2612 3398 2949 3463 Ambrosius,
2981 3399 3073 3454 lib.
3108 3415 3144 3454 ιι
3183 3399 3259 3474 εἰειΔ
3292 3398 3495 3474 Ofﬁciis
3521 3398 3646 3471 cap.
3679 3404 3741 3473 6,

2133 3473 2411 3546 nutus-ili,
2427 3475 2699 3546 fenerator
2720 3480 3001 3546 proventus
3027 3486 3125 3546 pro
3149 3470 3515 3546 multiplicatos
3539 3470 3697 3532 dixit.

2206 3542 2321 3614 (56)
2366 3544 2502 3599 Edil.
2538 3542 2697 3604 Ven.,
2721 3558 2822 3595 non
2852 3544 3123 3609 proditrix.

2201 3613 2410 3695 Tutor.
2450 3615 2611 3695 Vl.“—
2638 3616 2721 3695 (l)
2744 3613 2852 3695 Hie
2855 3625 3113 3673 tractatus
3132 3615 3461 3695 gravissimus
3478 3616 3680 3695 dicitur
3703 3635 3736 3674 a

2127 3684 2448 3762 Qasanbono
2465 3687 2517 3742 in
2534 3684 2800 3762 Spartiani
2820 3686 3103 3762 Severmn,
3122 3684 3388 3762 pagJQQ,
3405 3705 3453 3741 a.
3481 3687 3735 3758 inprima

2133 3757 2261 3813 Ven.
2281 3759 2408 3813 edit.
2428 3759 2830 3817 iuscribitur.dc
2848 3757 3372 3819 Patientite'laudibus
3384 3770 3433 3814 et
3446 3757 3736 3829 irnpatien-

2130 3832 2215 3883 τίω
2234 3832 2402 3885 malis.
2429 3830 2597 3900 Hujus
2625 3838 2886 3885 tractatus
2906 3831 3113 3888 initium
3145 3848 3199 3890 et
3248 3832 3371 3888 linis
3392 3833 3579 3888 inserti
3599 3847 3737 3892 sunt

2127 3901 2250 3955 vitre
2276 3902 2331 3957 S.
2364 3902 2599 3957 Zenonis
2625 3901 2840 3967 scripta:
2882 3902 2951 3956 ab
2987 3907 3213 3973 antiquo
3240 3904 3506 3960 monacho
3545 3903 3733 3963 Zeno-

2127 3973 2271 4044 niani
2313 3972 2641 4029 Veronensis
2689 3974 2923 4031 ctenobii
2959 4015 2973 4035 ,
3032 3972 3192 4044 quam
3245 3974 3486 4031 marchio
3541 3974 3732 4042 Scipio

2124 4043 2367 4122 Maffeius
2393 4044 2565 4122 edidit
2604 4043 3293 4122 intermonumenta,qute
3320 4048 3550 4122 subjecit
3593 4048 3733 4104 His-

2122 4116 2269 4171 toria:
2293 4115 2830 4187 diplomaticaemditat
2851 4133 2937 4172 an.
2963 4119 3123 4176 i727.
3152 4115 3227 4177 E'x
3253 4119 3349 4175 hac
3368 4120 3480 4174 Vita
3513 4122 3727 4188 aliquot

2123 4189 2299 4266 varias
2322 4188 2581 4266 lectiones
2607 4205 2711 4243 non
2733 4194 3157 4248 contemnendas
3182 4190 3526 4249 adhibuimus
3546 4235 3563 4262 ,
3595 4210 3725 4266 qna:

2121 4262 2235 4313 suis
2258 4263 2389 4315 locis
2421 4261 2769 4315 notabuntur.

2192 4330 2270 4400 (Ξ)
2292 4333 2389 4408 lix
2423 4330 2550 4408 Vita
2603 4332 3033 4408 emendavimus,
3055 4349 3177 4391 cum
3213 4329 3481 4408 legeretur
3510 4339 3724 4408 cupidi-

2121 4417 2235 4455 nem
2291 4402 2387 4474 Ms.
2423 4402 2635 4474 Pontp.,
2666 4406 2967 4470 cupiditate.

2191 4473 2273 4548 (5)
2308 4473 2649 4548 _Mss._Rem.,
2683 4475 2916 4533 Tolent..
2951 4489 3177 4547 expectet
3202 4496 3221 4534 :
3242 4479 3358 4535 Vita
3390 4479 3618 4548 Spectat.

2194 4547 2275 4629 (ρ)
2307 4544 2364 4629 in
2390 4545 2556 4629 editis
2577 4556 2639 4629 et
2659 4561 2791 4603 mss.
2825 4548 2929 4629 hoc
2954 4544 3360 4629 loco_in_s_er_itur
3386 4544 3500 4629 ejus
3522 4594 3536 4614 .
3563 4557 3714 4625 quod

2113 4618 2436 4741 :iictoritate
2462 4617 2600 4672 Viue
2627 4621 3002 4677 transtulimus
3029 4620 3097 4676 ad
3130 4621 3282 4691 illud,
3312 4617 3426 4679 sine
3451 4625 3563 4691 eius
3583 4617 3717 4681 'eru-

2151 4705 2166 4740 t
2193 4704 2326 4741 ioue.

2151 4699 2326 4741 itione.

2182 4758 2338 4834 (5)“in
2368 4758 2481 4814 Vita
2504 4760 2750 4831 patientia
2778 4771 3001 4834 matura,
3022 4764 3166 4834 quod
3185 4782 3380 4823 nomen
3408 4764 3710 4834 nescimus,

2111 4845 2176 4912 an
2208 4830 2390 4912 aliine
2419 4836 2682 4900 scriptore
2706 4849 2803 4902 pro
2826 4830 3055 4912 faciliori
3074 4837 3423 4910 intelligentia
3441 4830 3711 4897 inscrtum

2112 4901 2291 4969 fuerit,
2322 4918 2443 4956 cum
2473 4915 2621 4957 certe
2646 4901 3010 4962 necessarium
3035 4924 3142 4964 non
3166 4901 3255 4966 sit:

2182 4973 2259 5043 (6)
2305 4973 2642 5057 Ms."_Pfl-l'llp.
2672 4978 2889 5057 corrigit
2927 4980 3482 5057 nobisturbulentare;
3509 4983 3563 5039 in
3594 5000 3707 5042 ms.

2107 5043 2241 5100 Zen.
2268 5058 2317 5100 et
2346 5045 2477 5100 edit.
2518 5045 2676 5112 Ven.,
2705 5049 2889 5103 nobilis
2915 5051 3282 5110 turbulentam.

2179 5114 2257 5187 (7)
2301 5116 2357 5172 In
2383 5117 2543 5171 editis
2572 5120 2809 5193 alteratio
2833 5136 2853 5175 :
2885 5122 2934 5174 in
2967 5137 3125 5188 mss.,
3161 5140 3290 5181 vero
3312 5134 3366 5180 et
3398 5123 3541 5193 Vita,
3570 5142 3705 5184 nec-

2101 5201 2210 5271 non
2261 5204 2326 5243 ex
2378 5190 2718 5247 correctione
2768 5193 3053 5271 marginali
3081 5196 3334 5271 editionis
3361 5196 3487 5271 Ver.
3527 5190 3699 5257 alter-

2100 5264 2234 5313 cutio
2257 5300 2273 5319 ,
2314 5275 2473 5329 quam
2504 5276 2689 5316 vocem
2721 5264 2886 5317 testni
2917 5264 3256 5323 inserendam
3288 5270 3562 5326 duximus.

2171 5329 2248 5414 (8.)
2282 5329 2408 5384 Mss.
2439 5329 2622 5414 Rem“
2645 5332 2889 5414 Tolent.,
2916 5334 3041 5391 Vat.
3078 5339 3326 5406 liberata;
3346 5353 3396 5397 et
3424 5355 3544 5411 pro.
3568 5358 3695 5414 per-

472 5396 589 5472 (54)
613 5397 771 5472 Notat
793 5394 1178 5472 Tertiillianus,
1211 5396 1302 5448 lib.
1336 5397 1463 5472 n__ad
1492 5395 1751 5459 Uxorem,
1777 5412 1897 5472 cap.
1936 5401 1989 5465 5,

397 5466 637 5541 paganos
652 5470 818 5531 viros,
846 5469 890 5541 si
917 5466 1241 5541 christianas
1270 5467 1523 5541 mulieres
1560 5483 1684 5541 sese
1714 5469 1994 5527 continere

395 5538 450 5596 et
474 5538 571 5595 sna
604 5556 756 5596 sacra
782 5539 960 5596 celare
1001 5538 1367 5606 inspicerent,
1404 5539 1456 5594 in
1506 5540 1870 5608 suspicionem
1903 5557 1994 5597 ve-

393 5612 559 5676 ni<se,
596 5629 662 5666 ne
685 5613 873 5675 magia:
922 5611 1116 5665 darent
1153 5624 1413 5679 operam,
1462 5621 1552 5664 aut
1601 5626 1862 5666 venenum
1886 5613 1989 5669 sibi

394 5696 585 5750 parare
633 5684 1045 5737 meditarentur.
1080 5680 1446 5736 Adulterarum
1483 5691 1662 5736 autem
1693 5692 1748 5737 et
1800 5684 1985 5737 crude-

389 5753 517 5824 lium
569 5754 783 5824 deorum?
833 5752 1037 5824 idcirco
1092 5751 1149 5809 S.
1182 5751 1333 5806 Zeno
1382 5753 1658 5819 meminit;
1698 5752 1839 5824 quod
1892 5755 1984 5822 qui

383 5820 647 5877 adulteria
675 5834 728 5879 ct
775 5823 1064 5881 homicidia
1114 5824 1339 5881 deorum
1377 5824 1508 5882 colit
1534 5867 1549 5892 ,
1608 5825 1675 5882 de
1717 5820 1980 5883 adultero

2099 5402 2345 5475 motiones
2370 5417 2471 5457 ms.
2503 5404 2842 5473 Pompeiam,
2876 5415 3241 5475 promotiones.

2172 5477 2249 5544 (9)
2269 5471 2389 5527 Non
2412 5471 2719 5555 ntegnopere
2770 5471 2931 5555 idem
2967 5479 3056 5536 hic
3105 5492 3207 5549 est,
3252 5498 3317 5539 ac
3358 5499 3461 5538 non
3500 5501 3697 5555 magno

2096 5545 2433 5626 θρονοί-(ιιιοά
2464 5545 2641 5626 iuius.
2672 5546 2804 5626 Ze‘n3
2831 5550 3046 5622 legitur,
3073 5568 3168 5609 seu
3197 5545 3391 5625 facile;
3429 5573 3538 5626 quo
3566 5545 3699 5612 s'en-

2093 5630 2157 5672 sn
2184 5632 2210 5666 a
2243 5615 2461 5672 Zenone
2481 5618 2606 5673 alibi
2636 5615 2919 5690 accipitur:
2976 5615 3428 5700 quemadmodum
3449 5615 3695 5700 'ntagno-

2092 5703 2212 5771 pere
2242 5700 2465 5771 usurpat
2498 5705 2593 5771 pro
2622 5700 2808 5762 magno
2829 5709 3000 5771 opere,
3035 5711 3133 5752 seu
3176 5697 3359 5755 labore
3387 5700 3470 5756 vel
3503 5697 3696 5755 indus-

2090 5765 2188 5813 tria
2219 5775 2408 5830 magna
2435 5769 2592 5816 tract.
2626 5777 2738 5827 vttt,
2776 5778 2925 5820 num.
2958 5765 3015 5819 2.

2160 5829 2274 5901 (10)
2306 5830 2403 5887 Ms.
2439 5831 2624 5904 Pomp.
2654 5834 2877 5906 corrigit
2900 5845 3084 5896 status.
