3894 6322
102 321 198 377 513

1295 329 1496 386 LIBER
1541 330 1578 407 l.
1622 330 2036 392 TRACTATIlS
2079 339 2162 394 γι.

3269 352 3372 406 πιι

100 435 381 492 uondicam
396 438 600 508 spatiis,
635 437 725 492 sed
756 440 1042 495 momentis
1061 440 1335 509 horarum,
1366 443 1481 515 (11)
1502 459 1675 513 ωιίιιιι-
1703 451 1752 508 Α
1782 447 2006 513 lubrica,
2042 454 2472 520 permotionibus
2501 457 2708 514 crebris
2749 469 2802 515 et
2837 459 3038 532 rapidis
3062 477 3120 518 se
3158 479 3376 535 semper

97 527 268 584 bil-‘ter
294 545 353 583 se
385 532 569 599 partiri
594 545 695 585 non
731 543 934 600 posset,
958 532 1002 588 si
1031 533 1359 604 impatientia
1388 551 1516 591 suos
1543 552 1666 592 cur-

95 635 179 676 sus
205 633 433 692 urgeret.
467 623 612 680 Luna
656 641 906 693 quoque,
959 641 1079 696 quae
1105 627 1424 698 quibusdam
1455 629 1669 686 videtur

94 729 264 768 errare
286 716 552 771 curriculo
573 719 907 782 menstruali,
929 719 1200 776 solemnes
1219 735 1331 776 suae
1360 723 1509 792 ignes
1535 732 1664 780 tcta-

95 807 154 860 tis
177 807 314 877 quod
347 824 630 880 numquam
665 821 931 882 prterogat
977 816 1298 883 importune.
1353 831 1454 871 nec
1505 817 1668 873 dero-

90 912 202 974 gat;
231 902 353 973 quid
381 904 526 958 aliud
554 905 777 976 intelligi
807 906 983 972 datur,
1019 924 1180 978 quam
1207 911 1290 964 sui
1315 911 1521 981 opificis
1549 927 1663 966 mo-

90 996 342 1052 derationi
371 998 684 1056 deserviens
731 1000 1054 1071 peritissima
1113 1003 1338 1074 insignis
1392 1005 1661 1075 patientiae

89 1089 396 1160 disciplina?
422 1092 528 1149 Sed
557 1104 610 1149 et
639 1111 788 1151 mare
814 1098 990 1152 ventis
1021 1098 1330 1155 lacessitum
1353 1143 1367 1167 ,
1408 1117 1530 1156 cum
1559 1104 1662 1157 ira-

87 1183 261 1248 scitur,
283 1186 528 1254 quamvis
549 1187 821 1256 reciproca
848 1190 1235 1256 vicissitudine,
1268 1209 1412 1248 nunc
1443 1194 1659 1264 pulsan-

89 1279 218 1335 tibus
244 1281 461 1346 calum,
517 1297 658 1338 nunc
706 1284 1106 1355 requirentibus
1136 1297 1333 1343 terram
1380 1289 1658 1344 mstuanti-

83 1373 174 1429 bus
215 1373 448 1445 undique
480 1376 660 1431 vitreis
710 1388 974 1432 armatum
1032 1381 1342 1447 montibus,
1405 1381 1658 1437 violentis

86 1466 330 1522 undarum
349 1469 685 1525 szevientium
713 1473 964 1538 cumulis,
991 1481 1102 1528 toto
1130 1489 1358 1543 corpore
1385 1475 1651 1541 insaniat;

83 1572 245 1616 tamen
275 1573 640 1620 extremorum
674 1565 872 1634 pallido
907 1582 971 1622 ex
1021 1583 1242 1624 recursu
1275 1569 1604 1625 voluminum
1635 1610 1652 1637 ,

81 1655 216 1724 quasi
241 1654 327 1724 jus
359 1664 516 1711 terra:
565 1671 902 1728 eogtioscetis
925 1699 941 1725 ,
1003 1675 1066 1716 ac
1113 1660 1316 1716 violare
1361 1663 1607 1718 devitans
1634 1705 1650 1732 ,

81 1750 201 1804 mira
223 1749 474 1819 patientia
502 1750 553 1805 in
583 1765 643 1806 se
672 1750 972 1822 frangitur,
1017 1754 1316 1827 iisdemque
1353 1755 1649 1824 'fluctibus,

1772 555 2124 613 expugnans;
2155 547 2366 602 animus
2421 551 2688 619 infidelis;
2734 558 2896 610 etiam
2931 556 3034 612 sibi
3074 567 3227 613 actus
3272 559 3373 615 im-

1771 633 2049 703 providus,
2106 637 2394 706 instabilis,
2453 657 2662 708 cmcns,
2699 645 2943 704 incautus
2971 690 2986 715 ,
3023 649 3365 716 inconstans,

1770 735 1913 782 totus
1940 729 2214 784 concitans
2247 732 2300 786 in
2351 733 2597 800 ruinam;
2635 752 2725 793 res
2772 739 2890 795 sine
2918 740 3240 810 substantia,
3274 759 3368 797 uc-

1766 822 1970 890 gotium
1999 824 2116 878 sine
2145 839 2374 894 persona
2403 843 2419 881 :
2451 830 2632 884 omnia
2664 831 2773 886 cito
2797 841 2997 902 tentat,
3029 837 3209 890 omnia
3251 853 3368 892 mo-

1769 925 1953 970 mento
1975 917 2263 986 disturbat,
2295 930 2469 976 mater
2514 925 2802 981 crimimnn
2827 968 2842 992 ,
2890 929 3217 985 curiositatis
3253 945 3367 984 ma-

1765 1011 1955 1081 gistra,
2005 1027 2232 1070 acumen
2263 1017 2602 1085 temeritatis,
2633 1029 2818 1076 auctor
2852 1021 3247 1080 detestabilium
3273 1039 3368 1094 pa-

1766 1103 1897 1159 riter
1922 1119 1982 1159 ac
2011 1107 2264 1177 magistra
2291 1109 2552 1165 malorum
2576 1129 2588 1164 :
2619 1113 2853 1168 hominis
2878 1131 3110 1184 namque
3132 1119 3357 1173 salutem

1765 1197 1833 1252 ab
1865 1199 2205 1255 incunabulis
2253 1203 2435 1258 mundi
2469 1220 2615 1259 mors
2645 1215 2699 1260 ut
2722 1207 2994 1278 jugularct
3035 1225 3097 1265 ac
3126 1210 3354 1282 jugulet,

1763 1291 1832 1343 ab
1859 1295 1969 1362 ipsa
1998 1296 2260 1365 prorupit.
2315 1296 2553 1369 Denique
2599 1300 2770 1356 Adam
2832 1301 2985 1374 (Cen.
3034 1302 3093 1376 ιι)
3135 1305 3184 1359 in
3235 1322 3360 1361 arce

1763 1398 1884 1439 cum
1917 1396 2060 1440 esset
2097 1387 2275 1444 adhuc
2307 1391 2538 1460 paradisi
2592 1395 2919 1452 constitutus
2941 1439 2955 1463 ,
2989 1395 3362 1454 beatis~imns-

1761 1492 1867 1548 que
1908 1479 2054 1535 beati
2097 1483 2246 1537 orbis
2297 1485 2523 1554 imperio
2572 1490 2872 1558 potiretur;
2935 1493 3135 1548 tamdiu
3182 1493 3309 1549 felix
3340 1536 3356 1560 ,

1764 1571 1967 1627 tamdiu
1997 1575 2482 1637 inexterminabilis
2506 1583 2662 1650 vixit,
2691 1587 2946 1656 quamdiu
2983 1589 3243 1658 imperata
3277 1607 3365 1646 tc-

1759 1663 1898 1731 galis
1950 1665 2113 1721 edicti
2174 1671 2462 1726 continuit.
2522 1677 2593 1732 At
2659 1676 2745 1730 ubi
2802 1679 3021 1734 sinistro
3089 1697 3360 1738 consensu

1760 1756 1927 1829 (Ibid.
1954 1758 2035 1831 ιιι)
2064 1761 2235 1817 invidi
2256 1763 2372 1836 (l6)
2394 1767 2779 1826 exlubricitate
2795 1773 3061 1843 serpentis
3087 1789 3169 1830 εει
3192 1777 3363 1847 impa-

80 1841 255 1912 quibus
273 1843 504 1914 cogitur,
535 1843 858 1900 refrenatur.
907 1846 1032 1903 Haec
1056 1850 1481 1920 germinautibns
1531 1866 1654 1923 pra-
1685 1853 1732 1912 B
1761 1850 2000 1906 tientiam
2033 1862 2334 1923 mutuatus,
2382 1874 2661 1932 sacraeque
2706 1841 2916 1920 arboris
2967 1881 3185 1936 pomum
3217 1841 3359 1926 male

82 1936 159 2002 tis,
187 1937 448 1992 messibus
499 1936 668 2002 ﬂavis,
700 1940 898 1996 vitibus
938 1942 1140 2008 curvis,
1167 1943 1523 2014 semipallidis
1547 1946 1648 2000 oli-

79 2031 150 2084 vis
175 2038 225 2086 et
265 2029 576 2088 felicitatem
606 2043 827 2103 prtustat
851 2044 906 2090 et
927 2035 1190 2104 gratiam;
1220 2051 1342 2092 cum
1394 2038 1646 2094 uniuscu-

75 2126 249 2196 jusque
287 2127 547 2197 temporis
595 2128 732 2183 fetus
765 2138 916 2198 partu
944 2130 1112 2185 crudo
1133 2131 1187 2186 in
1215 2131 1437 2188 alterius
1460 2145 1649 2188 contu-

82 2219 278 2276 meliam
310 2222 429 2294 (12)
453 2223 786 2294 impatientia
811 2240 916 2280 non
940 2226 1069 2281 sinit
1100 2228 1462 2299 praecipitate.
1507 2229 1647 2299 Quid

79 2315 242 2369 avium
271 2314 379 2390 65
427 2315 763 2373 diversarum
792 2319 986 2375 decora
1009 2323 1337 2378 commercia
1371 2323 1484 2394 (15)
1509 2324 1650 2379 litte-

79 2410 325 2480 rataquel
350 2410 488 2480 Quid
518 2411 702 2470 arduis
747 2414 1013 2470 volatibus
1064 2431 1244 2470 aerea:
1280 2418 1482 2486 grues?
1509 2417 1647 2486 Quid

80 2504 284 2573 piscium
303 2505 645 2566 dissimilium
665 2525 788 2564 cum
809 2509 923 2564 suis
953 2509 1053 2564 sibi
1077 2509 1510 2584 tluctoribus(l4)
1525 2526 1649 2582 gra-

79 2596 200 2651 data:
227 2599 392 2654 :etatis
427 2601 856 2658 innumerabiles
879 2603 1076 2660 cunei?
1127 2603 1318 2659 Nonne
1359 2620 1480 2660 cum
1513 2604 1649 2658 invi-

83 2693 245 2755 talioni
271 2706 569 2765 temporqu
620 2706 830 2764 parent,
883 2699 1248 2769 solemnisque
1277 2699 1500 2770 remigis
1525 2714 1650 2770 spe-

80 2787 471 2844 ciosodiscursu
519 2792 602 2847 vel
663 2807 830 2863 aquas
882 2794 1140 2859 sulcant,
1175 2796 1259 2850 vel
1287 2810 1409 2850 aera
1456 2795 1650 2852 distin-

80 2893 248 2950 guunt,
279 2892 331 2936 et
356 2884 631 2954 patienter
661 2887 879 2941 veniunt
906 2930 920 2955 ,
954 2898 1009 2943 et
1037 2890 1300 2958 patienter
1343 2891 1649 2947 excedunt?

139 2975 215 3030 lll.
247 2976 401 3033 Solus
449 2979 609 3035 homo
638 2996 899 3052 praeceps.
932 2983 1080 3039 solus
1111 2985 1396 3054 impatiens
1421 3027 1436 3052 ,
1468 2986 1648 3056 pravis

79 3068 291 3136 quotidie
316 3070 704 3128 mobilitatibus
749 3075 949 3146 gaudet
980 3091 991 3128 :
1041 3077 1387 3133 varietatibus
1425 3079 1644 3134 studet:

77 3163 306 3217 mist-rum
343 3179 403 3219 se
436 3174 608 3234 putat,
641 3168 684 3222 si
717 3168 832 3238 ipse
855 3169 964 3237 sit,
999 3185 1098 3225 nec
1128 3171 1375 3240 intelligit
1401 3188 1514 3227 rem
1552 3174 1646 3228 de-

1753 1942 1912 2000 dulcc
1954 1947 2245 2017 delibavit,
2294 1952 2562 2026 lacrymas
2601 1958 2820 2028 reperit,
2852 1959 3069 2017 dolores
3097 1972 3151 2018 et
3188 1964 3359 2034 gemi-

1755 2046 1858 2099 tus,
1888 2040 2073 2108 spinas
2099 2050 2152 2096 et
2182 2044 2412 2101 tribulos
2459 2048 2678 2104 sibimet
2721 2055 3082 2120 comparavit,
3137 2056 3355 2112 ultimo-

1751 2146 1856 2202 que
1884 2133 2087 2191 sudore
2125 2137 2372 2194 turbatus
2405 2141 2637 2211 posteris
2675 2143 3049 2202 hmredilatem
3074 2147 3357 2218 indigesta:

1753 2226 1975 2292 mortis,
2005 2243 2126 2299 qua:
2175 2231 2526 2289 homicidium
2572 2249 2694 2291 mox
2749 2239 2987 2308 peperit,
3043 2240 3350 2312 dereliquit.
3437 2238 3446 2246 ”

1755 2317 1998 2390 Denique
2027 2337 2128 2378 nec
2160 2339 2312 2380 mora
2362 2336 2464 2381 est.
2511 2327 2858 2400 Impatienter
2887 2330 3113 2389 fraterni
3142 2334 3356 2390 invidus

1753 2414 1994 2470 muneris
2024 2414 2186 2488 (Ibid.
2223 2418 2301 2491 iv)
2339 2420 2451 2493 σε
2480 2423 2529 2476 in
2579 2421 2760 2478 fratris
2800 2421 2932 2480 Cain
2977 2425 3197 2483 anhelat
3242 2428 3358 2483 exi-

1751 2507 1883 2562 tium
1912 2524 1926 2573 ;
1961 2520 2015 2565 et
2036 2510 2147 2566 Deo
2173 2526 2453 2584 spectante
2476 2519 2748 2588 negotium
2769 2518 2886 2592 (17)
2918 2523 3185 2594 parricida
3216 2532 3299 2578 est
3334 2543 3348 2578 :

1753 2615 1854 2655 nec
1883 2602 2000 2671 ejus
2020 2604 2212 2660 saltem
2241 2611 2548 2664 eoereentis
2578 2627 2709 2665 voce
2731 2613 3130 2682 comprimitur,
3159 2615 3252 2670 sed
3281 2630 3350 2671 eo

1752 2695 1920 2765 magis
1974 2712 2037 2753 ac
2093 2700 2262 2768 magis
2313 2701 2522 2768 instat,
2556 2703 2731 2759 donec
2761 2705 3025 2762 effusione
3070 2708 3352 2778 sanguinis

1750 2800 2070 2863 conceptum
2127 2795 2396 2864 piaculum
2435 2796 2758 2867 duplicetur.
2802 2799 3024 2855 Miratur
3054 2802 3202 2856 orbis
3253 2817 3346 2856 va-

1749 2903 1883 2945 cuus
1913 2902 1972 2944 se
1998 2887 2207 2944 duobus
2236 2900 2544 2962 angustum.
2581 2891 2843 2948 Mirantur
2871 2894 3139 2950 elementa
3165 2895 3310 2951 homi
3329 2927 3343 2937 -

1751 2998 1898 3049 nem,
1933 2983 2023 3054 qui
2079 2982 2251 3040 factus
2279 2983 2350 3039 sit
2399 2984 2465 3039 ad
2513 2986 2799 3055 imaginem
2828 2996 2883 3042 et
2934 2987 3342 3044 similitudinem

1754 3078 1870 3144 Dei,
1897 3095 2056 3150 posse
2073 3079 2331 3150 jngulari,
2366 3089 2422 3134 et
2450 3078 2551 3133 hoc
2590 3093 2618 3131 a
2647 3079 2832 3135 fratre.
2870 3079 3155 3136 Erubescit
3197 3081 3346 3138 rudis

1753 3182 1899 3228 terra
1931 3171 2024 3244 pio
2047 3174 2313 3244 sanguine
2345 3171 2462 3246 (l8)
2497 3171 2738 3242 impiata.
2773 3174 2932 3229 Solus
2958 3173 3088 3229 Cain
3112 3176 3350 3230 exsultat

78 3258 266 3312 mentite
293 3273 411 3315 esse
464 3261 823 3325 consimilem,
857 3264 908 3317 in
939 3274 1080 3320 statu
1105 3280 1205 3320 suo
1245 3267 1364 3335 (l5)
1408 3268 1646 3322 animum
1675 3267 1719 3330 C
1753 3264 1939 3320 infelix
1959 3306 1976 3333 ,
2001 3265 2122 3341 (l9)
2147 3276 2200 3322 et
2221 3267 2366 3338 quod
2397 3275 2535 3322 teste
2557 3277 2724 3333 caret,
2748 3277 2898 3339 putat
2925 3284 2982 3323 se
3004 3270 3244 3325 caruisse
3269 3269 3351 3324 fa-

77 3367 165 3407 noo
191 3369 418 3412 manere.
457 3357 796 3429 lmpatientia
833 3359 978 3415 enim
1010 3360 1138 3432 quid
1185 3370 1265 3417 est
1293 3403 1307 3428 ,
1349 3363 1451 3419 nisi
1497 3379 1648 3420 mens

135 3565 236 3634 (11)
264 3565 315 3620 lu
361 3565 492 3638 edit.
528 3565 652 3621 Ver.
700 3575 753 3620 et
775 3583 905 3621 mss.
936 3569 1254 3638 wqunbiliter
1279 3587 1334 3624 se
1362 3586 1380 3623 :
1408 3571 1459 3626 in
1498 3571 1631 3626 Ven.

77 3639 381 3706 aquatilia.
409 3636 576 3692 Forte
603 3637 888 3709 legendum
936 3636 1018 3695 est
1069 3641 1242 3695 solum
1296 3643 1632 3709 mquabiliter,

77 3709 135 3762 ita
163 3717 215 3762 ut
253 3710 443 3782 partior
475 3711 686 3782 passive
714 3721 977 3775 sumatur,
1009 3715 1146 3767 sicut
1174 3713 1266 3768 lib.
1304 3731 1358 3770 nt
1408 3714 1477 3770 de
1505 3716 1635 3770 Ora-

78 3788 174 3856 tore
198 3779 307 3850 cap.
327 3783 417 3856 Si),
446 3796 474 3835 a
503 3779 763 3856 Cicerone
783 3793 1088 3854 usmpatnr.
1116 3784 1266 3840 Licet
1285 3796 1463 3840 autem
1492 3785 1632 3856 apud

75 3854 289 3926 antiquos
335 3852 455 3908 dies
509 3854 613 3907 late
669 3852 929 3924 acceptus
970 3857 1202 3926 spatium
1253 3852 1633 3913 horarum—24

75 3925 508 3998 complecteretur,
541 3935 717 3998 tamen
757 3927 941 3981 stricte
967 3925 1212 3994 sumptus
1237 3944 1332 3998 pro
1377 3945 1442 3986 eo
1497 3940 1632 3984 tem-

76 4008 203 4062 pore.
227 3997 358 4065 quod
390 3996 462 4050 ab
504 4007 626 4050 ortu
657 3996 721 4051 ad
754 4013 1002 4054 occasum
1033 4000 1163 4054 solis
1205 3996 1466 4066 excurrit,
1497 4019 1630 4057 nou-

76 4066 158 4120 nisi
182 4067 447 4124 tluotlenas
473 4067 710 4138 mqualos
766 4069 924 4125 horas
971 4071 1301 4126 eontinebat.
1355 4073 1452 4129 llic
1482 4074 1627 4130 enim

75 4138 191 4202 apud
214 4150 564 4212 veteresrmos
593 4141 688 4194 fuit
719 4151 776 4194 ut
826 4142 940 4197 dies
968 4154 1256 4211 noctesque
1281 4155 1390 4198 tum
1418 4154 1626 4212 testate,

75 4216 165 4263 tum
213 4209 394 4282 hyeme
425 4211 480 4266 in
514 4210 675 4265 horas
703 4213 986 4268 duodecim
1022 4217 1086 4267 ita
1120 4209 1397 4284 aequaliter
1425 4209 1628 4271 divide;

75 4294 251 4360 rentur,
274 4284 658 4360 nt_dieij:estivi
694 4287 840 4339 liora:
865 4285 1133 4345 l0neiores
1162 4296 1378 4352 essent,
1409 4288 1628 4360 hyema-

74 4349 126 4428 lis
151 4362 311 4428 autem
333 4355 641 4428 breviores;
666 4366 719 4409 et
746 4371 776 4410 e
804 4369 989 4412 contra
1023 4369 1210 4412 nortes
1256 4375 1350 4428 per
1366 4349 1623 4414 aestatem

75 4421 478 4482 liorashaberent
527 4425 839 4501 breviores,
879 4445 976 4501 per
1030 4421 1273 4500 hyemeni
1317 4431 1623 4500 longiores:

74 4507 256 4564 semper
297 4506 473 4553 tamen
524 4497 664 4553 inter
691 4497 931 4568 ejusdem
985 4497 1088 4555 diei
1145 4501 1227 4554 vel
1265 4497 1436 4557 nostis
1463 4504 1626 4558 horas

75 4569 319 4632 :cqualilas
367 4581 706 4625 servaretur.
742 4569 870 4626 Vide
907 4573 1262 4629 Censorinum
1293 4577 1356 4628 de
1398 4573 1495 4628 Die
1531 4592 1624 4628 ua-

75 4639 165 4692 tali.
199 4657 302 4708 cap.
337 4642 426 4698 18.

131 4732 229 4800 (12)
253 4733 503 4809 Patientia
527 4736 578 4790 in
609 4750 735 4790 mss.
763 4737 950 4809 Pomp.
984 4747 1036 4792 et
1065 4737 1220 4804 Zeu.,
1247 4743 1431 4793 caeteri
1459 4739 1618 4793 codd.
1653 4717 1705 4776 Ῑ)
1730 4709 1764 4761 Ρ

74 4807 355 4879 comeditis
385 4809 724 4877 impatientia.
769 4807 1066 4879 Utrumque
1125 4810 1248 4864 lieet
1290 4812 1620 4865 contrarium

72 4875 270 4951 ablativo
295 4894 418 4932 casu
450 4875 649 4934 elatum
681 4882 964 4951 sententiae
982 4875 1172 4950 potest
1207 4896 1506 4951 eongrnere
1530 4925 1545 4944 ,
1576 4884 1620 4937 si

73 4947 284 5024 nimirum
309 4952 631 5024 impatientia,
652 4950 917 5024 referatur
937 4947 1009 5006 ad
1025 4953 1246 5007 verbum
1277 4947 1616 5024 prtecipitare.

72 5021 284 5084 patientia
310 5025 372 5076 ad
401 5038 503 5075 non
533 5023 672 5076 sinit.
711 5022 950 5078 Plut-inm
981 5034 1157 5078 tamen
1199 5036 1253 5078 et
1286 5021 1622 5092 prsltslalllitl-

72 5093 656 5148 rotnrodtl.lecli0nem
709 5094 1048 5150 retinnimns.
1111 5092 1433 5150 Contumelia
1492 5112 1619 5149 vero

70 5159 235 5234 dicitur
259 5180 356 5218 non
384 5176 493 5219 tam
525 5165 592 5218 de
632 5166 811 5220 verbis
841 5182 1000 5234 quam
1042 5166 1110 5220 de
1142 5168 1328 5228 factis;
1363 5167 1506 5220 unde
1547 5167 1621 5222 le-

70 5230 213 5308 (timus
258 5251 354 5290 non
405 5237 584 5291 minus
612 5238 779 5291 dicere
825 5230 1202 5302 contumeliam,
1243 5253 1400 5308 quain
1430 5240 1617 5305 facere.

72 5301 150 5357 llic
173 5320 285 5380 ergo
330 5308 542 5363 alterius
587 5311 895 5364 contumelia
923 5301 1338 5380 intelligituri'tle
1377 5301 1576 5364 damno
1600 5351 1616 5374 ,

70 5377 184 5447 quod
212 5380 468 5435 inuuaturi
500 5381 704 5434 fructus
731 5377 1144 5436 comedentibus
1185 5379 1378 5437 afferre
1416 5383 1616 5447 solent,

72 5445 150 5501 nisi
175 5451 409 5518 patientia
439 5451 510 5506 ab
530 5451 739 5506 edendo
765 5453 1058 5507 contineat.

129 5539 223 5616 (15)
242 5542 294 5598 In
326 5544 456 5599 edit.
497 5543 622 5598 Ver.
654 5544 967 5614 littoreaqne.
1005 5545 1058 5600 in
1092 5544 1223 5601 Ven.
1264 5547 1609 5616 Iittorutaque.

73 5605 224 5688 ilrlius
265 5629 293 5668 e
342 5630 475 5670 mss.
519 5605 1107 5688 litterataquenolent.
1162 5631 1212 5673 et
1272 5617 1460 5674 Urbin.
1505 5605 1614 5688 ’ρει-

69 5680 380 5760 Amanueusis
427 5700 667 5742 errorem
700 5680 889 5743 litterat
936 5688 1123 5760 mque),
1165 5705 1288 5745 nam
1345 5705 1476 5743 avt-s
1518 5680 1608 5745 ca-

69 5763 242 5831 nentes,
271 5757 391 5812 dum
423 5759 835 5831 transmittunt,
883 5757 1111 5814 litterata
1165 5760 1409 5831 quaedam
1459 5776 1609 5815 com-

72 5828 232 5879 mercia
275 5838 543 5884 exercent.
595 5828 650 5883 lu
707 5845 835 5885 mss.
865 5842 921 5886 et
946 5833 1077 5886 edit.
1115 5828 1273 5900 Ven,
1315 5835 1611 5888 commertia

68 5905 164 5948 cuiu
188 5908 231 5964 t;
257 5908 303 5954 et
331 5915 429 5969 pro
448 5900 628 5956 arduis
659 5903 906 5957 volatibus
931 5919 1030 5958 ms.
1064 5903 1245 5968 Renn.
1299 5904 1495 5958 arduus
1516 5921 1607 5958 vo-

1755 3363 1980 3420 cinore:
2029 3379 2188 3434 quem
2215 3365 2355 3420 Deus
2384 3364 2538 3429 vidit,
2587 3379 2745 3431 quem
2787 3364 3116 3420 conscientia
3159 3364 3347 3420 redar-

1739 3572 2004 3643 lutilibus;
2036 3573 2223 3643 Pomp.
2247 3585 2300 3630 et
2323 3574 2455 3630 edit.
2487 3575 2652 3639 γεω..
2676 3577 2853 3629 arduis
2885 3577 3199 3633 volatilibus.

1815 3642 1949 3718 (14)
1974 3642 2233 3700 Gradatus
2286 3647 2426 3718 apud
2472 3646 2701 3702 Plinium
2758 3647 2795 3702 1.
2829 3664 2942 3714 snt,
2975 3664 3025 3704 c.
3060 3651 3116 3717 4,
3154 3666 3248 3718 pro
3277 3666 3345 3708 eo

1738 3715 1882 3788 quod
1911 3715 2297 3788 'ingraduum
2323 3715 2576 3772 formam
2629 3720 2973 3775 distributum
3003 3715 3111 3776 est.
3155 3715 3342 3780 Pisces

1739 3786 1918 3864 itaque
1947 3786 2132 3864 aliqui,
2166 3791 2388 3860 perinde
2416 3807 2478 3844 ac
2499 3806 2682 3860 grues,
2711 3791 2900 3846 ducem
2930 3793 3215 3864 quemdam
3251 3809 3339 3848 se-

1737 3862 1869 3924 cuti,
1909 3861 2200 3933 secnndum
2251 3863 2426 3916 :etatis
2454 3865 2652 3933 gradus
2701 3864 2752 3916 in
2797 3861 2964 3918 cunei
3014 3865 3234 3932 lignram
3267 3868 3336 3920 ab

1739 3945 1845 3985 uno
1877 3933 1998 3988 loco
2028 3931 2094 3987 ad
2127 3932 2291 3987 alium
2322 3950 2418 4005 pro
2447 3931 2745 4008 temporum
2772 3936 3140 3992 vicissitudine
3162 3947 3339 3993 trans-

1735 4012 1888 4058 eunt.

1805 4096 1921 4168 (l5)
1956 4099 2193 4153 Animum
2211 4098 2544 4155 restitnimns
2565 4117 2628 4156 ex
2658 4117 2787 4156 mss.
2816 4112 2871 4156 et
2901 4100 3032 4156 edit.
3064 4101 3197 4158 Ven.
3224 4103 3337 4157 Ali-

1731 4178 1934 4240 quanto
1960 4178 2082 4238 post
2123 4172 2172 4224 in
2199 4188 2298 4225 ms.
2334 4171 2465 4226 Zen.
2499 4174 2665 4240 [actus
2691 4175 3004 4242 improvidus
3038 4190 3134 4242 pro
3184 4185 3332 4229 actus

1730 4241 2068 4307 improvidus.
2102 4242 2238 4296 Infra
2269 4254 2403 4298 totus
2429 4246 2678 4310 concitus,
2704 4241 2784 4300 vel
2806 4241 3087 4298 concitatus
3123 4262 3216 4312 pro
3245 4257 3327 4300 to-

1726 4323 1808 4365 tus
1834 4315 2093 4368 concitans
2120 4313 2384 4384 quispiam
2414 4316 2562 4369 malit
2581 4358 2593 4380 ,
2623 4319 2734 4369 sive
2765 4325 2927 4371 totum
2953 4319 3234 4383 toucituns,
3267 4320 3329 4374 τὸ

1731 4394 1889 4437 totum
1921 4395 2191 4455 sumptum
2223 4403 2320 4456 pro
2348 4388 2541 4452 omnia,
2593 4399 2644 4441 ut
2696 4389 2836 4458 apud
2893 4401 3171 4445 auctorem
3222 4391 3329 4445 fre-

1731 4471 1903 4526 quens
1929 4466 2034 4512 est.

1803 4547 1916 4619 (16)
1968 4549 2062 4625 Ms.
2118 4549 2305 4620 Pomp.
2345 4559 2391 4605 et
2441 4551 2622 4605 lubrici
2656 4554 2936 4625 serpentis.
2968 4553 3195 4608 Inferius
3225 4570 3326 4625 pro

1733 4635 1852 4696 mox;
1878 4621 2074 4692 peperit
2103 4633 2334 4692 quatuor
2361 4637 2489 4676 mss.
2522 4635 2572 4678 et
2604 4621 2938 4691 edit.'Veu.,
2981 4641 3101 4681 mox
3129 4636 3184 4680 ut
3228 4621 3324 4696 pe-

1769 4701 1860 4745 erit
1867 4731 1879 4744 .

1800 4762 1915 4842 (l7)
1974 4763 2332 4842 Frequentius
2362 4765 2500 4842 apud
2551 4766 2852 4842 Scriptores
2898 4767 3027 4842 Cain
3052 4770 3323 4842 fratricida

1726 4837 2046 4904 appellatur,
2081 4844 2141 4890 ut
2171 4835 2358 4904 probat
2401 4836 2649 4892 Balttzith
2674 4835 2850 4893 'num.
2900 4839 2986 4900 H,
3024 4835 3073 4894 in
3123 4842 3316 4897 librtnn

1725 4903 1974 4976 Cypriani
2007 4907 2073 4960 de
2104 4903 2255 4982 bono
2275 4907 2571 4982 Patientia-.
2597 4914 2660 4962 At
2690 4911 2961 4982 parricida:
2984 4927 3177 4968 nomen
3212 4917 3320 4968 late

1727 4991 1908 5053 patere
1935 4979 2172 5053 ostendit
2196 4979 2331 5053 illud
2364 4979 2751 5053 llieronymi'in
2775 4983 3001 5053 dialogis
3057 4983 3320 5038 adversus

1726 5047 2069 5119 Pelagianos,
2115 5051 2204 5104 ubi
2246 5047 2751 5120 parricitlam'voeat
2782 5070 2903 5109 eum
2926 5047 3038 5120 'qui
3070 5071 3192 5109 (‘llllt
3223 5053 3323 5110 ho-

1724 5120 1924 5175 minem
1957 5121 2485 5195 de_mortejliberare
2510 5136 2671 5195 queat
2698 5141 2804 5180 non
2836 5125 3050 5182 liberat.
3100 5127 3181 5182 Ad
3225 5145 3320 5184 ne-

1727 5206 1844 5266 cem
1877 5207 2005 5246 vero
2033 5193 2180 5247 fratri
2228 5193 2427 5249 illatam
2475 5193 2878 5266 signiﬁcandam
2921 5199 3061 5254 idem
3117 5215 3315 5256 nomen

1727 5263 2037 5341 traductum
2061 5274 2204 5332 patet
2230 5281 2292 5341 ex
2324 5263 2616 5341 AmbroSio
2636 5272 2794 5338 epist.
2826 5286 2956 5335 xxx,
2984 5288 3132 5326 num.
3161 5272 3216 5341 ἓ,
3255 5282 3321 5333 et

1724 5335 1844 5414 aliis
1876 5335 2146 5400 Patribus,
2178 5339 2268 5414 qui
2289 5340 2562 5414 _Ah:alon,
2590 5335 2684 5394 vel
2702 5342 2833 5396 Cain
2870 5344 3116 5398 similiter
3146 5335 3320 5414 parri-

1722 5405 1864 5460 cidas
1897 5417 2171 5482 vocarunt.
2202 5410 2338 5476 Quin
2365 5407 2479 5466 Cic.
2513 5428 2610 5479 pro
2635 5415 2899 5477 (.lttcnlio,
2929 5429 3044 5482 eap-
3079 5405 3161 5476 HI.
3201 5417 3318 5479 [να-

1722 5485 1926 5553 ιρτηιιηι
1946 5481 2280 5553 parricidium
2307 5485 2558 5553 appellat.
2590 5483 2718 5537 Item
2747 5483 2799 5539 S.
2835 5481 3156 5540 Zeno’tract
3206 5501 3274 5541 vn
3297 5531 3310 5552 ,

1721 5563 1873 5625 num.
1899 5548 1960 5625 4,
1984 5552 2050 5605 de
2083 5553 2247 5606 David
2276 5548 2392 5607 ait'f
2424 5553 2836 5609 Parricida/ibus
2871 5557 2989 5621 [iliis
3013 5558 3196 5625 parcit.

1823 5621 1903 5696 f8)
1920 5622 2145 5696 mpiati
2165 5626 2378 5679 thalami
2400 5628 2646 5696 facinore,
2663 5626 2864 5681 Seneca
2889 5621 3157 5696 Hippolyt.
3176 5644 3320 5685 vers.

1720 5691 1891 5748 H80.
1910 5693 1993 5769 die
2019 5691 2290 5763 impiatum
2316 5737 2328 5760 ,
2377 5691 2676 5769 Appuleius
2706 5698 2794 5752 lib.
2823 5713 2836 5752 ι
2860 5691 3315 5755 Μιξιειιιιξυιιοιιὶ-

1713 5778 1817 5833 que
1844 5766 2096 5834 pollutum
2119 5778 2293 5822 sonat.

1785 5836 1901 5907 (l9)
1946 5836 2352 5912 Et‘suppletum
2399 5853 2465 5895 ex
2523 5853 2653 5894 mss.
2683 5838 2865 5904 Rem.,
2899 5839 3114 5912 Pomp.,
3160 5843 3316 5912 Vat.,

1712 5906 1845 5964 Zen.
1872 5906 1925 5964 et
1949 5908 2079 5963 edit.
2115 5909 2249 5963 Ven.
