3960 6330
468 311 574 368 519

1872 312 2118 371 SANCTl
2159 311 2448 369 ZENONIS
3135 364 3137 367 τ
3645 319 3738 376 3ἳο

469 427 686 492 nomina
706 471 722 495 ,
747 427 846 483 soli
873 427 1087 484 labores
1117 426 1431 500 imponunt:
1459 444 1581 485 cum
1608 444 1825 487 errores
1842 431 2069 486 suosln-
2097 439 2141 498 Α
2175 428 2281 500 72
2307 428 2473 484 corde
2501 437 2586 484 est
2612 471 2624 493 ,
2655 440 2709 484 et
2739 429 3028 488 ineffabilis
3078 430 3157 504 (7)
3183 431 3299 504 ejus
3340 431 3428 488 illa
3476 435 3736 504 sapientia:

470 519 592 575 nari
636 523 840 578 circulo
893 521 1249 588 adscribunt;
1295 538 1418 580 cum
1471 525 1670 598 ingenii
1717 527 1800 582 sui
1844 541 2062 582 carmen

469 613 574 686 71
601 613 702 670 coli
745 615 833 670 vel
855 617 1086 671 maxime
1109 616 1362 687 cupiunt;
1387 618 1464 673 sic
1493 633 1551 674 se
1577 627 1630 674 et
1652 619 1788 675 alios
1812 619 2062 690 perdide-

469 716 597 761 runt
626 724 639 760 :
669 723 791 762 nam
814 707 897 782 (5)
938 717 1150 765 mutato
1177 710 1398 767 nomine
1438 721 1490 768 et
1521 713 1664 768 cultu
1693 755 1709 779 ,
1739 715 1890 784 quasi
1940 729 2053 783 pro-

470 807 612 853 mota
643 798 713 853 sit
738 801 996 866 somniis,
1027 800 1116 857 illa
1142 802 1420 860 scllolares
1441 807 1741 862 calumnias
1767 806 1861 861 Dei
1891 822 2063 878 usque

470 889 537 944 ad
560 888 862 947 Ecclesium
890 894 1324 964 transmiserunt,
1376 906 1436 952 ut
1482 898 1534 953 in
1577 898 1692 968 ipsa
1737 915 1990 970 quoque,
2017 900 2062 955 si

469 984 708 1041 insanire
736 987 984 1058 cuiquam
1011 989 1196 1055 libeat,
1225 993 1365 1048 Deus
1391 992 1469 1048 illi
1505 1008 1610 1049 non
1665 995 1926 1051 colendus
1969 996 2060 1064 sil,

467 1077 563 1134 sed
593 1079 938 1150 quaerendus.
969 1082 1123 1149 Quod
1156 1100 1296 1140 nunc
1325 1084 1526 1140 faciunt
1557 1087 1821 1156 infideles,
1852 1090 1919 1144 de
1946 1091 2066 1160 qui-

465 1171 568 1229 bus
593 1172 868 1243 Scriptura
889 1173 1065 1229 divina
1095 1177 1220 1246 quiti
1249 1177 1582 1249 pronuntiet.
1618 1179 1898 1237 audiamus
1925 1199 1937 1236 :
1970 1198 2064 1238 cu-

461 1263 552 1332 jus
583 1265 681 1320 ista
711 1276 837 1321 sunt
876 1267 1079 1323 verba:
1139 1267 1508 1325 Dentinuerunt
1559 1272 1821 1328 veritatem
1860 1293 1893 1328 a
1941 1276 2064 1345 ﬁliis

469 1356 750 1413 hominum.
791 1357 937 1413 Vana
966 1361 1124 1417 locuti
1145 1374 1261 1416 sunt
1291 1365 1638 1435 unusquisque
1663 1365 1732 1419 ad
1768 1369 2062 1437 proximum

468 1465 618 1504 suum
648 1467 666 1505 :
694 1452 832 1506 labia
878 1453 1060 1509 dolosa
1107 1457 1160 1509 in
1189 1458 1343 1511 corde
1383 1458 1540 1512 locuti
1579 1469 1698 1513 sunt
1727 1461 1884 1515 mala.
1937 1460 2062 1518 Dis-

469 1543 651 1614 perdat
683 1544 824 1600 Deus
852 1548 1088 1603 universa
1119 1549 1255 1604 labia
1302 1550 1482 1604 dolosa
1509 1560 1556 1605 et
1583 1552 1814 1624 linguam
1865 1555 2064 1625 magni-

468 1637 696 1709 loquam.
726 1638 828 1706 Qui
853 1641 1092 1696 dixerunt
1125 1658 1145 1697 :
1172 1641 1428 1714 Linguam
1461 1655 1688 1699 nostram
1712 1647 2065 1718 magniﬁeabi-

466 1746 603 1797 mus,
632 1731 770 1786 labia
791 1743 966 1787 nostra
997 1733 1076 1805 (4)
1107 1732 1310 1789 a'nobis
1341 1745 1463 1792 sunt
1480 1753 1497 1803 ;
1542 1741 1655 1808 quis
1684 1749 1856 1795 noster
1884 1737 2066 1794 Domi-

465 1838 564 1877 nus
583 1833 656 1879 est
684 1823 803 1897 (Ps.
833 1841 904 1893 st,
959 1827 987 1881 1
1018 1837 1065 1880 et
1086 1829 1263 1899 seq.)?

533 1915 598 1970 ll.
647 1916 790 1972 Hanc
822 1919 1130 1988 superbiam
1170 1922 1436 1995 Propheta
1488 1926 1682 1982 tumidi
1720 1927 1902 1984 cordis
1948 1929 2069 1984 evi-

466 2019 606 2079 taus,
631 2011 709 2067 sic
737 2011 910 2084 inquit
934 2013 1000 2069 ad
1033 2015 1313 2071 Dominum
1341 2034 1353 2070 :
1380 2015 1618 2086 Domine,
1642 2036 1743 2074 non
1769 2030 1842 2075 est
1865 2021 2064 2077 exalta-

464 2115 572 2160 tum
598 2122 687 2160 cor
715 2122 880 2161 meum
910 2107 1032 2179 (Ps.
1070 2125 1244 2175 ειη,
1294 2112 1371 2177 1),
1409 2127 1532 2167 cum
1571 2113 1836 2183 scriptum
1877 2114 2010 2170 sciat
2049 2131 2063 2169 :

467 2197 548 2270 (5)
587 2196 758 2253 Homo
782 2199 917 2254 videt
951 2202 1003 2255 in
1031 2202 1161 2274 facie
1181 2244 1195 2266 ,
1225 2201 1364 2257 Deus
1401 2203 1456 2258 in
1503 2204 1657 2258 corde
1685 2204 1730 2278 (l
1766 2206 1892 2277 Reg.
1925 2209 2064 2278 xw).

468 2290 662 2348 Nonne
691 2292 1054 2363 iniuriosum,
1108 2296 1196 2351 vel
1244 2311 1706 2367 supervacaneum
1763 2301 2062 2370 putabitur,

472 2384 586 2440 Deo
616 2385 858 2443 indicare
884 2388 1027 2459 quod
1059 2391 1321 2446 noverit?
1347 2389 1537 2448 Absit:
1572 2392 1775 2449 indicat
1819 2395 1939 2462 ille,
1971 2395 2064 2452 sed

468 2479 626 2535 nobis
651 2522 667 2545 ,
696 2496 832 2552 quos
861 2481 1047 2552 cupit,
1075 2483 1216 2555 quod
1248 2483 1373 2540 facit
1402 2500 1464 2541 ac
1506 2485 1795 2558 prmdicat,
1840 2488 2062 2544 imitari.

467 2572 612 2646 Ergo
642 2574 833 2646 inquit,
885 2575 1009 2632 Non
1037 2589 1113 2633 est
1161 2581 1444 2634 exaltatum
1496 2597 1586 2636 cor
1633 2598 1824 2648 meum,
1863 2582 2067 2638 docens

468 2667 548 2740 (6)
575 2670 841 2741 optimum
892 2687 1016 2728 esse
1037 2674 1364 2730 sacrificium
1394 2675 1506 2731 Deo
1523 2690 1619 2731 cor
1638 2677 2063 2732 contribulatum

464 2763 584 2837 (Ps.
621 2781 671 2828 ι..
695 2765 814 2836 29).
839 2768 1200 2840 Quapropter,
1239 2767 1464 2836 fratres,
1485 2769 1818 2826 efferendum
1843 2787 1950 2826 non
1979 2780 2065 2827 est

463 2867 742 2931 prosperis
770 2862 954 2927 rebus,
984 2863 1078 2917 sed
1110 2865 1304 2919 timore
1337 2863 1428 2919 Dei
1467 2865 1608 2918 intra
1633 2866 2064 2922 mansuetudinis

464 2961 639 3010 metas
670 2957 1013 3012 verecundia:
1050 2956 1206 3014 freno
1255 2958 1621 3014 cohibendum
1654 3001 1667 3022 ,
1709 2969 1764 3013 ut
1796 2961 2065 3027 possimus

466 3046 663 3102 merito
719 3050 914 3104 mereri
960 3048 1237 3122 scriptura
1285 3050 1429 3120 quod
1460 3050 1634 3105 dicit:
1673 3050 1950 3107 Proximus
1993 3063 2068 3106 est

471 3141 612 3198 Dens
658 3143 1014 3200 contribulatis
1044 3146 1232 3210 corde,
1277 3155 1325 3200 et
1375 3145 1594 3201 humiles
1618 3146 1804 3216 spiritu
1849 3146 2066 3202 salvabit

2169 535 2234 576 ac
2284 521 2496 576 virtutis
2547 530 2788 592 potestas
2836 524 2976 579 intra
3019 525 3096 594 (8)
3126 523 3398 581 hominem
3449 537 3738 598 susceptum

2162 614 2306 685 jacet
2336 616 2506 687 magis
2537 616 2911 673 admirabilior
2933 659 2948 683 ,
2987 620 3108 689 quia
3141 627 3318 675 tantus
3335 630 3419 674 εει
3447 630 3501 675 et
3523 623 3654 677 talis.
3683 623 3741 680 Et

2169 707 2331 763 homo
2351 711 2596 765 curiosus
2647 725 2744 766 cor
2787 726 2945 765 suum
2987 712 3239 781 extollit,
3268 721 3596 785 conaturque
3637 715 3740 784 ejus

2167 802 2628 872 comprehendere
2653 803 2996 860 altitudinem
3017 845 3033 872 ,
3065 805 3219 876 cujus
3243 821 3350 861 non
3384 810 3626 878 sequitur
3651 809 3737 864 hu-

2170 895 2450 950 militatem
2480 895 2504 948 ?

2240 986 2328 1042 Ill.
2373 987 2654 1058 Sequitur,
2686 1004 2749 1044 ac
2786 989 2955 1046 dicit:
2990 990 3171 1063 Neque
3195 991 3318 1047 elati
3346 1000 3466 1046 sunt
3493 994 3624 1048 oculi
3654 995 3742 1050 mei

2171 1079 2288 1150 (Ps.
2315 1096 2473 1136 cxxx.
2514 1083 2585 1154 1).
2615 1081 2910 1138 Oculorum
2943 1084 3095 1154 pejor
3121 1092 3204 1139 est
3227 1099 3414 1152 causa,
3459 1086 3578 1154 quia
3605 1087 3740 1142 emil-

2171 1176 2301 1228 tatio
2321 1174 2504 1228 cordis
2535 1175 2600 1229 ad
2631 1191 2829 1246 paucos
2873 1177 3147 1247 pertinet,
3175 1177 3459 1232 oculorum
3488 1180 3644 1234 elatio
3683 1179 3741 1234 ad

2168 1282 2360 1322 omnes
2389 1285 2400 1321 :
2425 1268 2492 1323 ἀρ
2521 1270 2722 1340 quibus
2772 1271 3009 1326 Joannes
3033 1270 3311 1342 discipulis
3354 1273 3478 1341 quid
3509 1273 3745 1344 pra-dicet

2169 1360 2420 1415 omnibus
2456 1374 2537 1416 est
2567 1361 2621 1416 in
2653 1362 2734 1435 (9)
2759 1379 2880 1418 usu.
2915 1361 3115 1430 Nolite,
3149 1365 3343 1435 inquit,
3373 1364 3585 1438 diligere
3611 1383 3744 1421 utun-

2168 1453 2314 1521 dum,
2340 1470 2500 1526 neque
2547 1472 2607 1509 ea
2649 1471 2762 1527 quae
2800 1457 2856 1510 in
2884 1458 3076 1511 mundo
3104 1467 3246 1512 sunt.
3280 1457 3341 1514 Si
3386 1460 3500 1530 quis
3528 1459 3744 1514 dilexerit

2168 1549 2412 1601 mundum
2434 1589 2447 1610 ,
2480 1563 2583 1601 non
2613 1558 2688 1601 est
2715 1549 2904 1603 caritas
2932 1549 3094 1616 patris
3131 1549 3186 1602 in
3213 1565 3295 1616 eo,
3347 1551 3586 1620 quoniam
3614 1566 3744 1604 omne

2168 1639 2304 1709 quod
2324 1639 2376 1692 in
2407 1637 2598 1693 mundo
2625 1650 2698 1702 est
2719 1643 3132 1712 concupiscentia
3171 1642 3346 1696 carnis
3372 1651 3468 1709 est,
3495 1653 3542 1696 et
3569 1658 3742 1696 concu-

2167 1732 2413 1802 piscentia
2445 1732 2733 1808 oculorum,
2761 1744 2810 1788 et
2836 1734 3050 1789 ambitio
3073 1736 3252 1790 sa'culi
3279 1735 3323 1808 (ι
3374 1735 3534 1790 Joan.
3564 1752 3621 1797 tl,
3661 1736 3738 1802 15,

2094 1843 2140 1904 Β
2173 1823 2262 1893 l6)
2289 1842 2302 1877 :
2336 1824 2422 1880 his
2449 1827 2593 1880 enim
2618 1827 2928 1882 auctoribus
2956 1828 3280 1898 coacipitur,
3313 1828 3400 1883 his
3425 1829 3642 1885 ducibus
3658 1845 3742 1900 ge.

2171 1915 2328 1980 ritur.
2363 1917 2448 1973 his
2472 1919 2735 1974 ministris
2759 1920 3042 1991 impletur,
3073 1923 3335 1993 quidquid
3365 1924 3603 1994 quotidie
3629 1938 3744 1979 con—

2170 2015 2544 2082 cupiscentia,
2589 2015 2922 2082 ambitione,
2970 2017 3198 2071 avaritia
3241 2018 3398 2073 ardet
3441 2019 3493 2072 in
3545 2019 3742 2072 stmulo.

2169 2105 2350 2173 Quare
2378 2115 2604 2177 utraque
2634 2118 2759 2162 sunt
2789 2122 2924 2162 vana
2960 2125 2972 2162 :
3003 2109 3129 2180 quia
3181 2118 3239 2165 et
3281 2111 3468 2165 cordis
3511 2111 3746 2166 exultatio

2169 2199 2348 2254 nullos
2384 2199 2588 2254 fructus
2629 2201 2874 2268 invenit,
2919 2211 2975 2256 et
3011 2202 3290 2261 oculorum
3342 2203 3650 2260 extollentia
3689 2204 3747 2258 de

2169 2291 2274 2347 alio
2297 2292 2349 2348 in
2378 2293 2523 2348 aliud
2552 2294 2695 2349 elata
2723 2337 2736 2360 ,
2769 2295 3030 2367 quidquid
3061 2297 3286 2366 viderit,
3339 2297 3630 2355 mobilitate
3677 2297 3748 2352 fu-

2165 2386 2284 2458 gaci
2311 2387 2490 2443 statim
2522 2389 2788 2459 deperdit.
2799 2393 2826 2462 ξ

2241 2481 2330 2538 lV’.
2377 2481 2494 2555 (10)
2523 2483 2729 2542 Dehinc
2755 2487 2996 2558 sequitur
3031 2506 3044 2542 :
3079 2487 3260 2559 Neque
3282 2490 3540 2556 ambulavi
3575 2492 3627 2545 in
3648 2506 3746 2544 ma-

2167 2578 2303 2648 gnis,
2325 2592 2483 2648 neque
2501 2579 2557 2632 in
2588 2578 2874 2635 mirabilius
2890 2598 3042 2650 super
3059 2600 3140 2636 me
3161 2582 3182 2656 (
3193 2582 3281 2638 Ps.
3305 2599 3472 2650 cxxx,
3487 2585 3564 2658 2).
3581 2585 3746 2656 Magna

2168 2669 2381 2740 eloquia
2440 2670 2536 2726 Dei
2582 2683 2740 2738 sunt;
2777 2674 2893 2742 ipse
2925 2674 3190 2746 mirabilis
3223 2677 3273 2732 in
3318 2678 3575 2734 excelsis.
3629 2679 3747 2733 Cum

2170 2760 2222 2816 in
2256 2761 2507 2832 periculis
2531 2775 2697 2829 esset,
2717 2764 2764 2819 si
2789 2767 2838 2819 iu
2861 2764 2947 2820 bis
2971 2767 3238 2836 Propheta
3258 2769 3499 2842 non(l1)
3521 2769 3748 2825 ambula-

2169 2868 2274 2927 ret,
2325 2860 2596 2928 quomodo
2648 2861 2846 2915 bonum
2881 2863 3101 2932 insuper
3140 2863 3242 2918 sibi
3274 2878 3414 2934 opus
3439 2864 3666 2929 assignat
3689 2863 3749 2918 ab

2171 2953 2278 3008 illis
2303 2953 2632 3019 recedendo,
2655 2956 2706 3009 in
2738 2956 2934 3024 quibus
2957 2965 3276 3026 oportuerat
3296 2956 3590 3012 ambulari?
3610 2956 3748 3010 Prio-

2170 3046 2344 3111 ribus,
2376 3046 2592 3111 fratres,
2613 3049 2914 3118 posteriora
2943 3048 3271 3119 respondent
3300 3065 3316 3104 :
3345 3049 3416 3106 de
3443 3050 3601 3105 rebus
3619 3048 3747 3104 enim

2172 3139 2409 3210 loquitur
2439 3141 2814 3196 sa-cularibus.
2847 3143 2901 3197 lu
2931 3143 3140 3214 [ﬂagitis
3169 3153 3224 3199 et
3247 3143 3298 3198 in
3324 3143 3658 3199 mirabilibus
3693 3157 3746 3197 se

471 3235 595 3306 (Ps.
624 3253 820 3304 χχχιιι,
857 3236 970 3306 18).
1004 3237 1109 3294 Sed
1151 3249 1203 3294 et
1236 3239 1494 3293 Dominus
1527 3239 1642 3306 ipse
1683 3253 1782 3294 nos
1823 3239 1912 3310 pio
1939 3255 2065 3310 pro-
2093 3248 2139 3312 (ς
2171 3231 2302 3287 dicit
2332 3246 2437 3287 non
2466 3232 2800 3301 ambulasse,
2827 3235 3009 3306 utique
3033 3251 3138 3290 nou
3165 3236 3280 3299 Dei,
3305 3236 3404 3292 sed
3435 3237 3484 3290 in
3510 3235 3610 3291 illis
3643 3250 3747 3306 qua:

468 3329 638 3386 misso
667 3331 795 3402 quid
845 3332 1092 3388 hortetur
1129 3333 1380 3403 accipite.
1421 3332 1621 3401 Venite,
1657 3333 1849 3405 inquit,
1874 3338 1962 3406 qui
1991 3336 2067 3390 la-

467 3423 658 3479 boratis
684 3435 732 3480 et
761 3427 957 3481 onerati
986 3428 1107 3481 estis
1125 3469 1140 3494 ,
1164 3438 1211 3482 et
1242 3443 1333 3500 ego
1354 3428 1583 3496 reﬁciam
1614 3445 1720 3483 vos.
1751 3427 1940 3483 Tollite
1975 3429 2061 3496 iu-

468 3531 589 3587 gum
626 3532 796 3570 meum
840 3533 996 3590 super
1022 3534 1109 3574 vos
1128 3560 1142 3584 ,
1185 3529 1232 3573 et
1256 3519 1434 3574 discite
1475 3537 1508 3574 a
1538 3536 1615 3574 me
1640 3523 1762 3590 quia
1787 3521 1924 3575 mitis
1952 3538 2065 3575 sum

467 3617 514 3662 et
537 3609 744 3664 humilis
763 3611 1012 3666 corde:et
1033 3612 1296 3668 invenietis
1316 3614 1538 3682 requiem
1572 3614 1840 3669 animabus
1889 3615 2067 3670 vestris

471 3699 691 3774 (Matth.
720 3717 795 3766 ιι,
830 3701 1068 3775 28,39).
1104 3706 1243 3760 Deus
1291 3719 1512 3766 n0ster.
1559 3705 1786 3774 fratres,
1846 3705 2068 3762 Immitis

542 3860 847 3936 (3)AAriani
892 3864 1112 3932 quidem
1145 3864 1234 3921 hic
1277 3866 1612 3933 innuuutur;
1657 3866 1746 3934 qui
1779 3868 1919 3921 enim
1954 3867 2073 3936 phi-

472 3931 687 4003 losophi
721 3931 943 3992 nomine
968 3947 1022 3992 et
1047 3938 1194 3992 cultu
1229 3947 1434 3992 mutato
1480 3931 1607 3992 Snas
1656 3931 1931 3992 scholares
1954 3931 2065 3994 'ca-

473 4005 724 4080 lutnuias,
755 4021 848 4062 seu
879 4007 1228 4079 deceptiones
1256 4020 1308 4064 et
1335 4008 1574 4080 argutias
1594 4010 1644 4063 in
1669 4009 1867 4063 scholis
1895 4009 2062 4077 philo-

471 4077 764 4147 sophorum
815 4077 1028 4149 genitas
1064 4082 1118 4135 in
1148 4077 1446 4136 Ecclesium
1490 4083 1845 4146 transtulere,
1876 4081 2061 4135 Arimti

473 4149 715 4221 profecto
762 4160 888 4206 sont
938 4161 993 4207 et
1021 4152 1211 4207 horum
1243 4154 1558 4208 tractatibus
1583 4167 1704 4205 cum
1727 4160 2062 4221 quaereretur

474 4219 630 4286 fides,
661 4233 716 4274 ut
745 4228 901 4277 tract.
938 4240 974 4290 l,
1010 4242 1157 4280 num.
1187 4224 1246 4288 2,
1271 4233 1325 4280 et
1345 4226 1470 4279 alibi
1494 4223 1641 4279 Zeno
1673 4219 1885 4278 tradidit
1911 4241 1925 4290 ;
1967 4241 2058 4280 ve-

475 4306 593 4366 r_um
643 4292 808 4366 fiebat
848 4295 992 4366 quod
1025 4300 1068 4352 si
1101 4300 1184 4352 cui
1215 4313 1335 4352 cum
1366 4297 1486 4352 istis
1517 4295 1758 4349 libuisset
1787 4294 2059 4362 insanire,

474 4359 619 4417 Deus
662 4365 743 4419 illi
786 4359 886 4420 non
918 4366 1160 4424 colendus
1201 4380 1374 4436 esset,
1409 4368 1497 4422 sed
1536 4370 1863 4435 qua’rendus.
1899 4359 2063 4422 Paulo

476 4436 680 4510 postia
724 4438 789 4492 iis
822 4439 1040 4507 verbis,
1089 4457 1211 4510 qua:
1261 4441 1327 4496 ad
1382 4437 2066 4510 Ecclesianrreferuntur,

511 4506 623 4578 uasi
653 4520 880 4578 permota
906 4513 973 4565 sit
1015 4506 1228 4568 somniis
1253 4555 1267 4577 ,
1297 4515 1518 4568 verbum
1556 4511 1622 4565 sit
1663 4509 1817 4565 abest
1857 4528 1883 4562 a
1935 4525 2065 4564 mss.

523 4581 717 4656 olent.,
751 4581 965 4654 Pomp.,
1001 4585 1569 4656 Sparav.,£euouian.
1607 4591 1664 4638 et
1703 4582 1832 4638 edit.
1855 4581 2067 4649 Venet.,

476 4649 571 4724 sed
588 4649 916 4724 perperam.

2172 3340 2363 3397 magna
2388 3327 2456 3382 ab
2489 3327 2796 3382 hominibus
2820 3329 2920 3382 hoc
2951 3337 3204 3398 putantur
3228 3327 3283 3382 in
3313 3327 3616 3384 swculo.At
3640 3341 3747 3381 cum

2170 3418 2397 3483 addidit,
2421 3417 2592 3489 Super
2605 3436 2701 3479 me.
2718 3421 2953 3476 ostendit
2979 3435 3270 3492 numquam
3289 3436 3349 3475 se
3364 3422 3560 3477 elatum
3581 3418 3744 3484 fuisse,

2169 3531 2290 3571 cum
2315 3525 2501 3586 posset
2528 3535 2541 3571 :
2576 3516 2705 3572 nulli
2731 3517 2878 3573 enim
2903 3515 3110 3570 facilius
3140 3514 3464 3581 efferuntur,
3497 3515 3595 3569 nisi
3627 3527 3746 3583 quos

2169 3611 2428 3680 inopinati
2463 3613 2684 3666 honoris
2715 3611 2930 3666 culmen
2971 3609 3202 3667 extollit.
3230 3609 3351 3682 (l2)
3383 3609 3546 3665 David
3570 3610 3746 3679 quippe

2171 3705 2411 3775 humilis,
2436 3707 2543 3779 73
2573 3708 2848 3778 :tbjectus,
2883 3705 3137 3777 ignobilis
3167 3707 3248 3761 sui
3275 3704 3495 3775 jacebat
3523 3705 3573 3759 iu
3602 3702 3748 3758 domo

2177 3883 2301 3994 ﬂag.
2338 3869 2460 3932 115,
2493 3869 2727 3950 proejus
2756 3866 2884 3949 legit
2913 3868 3007 3927 vis.
3035 3881 3195 3937 quam
3225 3880 3416 3922 vocem
3445 3866 3490 3922 si
3517 3881 3614 3922 ms.
3641 3878 3749 3935 pro-

2215 3950 2369 3993 areut
2389 3983 2402 3994 .
2444 3949 2606 3994 textui
2634 3953 3078 3994 tttserutssemus.

2215 3950 2369 3993 arent
2389 3983 2402 3998 .
2444 3941 2606 3994 textui
2634 3941 3078 3994 iuseruissemus.

2248 4012 2326 4084 (8)
2372 4010 2639 4084 ﬂaminem
2675 4011 2932 4084 suscipere
2964 4026 3060 4084 pro
3084 4009 3474 4084 humanitatem
3496 4009 3746 4077 suscipere

2173 4081 2357 4154 plures
2397 4083 2587 4136 Patres
2617 4090 2742 4136 ante
2772 4081 3003 4154 Nestorii
3037 4081 3285 4135 lneresim
3317 4085 3510 4154 dixere
3533 4089 3587 4154 et
3627 4097 3747 4134 uua-

2171 4151 2299 4208 itulli
2333 4157 2493 4209 etiam
2526 4167 2666 4219 post,
2699 4154 2766 4207 de
2792 4169 2894 4223 qua
2919 4151 3150 4208 formula
3187 4157 3320 4208 satis
3351 4152 3555 4224 pi-tefati
3580 4163 3746 4207 sumus

2165 4227 2471 4303 dissert._l_t_,
2500 4241 2550 4279 c.
3102 4296 3132 4303 __
3699 4292 3710 4303 O

2239 4297 2319 4371 (tt)
2365 4298 2524 4371 Edit.
2565 4298 2747 4352 Patav.
2795 4296 3220 4367 repugnantibus
3264 4313 3397 4353 mss.
3447 4296 3738 4368 eteteteris

2168 4370 2329 4428 editis
2351 4411 2365 4433 ,
2394 4371 2446 4423 in
2479 4370 2610 4424 visu.

2241 4443 2355 4517 (10)
2399 4441 2493 4496 llic
2523 4441 2661 4517 alter
2687 4449 2771 4495 est
2812 4439 3070 4517 locus_,‘in
3101 4455 3208 4517 quo
3253 4450 3442 4496 auctor
3467 4438 3743 4517 Hilarium,

2171 4511 2290 4569 aliis
2320 4524 2496 4568 tamen
2523 4516 2840 4582 plerumque
2867 4513 3044 4584 verbis
3070 4513 3281 4584 aliaque
3308 4512 3520 4584 syntaxi
3542 4553 3555 4577 ,
3584 4511 3746 4584 imita-

2175 4597 2259 4640 tus
2283 4585 2492 4661 videtur
2512 4580 2535 4644 ;“
2559 4584 2636 4661 sit}
2667 4584 2819 4661 enim
2841 4584 2980 4654 apud
3006 4580 3269 4661 Hilarium
3308 4580 3551 4661 {Dehinc
3585 4580 3744 4661 seq-tti-

2177 4667 2296 4711 tur:
2320 4653 2502 4724 Neque
2525 4656 2778 4710 ambulavi
2807 4657 2859 4708 in
2878 4651 3086 4727 magnis
3110 4699 3124 4722 ,
3170 4673 3330 4723 neque
3367 4660 3418 4708 in
3446 4651 3744 4727 mirabilibus

551 4717 629 4793 (4)
670 4717 726 4781 Α’
765 4742 894 4782 mss.
940 4727 1129 4800 Pomp.
1163 4739 1217 4785 et
1279 4727 1480 4800 duplici
1524 4727 1658 4782 Zen.
1702 4725 2014 4798 praepositio
2042 4741 2072 4778 a
2099 4717 2152 4777 D
2177 4744 2333 4798 super
2363 4717 2458 4781 me.
2497 4727 2674 4799 .llagni
2702 4727 2918 4795 periculi
2959 4717 3039 4800 res
3067 4717 3163 4792 est,
3197 4717 3256 4782 si'
3277 4730 3329 4782 in
3352 4723 3745 4800 modteis_a_mbu-

476 4792 648 4851 abem.

550 4867 632 4941 (5)
675 4869 876 4926 Eadem
912 4873 1070 4941 plane
1099 4884 1180 4928 est
1209 4873 1583 4942 interpretatio
1615 4872 1666 4925 in
1715 4871 1884 4926 tribus
1926 4869 2069 4924 Gau-

478 4939 643 5014 dentii
678 4939 957 4999 codicibus
986 4955 1164 5000 herm.
1199 4947 1285 5009 11,
1320 4939 1372 5014 p.
1405 4941 1528 5000 140.
1560 4942 1692 4997 edit.
1744 4943 1926 5014 Palat}.
1975 4956 2064 4994 an.

480 5012 640 5077 1710,
669 5031 826 5084 quant
860 5016 1054 5071 Paulus
1081 5012 1404 5079 Galeardus,
1437 5016 1730 5070 canttnicus
1759 5013 2060 5079 Brixianus,

477 5084 704 5139 curavit.
730 5086 865 5143 Vide
891 5089 1087 5144 ibidem
1119 5099 1303 5145 annot.
1334 5089 1388 5145 5.

550 5152 632 5225 (6)
674 5161 824 5232 Apud
857 5160 1111 5215 lltlarium
1138 5163 1426 5232 :Optimum
1451 5161 1581 5215 enim
1611 5158 1921 5232 sacriﬁcium
1947 5153 2063 5232 Deo

478 5243 569 5280 cor
607 5231 1022 5286 contribulatum.
1054 5232 1174 5290 Non
1210 5227 1299 5289 cor
1322 5232 1557 5289 secundis
1583 5227 2064 5296 reouseﬂ'erendnm

477 5307 573 5360 est.
604 5301 695 5355 sed
721 5300 820 5356 Dei
848 5317 981 5358 metu
1011 5306 1147 5361 intra
1178 5305 1584 5362 ntansuetudinis
1614 5303 1741 5372 ﬁnes
1781 5302 2068 5354 humilitate

478 5372 831 5429 cohibendum.
878 5376 1001 5431 Ilaec
1033 5381 1201 5447 prima
1228 5390 1284 5433 et
1313 5381 1491 5447 potior
1510 5417 1526 5443 ,
1577 5391 1737 5445 quam
1768 5373 1911 5428 Ζεηυ
1941 5373 2066 5447 imi-

481 5453 622 5518 tatus
645 5457 725 5500 est
756 5449 942 5503 llilarit
967 5446 1286 5506 sententiam
1311 5446 1324 5513 ς
1359 5465 1479 5518 qum
1510 5461 1688 5500 tamen
1717 5462 1820 5499 non
1849 5446 2069 5499 omnino

477 5514 546 5569 ad
575 5519 795 5592 vel-ltum
823 5521 1089 5590 descripta
1113 5524 1216 5578 dtci
1248 5514 1443 5592 potest.
1482 5519 1611 5574 Post
1642 5532 1805 5584 pauca
1839 5518 1905 5592 iu_
1926 5529 2065 5570 trac-

479 5594 591 5665 _tat_u
622 5589 935 5665 zeuouiano
959 5636 973 5655 .
1001 5588 1090 5649 ubi
1122 5588 1313 5665 legitur
1341 5595 1452 5659 ipse
1477 5607 1569 5646 nos
1597 5591 1701 5662 pio.
1739 5604 1838 5642 ms.
1875 5588 2061 5657 Pomp.

477 5655 640 5734 habet
668 5664 777 5734 ipse
819 5668 904 5734 pio
935 5681 954 5720 :
983 5655 1213 5722 hortetur
1256 5655 1434 5722 autem
1469 5678 1566 5734 pro
1597 5655 1847 5716 "hortatur
1876 5675 1941 5714 ex
1975 5655 2069 5716 eo-

475 5728 728 5816 demotis.
761 5728 1096 5816 scripsimus.
1143 5810 1172 5816 _
1469 5728 1480 5734 ’
1577 5809 1587 5816 _
1651 5807 1663 5816 _
1752 5806 1782 5816 λ
1862 5803 1911 5816 ..
1982 5803 1993 5816 .

545 5802 633 5886 (7),
660 5805 720 5886 _ln
760 5807 1093 5886 Bibliotheca
1142 5810 1391 5886 Patrum,
1421 5817 1477 5865 et
1501 5807 1702 5886 esinde
1752 5803 2065 5886 Desitlerins

470 5871 740 5930 lleraldus
773 5880 824 5933 in
864 5871 1427 5940 auimadversionibus
1448 5882 1515 5937 ad
1546 5880 1741 5936 librum
1771 5892 1806 5932 ll
1830 5875 2064 5933 Arnobii

2181 4795 2348 4854 lanius
2375 4839 2388 4862 ,
2420 4809 2466 4880 et
2509 4801 2550 4852 si
2587 4795 2688 4852 non
2727 4800 2781 4853 in
2825 4799 3143 4880 mirabilibus
3189 4800 3533 4880 demergatur.
3568 4795 3745 4865 Magna

2177 4871 2379 4941 eloquia
2410 4869 2504 4925 Dei
2522 4881 2637 4925 sunt
2663 4889 2681 4937 ;
2713 4873 2820 4942 ipse
2845 4869 3090 4924 mirabilis
3109 4870 3160 4923 in
3184 4869 3395 4926 excelsi}
3420 4881 3492 4924 est
3522 4877 3604 4922 :et
3628 4881 3742 4942 quo-3

2175 4934 2328 4998 modo
2350 4954 2592 5008 tanquam
2613 4934 2798 4996 bonum
2815 4958 2943 5006 opus
2965 4943 3027 4994 de
3040 4957 3093 4994 se
3109 4943 3354 5011 propheta
3381 4946 3604 5012 praefert,
3624 4934 3744 5006 quod

2173 5017 2227 5070 in
2247 5016 2448 5070 mannis
2471 5025 2518 5069 et
2544 5015 2597 5068 in
2625 5014 2943 5067 mirabilibus
2965 5030 3066 5066 non
3089 5013 3348 5068 ambulet?

2245 5083 2349 5154 (il)
2379 5083 2672 5142 contextus
2695 5086 2980 5154 persuasit,
3009 5095 3066 5139 ut
3089 5090 3372 5140 ambularet
3399 5084 3744 5140 scriberemus

2171 5173 2235 5213 ex
2262 5174 2361 5212 ms.
2392 5158 2604 5212 'folent.
2637 5167 2689 5211 et
2715 5155 2845 5211 edit.
2882 5156 3064 5211 Patav.
3097 5173 3218 5212 cum
3254 5161 3303 5212 in
3324 5161 3532 5213 caneris
3553 5165 3603 5210 et
3625 5164 3738 5207 mss.

2172 5241 2226 5285 et
2250 5230 2637 5310 etlitislegatur
2661 5229 2900 5310 ambulet.
3070 5301 3082 5310 .
3205 5301 3218 5310 _
3343 5300 3379 5310 _
3629 5295 3643 5310 ο

2247 5301 2364 5372 (12)
2406 5297 2640 5355 'l‘eitiatn
2689 5300 2827 5372 hanc
2850 5301 3172 5356 sententiam
3205 5301 3276 5356 ita
3305 5300 3466 5372 effert
3489 5297 3738 5353 llilarius:

2175 5371 2351 5427 David
2381 5375 2514 5428 enim
2546 5383 2591 5426 et
2625 5371 2872 5445 praphela
2921 5385 2966 5426 et
2997 5389 3118 5436 rex,
3155 5382 3265 5426 crat
3306 5371 3512 5427 humilis
3536 5381 3684 5445 anteq
3702 5374 3741 5417 et

2177 5447 2425 5520 objectus,
2456 5436 2633 5520 (itaque.
2669 5436 2897 5520 convivio
2949 5445 3110 5510 patris
3153 5447 3234 5498 sui
3263 5447 3469 5520 dignus,
3519 5441 3604 5494 sed
3645 5436 3742 5518 Deo

2177 5517 2484 5591 complacuit
2528 5530 2780 5591 :“unctus
2819 5518 2874 5591 in
2917 5533 3088 5591 regem
3132 5527 3206 5571 est
3231 5559 3244 5577 ,
3285 5517 3539 5591 aspiratus
3585 5521 3654 5564 est
3693 5517 3739 5559 in

2175 5586 2495 5662 prophetam.
2530 5587 2651 5642 Non
2690 5589 2947 5642 insolescit
2975 5586 3027 5642 in
3048 5604 3232 5662 regno,
3259 5604 3361 5641 non
3384 5586 3513 5640 odiis
3539 5594 3741 5662 comnio-

2173 5655 2337 5729 vetur,
2372 5670 2747 5731 persequentem
2769 5677 2821 5715 se
2852 5670 3010 5721 tonat,
3040 5655 3365 5713 inimicorum
3388 5666 3567 5731 mortes
3597 5655 3739 5705 honov

2171 5746 2272 5796 rat,
2293 5730 2589 5789 incestntnis
2611 5740 2660 5784 et
2688 5731 3083 5805 parricidaltbus
3099 5732 3222 5801 [iliis
3258 5731 3437 5798 parcit.
3477 5730 3743 5805 Imperator

2172 5808 2539 5870 contemnitur,
2566 5810 2714 5870 pater
2760 5803 2964 5857 laeditur
2987 5845 3002 5868 ,
3035 5795 3286 5875 propheta
3314 5811 3521 5856 vexatur
3547 5813 3565 5850 :
3596 5795 3743 5848 ultio-

2168 5893 2283 5932 nem
2312 5894 2412 5930 non
2441 5887 2497 5929 ut
2528 5874 2778 5945 propheta
2806 5886 2918 5929 orat
2942 5900 2960 5941 φ
2991 5874 3269 5931 vindictam
3298 5890 3402 5929 non
3426 5881 3478 5927 ut
3501 5876 3641 5940 pater
3663 5877 3741 5918 stta
