3894 6322
119 316 227 371 3?.I

1402 319 1604 375 LIBER
1644 318 1683 374 I.
1728 318 2144 376 TBACTA'I‘US
2184 320 2315 378 VIII.

3322 321 3432 379 522

120 434 325 502 patris.
345 450 482 491 oves
511 448 723 504 semper
752 432 1022 504 pascendo
1042 475 1057 498 ,
1083 418 1468 504 propemodum
1491 435 1730 506 peregti-
1759 439 1808 498 Α
1837 436 2008 506 majus
2064 435 2268 490 insania
2291 476 2305 501 ,
2355 435 2465 489 Deo
2513 448 2572 488 se
2624 433 2825 490 laudnt.
2883 413 3204 492 Pulilicanus
3248 446 3430 494 autem

118 541 230 580 nns
250 567 268 594 ,
298 527 569 582 innocens
592 543 709 584 cum
745 528 1122 582 innocentibus
1151 528 1455 597 deputatus.
1489 529 1586 584 llic
1614 530 1729 598 pla-

118 617 240 674 cuit
287 620 404 675 Deo
427 660 445 687 ,
475 630 666 676 unctus
689 621 739 674 in
765 635 988 691 regem,
1017 621 1255 690 spiratus
1288 621 1338 676 in
1370 631 1542 676 vatem
1574 640 1587 675 :
1619 637 1724 676 nou

118 712 418 770 iusoleseit
432 716 483 768 in
500 730 666 786 regno
691 731 705 769 :
727 723 740 780 (
756 713 843 787 15)
861 716 1147 770 obumbrat
1163 719 1433 773 nemiuem
1451 716 1728 786 pwphcta}

119 816 382 864 terrore:
414 810 639 880 injurias
668 825 794 864 suas
839 825 944 865 non
991 814 1312 881 exsequitur
1353 809 1496 882 regia
1549 818 1728 880 potes-

117 913 232 959 tate
267 904 559 959 :odientes
584 919 644 960 se
663 903 838 974 diligit
865 923 878 958 :
904 905 1136 959 inimicis
1161 902 1280 975 (14)
1313 906 1521 974 parcit:
1549 903 1724 975 parri-

114 993 394 1050 cidalibus
444 997 568 1052 ﬁliis
621 999 895 1067 ignoscit:
931 1007 1336 1068 persecutorem
1385 1012 1579 1063 suum,
1628 1004 1723 1061 et,

114 1089 267 1159 quod
326 1090 502 1161 magis
535 1098 638 1156 est,
671 1105 851 1160 regem
896 1089 1186 1161 aliquoties
1214 1106 1244 1143 a
1272 1089 1385 1145 Deo
1426 1091 1477 1144 in
1533 1103 1726 1144 manus

116 1182 382 1238 traditum
403 1185 527 1251 sibi,
555 1185 758 1238 mavult
774 1197 991 1253 semper
1016 1183 1208 1240 timere
1229 1199 1390 1254 quam
1431 1183 1682 1238 occidere
1708 1199 1721 1236 :

115 1273 345 1332 inverso
390 1284 581 1348 gratus
626 1276 830 1341 ol'licio,
873 1277 1004 1341 Deo,
1041 1275 1136 1331 Dei
1170 1291 1366 1330 munus
1401 1274 1684 1336 retinendo
1707 1316 1721 1340 ,

114 1369 447 1440 placiturus.
489 1371 604 1426 Hes
644 1379 978 1434 mansuetus,
1029 1379 1182 1440 pater
1239 1369 1390 1440 pius,
1463 1368 1724 1439 prOpheta

113 1463 426 1532 modestus,
459 1474 631 1520 totum
680 1477 880 1536 poteSI,
930 1480 960 1518 a
997 1473 1108 1518 toto
1138 1463 1464 1530 dissimulat,
1517 1462 1725 1533 magnis

115 1573 178 1611 ac
206 1555 554 1612 mirabilibus
583 1558 766 1612 saeculi
802 1574 908 1612 non
947 1559 1263 1612 immolatur
1285 1597 1301 1624 ,
1333 1558 1517 1612 mitem
1547 1554 1721 1610 humi-

113 1651 339 1721 lemque
367 1651 568 1706 retinet
596 1651 794 1720 ubique
818 1663 1114 1721 pastorem.

86 1739 98 1750 ’
189 1745 256 1801 ν.
290 1746 425 1801 Post
462 1745 696 1816 adjecit:
731 1746 792 1800 Si
835 1762 936 1799 non
975 1743 1236 1798 humiliter
1278 1741 1583 1807 sentiebam,
1633 1741 1725 1796 sed

1835 544 1942 582 non
1970 525 2439 598 (i7)membratim
2470 526 2771 596 Dettnt,jsed
2801 536 2944 582 totus
2973 539 3184 597 exorat,
3213 531 3335 600 quia
3366 530 3430 586 ti-

1831 635 1981 675 more
2011 629 2156 682 totus
2183 627 2268 673 est
2295 618 2513 673 humilis
2533 662 2548 687 ,
2590 633 2683 675 sua
2715 631 2932 692 peccata
2963 633 3306 690 contestans,
3337 639 3426 679 se-

1829 710 2062 764 cundum
2098 709 2307 764 Domini
2337 710 2537 764 dictum
2573 710 2782 782 (Matth.
2815 729 2906 779 xv,
2945 713 3055 786 I9),
3080 714 3197 788 (I8)
3240 731 3269 770 a
3318 730 3427 787 quo

1829 803 2128 873 procedunt
2169 805 2415 858 universa
2439 818 2636 874 genera
2678 817 3054 876 peccatorum,
3089 819 3272 878 pectus
3303 824 3427 864 crc-

1828 897 1928 951 bro
1959 896 2292 966 percutiens,
2318 897 2548 966 quodam
2590 898 2750 953 modo
2775 915 2870 956 cor
2896 917 3050 956 suum
3085 919 3244 959 manu
3274 919 3428 961 vere-

1827 989 2001 1045 cunde
2021 991 2266 1060 castigat,
2285 991 2627 1060 pustnlatqne
2646 1001 2849 1048 tantum
2870 995 3078 1050 veniam
3107 996 3424 1053 delictorum

1829 1083 2210 1147 taciturnitate,
2257 1099 2362 1137 non
2391 1097 2543 1138 voce.
2577 1082 2815 1151 Quorum
2845 1086 2966 1156 quis
3007 1087 3134 1158 quid
3189 1091 3260 1144 sit
3296 1105 3427 1146 cono

1826 1165 2044 1230 secutus
2097 1175 2347 1246 accipite.
2394 1175 2496 1243 Qui
2547 1186 2716 1232 totum
2771 1178 2872 1234 sibi
2906 1179 3020 1250 ipse
3067 1183 3422 1252 promiserat,
3503 1173 3522 1184 “

1827 1267 2023 1335 inanis,
2078 1270 2168 1338 qui
2196 1268 2327 1322 nihil
2361 1269 2739 1341 praesumpsit,
2765 1269 3089 1340 jnstiﬁcatus
3129 1273 3196 1330 de
3228 1277 3428 1348 templo

1825 1358 2096 1416 discessit.
2124 1360 2239 1432 (l9)

2328 1501 2745 1561 TRAC'I'ATUS
2794 1504 2925 1560 VIII.

2404 1617 2482 1673 De
2511 1619 2587 1691 (I)
2625 1618 2846 1676 Timore.

1899 1729 1938 1783 I.
1978 1727 2214 1785 Timoris
2238 1731 2478 1803 quidem,
2509 1732 2705 1790 fratres
2725 1735 3085 1806 dilectissimi,
3108 1741 3425 1800 vocabulum

113 1838 345 1893 exaltari
385 1839 614 1892 animam
644 1854 825 1892 meam.
858 1836 1151 1892 Videamus
1189 1851 1256 1892 ne
1287 1835 1424 1891 forte
1453 1835 1721 1904 Propheta

1840 1832 1908 1877 est
1934 1839 2096 1877 unum
2120 1865 2135 1889 ,
2165 1825 2260 1880 sed
2289 1827 2580 1882 accedente
2610 1834 2820 1885 ratione
2853 1832 3014 1887 timor
3041 1833 3368 1892 discernitur
3395 1854 3427 1894 a

114 1932 233 2002 ipse
261 1946 326 1987 se
367 1931 647 2002 impugnet
681 1929 970 1985 exaltando
1009 1928 1243 1984 animam
1285 1943 1436 1984 suam
1458 1969 1472 1993 ,
1515 1927 1602 1995 qui
1631 1941 1727 1982 cor

113 2040 278 2080 suum
310 2039 371 2081 se
418 2040 525 2079 non
555 2024 826 2080 exaltaSse
851 2022 1132 2094 gloriatur.
1160 2020 1276 2076 Non
1303 2021 1404 2075 sibi
1439 2027 1723 2090 repugnat,

113 2118 210 2174 sed
253 2117 498 2174 ομιειιιΙιι
525 2117 722 2173 anima:
768 2131 890 2172 esse
919 2116 1301 2171 sublimitatem
1333 2113 1613 2184 superiora
1644 2115 1727 2166 vi-

113 2213 283 2278 cisse,
341 2213 491 2282 quia,
521 2211 614 2282 qni
643 2226 703 2267 se
727 2209 1070 2274 exaltaverit,
1096 2208 1432 2273 ltumiliatur,
1462 2217 1514 2262 et
1544 2207 1635 2278 qui
1665 2221 1725 2263 se

115 2304 520 2370 humiliavcrit,
566 2306 835 2360 esaltatur
882 2303 1118 2376 (Matth.
1153 2318 1317 2370 χχιιι,
1353 2301 1443 2374 12)
1475 2321 1488 2357 :
1531 2301 1724 2359 anima:

114 2398 263 2453 enim
309 2397 591 2468 depressio
635 2412 728 2452 cor
755 2396 955 2451 clatum
997 2407 1078 2452 est
1103 2414 1116 2451 :
1146 2411 1240 2452 cor
1278 2394 1727 2465 cohibitumtpro-

115 2492 290 2547 motio
315 2501 401 2546 est
426 2490 638 2546 animae.
670 2488 837 2559 llujns
868 2488 946 2543 rei
971 2495 1137 2545 testes
1163 2497 1288 2543 sunt
1315 2486 1470 2542 nobis
1497 2487 1606 2542 duo
1635 2486 1728 2542 ho-

120 2588 306 2642 mines
335 2585 709 2656 propheticum
748 2582 865 2654 (15)
896 2598 1117 2660 carmen
1165 2581 1278 2637 suis
1307 2581 1518 2636 actibus
1561 2597 1724 2650 expo-

119 2691 341 2747 nentes,
374 2680 682 2736 Phariszcus
710 2688 766 2734 et
795 2677 1121 2732 Publicanus
1151 2676 1244 2732 Dei
1275 2684 1478 2730 stantes
1507 2675 1556 2730 in
1593 2687 1730 2730 tem-

120 2777 208 2847 plo
233 2775 390 2846 (Luc.
424 2774 599 2836 xvm).
645 2771 951 2828 Pbarismus
993 2770 1196 2825 insulse
1239 2784 1430 2824 manus
1459 2767 1629 2824 tendit
1676 2768 1728 2822 in

117 2870 348 2933 caelum,
381 2883 503 2938 qua:
532 2866 697 2922 caedis
738 2881 918 2935 szepe,
951 2879 1095 2934 smpe
1127 2863 1384 2918 ministra:
1417 2871 1542 2918 sunt
1588 2859 1731 2930 rapi-

120 2978 338 3016 narum.
363 2961 564 3016 Uculos
585 2958 924 3028 impudenter
944 2957 1177 3022 extollit,
1206 2971 1436 3027 quorum
1459 2953 1730 3010 lenocinio

123 3055 360 3110 mundus
388 3052 580 3109 infelix
613 3060 718 3108 est.
761 3051 973 3108 Intonat
1001 3052 1211 3122 lingua,
1259 3048 1376 3122 (16)
1411 3058 1558 3104 caret
1592 3063 1727 3124 .qua}

123 3165 420 3221 numquam
452 3165 660 3204 veneno
704 3145 814 3219 ’14
867 3144 1170 3217 serpentis;
1199 3154 1254 3199 et
1298 3143 1437 3214 quod
1469 3141 1614 3196 omni
1646 3149 1729 3198 est

1833 1917 2055 1984 timore;
2081 1918 2217 1973 liunt
2247 1919 2390 1975 enim
2415 1920 2521 1974 duo
2554 1937 2568 1974 :
2600 1937 2736 1978 unus
2766 1924 2854 1980 Dei
2875 1965 2891 1991 ,
2925 1926 3085 1989 alter,
3109 1928 3199 1998 qui
3225 1937 3431 1988 naturae

1832 2010 1902 2066 sit
1932 2030 1944 2064 ε
1980 2021 2184 2068 natura:
2205 2055 2222 2080 ,
2257 2013 2309 2068 in
2338 2014 2555 2070 homine
2601 2018 2856 2083 nascitur,
2919 2019 3012 2075 Dei
3042 2020 3126 2092 (2)
3165 2033 3345 2080 autem
3375 2033 3433 2080 et

1830 2103 2058 2159 discitur
2084 2115 2139 2160 et
2165 2105 2392 2162 docetur
2422 2124 2436 2162 :
2466 2108 2586 2179 quia
2627 2124 2734 2163 non
2759 2109 2809 2164 in
2842 2110 3215 2181 trepidatione,
3249 2115 3343 2170 sed
3377 2115 3429 2172 in

1829 2196 2091 2254 doctrina:
2137 2199 2344 2257 ratione
2372 2205 2651 2267 consistit;
2683 2204 2821 2258 sicut
2860 2205 3116 2276 scriptum
3163 2217 3292 2263 est:
3337 2206 3435 2264 Vc-

1830 2292 1954 2360 nite,
1984 2293 2117 2362 ﬁlii,
2165 2295 2342 2349 audite
2380 2310 2501 2349 me:
2529 2296 2761 2350 timorem
2805 2295 2904 2352 Dei
2949 2298 3136 2354 docebo
3179 2315 3266 2356 vos
3310 2301 3432 2372 (Ps.

1830 2403 2026 2455 χχχιιι,
2058 2387 2172 2462 12).
2206 2389 2287 2458 (5)
2312 2389 2581 2446 Naturalis
2609 2407 2742 2462 ergo
2767 2409 2871 2447 non
2903 2393 3152 2463 discitur,
3195 2399 3288 2452 sed
3330 2397 3434 2453 int-

1832 2482 1986 2551 pulsu
2015 2481 2170 2536 nobis
2193 2483 2300 2556 75
2327 2493 2524 2538 uostrm
2549 2486 2876 2542 inlirmitatis
2900 2489 3136 2544 occurrit
3161 2509 3173 2544 :
3195 2489 3275 2562 (4)
3305 2493 3430 2563 quia

1832 2592 1938 2630 non
1968 2577 2101 2632 artis
2130 2586 2215 2633 est
2243 2583 2469 2645 timere,
2513 2579 2657 2650 quod
2698 2589 2948 2636 metuas:
2995 2584 3191 2640 metuis
3215 2595 3395 2643 autem
3416 2629 3432 2655 ,

1835 2667 1976 2739 quod
2013 2669 2103 2723 tibi
2135 2669 2277 2724 nolis
2300 2670 2568 2726 accidere.
2598 2671 2680 2743 (5)
2725 2671 2923 2728 Existit
2961 2675 3158 2746 quippe
3198 2678 3431 2734 diversis

1834 2775 1900 2816 ex
1930 2759 2135 2828 modis,
2165 2776 2288 2816 cum
2318 2771 2410 2815 ant
2449 2770 2711 2818 exmstnat
2736 2765 2916 2834 aliquo
2955 2777 3106 2823 reatu
3149 2771 3436 2828 conscien-

1838 2854 1907 2910 tia
1939 2872 1951 2908 :
1998 2862 2092 2909 ant
2120 2869 2240 2910 cum
2288 2855 2499 2912 hostilis
2530 2855 2816 2914 imminens
2860 2874 3050 2914 manus
3079 2863 3258 2934 gladio
3284 2865 3434 2921 salu-

1837 2954 1943 3001 tem
1986 2947 2226 3017 premit:
2266 2955 2359 3002 aut
2385 2963 2505 3002 cum
2540 2947 2620 3022 (t)
2649 2951 2844 3005 viantis
2894 2951 3074 3009 itineri
3121 2967 3334 3014 erectus
3378 2961 3432 3016 in

1837 3055 2098 3108 morsum,
2127 3039 2440 3095 ardentibus
2479 3044 2718 3110 squamis
2747 3044 3020 3112 incensus,
3052 3049 3288 3104 tumidus
3308 3065 3432 3108 sese

1834 3135 2024 3207 anguis
2063 3133 2326 3204 opponit:
2357 3144 2449 3188 aut
2492 3133 2651 3190 dorsa
2695 3135 2973 3208 fugientis,
3025 3139 3282 3198 aﬂ'ectans
3326 3159 3434 3200 cae-

123 3291 216 3344 init
235 3332 250 3355 ,
281 3289 648 3345 contumeliam
677 3304 779 3342 non
811 3296 862 3340 ut
887 3286 1164 3355 imperator
1191 3281 1501 3355 exsequitur.
1530 3278 1721 3355 Viden:
1750 3280 1795 3345 (ζ
1827 3277 1945 3355 dam
1974 3273 2124 3327 modo
2151 3288 2239 3326 cor
2266 3288 2415 3325 suum
2438 3313 2469 3355 ,Δ
2494 3288 2526 3325 a
2551 3289 2650 3341 quo
2678 3275 2960 3355 secundum
3004 3277 3212 3335 Domini
3237 3284 3432 3341 dictum

123 3351 325 3432 quanta
348 3363 490 3429 apud
520 3361 791 3415 Zenonem
823 3368 892 3432 et_
909 3351 989 3411 v.1.
1004 3357 1270 3432 borumet
1298 3351 1424 3432 styli
1453 3351 1722 3406 mutatio?

195 3435 312 3507 (15)
333 3425 429 3489 Hic
441 3433 590 3507 locus
610 3428 986 3501 Sparaverinm
1013 3428 1268 3507 turbavit,
1294 3426 1382 3507 qui
1410 3425 1589 3493 legere
1612 3438 1722 3507 tua:

124 3494 336 3570 luissei,
366 3505 617 3560 neminem
641 3494 867 3572 profecto
895 3513 1120 3566 terrore;
1147 3496 1412 3572 obu_mbrat
1437 3512 1570 3572 vero
1595 3494 1720 3572 quid

125 3579 215 3643 sit,
249 3567 438 3632 senon
465 3567 676 3645 assequi
704 3567 977 3641 professus
997 3582 1116 3645 est._
1138 3574 1203 3624 At
1229 3567 1520 3645 Zenoaliis
1544 3567 1722 3645 verbis

124 3638 431 3720 exprimere
449 3638 619 3720 voluit
645 3638 730 3700 illa
760 3661 879 3714 quae
899 3641 1242 3720 recitarimus
1260 3657 1322 3696 ex
1341 3638 1562 3701 Hilario,
1579 3638 1724 3720 ultio:

126 3708 240 3776 nem
263 3738 364 3774 non
389 3729 444 3774 ut
466 3719 714 3791 prapheta
727 3708 877 3791 orat;
908 3717 1047 3791 unde
1066 3714 1335 3791 propheta:
1356 3725 1550 3766 nomen
1581 3708 1720 3762 haud

126 3809 405 3863 quaquam.
431 3785 514 3847 est
559 3785 970 3863 immutandum.
1008 3785 1286 3863 Obutnbral
1318 3793 1495 3863 autem
1534 3791 1726 3835 terrore

127 3856 211 3921 est
240 3856 445 3919 terrore
475 3858 881 3926 circumfundit,
914 3869 1173 3914 terrorem
1207 3856 1419 3928 ingerit.

198 3937 320 4006 (14)
359 3934 482 3990 Mss.
517 3932 649 3990 Urb.
673 3974 686 3998 ,
719 3923 932 4006 Zen._iet
972 3929 1187 4006 I’omp.,_
1219 3923 1458 4006 pepercit,
1487 3925 1540 3980 In
1566 3923 1724 4006 lmjus

128 3999 384 4078 postremi
408 4007 650 4078 margine
668 4003 1011 4058 emendatum
1046 4003 1228 4071 parcit,
1263 3999 1404 4070 quod
1431 3999 1482 4053 in
1513 4000 1724 4053 caeteris

127 4077 262 4134 inss.
297 4087 350 4132 et
371 4079 526 4132 editis
555 4077 767 4145 legitur.

201 4149 321 4220 (15)
342 4149 554 4203 Carmen
577 4141 932 4220 propheticum
954 4155 1174 4201 vocatur
1195 4143 1328 4214 psal.
1347 4159 1507 4208 cxxx,
1529 4141 1595 4195 de
1618 4155 1724 4209 quo

131 4218 388 4278 hactenus
414 4237 598 4275 sermo
624 4218 797 4273 factus
820 4219 936 4272 fuit.

209 4291 329 4367 (Ib)
368 4293 508 4367 Edit.
541 4291 692 4367 Υςειι.Δ
712 4299 768 4345 et
798 4304 896 4344 ms.
924 4288 1116 4367 Pomp.
1149 4296 1400 4354 caretque,
1426 4285 1531 4367 sed
1561 4284 1722 4367 unde,

129 4354 252 4420 cum
304 4354 403 4419 non
434 4364 500 4418 ad
531 4361 862 4417 Plini-iurum
904 4354 1170 4416 referatur
1206 4357 1502 4423 sententia,
1535 4354 1628 4409 sed
1656 4357 1723 4409 ad

131 4438 379 4508 linguam,
402 4452 519 4503 qua-
542 4433 744 4508 ilcirco
775 4448 1064 4508 numquam
1087 4447 1272 4508 eare_re
1295 4429 1492 4508 dicitur
1518 4441 1725 4481 veneno

130 4501 584 4578 serpentia—quod
608 4509 874 4574 serpentis
906 4501 1084 4578 lingua
1115 4503 1353 4578 tirEvsun
1379 4501 1527 4578 virus
1552 4508 1726 4578 trans-

132 4570 325 4634 fuderit
351 4599 364 4633 :
390 4570 497 4649 quo
513 4576 562 4633 si
583 4570 1142 4649 spectamen-edantur
1166 4573 1280 4649 haec
1301 4573 1532 4649 Zenonis
1559 4570 1722 4622 verba

133 4652 213 4723 (ut
246 4642 515 4720 probabile
544 4647 761 4723 quidem
788 4646 1022 4723 Videtur)
1042 4646 1159 4723 jam
1189 4646 1416 4723 placebit
1456 4642 1720 4723 Spara‘ve-

132 4712 194 4776 in
226 4712 528 4776 emendatio
545 4712 676 4791 {qui
710 4720 761 4772 in
791 4712 1065 4788 Superiini
1088 4712 1350 4791 sententia
1393 4731 1486 4791 pro
1509 4715 1562 4767 in
1591 4712 1720 4791 [lore

132 4793 534 4862 supponendum
566 4785 778 4848 censuit
804 4785 1014 4862 infelix,
1045 4806 1108 4844 ac
1144 4790 1187 4843 si
1228 4787 1287 4844 S.
1320 4787 1563 4844 Alitislt's
1596 4785 1718 4837 lira:

131 4861 340 4935 culpam
371 4865 668 4935 respexerit
695 4862 972 4918 oculorum
1002 4861 1267 4935 lenocinio
1296 4871 1618 4935 prnunciam,
1652 4870 1717 4935 ex

133 4926 240 5006 qua
272 4926 776 4990 tnundi'infelicitas
816 4935 1054 4990 derivata
1097 4945 1199 4987 est.
1230 4926 1312 4985 Itri'
1341 4945 1472 4984 sane
1497 4926 1719 4995 scripsi-

135 5023 256 5062 mus
288 5011 334 5061 iu
365 5018 507 5064 testu
528 5051 543 5074 ,
575 5023 700 5063 cum
731 5009 789 5063 τὸ
833 5009 884 5060 in
924 5007 1053 5076 ﬂore
1096 5019 1332 5079 ιιῈιιιιιιι⁸
1354 5017 1572 5079 εθηειιιιι
1613 5014 1716 5052 non

134 5080 343 5134 reddat.
372 5080 625 5152 Syntaxis
658 5095 816 5152 porro
841 5074 976 5133 caret
998 5093 1112 5146 qua»:
1133 5074 1364 5152 Zenonis
1393 5074 1629 5152 propria,
1663 5079 1720 5123 ut

136 5161 202 5205 tr.
220 5166 302 5215 ιιι,
318 5168 363 5205 ιι.
380 5146 436 5216 2,
452 5146 681 5222 utraeque
698 5151 843 5221 cujus
870 5165 1174 5222 exaggerare
1194 5146 1527 5216 opulentiam,
1555 5154 1621 5195 tr.
1643 5156 1716 5208 tv,

134 5238 189 5277 ιι.
219 5222 277 5285 ὅ,
305 5225 473 5286 quavis
495 5221 714 5278 versutia
733 5224 822 5291 qui
846 5221 1046 5292 fallitur
1074 5234 1370 5290 numquam,
1393 5225 1498 5272 etc.

206 5283 325 5366 (I7)
355 5295 409 5350 Id
438 5303 522 5350 est
550 5311 657 5348 non
684 5283 816 5348 StiIIS
846 5283 1092 5346 illattlblh
1141 5283 1425 5366 in_'c(ei_um
1457 5283 1684 5366 sublatis
1704 5327 1716 5348 ,

136 5357 246 5420 non
292 5357 453 5421 oculis
500 5376 556 5422 et
601 5366 780 5436 lingua
816 5376 1054 5425 tantmn.
1088 5373 1143 5418 ut
1189 5361 1495 5416 Pliarismus
1541 5357 1722 5411 animo

135 5438 365 5507 superbe
407 5437 646 5493 sentiens
693 5438 997 5502 factitabat,
1029 5437 1122 5492 sed
1164 5445 1274 5489 toto
1314 5441 1368 5488 et
1398 5446 1624 5507 corpore
1669 5437 1723 5482 et

136 5504 326 5580 spiritu
351 5511 511 5564 Deum
541 5508 646 5564 sibi
669 5508 957 5578 propitium
984 5507 1259 5580 humiliter
1289 5504 1626 5580 precabatur.

169 5578 324 5706 Atti)
364 5581 666 5637 Helativum
697 5599 730 5635 a
753 5596 875 5648 quo,
905 5595 1009 5633 nun
1057 5579 1122 5632 ad
1154 5578 1432 5631 Dominum
1465 5580 1716 5637 relerlnr,

187 5669 198 5685 -
262 5657 324 5703 ad
347 5669 452 5706 cor.
483 5655 748 5706 misterins
780 5653 903 5706 licet
934 5649 1286 5706 munittatutn.
1317 5668 1347 5703 α
1376 5664 1474 5706 auo
1501 5644 1716 5706 quidem

141 5644 234 5706 sed
262 5644 324 5703 ad
347 5669 452 5714 cor.
483 5644 1286 5723 posteriusvlicetnominatum,
1311 5668 1347 5723 pa
1376 5664 1474 5719 quo
1501 5644 1718 5723 quidem

142 5724 411 5777 secundum
434 5716 641 5779 Domini
662 5723 852 5777 dictum
883 5721 1091 5793 (Matth.
1121 5737 1212 5788 xv,
1241 5721 1350 5791 l9),
1376 5716 1557 5776 exeunt
1584 5716 1724 5786 cogi-

147 5796 358 5865 tationes
382 5796 526 5850 multa
545 5838 560 5860 ,
591 5805 697 5850 etc.
731 5796 913 5865 Itaque
939 5793 1025 5847 hie
1053 5795 1199 5848 locus
1226 5793 1304 5847 sic
1332 5795 1676 5865 construatur
1707 5804 1719 5840 :

149 5863 441 5924 Percutiens
461 5869 632 5924 crebro
658 5862 852 5938 pectus,
887 5882 1038 5921 manu
1062 5865 1342 5922 verecunda
1364 5862 1576 5935 castigat
1600 5876 1723 5930 quo-

1828 3348 2061 3422 [νήθει-ια
2081 3361 2267 3416 genera
2299 3353 2618 3422 peccatorum
2641 3349 2945 3422 procedunt,
2958 3360 3024 3422 Aet
3044 3354 3291 3422 postulat,
3319 3369 3428 3412 etc.

1828 3419 2027 3474 Textus
2060 3431 2189 3489 rara
2206 3417 2454 3486 syntaxis
2480 3432 2613 3489 cum_
2632 3417 2806 3472 aliena
2836 3421 2903 3473 ab
2932 3417 3135 3478 Hilario
3167 3417 3286 3489 est,
3317 3437 3429 3484 tum

1827 3490 2109 3571 perspicue
2155 3487 2443 3571 Zenonenr
2479 3487 2710 3554 pia-fert.
2747 3489 2914 3546 Paulo
2954 3504 3076 3562 post
3117 3487 3288 3552 omnia
3331 3515 3432 3571 pro

1829 3557 2064 3616 universa
2095 3559 2145 3613 in
2177 3573 2278 3612 ms.
2316 3557 2505 3614 Urbin.

1903 3633 2021 3706 (tu)
2063 3630 2382 3706 MsaPomp.
2415 3629 2563 3706 addit
2598 3631 2778 3686 Amen.
2805 3632 2861 3706 In
2908 3651 3009 3691 ius.
3044 3648 3224 3695 autem
3271 3642 3429 3700 Hem.

1829 3702 1943 3759 hzec
1970 3702 2724 3776 clansulmpra'tereaulegltur
2755 3723 2767 3757 :
2802 3705 3034 3776 Ea’plicit
3060 3711 3124 3766 de
3142 3709 3432 3774 humilitate

1828 3787 2074 3830 tractatas
2103 3775 2162 3828 ὅ.
2194 3771 2415 3826 Zenonis
2438 3771 2675 3844 feliciter.

1900 3849 2099 3930 'I‘mcjr.
2129 3844 2351 3930 Vlll';-—-
2373 3846 2452 3916 (1)
2575 3846 2759 3930 Hilarii
2786 3855 3179 3910 commentario
3206 3857 3257 3912 iu
3288 3861 3422 3930 psal.

1826 3921 2187 3999 sententiain
2237 3915 2457 3999 Zenone
2503 3919 2554 3972 in
2602 3919 2742 3999 hunc
2786 3931 3069 3978 tractatum
3122 3915 3428 3999 conjuncta:

1826 4004 1973 4058 sunt,
1998 3991 2104 4045 alio
2127 3988 2592 4070 tamenrordineet
2619 3991 2892 4070 locutione
2915 3998 3071 4065 plane
3094 3988 3426 4070 Zenoniana,

1826 4079 1946 4144 qu:_e
1985 4071 2241 4134 quantum
2268 4061 2338 4144 ab
2370 4060 2557 4115 Hilarii
2585 4063 2726 4133 stylu
2752 4060 2938 4144 (li-stet,
2970 4083 3034 4122 ex
3068 4068 3183 4136 ipsa
3210 4060 3432 4144 compa;

1829 4131 2036 4190 ratione
2067 4131 2458 4212 sententiarum
2481 4175 2494 4191 .
2529 4131 2651 4212 quid
2679 4150 2740 4189 ex
2775 4132 2977 4197 Hilario
3005 4131 3304 4212 subjecturi
3336 4131 3431 4204 su-

1828 4223 1969 4268 Inus,
2000 4207 2228 4276 quisque
2258 4204 2418 4260 facile
2447 4204 2724 4275 intelligat.

1901 4278 1981 4355 (‘2)
2023 4277 2347 4355 S._Hilariu_s
2379 4288 2496 4344 post
2522 4282 2800 4355 recitatum
2833 4280 3156 4355 versiculum
3191 4288 3382 4355 psalmi
3411 4309 3425 4347 :

1836 4348 2052 4430 I’eiiite,_
2077 4349 2194 4430 )ilii,
2223 4348 2397 4430 audite
2436 4364 2546 4430 me,
2579 4350 2812 4403 timorem
2844 4351 3050 4408 Domini
3079 4348 3268 4414 docebo
3308 4378 3426 4430 vos,

1828 4420 1945 4477 haec
1973 4422 2187 4501 subjieit
2219 4436 2231 4472 :
2267 4419 2554 4501 Discendus
2575 4438 2694 4501 ergo
2725 4431 2879 4501 timor
2907 4437 3004 4501 est.
3033 4428 3154 4496 quia
3183 4419 3430 4501 docetur}

1827 4510 1928 4548 non
1956 4510 2017 4547 en
2040 4510 2091 4547 m
2120 4494 2172 4546 in
2214 4501 2426 4553 terrore,
2460 4492 2549 4544 sed
2573 4493 2626 4545 in
2666 4495 2866 4548 ratione
2894 4492 3144 4554 doctrina:
3166 4512 3258 4557 est.
3291 4492 3430 4562 Hinc

1829 4565 1976 4621 Zeno
2003 4573 2324 4635 praesentem
2365 4563 2690 4618 sententiam
2716 4564 2880 4620 alium
2914 4568 2966 4622 in
2993 4572 3168 4626 locum
3195 4577 3428 4632 transla-

1830 4647 1936 4691 tam
1965 4636 2246 4692 derivavit.

1904 4710 1983 4779 (7.)
2030 4709 2263 4762 lhlarius
2294 4715 2425 4779 ante
2469 4717 2828 4779 memoratum
2878 4712 3069 4779 psalmi
3103 4716 3429 4776 versiculum

1827 4776 2023 4857 similia
2055 4781 2240 4857 habet;
2273 4777 2342 4834 de
2374 4776 2566 4857 timore
2595 4776 2997 4857 enitn‘naturali
3029 4789 3273 4857 loquens,
3309 4793 3381 4844 ait
3412 4809 3428 4848 :

1830 4851 1933 4905 llic
1954 4870 2074 4935 ergo
2098 4853 2250 4906 timor
2277 4867 2376 4905 non
2405 4849 2636 4916 docetur,
2669 4851 2759 4907 sed
2787 4869 2852 4908 ea:
2891 4849 3430 4929 naturae-inﬁrmitate

1829 4935 2072 4978 occurrit.

1901 5019 1978 5089 (4)
2021 5018 2222 5088 Duplex
2263 5018 2562 5074 membrum
2613 5018 2756 5089 quod
2809 5021 3049 5091 sequitur
3086 5022 3298 5082 duobus
3335 5042 3427 5084 sc-

1823 5092 2024 5162 jnnetis
2051 5091 2344 5164 lueisapud
2367 5091 2624 5145 Hilarium
2648 5091 2900 5164 eﬂ‘ertnr,
2930 5093 3162 5164 primum
3185 5100 3295 5152 sic:
3323 5098 3430 5155 Ne-

1827 5182 1924 5236 que
1957 5163 2095 5217 enim
2121 5162 2246 5236 quid
2287 5163 2568 5236 timendum
2613 5162 2680 5236 sit
2722 5162 3002 5229 discimus,
3037 5169 3265 5224 alterum
3301 5187 3428 5228 vero

1828 5233 1907 5292 sic
1935 5254 1948 5290 :
1981 5235 2246 5290 metuentis
2275 5246 2348 5288 est
2377 5233 2432 5286 id
2459 5235 2686 5303 perpeti,
2718 5236 2857 5306 quod
2883 5237 2982 5291 sibi
3010 5241 3138 5296 nolit
3171 5243 3428 5298 accidere.

1901 5330 1978 5401 (5)
2021 5327 2709 5401 PressmsapndHilarium
2739 5349 2753 5384 :
2787 5328 3004 5387 Exsistit
3026 5345 3191 5388 autent
3217 5345 3263 5390 et
3283 5353 3427 5390 com-

1826 5399 2051 5475 moitemr
2081 5401 2138 5453 in
2163 5399 2309 5475 nobis
2328 5400 2392 5475 de
2411 5409 2582 5475 reatus
2601 5401 2934 5475 conscientia,
2964 5405 3028 5458 de
3042 5407 3164 5475 jure
3189 5409 3425 5473 potioris,

1826 5473 1890 5526 de
1913 5473 2109 5546 impetu
2147 5471 2420 5546 fortioris,
2448 5470 2513 5524 de
2538 5471 2862 5546 afgritudinis
2890 5491 3011 5528 casu
3035 5470 3057 5539 ξ
3081 5477 3144 5528 de
3172 5470 3298 5546 fera:
3334 5470 3423 5532 oc;

1824 5561 1996 5610 cursu,
2027 5543 2089 5597 de
2110 5542 2274 5596 omnis
2296 5543 2420 5596 ntali
2440 5542 2696 5612 passione.
2721 5544 2934 5611 Quanto
2963 5542 3284 5603 luculentius
3310 5549 3427 5604 inec

1826 5615 2006 5691 omnia
2033 5615 2371 5691 explicantur
2395 5631 2422 5666 a
2452 5612 2693 5691 Zenone,
2723 5627 2777 5669 et
2801 5618 2942 5691 stylo
2964 5617 3199 5688 quidem,
3232 5621 3322 5691 qui
3349 5623 3428 5677 vi.

1829 5687 2015 5742 vidum
2043 5689 2282 5741 auctoris
2306 5686 2579 5756 ingenium
2611 5685 2785 5754 palam
2818 5685 3002 5742 refert}

1894 5781 1979 5863 ,(6)
2027 5780 2291 5863 ιςεὲιιιηιὶιιηι
2333 5777 2476 5863 apud
2525 5776 2800 5842 Scliuum,
2849 5792 2969 5848 cap.
3004 5779 3104 5846 42,
3145 5790 3195 5838 et
3242 5783 3429 5859 Appu.

1835 5855 2023 5918 letum,
2043 5852 2310 5908 Floridor.
2332 5852 2503 5903 initio.
