3960 6330
467 305 575 364 823

1906 305 2155 367 SANCTI
2192 307 2479 367 ZENUNIS

3656 312 3755 370 εει

464 422 611 489 dem,
640 422 814 478 vicino
840 420 1059 478 fremitu
1086 420 1254 478 ferina
1280 421 1455 479 rabies
1481 437 1712 479 onerare
1734 424 2053 480 tentaverit:
2085 425 2134 484 A
2163 436 2209 484 et
2237 426 2423 496 diligas
2449 440 2585 488 eum,
2611 432 2661 478 et
2691 422 2951 478 custodias
2976 432 3237 496 praecepta
3262 426 3377 497 ejus
3397 439 3462 477 ex
3481 430 3586 477 toto
3610 422 3757 479 corde

466 518 550 573 vel
596 532 719 574 cum
767 518 985 573 amissis
1032 516 1408 587 gubernaculis
1461 518 1600 572 inter
1637 527 2060 590 compugnantes

464 610 659 667 ﬂuctus
688 627 750 667 ac
780 610 938 666 flatus
965 626 1188 682 gemens
1231 613 1456 683 parturit
1486 610 1669 668 carina
1700 612 2056 683 naufragium.

464 703 605 760 inter
632 703 745 761 haec
765 706 940 760 omnia
963 705 1204 762 deterior
1229 716 1312 761 est
1331 705 1676 761 conscientias
1699 703 1879 769 timor,
1910 704 2056 776 quia,

460 815 579 867 qua:
611 798 845 855 diximus
874 807 927 855 et
952 799 1053 854 alia
1085 800 1169 855 his
1196 797 1409 867 similia,
1438 810 1560 854 cum
1591 797 1672 871 (7)
1707 797 2060 868 passibilitate

459 893 541 949 sui
572 903 845 948 transeunt
874 911 887 947 :
923 894 1083 948 timor
1107 893 1451 950 conscientiae
1481 898 1586 950 non
1611 894 1840 949 deletur.

535 983 598 1041 ll.
642 985 793 1041 Nunc
836 985 1114 1041 videamus
1154 985 1559 1057 intelligendum
1602 985 2054 1058 quemadmodum

455 1078 610 1135 nobis
636 1080 727 1145 sit,
758 1077 1028 1149 Propheta
1053 1080 1194 1152 quod
1222 1080 1296 1136 ait
1321 1097 1334 1134 :
1366 1078 1509 1135 Beati
1537 1097 1711 1136 omnes
1740 1081 1828 1153 qui
1881 1081 2057 1136 timent

455 1170 733 1227 Dominum
767 1171 885 1245 (Ps.
916 1189 1022 1238 xu,
1054 1171 1132 1245 l).
1192 1172 1251 1230 Si
1290 1188 1481 1229 omnes
1527 1173 1614 1244 qui
1650 1174 1839 1228 timent
1877 1172 2049 1229 Domi-

454 1280 582 1320 num
629 1265 772 1322 beati
800 1277 923 1323 sunt
946 1309 960 1334 ,
993 1282 1098 1322 non
1143 1268 1332 1322 beatus
1359 1276 1443 1323 est
1485 1265 1660 1321 nullus
1694 1287 1707 1323 :
1736 1268 1858 1337 quia
1904 1264 2050 1321 nulla

451 1374 584 1429 gens
630 1371 746 1428 est,
780 1360 925 1415 nulla
969 1370 1095 1416 sunt
1141 1376 1373 1431 pecora,
1425 1358 1778 1415 animantium
1819 1358 2053 1429 denique

449 1453 594 1507 nulla
623 1464 839 1522 natura,
867 1469 993 1524 qua:
1019 1468 1127 1525 non
1153 1455 1344 1509 limat
1373 1454 1559 1513 Deum.
1588 1453 1671 1526 (8)
1699 1455 1832 1508 Cum
1854 1468 2049 1525 grave-

449 1564 571 1602 tnur
616 1549 990 1621 rumpentibus
1031 1548 1212 1613 sonis,
1243 1549 1523 1603 concussis
1551 1548 1785 1617 undique
1811 1546 2048 1603 cardini-

447 1638 576 1706 bus;
608 1655 730 1696 cum
766 1650 960 1711 praeter
1001 1656 1206 1696 morem
1255 1640 1489 1695 lerrtliCo
1536 1638 1748 1711 fragore
1798 1640 2049 1694 intbuans

441 1743 733 1804 eoncrepat
770 1735 998 1800 cmlum;
1045 1750 1166 1788 cum
1198 1735 1336 1789 inter
1375 1748 1548 1789 caecas
1594 1732 1882 1805 pinguibus
1915 1749 2048 1788 con-

2166 532 2252 575 tno
2277 528 2325 574 et
2352 534 2415 572 ea:
2444 526 2547 572 tota
2573 518 2747 572 anima
2768 525 2873 581 tua,
2907 515 3024 588 (t0)
3052 526 3098 571 et
3126 516 3253 571 bene
3278 516 3345 571 sit
3374 516 3463 570 tibi
3492 515 3668 587 (Deut.
3702 531 3753 571 ιι

2167 609 2255 677 12,
2290 610 2416 679 l3)?
2445 608 2721 665 Videtisne
2745 607 2856 680 73
2885 609 3027 663 hunc
3053 609 3306 663 timorem
3335 607 3494 663 nobis
3519 622 3759 663 necessa-

2163 706 2340 760 rium?
2367 701 2482 776 (ll)
2509 702 2599 773 qui
2627 703 2681 757 in
2708 702 2802 757 Dei
2830 718 3016 756 amore
3038 702 3318 766 consistit;
3365 700 3457 772 qui
3487 700 3757 757 voluntate

2160 811 2256 863 sua
2285 812 2346 852 se
2375 795 2544 867 parit;
2579 794 2778 850 divina:
2814 795 2947 867 legis
2988 794 3267 865 agnitione
3290 794 3555 850 coitatruit
3598 791 3758 848 deco-

2160 908 2312 958 rem;
2338 890 2405 947 ad
2425 892 2604 945 omnia
2631 906 2831 962 genera
2855 891 3112 945 virtutum
3129 888 3434 959 intrepidus
3448 888 3563 959 (li)
3585 888 3758 944 corri-

2156 988 2268 1059 git;
2326 985 2612 1058 praeceptis
2661 986 2915 1040 omnibus
2965 983 3199 1039 fideliter
3255 983 3623 1052 obtemperat;
3679 980 3758 1035 iu-

2156 1083 2385 1136 choatus
2410 1080 2726 1135 innocenter
2746 1078 2919 1144 vivit;
2943 1076 3204 1148 justitiam
3228 1074 3484 1145 percolit;
3510 1073 3629 1128 sine
3650 1071 3760 1128 line

2156 1174 2337 1229 studet
2368 1175 2589 1241 timere,
2636 1187 2707 1229 ne
2730 1172 2857 1244 quid
2889 1180 3088 1244 prater
3129 1169 3300 1227 Deum
3320 1210 3336 1237 ,
3369 1183 3529 1240 quem
3559 1166 3756 1238 diligit,

2158 1267 2365 1322 timeat.

2226 1359 2315 1414 lll.
2357 1358 2600 1430 Denique
2629 1357 2788 1429 hujus
2812 1355 3071 1429 suﬂragio
3096 1355 3283 1412 Daniel
3320 1354 3485 1428 (Dan.
3515 1355 3629 1425 xiv)
3665 1370 3759 1424 po-

2154 1454 2296 1521 pulis
2338 1452 2633 1507 terribilem
2686 1450 2908 1506 inermis
2954 1449 3245 1504 draconem
3278 1457 3457 1516 necat,
3509 1447 3759 1504 leonibus

2152 1545 2397 1616 objectus
2428 1547 2480 1599 in
2525 1544 2761 1615 periculo
2803 1543 3054 1614 prandet,
3081 1544 3172 1613 qui
3203 1542 3345 1598 solet
3363 1552 3515 1598 extra
3545 1543 3758 1613 pericu-

2152 1629 2259 1699 lu'm
2281 1644 2546 1715 jejunare.
2577 1644 2641 1697 Et
2666 1641 2834 1697 Jonas
2862 1640 3061 1695 timens
3085 1639 3373 1726 Dominum
3393 1647 3758 1709 spontaneum

2153 1752 2258 1791 non
2308 1736 2460 1791 timet
2506 1734 2660 1790 adire
2709 1733 3047 1803 naufragium
3099 1729 3248 1805 (Ion.
3277 1747 3332 1799 I,
3362 1730 3423 1802 ιι)
3456 1748 3473 1787 :
3502 1740 3624 1787 ceto
3678 1732 3759 1785 in-

440 1824 630 1881 ductas
680 1826 913 1883 nubibus
958 1828 1247 1893 tenebras,
1298 1826 1507 1881 crebra:
1558 1826 1818 1881 micantes
1867 1826 2045 1881 curvis
2077 1843 2125 1905 Β
2153 1828 2337 1884 hiante
2367 1828 2729 1885 miserabilius
2753 1826 3017 1897 sepelitur
3068 1840 3231 1895 quam
3278 1823 3679 1895 praecipitatur,
3706 1832 3761 1880 et

438 1918 651 1990 ignibus
682 1917 917 1974 ﬂamma:
946 1918 1234 1989 intercepti
1261 1920 1366 1975 diei
1398 1918 1576 1973 lumen
1611 1915 1690 1991 (9)
1723 1918 2042 1972 incunctan-

438 2022 520 2067 tcr
561 2013 892 2080 assimilant;
932 2028 1055 2069 cum
1086 2013 1279 2069 ardent
1326 2013 1476 2083 plura
1526 2011 1868 2077 fulminibus;
1918 2026 2042 2067 cum

436 2116 582 2163 terra
611 2108 694 2162 vel
720 2107 923 2173 tremit,
956 2108 1040 2163 vel
1065 2107 1213 2162 hiatu
1244 2123 1302 2163 se
1329 2107 1521 2178 recipit
1549 2107 1602 2161 in
1632 2122 1725 2171 se;
1752 2106 1931 2160 nullus
1954 2104 2044 2163 hic

434 2200 786 2257 beatitudinis
818 2202 968 2258 locus
995 2209 1097 2263 est,
1126 2200 1214 2256 tibi
1244 2215 1350 2255 non
1380 2199 1703 2263 devotionis,
1727 2199 1822 2254 sed
1857 2212 2043 2252 ncces-

430 2291 606 2350 .«itatis
634 2302 738 2362 est,
751 2294 891 2366 quod
906 2295 1153 2350 timetur.
1176 2292 1360 2365 Itaque
1377 2293 1657 2348 audiamus
1680 2291 2035 2363 Scripturam,

429 2386 557 2456 quid
585 2385 751 2453 dicat,
784 2387 939 2458 cujus
985 2387 1084 2441 ista
1112 2394 1241 2442 sunt
1286 2387 1487 2441 monita
1515 2403 1530 2441 :
1564 2382 1637 2438 Et
1656 2402 1812 2453 nunc,
1846 2386 2036 2460 Israel,
2113 2437 2119 2446 .

426 2476 554 2549 quid
580 2476 832 2533 Dominus
875 2476 1014 2534 Deus
1055 2488 1174 2534 tuus
1202 2479 1426 2549 postulat
1453 2489 1592 2548 ate,
1620 2482 1722 2535 nisi
1765 2492 1822 2536 ut
1857 2484 2040 2541 timeas

427 2569 702 2626 Dominum
734 2568 895 2627 Deum
918 2580 1082 2640 tuum,
1115 2581 1163 2627 et
1182 2571 1411 2627 ambules
1448 2573 1501 2626 in
1525 2574 1759 2629 omnibus
1785 2575 1877 2631 viis
1900 2579 2035 2651 ejus,

493 2714 577 2788 (7)
618 2711 969 2788 Passibilitats
993 2716 1211 2787 scripsit
1237 2716 1533 2781 Arnobius,
1567 2716 1662 2774 lib.
1692 2734 1757 2785 tt,
1783 2733 1908 2788 pag.
1932 2718 2023 2774 62.

493 2786 570 2858 (8)
608 2785 823 2856 Aliquid
841 2788 1017 2858 simile
1043 2785 1202 2843 habet
1221 2791 1402 2853 paucis
1420 2789 1548 2845 item
1567 2790 1747 2845 verbis
1771 2785 2023 2846 Hilarius.

421 2854 562 2933 nam
588 2860 631 2911 si
658 2854 853 2933 ideirco
884 2856 1024 2933 Deus
1051 2858 1304 2914 timendus
1332 2870 1427 2929 est,
1459 2863 1579 2930 quia
1608 2863 1759 2933 plura
1790 2863 2021 2931 fulmini-

418 2928 509 2981 bus
550 2930 769 3000 arserint
789 2971 805 2996 ,
836 2931 1025 2985 tonitru
1072 2941 1328 3000 prostrata
1355 2928 1491 2999 sint,
1537 2928 1687 2987 terrm
1713 2928 1848 2989 nunc
1882 2946 2021 2989 motu

415 2998 773 3075 conciderint,
795 3018 930 3056 nunc
959 2998 1101 3075 hiatu
1131 3013 1335 3072 recepta
1364 2998 1501 3069 sint,
1531 3005 1732 3059 nullum
1758 3006 1882 3075 ﬁdei
1907 3022 2019 3060 me-

412 3075 567 3125 ritum
594 3072 650 3146 in
677 3073 857 3146 timore
877 3083 973 3139 est,
1000 3074 1089 3146 qui
1111 3091 1172 3146 e_.1:
1199 3082 1391 3129 terrore
1425 3072 1767 3131 accidentium
1787 3094 2013 3132 commo-

412 3154 577 3201 vetur.
606 3143 929 3206 Conferatur
955 3143 1095 3201 nunc
1119 3144 1354 3201 Zenonis
1389 3159 1442 3202 et
1475 3147 1656 3202 Hilarii
1697 3148 1930 3213 locutio,
1961 3159 2016 3204 et

452 3218 534 3289 uis
563 3226 819 3289 utrosque
849 3232 953 3289 non
988 3218 1144 3289 plane
1186 3217 1513 3289 distinguat,
1544 3217 1726 3289 eisiis
1764 3222 1851 3276 cui
1906 3237 2011 3276 uun

452 3285 588 3363 leam
617 3288 698 3343 vel
713 3285 910 3363 Hilarii
936 3290 1017 3363 vel
1045 3288 1281 3363 Zenonis
1307 3285 1479 3360 stylns
1502 3291 1571 3363 sit
1595 3286 1753 3363 plane
1775 3292 2008 3363 iguOtus,

407 3358 503 3414 sed
534 3358 742 3429 legendi
774 3370 830 3417 et
857 3360 1192 3429 intelligendi
1228 3358 1451 3417 l'aCul‘tas
1480 3358 1655 3417 desit?

482 3429 560 3501 (9)
602 3429 735 3501 Tres
764 3448 897 3488 mss.
920 3430 1267 3488 inconstanter
1295 3433 1558 3489 scribunt.

390 3512 394 3517 '
481 3503 594 3572 (l0)
625 3500 721 3556 Ms.
752 3504 942 3574 Pomp.
973 3515 1024 3557 ut
1055 3507 1207 3570 bene;
1248 3513 1303 3559 et
1334 3516 1454 3576 post
1486 3522 1649 3576 pauca
1673 3507 1817 3562 nobis
1837 3524 2013 3564 neces-

404 3576 941 3647 sarioneeessarium,
968 3577 1109 3647 quod
1133 3576 1262 3632 itctn
1294 3577 1486 3647 legitur
1509 3578 1560 3633 iu
1587 3594 1687 3633 ms.
1711 3578 1828 3634 Vat.
1932 3578 1942 3584 ’

480 3643 601 3720 (υ),
636 3645 766 3720 Qua:
796 3648 882 3720 hic
906 3647 967 3720 S.
988 3643 1145 3720 cho
1190 3664 1291 3701 una
1324 3643 1545 3720 periodo
1582 3660 2008 3720 cenunemorat,

403 3714 603 3783 duplici
636 3724 693 3771 et
737 3716 971 3773 breviori
1016 3718 1248 3775 Hilarius
1292 3714 1414 3773 sic:
1452 3719 1613 3775 Nobis
1654 3732 1825 3776 autent
1858 3714 2009 3777 timor
2054 3760 2066 3769 ι

405 3783 616 3840 Domini
658 3789 820 3844 omnis
858 3790 911 3842 in
940 3805 1113 3843 amore
1138 3801 1245 3854 est,
1280 3807 1381 3845 non
1427 3792 1481 3844 in
1521 3802 1675 3846 metu.
1710 3793 2007 3849 Dilectionis

402 3867 579 3933 autent
600 3869 785 3914 nostra:
806 3860 903 3914 hoc
924 3861 1187 3933 praprium
1210 3860 1430 3933 e/ﬁcium
1452 3874 1544 3929 est,
1571 3881 1750 3932 parere
1773 3868 2004 3933 monitis,

399 3931 604 4003 statutis
630 3934 994 4003 obtemperare,
1019 3932 1261 4003 pollicitis
1286 3933 1567 4003 conﬁdere.

476 4001 594 4074 (1:2)
636 4001 712 4060 Ita
736 4018 865 4059 mss.
899 4012 957 4060 et
983 4002 1110 4058 editi
1146 4018 1282 4073 quos
1329 4001 1582 4060 vidimus.
1622 4005 1678 4060 ιιι
1721 4006 1838 4060 snla
1867 4006 1997 4063 edit.

400 4071 719 4148 Patav._pro
757 4071 1254 4148 corrigitﬂscriptum
1299 4078 1395 4130 fuit
1433 4077 1630 4148 pergit;
1670 4093 1773 4148 qua
1819 4087 1997 4136 autem

397 4146 741 4219 auctoritate,
776 4144 920 4202 latet.
953 4144 1168 4218 Corrigo
1192 4159 1371 4202 autem
1402 4144 1545 4207 idem
1574 4144 1891 4219 quat-ultique
1917 4162 1999 4208 est

348 4246 357 4257 ς
396 4231 460 4271 ac
483 4216 821 4292 dirigo,_cmn
862 4218 989 4292 quid
1037 4216 1214 4292 nntius
1243 4228 1448 4292 rectum
1472 4262 1485 4285 ,
1518 4216 1602 4275 vel
1640 4221 1693 4275 ia
1722 4216 1994 4292 obliquum

400 4288 631 4365 tendens
655 4288 924 4365 dirigitur.
943 4289 1049 4365 (Sic
1076 4289 1304 4365 Plinius,
1330 4290 1421 4345 lib.
1457 4308 1553 4365 Vit,
1582 4309 1633 4347 c.
1661 4293 1755 4359 “20,
1778 4288 1993 4365 digitum

396 4360 668 4432 corrigere.
698 4361 909 4435 Seneca
941 4362 991 4416 in
1023 4362 1148 4416 ludo
1179 4363 1245 4417 de
1278 4374 1450 4435 morte
1480 4364 1707 4423 Claudii.
1743 4360 1861 4435 ρξε’.
1906 4369 1991 4435 .45,

394 4445 549 4504 curva
574 4433 808 4504 corriget.
841 4432 1138 4504 Augustus,
1169 4434 1310 4504 apud
1360 4433 1708 4502 Macrobium,
1736 4432 1994 4494 Sainrna-l

393 4500 608 4580 lium‘tt,
634 4501 689 4571 4,
705 4500 984 4580 causidico
1008 4500 1233 4580 gibboso
1265 4508 1485 4580 petenti,
1516 4517 1573 4563 ut
1595 4526 1653 4562 se
1673 4500 1990 4580 corrigeret,

392 4574 583 4650 siquid
612 4578 748 4650 male
770 4576 970 4631 dictmn
997 4574 1309 4643 excidisset,
1330 4578 1620 4649 perjocum
1645 4574 1990 4650 respotidisse

390 4642 563 4722 fcrtur
593 4661 609 4699 :
642 4646 754 4722 ligo
781 4657 829 4722 te
855 4664 1057 4703 monere
1084 4642 1599 4722 possum,f'cor}igere
1628 4642 1984 4722 non-possunt.

2152 1933 2330 1976 tamen
2392 1920 2553 1985 litus,
2598 1934 2708 1990 quo
2749 1916 3288 1985 tendebat,-invenit
3332 1924 3623 1987 antequam
3684 1917 3762 1972 vi-

2148 2015 2295 2082 deat,
2331 2015 2458 2069 felix
2490 2016 2661 2085 magis
2702 2013 2970 2083 sepulcro,
3002 2026 3163 2083 quam
3213 2011 3359 2066 navi.
3404 2010 3463 2067 In
3508 2012 3759 2067 oratione

2150 2124 2305 2165 n.ons
2349 2110 2576 2165 tremit:
2620 2108 2825 2173 monti,
2872 2121 2978 2162 non
3024 2106 3291 2177 apostolis
3334 2105 3623 2177 trepidatio
3650 2115 3759 2163 est.

2148 2202 2340 2259 Petrus
2380 2213 2515 2259 aestu
2561 2200 2775 2257 marino
2804 2201 2972 2256 fertur
3012 2215 3121 2255 non
3150 2198 3477 2270 naufragus,
3515 2198 3615 2255 sed
3646 2199 3760 2254 via-

2148 2306 2233 2351 tor
2273 2294 2491 2369 (Matrh.
2526 2308 2642 2362 xlv,
2676 2291 2770 2360 29,
2804 2292 2896 2364 50)
2929 2309 2945 2346 :
2976 2293 3128 2348 timet
3172 2290 3495 2361 profundum
3538 2291 3759 2348 interci-

2144 2400 2274 2462 pere
2299 2407 2403 2445 non
2431 2389 2749 2445 timentem:
2781 2401 2881 2441 nec
2906 2393 3086 2441 tamen
3113 2384 3167 2440 in
3196 2393 3311 2440 toto
3332 2383 3663 2449 dissimulat,
3688 2398 3759 2440 ne

2145 2499 2244 2556 per
2288 2500 2437 2541 mare
2467 2483 2694 2554 pedibus
2732 2496 2793 2537 se
2833 2479 3138 2537 ambulasse
3168 2482 3279 2533 nou
3302 2476 3509 2536 credat.
3541 2474 3759 2533 Adver-

2145 2592 2238 2632 sus
2264 2574 2378 2649 (15)
2408 2575 2663 2632 'l‘hcclam
2690 2581 2977 2629 accusator
3004 2570 3303 2627 acerrim
3329 2569 3524 2641 linguae
3543 2571 3758 2628 exserit

2136 2734 2364 2789 quorum
2389 2720 2626 2793 primus,
2644 2718 2698 2793 iu
2722 2716 2880 2793 epist:
2900 2713 2966 2793 ad
2988 2713 3281 2793 Smyrneos
3304 2730 3454 2770 num.
3479 2714 3535 2793 ξ,
3562 2714 3749 2793 locum

2133 2786 2329 2862 allegat
2355 2786 2630 2862 E'vaugelii
2658 2792 2808 2859 juxta
2829 2786 3110 2862 Hebraeos,
3124 2788 3281 2862 alter
3311 2800 3465 2862 vero,
3501 2788 3557 2862 i3
3587 2787 3752 2847 libris

2131 2862 2199 2917 de
2241 2857 2693 2934 interpretatione
2732 2857 3360 2934 oraculorumthmini,
3385 2860 3457 2934 ab
3500 2857 3752 2919 Eusebio

2131 2935 2367 2990 laudatis
2394 2928 2503 2990 'lib.
2531 2949 2612 2998 tu,
2642 2948 2763 3000 cap.
2791 2930 2883 2996 39,
2913 2929 3199 3001 historiam
3224 2928 3511 3001 quamdam
3544 2947 3609 2986 ex
3645 2948 3748 2989 eu-

2088 3058 2091 3061 .
2129 3004 2254 3060 dem
2289 3006 2584 3077 EVattgcliO
2612 3002 2921 3075 explanavit
2950 3019 2962 3054 ε
2994 3003 3060 3077 de
3105 3000 3328 3077 ZenOne
3357 3017 3486 3057 vero
3518 3003 3636 3077 ipse
3662 3003 3747 3059 fa-

2126 3085 2286 3140 tetur,
2304 3072 2567 3132 Baroitius
2582 3079 2633 3129 in
2658 3072 2930 3145 Spparatu
2950 3072 3015 3127 ad
3031 3074 3295 3138 Annales,
3319 3086 3467 3127 num.
3485 3077 3538 3137 7,
3556 3076 3745 3133 obste-

2123 3149 2271 3203 tricis
2329 3150 2558 3205 fabulam
2614 3154 2769 3200 tract.
2820 3144 2971 3200 8lib.
3005 3161 3075 3210 tt,
3121 3155 3565 3216 memoratam,”
3592 3163 3743 3216 apo-

2120 3221 2337 3290 eryphis
2360 3237 2481 3275 eum
2517 3221 2784 3284 hausisse,
2815 3218 2884 3271 de
2913 3233 3015 3286 qua
3046 3232 3146 3271 suo
3173 3217 3293 3290 loco
3325 3215 3472 3284 plura
3502 3215 3740 3275 amicta-

2118 3289 2315 3347 biinus.
2360 3292 2493 3348 lllud
2542 3291 2717 3362 potius
2745 3290 3038 3362 observare
3082 3289 3377 3362 malumus,
3430 3289 3577 3357 quod
3622 3295 3741 3347 etsi

2042 3341 2088 3406 Ο
2119 3341 2659 3429 Ῠέῖίὶἷιίιᾶἱὶὀίρὲὶέ,
2686 3341 2769 3416 δέ
2800 3341 3077 3431 baptismo
3122 3341 3179 3414 e.
3221 3341 3599 3425 7,“Α’ςὴὶὶέιῖεη

2120 3435 2422 3508 presbyter,
2449 3434 2604 3490 loan.
2635 3430 2887 3508 apostolo
2919 3430 3097 3508 adhuc
3127 3433 3366 3508 vivente,
3401 3433 3734 3508 scripturam

2116 3502 2469 3563 memoratam
2497 3504 2830 3566 construxit,
2876 3504 3017 3558 unde
3043 3504 3112 3559 ab
3157 3502 3353 3558 eodem
3382 3506 3633 3573 apostolo
3659 3513 3737 3564 de

2113 3580 2280 3647 gradu
2311 3586 2490 3634 tnotus
2534 3577 2665 3643 fuit;
2711 3587 2885 3631 tamen
2938 3590 3044 3629 non
3096 3575 3299 3647 idcirco
3340 3575 3605 3646 quidquid
3656 3579 3731 3635 de

2112 3644 2170 3705 S.
2194 3651 2394 3706 Thecla
2424 3650 2624 3706 ibidem
2655 3659 2927 3713 narratur,
2962 3654 3133 3702 totum
3163 3644 3410 3700 ﬁctitiuin
3436 3644 3561 3703 esse
3587 3665 3731 3705 con.

2112 3720 2365 3789 vincitur,
2411 3728 2505 3776 sed
2553 3724 2727 3791 aliqua
2767 3727 2995 3783 tantum,
3043 3734 3164 3788 qua:
3208 3716 3625 3791 aATertulliano
3668 3735 3729 3778 et

2111 3788 2440 3867 Hieronymo
2464 3796 2515 3867 in
2540 3809 2600 3849 ea
2630 3788 2894 3867 scriptura
2919 3800 3192 3844 notantur.
3222 3788 3731 3867 Nequeeniuicre-

2108 3864 2273 3920 dibile
2317 3861 2405 3920 est
2453 3865 2602 3920 illum
2633 3864 3006 3934 presbyterum
3034 3878 3099 3914 eo
3128 3861 3375 3934 stultitia:
3403 3862 3721 3932 devenisse,

2108 3947 2164 3989 ut
2190 3938 2290 3991 sub
2321 3938 2482 3993 linem
2513 3932 2675 4007 prinii
2697 3932 3042 4007 saeculi,qno
3067 3935 3222 4007 vixit,
3251 3932 3336 3987 vel
3365 3935 3468 3987 sub
3498 3935 3719 3991 initium

2104 4010 2346 4076 secundi,
2383 4019 2491 4062 tam
2514 4004 2736 4063 celebre
2762 4004 2979 4061 Theclze
3000 4006 3317 4076 martyrium
3345 4018 3515 4059 ausus
3536 4009 3609 4061 sit
3634 4019 3723 4064 to-

2106 4088 2214 4134 tum
2247 4074 2588 4152 conﬁngere,
2620 4077 2753 4133 nihil
2806 4085 3056 4152 metuens
3083 4074 3212 4152 quin
3243 4074 3481 4152 fictionis
3527 4093 3658 4134 reus
3685 4098 3719 4138 a

2101 4146 2353 4221 quopiam
2385 4146 2819 4207 convinceretur.
2856 4148 3007 4203 Adde
3039 4148 3181 4217 quod
3211 4146 3295 4221 vix
3343 4147 3412 4203 de
3453 4154 3715 4221 quopiam

2103 4219 2337 4296 martyre
2369 4232 2475 4278 tam
2510 4222 2762 4292 frequens
2806 4229 2860 4274 et
2904 4221 3123 4296 antiqua
3151 4222 3207 4296 _i_n_
3238 4219 3444 4296 Graecis
3478 4219 3716 4296 praeser-

2100 4292 2192 4349 tiui
2227 4291 2483 4351 Ecclesiis
2512 4291 2736 4360 mentio,
2783 4305 2941 4363 quam
2971 4291 3038 4345 de
3064 4291 3120 4363 f3.
3149 4291 3381 4358 ’I‘heela,
3427 4299 3487 4345 ut
3521 4293 3710 4351 videre

2097 4365 2224 4421 licet
2248 4384 2310 4422 ex
2346 4367 2585 4436 pluribus
2637 4361 2862 4420 testibus
2901 4375 3038 4436 quos
3061 4361 3219 4417 Joen.
3266 4364 3528 4436 Ernestus
3571 4366 3711 4421 Gra-

2100 4436 2214 4491 ltius
2240 4434 2452 4508 allegat,
2486 4449 2617 4508 tum.
2646 4451 2664 4490 1
2692 4436 2961 4508 Spicdegii
2986 4434 3203 4508 Patrum
3229 4436 3413 4489 δίρρυιί
3443 4434 3626 4505 primi,
3652 4439 3708 4494 in

2095 4516 2286 4564 annot.
2317 4506 2383 4563 ad
2412 4519 2528 4565 acta
2559 4507 2799 4563 Thcclac.
2826 4506 3171 4562 Credibilene
3191 4514 3276 4561 est
3304 4515 3506 4561 tantum
3536 4509 3595 4561 in
3617 4526 3711 4565 ec-

2095 4580 2263 4635 clesia
2295 4582 2352 4635 S.
2383 4580 2992 4651 'l‘hechecelebritatem
3017 4578 3331 4651 cultumque
3356 4580 3541 4648 primis
3566 4596 3708 4651 quo-

2094 4667 2199 4720 que
2240 4654 2453 4708 sacculis
2484 4650 2795 4717 exstitisse,
2834 4650 2883 4706 si
2927 4649 3187 4720 quidquid
3235 4650 3304 4704 de
3333 4665 3396 4703 ea
3444 4649 3702 4709 traditum

393 4712 554 4793 Forte
596 4712 759 4774 etiam
811 4717 914 4789 legi
964 4712 1147 4789 posset
1189 4712 1402 4793 corripit
1452 4712 1548 4792 pio
1587 4737 1708 4778 sese
1737 4712 1989 4781 celeriter
2019 4729 2066 4789 D
2096 4712 2206 4786 cst,
2240 4725 2292 4780 id
2326 4735 2501 4778 totum
2526 4726 2592 4778 ab
2633 4712 2879 4777 Asiatico
2899 4712 2992 4776 illo
3022 4712 3371 4793 presbytero,
3403 4731 3458 4776 et
3485 4724 3703 4792 publice

389 4800 762 4933 ΐθῖἶρὲξήυηο
785 4862 958 4933 locum
978 4860 1133 4917 ali'ert
1162 4863 1213 4917 in
1240 4862 1857 4922 Annalibus-Cardinalis
1889 4867 1988 4922 Ba-

386 4932 573 4987 ronius
612 4934 679 4988 ad
720 4950 808 4988 an.
839 4932 932 4995 47.
978 4950 1127 4988 num.
1160 4934 1217 4999 8,
1250 4947 1304 4990 ut
1334 4936 1584 4991 OStendat
1617 4950 1732 4991 acta
1762 4937 1817 4993 S.
1844 4938 1986 4995 The-

384 5002 512 5081 cla:
561 5021 680 5081 qua;
710 5020 852 5081 nunc
882 5004 1353 5081 circumferuntur,
1395 5008 1583 5081 eadem
1613 5022 1734 5064 esse
1773 5024 1836 5065 ac
1864 5027 1981 5081 qua:

385 5070 444 5128 S.
475 5070 619 5129 Zeno
662 5077 815 5145 legit,
863 5093 1035 5149 eaque
1081 5079 1302 5149 proinde
1340 5070 1465 5134 esse
1512 5079 1725 5135 diversa
1768 5081 1836 5135 ab
1873 5070 1981 5140 illis

382 5157 503 5220 qua:
525 5161 555 5199 a
576 5149 806 5217 quodam
836 5151 979 5203 Asiae
1005 5151 1340 5220 presbytero,
1364 5152 1480 5217 ipso
1505 5149 1828 5208 convictoet
1848 5168 1948 5208 con
1969 5190 1976 5196 -

384 5219 593 5284 titente,
617 5229 921 5275 constructa
948 5229 1004 5276 et
1035 5219 1252 5277 nomine
1279 5221 1425 5277 Pauli
1448 5222 1589 5278 edita
1614 5221 1976 5281 Tertulliauus

380 5301 774 5365 cinitineniorat
794 5332 808 5356 ,
839 5293 1355 5365 qumque_Geiasius
1380 5294 1524 5348 inter
1554 5295 1859 5365 apocrypha
1892 5313 1975 5353 re-

381 5361 525 5434 tulit.
555 5362 661 5420 Sed
690 5377 812 5418 cum
845 5361 993 5417 nihil
1022 5362 1264 5429 aufertur,
1296 5365 1438 5434 quod
1472 5361 1599 5419 haec
1627 5367 1701 5420 ab
1720 5361 1845 5422 illis
1873 5368 1981 5422 dif~

377 5430 519 5489 ferre
567 5434 917 5504 persuadeat;
969 5445 1089 5490 tum
1129 5451 1258 5492 vero
1296 5430 1354 5490 S.
1402 5436 1643 5493 Zenonis
1679 5443 1973 5495 aucuiritas

379 5505 552 5578 (adde
598 5508 767 5578 etiam
809 5517 863 5563 et
911 5506 1215 5572 Ambrosii,
1264 5510 1356 5578 qui
1406 5510 1549 5565 inter
1600 5509 1972 5567 theidentales

377 5576 619 5651 ejusdem
644 5580 718 5634 rei
749 5577 871 5634 facit
900 5593 1047 5651 saepe
1076 5576 1430 5648 mentionem,
1460 5582 1760 5650 praesertim
1787 5583 1887 5637 libi.
1908 5599 1967 5651 tt,

377 5646 446 5722 de
477 5648 706 5722 Virgin.,
739 5666 883 5706 num.
932 5646 1029 5721 50)
1073 5664 1181 5705 non
1229 5646 1787 5708 omnino'conviacit.
1835 5646 1966 5710 Nam

380 5716 646 5776 Patres'id
689 5716 902 5792 quoque
926 5716 1132 5785 anatis,
1161 5723 1270 5778 imo
1288 5722 1449 5778 etiam
1480 5724 1796 5792 antiquioris
1817 5767 1832 5792 ,
1862 5743 1965 5781 non

382 5798 669 5865 tunuquam
700 5795 1027 5865 apocryphis
1058 5794 1137 5849 usi
1169 5805 1330 5861 sunt,
1364 5805 1421 5850 ut
1470 5805 1615 5865 patet.
1642 5796 1781 5851 inter
1807 5806 1967 5853 caete-

378 5872 466 5914 ros
493 5861 561 5916 de
606 5862 663 5918 S.
706 5861 922 5933 Ignotio'
953 5874 1191 5935 martyre
1232 5875 1284 5921 et
1332 5861 1493 5938 Papia
1537 5867 1963 5939 llierapolitatto,

2092 4795 2308 4863 quidem
2350 4811 2446 4868 per
2486 4793 2651 4868 loan._
2683 4794 2987 4868 apostolum
3018 4809 3137 4868 eam
3166 4796 3238 4848 ob
3285 4807 3505 4849 caueant
3534 4795 3700 4851 dani-

2092 4880 2243 4931 nato,
2290 4865 2577 4924 coitlictum
2630 4865 2853 4931 fuisset,
2896 4866 3040 4936 quod
3070 4874 3443 4921 commentum
3484 4883 3555 4920 ea
3585 4875 3696 4924 tam

2090 4941 2315 4995 solemni
2339 4936 2947 4995 damnationeomnibus
2972 4949 3159 5008 patere
3171 4936 3471 5003 debuerat;
3503 4946 3563 4992 et
3584 4954 3697 4997 non

2090 5012 2268 5079 potius
2292 5009 2856 5084 cognoscendumcst,
2886 5008 3100 5084 Theclae
3133 5022 3418 5084 personant
3449 5017 3508 5064 et
3536 5024 3693 5066 mar-

2088 5085 2282 5153 tyrium
2313 5080 2420 5139 non
2462 5082 2683 5138 omnino
2727 5081 3206 5153 fuissereunlicta,
3254 5080 3351 5136 sed
3396 5094 3520 5136 vera
3567 5099 3693 5140 esse

2086 5152 2363 5224 pleraque,
2396 5169 2516 5225 quae
2559 5153 2626 5209 de
2673 5153 2760 5208 illa
2808 5152 3115 5225 traduntur,
3166 5154 3338 5225 iisque
3387 5154 3688 5225 dsiaticum

2084 5223 2455 5296 presbyterum
2486 5240 2672 5291 usum,
2699 5226 3012 5296 scripturam
3054 5223 3118 5277 de
3140 5224 3373 5292 periodo
3404 5223 3613 5281 Thecla
3637 5241 3687 5282 et

2081 5295 2670 5363 Pauli’construxisse,
2702 5298 2755 5352 in
2785 5310 2889 5367 qua
2916 5298 3059 5352 veris
3092 5297 3225 5351 falsa
3251 5296 3498 5367 quietiam
3536 5301 3685 5354 inse-

2080 5370 2182 5423 ruit
2210 5384 2238 5423 a
2262 5368 2679 5440 Joan.apostolo
2708 5364 3011 5440 reprobata.
3030 5364 3299 5440 Quidquid
3327 5368 3378 5422 id
3402 5380 3511 5434 est,
3531 5371 3689 5425 nulla.

2077 5440 2145 5495 de
2174 5441 2231 5496 S.
2264 5439 2479 5497 Thecla:
2505 5442 2764 5513 martyrio
2801 5447 2919 5495 acta
2962 5439 3235 5513 exstitisse
3265 5442 3520 5513 videntur
3542 5456 3681 5509 prt-

2079 5520 2159 5566 ter
2190 5513 2273 5567 illa
2302 5529 2420 5583 qua:
2445 5528 2475 5566 a
2507 5510 2807 5567 memorato
2846 5510 3165 5582 presbytero
3192 5512 3469 5583 lucubrata
3501 5511 3677 5580 fuere,

2077 5584 2219 5640 unde
2257 5581 2578 5639 ct’istorum
2634 5594 2837 5639 tantum
2888 5581 3149 5637 habemus
3181 5591 3378 5653 prater
3421 5581 3674 5639 Graecum

2077 5664 2281 5711 textum
2337 5655 2766 5726 antiquissimam
2848 5656 3350 5726 interpretationem
3407 5656 3630 5726 latinam
3656 5698 3673 5721 ,

2073 5742 2235 5797 quant
2260 5744 2323 5783 ex
2369 5727 2658 5784 Bodleiano
2699 5726 2885 5783 codice
2914 5727 3169 5782 laudatus
3204 5725 3439 5783 Grabius
3478 5725 3675 5783 edidit.

2073 5797 2129 5851 lu
2161 5798 2261 5855 hac
2282 5801 2521 5869 quidem,
2550 5800 2686 5854 sicut
2715 5806 2774 5854 et
2815 5800 2866 5852 in
2894 5813 3073 5868 grteco
3099 5808 3281 5864 textu,
3319 5799 3674 5855 continentur

2072 5885 2423 5941 quaecumque
2464 5871 2533 5926 de
2579 5871 2691 5942 ipsa
2736 5881 2974 5942 martyre
3012 5870 3312 5927 atl'eruntnr
3340 5885 3374 5924 ει
3419 5872 3669 5929 l‘atltibue
