3960 6330
462 241 566 298 327

1898 245 2142 305 SANCTI
2183 248 2478 308 ZENONIS

3651 259 3752 316 528

455 378 685 424 mortem
719 367 893 438 potuit
920 365 1142 431 sentire,
1174 379 1276 422 nec
1299 364 1486 421 vitam.
1511 365 1679 423 Recte
1724 366 1887 438 igitur
1906 369 2054 438 Apo-
2083 370 2132 430 Α
2159 368 2258 424 sibi
2289 387 2303 423 :
2347 367 2490 438 quod
2531 377 2783 438 parentes
2821 369 3099 442 opulenti,
3150 369 3350 428 abolita
3399 371 3485 430 sui
3527 375 3752 431 nominis

456 462 630 517 stolus
681 462 756 515 ait
809 479 824 510 :
883 460 1056 515 Radix
1106 461 1335 515 omnium
1381 460 1638 515 malorum
1699 470 1774 516 est
1832 465 2052 516 avaritia

459 556 503 626 (l
529 555 665 611 Tim.
703 571 774 614 vt.
809 552 896 626 10)
925 573 937 608 :
973 554 1074 610 hac
1101 555 1245 609 enim
1295 565 1467 611 matre
1510 555 1806 627 cadentque
1855 558 2052 625 magis-

457 661 562 716 tra,
593 647 842 703 universa
870 663 991 718 qua:
1015 646 1273 714 diximus,
1328 648 1424 704 sed
1470 657 1524 704 et
1567 649 1672 703 alia
1717 650 1907 716 multa,
1945 651 2054 706 imo

455 744 635 799 Omnia
684 740 921 810 undique
969 738 1087 795 sine
1137 756 1322 810 pausa,
1374 758 1494 814 qua:
1537 743 1858 808 scaturiunt,
1915 742 2051 797 mala

454 843 750 893 nascuntur
789 844 952 906 atque
999 834 1480 897 concelebrantnr,
1535 851 1655 906 qua:
1690 835 2053 891 condemnare

451 932 590 989 falso
618 932 925 988 humanitas
949 931 1112 996 gestit
1141 947 1153 984 :
1185 929 1264 1002 (ti)
1313 930 1582 985 camelum
1621 929 1765 985 enim
1794 929 2047 1001 glutiens,

448 1026 674 1082 culicem
708 1025 894 1096 liquat,
929 1022 1104 1093 reiicit
1132 1025 1306 1078 stillas
1328 1022 1640 1088 criminum,
1686 1030 1742 1079 et
1779 1022 2048 1091 ataritiae,

448 1118 591 1176 ttnde
619 1118 905 1175 criminum
939 1116 1138 1172 ﬂuenta
1171 1115 1490 1184 funduntur,
1523 1116 1693 1172 ebibit
1720 1116 1948 1172 fontem.

522 1212 584 1268 ll.
616 1211 750 1268 Huic
773 1225 878 1267 non
903 1210 1023 1280 jura
1045 1252 1061 1277 ,
1093 1225 1203 1265 non
1230 1209 1394 1282 leges,
1430 1227 1535 1265 non
1569 1210 1745 1266 honor
1776 1211 1919 1266 ullus
1951 1210 2051 1266 oh-

448 1305 625 1371 sistit;
655 1302 779 1374 quia
810 1302 1068 1374 quidquid
1111 1311 1205 1357 aut
1231 1301 1453 1370 emitur,
1482 1313 1578 1358 aut
1605 1301 1951 1370 distrahitur,
1989 1303 2050 1358 li-

448 1398 637 1453 berant
667 1409 773 1451 non
797 1403 883 1449 est
913 1411 926 1448 :
957 1409 1062 1449 non
1087 1392 1338 1449 nobilitas
1361 1433 1378 1459 ,
1411 1393 1536 1463 quia
1562 1408 1658 1464 per
1687 1394 1825 1450 hanc
1853 1394 2049 1458 credit,

448 1487 590 1544 hanc
613 1487 834 1552 excolit,
866 1501 964 1556 per
993 1485 1132 1541 hanc
1173 1483 1277 1540 hoc
1309 1483 1413 1540 sibi
1445 1499 1641 1540 nomen
1667 1483 1875 1540 invenit
1900 1502 1914 1539 τ
1942 1501 2051 1542 non

445 1581 726 1645 sanctitas,
759 1593 866 1634 non
893 1575 1123 1634 munitio
1144 1619 1159 1643 ,
1191 1577 1315 1648 quia
1357 1576 1492 1632 nihil
1521 1586 1606 1633 est
1644 1589 1753 1632 tam
1806 1587 2052 1634 sanetum

441 1675 586 1748 quod
614 1690 719 1729 non
749 1672 960 1737 violari,
999 1669 1132 1726 nihil
1167 1680 1272 1725 tam
1301 1671 1587 1736 munitum,
1627 1670 1770 1741 quod
1809 1687 1916 1726 non
1954 1687 2051 1728 ex-

2158 461 2476 526 sanetitate,
2533 460 2675 516 filios
2723 475 2851 518 suos
2894 479 3000 517 non
3033 464 3152 518 sine
3187 466 3468 534 utriusque
3497 466 3753 526 dedecore

2156 551 2431 621 patiuntur
2455 567 2644 609 errare
2674 555 2796 623 stipi
2828 555 2910 626 (7)
2939 555 3136 611 triviali
3164 557 3439 625 subjectos
3470 576 3482 611 :
3523 559 3662 629 quod
3686 561 3748 615 li-

2153 643 2269 700 heri
2302 655 2582 715 parentum
2620 647 2781 701 vitam
2827 663 2922 702 sua
2953 647 3152 704 damna
3179 647 3512 719 iudicantes,
3559 650 3752 720 injecta

2155 740 2419 796 violenter
2440 755 2598 794 manu
2629 739 2710 812 (8)
2732 741 2831 811 ipsi
2856 752 3087 808 naturai.
3121 742 3322 799 invasis
3351 743 3754 801 luereditatibus

2155 843 2281 889 ante
2309 844 2541 904 tempus,
2576 844 2830 903 parentes
2861 849 2988 890 suos
3017 837 3355 906 compellunt
3385 836 3566 894 vivere
3590 839 3751 895 mise-

2154 927 2249 981 ria:
2299 926 2638 982 facultatibus
2683 929 2841 983 mori.
2877 927 3018 984 Proh
3047 928 3226 985 nefas!
3257 913 3396 998 Quid
3420 931 3514 986 tibi
3543 941 3630 987 tua
3658 932 3756 987 tol-

2154 1019 2222 1076 lis
2249 1021 2475 1077 infelix?
2496 1022 2633 1090 Quid
2661 1033 2921 1078 extraneo
2946 1021 3140 1090 facias,
3161 1025 3253 1095 qui
3287 1025 3340 1081 in
3370 1033 3421 1080 te
3442 1042 3636 1082 avarus
3664 1026 3755 1082 es?

2155 1111 2200 1167 Ο
2228 1111 2531 1168 detestabili
2564 1113 2936 1168 detestabilius
2964 1114 3161 1169 malum
3189 1115 3202 1168 !
3237 1115 3467 1171 inticetn
3504 1117 3631 1173 dum
3659 1133 3752 1173 ex-

2153 1206 2410 1276 spoliaut,
2443 1215 2858 1277 persequuntur,
2885 1207 3097 1273 fallunt,
3130 1208 3312 1266 hostes
3339 1211 3588 1280 probant,
3619 1227 3754 1283 pta:-

2153 1299 2322 1358 dones
2340 1300 2580 1367 laudant,
2605 1301 2843 1358 latrones
2860 1313 3145 1370 excusant,
3171 1319 3270 1360 nec
3286 1304 3366 1360 sui
3390 1321 3643 1376 umquam
3663 1323 3751 1361 vc-

2156 1394 2236 1450 nit
2273 1395 2324 1449 in
2349 1405 2581 1450 mentem
2612 1411 2717 1450 non
2741 1411 2862 1452 esse
2895 1400 3145 1453 humana:
3163 1399 3444 1468 potestatis
3459 1401 3753 1456 crastinum

2153 1487 2293 1543 diem
2328 1488 2480 1561 (Luc.
2525 1505 2599 1556 XI,
2629 1488 2744 1561 20),
2771 1505 2835 1546 ac
2869 1506 2935 1546 ne
2966 1492 3163 1560 ipsum,
3189 1509 3296 1563 quo
3322 1508 3411 1549 res
3436 1493 3615 1564 agitur
3642 1493 3754 1567 (Ja-

2153 1582 2263 1636 cob.
2293 1596 2366 1644 tv,
2411 1579 2500 1654 li)
2525 1598 2539 1646 ;
2566 1580 2690 1652 quia
2718 1581 2859 1651 qttod
2887 1582 3117 1638 volvitur
3141 1597 3376 1654 semper,
3403 1584 3456 1640 in
3480 1598 3756 1643 momento

2153 1673 2279 1744 quid
2321 1672 2530 1739 alierat,
2578 1673 2800 1729 dubium
2859 1687 2961 1731 est.
2996 1675 3103 1732 Sed
3132 1677 3211 1749 (9)
3244 1677 3416 1733 oculis
3445 1679 3755 1749 patentibus

442 1768 666 1840 pugnari
709 1768 933 1838 pecunia
963 1764 1133 1836 possit
1163 1783 1178 1820 :
1212 1781 1318 1820 non
1352 1764 1698 1821 necessitudo
1725 1765 2003 1838 sanguinis
2025 1808 2042 1835 ,
2075 1761 2125 1823 B
2150 1765 2280 1822 caeci
2305 1764 2457 1838 (Luc.
2485 1782 2581 1832 χιι,
2613 1764 2945 1838 18)dilatant
2977 1767 3193 1835 horrea,
3215 1768 3330 1842 (10)
3361 1781 3534 1828 terras
3559 1789 3757 1842 angus-

442 1877 549 1920 non
572 1859 827 1922 amicitia,
844 1858 967 1930 quia
986 1875 1095 1915 non
1113 1873 1210 1914 suo
1229 1861 1420 1914 merito
1444 1859 1557 1932 80
1579 1858 1672 1934 sed
1687 1858 1825 1924 auri,
1843 1861 2050 1932 argenti

441 1954 867 2026 facultatumque
886 1953 1153 2010 beneficio
1173 1953 1294 2024 quis
1315 1962 1408 2008 aut
1427 1964 1659 2022 amatur,
1683 1961 1778 2009 aut
1798 1953 1923 2009 odio
1940 1963 2044 2011 est.

442 2049 684 2120 Denique
713 2047 831 2104 huic
875 2056 960 2103 est
994 2060 1154 2101 causa
1183 2087 1200 2112 ,
1232 2045 1375 2116 quod
1422 2045 1647 2100 fratrum
1703 2045 1788 2116 pia
1831 2047 2043 2120 nomina

441 2143 761 2215 plerumque
798 2145 970 2212 magis
995 2139 1190 2212 gladiis
1217 2140 1390 2196 amica
1418 2139 1665 2196 videmus
1691 2155 1846 2207 esse,
1881 2155 2040 2211 quam

513 2281 595 2354 (6)
617 2279 965 2354 Proverbium
987 2289 1072 2354 est
1095 2279 1233 2351 apud
1263 2278 1450 2354 Patres
1476 2279 1749 2354 usitatum,
1779 2286 1838 2334 ut
1858 2278 2043 2354 videre

439 2351 583 2411 licet
610 2354 662 2409 in
705 2351 956 2408 Lucifero
979 2351 1310 2414 Calai-uano,
1358 2351 1450 2406 lib.
1507 2367 1543 2406 tt
1571 2351 1637 2404 ad
1667 2353 2040 2407 (innatantiqu

438 2442 566 2511 pag".
605 2424 713 2481 209
770 2435 902 2510 tom:
955 2440 1006 2479 tv
1054 2422 1450 2511 Bibliot_h..
1494 2424 1625 2511 edit.
1659 2421 1935 2511 Ιλιιςᾳξξη3
1989 2434 2044 2479 et

437 2495 494 2556 in
522 2495 853 2569 Hieronymo
881 2498 933 2552 in
960 2507 1122 2566 caput
1149 2512 1220 2551 γιι
1247 2496 1458 2569 Matth,
1501 2504 1632 2551 tom.
1653 2511 1723 2550 vn
1741 2496 1871 2550 edit.
1890 2495 2038 2564 Ver.,

439 2569 676 2642 pag.»5§.
699 2567 825 2624 etin
849 2583 969 2639 cap.
1002 2585 1157 2634 unt,
1184 2583 1303 2640 pag.
1335 2567 1458 2642 184.

511 2640 591 2714 (7)
619 2640 1080 2714 Trivialepmprie
1105 2650 1210 2709 est,
1240 2643 1384 2710 quod
1413 2639 1664 2714 itttriviis
1690 2639 1920 2714 geritur,
1954 2640 2037 2696 vel

436 2710 692 2771 ad'trtvit
722 2711 1122 2784 quodammodo
1154 2715 1402 2782 pertinet.
1439 2713 1572 2768 Hine
1612 2710 2035 2781 Quinctiltauus,

413 2785 532 2843 -lib.
559 2801 596 2851 t,
620 2801 740 2854 cap.
765 2784 821 2843 4,
868 2786 1274 2854 grammaticam
1300 2784 1552 2838 trivialem
1571 2785 1838 2838 scientiam
1863 2794 2035 2845 vocat.

437 2860 562 2930 quia
603 2858 655 2911 in
689 2857 861 2911 triviis
891 2855 1219 2930 dis-rebatur.
1246 2856 1394 2930 _Stipi
1425 2856 1584 2930 igitur
1614 2856 1802 2909 triviali
1833 2856 2037 2930 dictum

438 2926 544 2993 est,
577 2939 862 2998 propterea
887 2927 1028 2997 quod
1053 2928 1107 2981 in
1137 2927 1308 2982 triviis
1330 2926 1668 2997 potis-simum
1705 2928 1900 2996 populo
1934 2926 2039 2981 fre-

439 2997 814 3071 quenttoribus
857 2997 1092 3071 metnlici
1130 2999 1326 3071 stipem
1363 3005 1671 3071 qttzerereut
1695 3015 1722 3071 (εγ
1759 2998 1899 3052 unde
1927 2998 2038 3069 Ap-

441 3069 675 3142 puleius,
706 3071 841 3144 lib.it
873 3069 1022 3133 Met.,
1053 3086 1172 3141 pag.
1191 3069 1484 3144 ξιιμ-δείρᾳ
1509 3070 1562 3123 in
1589 3069 1751 3124 triviis
1803 3082 2036 3144 erogata:

2154 1867 2289 1926 tant,
2315 1860 2549 1930 jungunt
2577 1859 2803 1914 saltibus
2830 1862 3022 1928 saltus,
3052 1873 3106 1918 et
3135 1865 3179 1918 si
3211 1863 3399 1920 orbem
3427 1875 3597 1922 totum
3633 1882 3753 1937 pos-

2151 1952 2380 2016 sideant,
2399 1955 2534 2009 lines
2545 1954 2770 2010 oderunt
2791 1972 2804 2009 :
2822 1955 3063 2012 illicitum
3080 1966 3265 2027 putant
3281 1958 3482 2015 habere
3493 1960 3754 2018 vicinum.

2149 2046 2264 2120 (Η)
2305 2046 2637 2104 Construunt
2677 2050 2897 2120 pra'dia,
2938 2051 3186 2121 sepulcra
3220 2052 3521 2121 defodiunt,
3567 2056 3756 2112 timent

2146 2157 2305 2198 omen
2328 2144 2416 2214 qui
2457 2158 2561 2198 non
2603 2143 2792 2200 timent
2828 2153 3080 2201 mortem.
3106 2147 3214 2219 ει
3238 2147 3328 2205 Sic
3348 2150 3424 2204 sic
3447 2148 3754 2222 interempti

2145 2278 2391 2357 adversus
2415 2281 2547 2334 alios
2577 2283 3113 2357 conclusasanguine
3144 2294 3189 2337 et
3217 2284 3355 2357 crede
3377 2303 3511 2357 sa'pe
3538 2303 3755 2344 numero

2145 2351 2350 2405 initium
2379 2362 2607 2408 sumunt.
2640 2352 2774 2421 Quid
2802 2351 3154 2419 illttslrtus,ttt
3186 2355 3345 2411 triutn
3379 2351 3627 2414 codicum
3662 2377 3754 2415 an-

2148 2421 2573 2493 tiquissimorum
2613 2425 2772 2478 lectio
2812 2425 2994 2494 praelia
3030 2425 3082 2480 iu
3131 2438 3483 2484 memoratam
3526 2443 3754 2486 senten-

2145 2495 2274 2548 tiam
2319 2495 2710 2569 confirmetur?
2762 2496 2918 2552 Adde
2966 2508 3246 2566 prmten-a,
3289 2501 3433 2569 quod
3480 2507 3754 2558 nonsatis

2145 2576 2386 2635 apparet,
2422 2566 2693 2641 quomodo
2730 2569 3038 2638 frequentes
3069 2566 3518 2636 ittteretnptioues
3563 2578 3752 2641 sepul-

2146 2652 2360 2710 crurum
2391 2639 2764 2704 ell'ossoribus,
2789 2655 3017 2709 quorum
3042 2643 3254 2710 vulgata
3287 2643 3447 2698 lcetio
3471 2639 3749 2708 meminit,

2147 2709 2447 2780 plerumque
2467 2712 2765 2775 evenerint,
2789 2712 2984 2780 quibus
3007 2709 3187 2769 etsiea
3216 2714 3284 2768 de
3330 2729 3489 2770 causa
3514 2729 3748 2772 mortem

2143 2795 2381 2835 roman-.c
2399 2783 2527 2836 olim
2548 2781 2693 2852 leges
2723 2785 3043 2846 inlerchant,
3084 2799 3189 2839 non
3215 2794 3392 2840 tamen
3415 2803 3604 2843 eorum
3628 2808 3752 2845 cor-

2146 2867 2278 2928 pora
2305 2852 2431 2928 feris
2463 2852 2787 2928 alitibusque
2817 2856 3130 2910 earumdem
3164 2857 3338 2925 legum
3374 2865 3750 2928 pt-zeceptitme

2142 2924 2338 2997 tradita
2397 2923 2662 2979 feruntur.
2705 2925 2819 2997 luto
2878 2942 3006 2981 vero
3047 2928 3175 2981 illud
3208 2923 3531 2997 Supplicium
3560 2923 3751 2988 humi-

2143 2994 2293 3050 lioris
2330 3007 2533 3050 tantum
2579 2995 2909 3051 conditionis
2950 2994 3418 3054 ltou‘tiuihusolim
3460 3002 3746 3060 decretum

2142 3065 2270 3142 Leg.
2318 3067 2378 3142 Η
2408 3069 2511 3142 tit.
2571 3083 2642 3122 xu
2689 3069 2782 3122 lib.
2818 3084 2986 3134 van,
3024 3071 3084 3122 ll.
3119 3070 3430 3142 Zenoniano
3469 3089 3585 3128 aevo
3630 3078 3746 3142 jum

442 3139 728 3198 incurrerat.
784 3143 914 3226 lleic
958 3139 1144 3225 autem
1184 3139 1637 3232 SRI.cho'notat
1678 3139 2029 3225 quorumdam

2145 3139 2633 3232 ΙίιεξξτιξζειξΜελιιὲηἶ
2646 3148 2831 3232 morte
2845 3142 2902 3232 in
2912 3141 3292 3232 pecuniariam
3309 3145 3562 3232 amictum
3590 3139 3749 3230 coin-

441 3226 652 3284 patrutn
677 3213 980 3280 avaritiam,
1008 3215 1097 3284 qui
1132 3230 1198 3270 ne
1227 3213 1368 3270 filios
1389 3214 1618 3280 alerent,
1647 3228 1742 3267 eos
1762 3214 1955 3285 stipem
1985 3214 2037 3269 in

444 3285 615 3342 triviis
645 3286 988 3342 emendiCare
1011 3286 1298 3351 cogebant.

511 3359 590 3431 (8)
615 3357 711 3414 Ms.
735 3357 975 3420 Tolent.,
999 3359 1100 3427 ipsi
1121 3359 1411 3413 immatura:
1440 3357 1627 3412 invasis
1651 3373 1669 3423 ;
1698 3354 1916 3424 Urbin.,
1939 3357 2042 3428 ipsi

437 3429 592 3485 etiam
621 3442 820 3486 natura:
838 3431 1049 3485 invasis.

512 3501 596 3573 (9)
628 3503 724 3557 Ms.
758 3503 941 3568 liem.,
973 3503 1110 3558 acuti
1141 3502 1451 3570 parentibus.

514 3571 628 3645 (10)
656 3575 799 3630 Idem
825 3589 938 3637 ms,
951 3583 1099 3630 testes
1111 3583 1405 3700 arrgustant,
1420 3582 1600 3648 urgent
1621 3573 1836 3628 saltibus
1850 3571 2035 3627 saltus.

514 3658 636 3700 'aent
665 3661 878 3700 uuonue
901 3648 956 3700 in
980 3661 1110 3700 mss.
1191 3647 1262 3700 ol.
1287 3656 1342 3700 et
1374 3644 1518 3700 Vat..
1554 3644 1738 3699 Terras
1771 3661 1868 3700 nru
1889 3655 2035 3699 testes

443 3642 636 3716 Urgent
665 3661 878 3716 quoque
901 3648 956 3700 in
980 3661 1110 3702 mss.
1144 3642 1262 3700 Tol.
1287 3656 1342 3702 et
1374 3642 1518 3710 Vati,
1554 3644 1738 3699 Terras
1771 3661 1868 3714 pro
1889 3655 2036 3699 testes

436 3731 502 3773 ex
535 3717 772 3786 quinque
803 3731 934 3790 mss.
981 3724 1036 3772 et
1081 3719 1257 3790 editis
1283 3716 1602 3790 scripsimus
1623 3735 1642 3790 ξε
1668 3720 1900 3790 jungunt
1938 3732 2035 3790 pro

436 3796 620 3860 urgent
646 3803 710 3860 ex
737 3789 912 3843 tribus
943 3803 1071 3843 mss.
1101 3799 1154 3844 et
1177 3787 1356 3860 editis.
1392 3787 1680 3843 Sententia
1695 3789 2036 3860 rotttntodior

435 3857 578 3932 hanc
608 3859 956 3932 scriptionetn
986 3861 1178 3914 suasit.
1213 3859 1378 3915 Paulo
1408 3871 1530 3930 post
1560 3875 1663 3915 ms.
1694 3857 1824 3915 Urb.
1870 3861 2034 3929 passi-

436 3930 616 3988 derent
646 3930 743 4004 pro
773 3930 1089 4004 possideant.

506 4005 524 4073 (
539 4007 558 4061 ι
572 4005 627 4074 1)
648 4000 758 4060 Ms.
773 4000 940 4059 'Betn.
953 4046 967 4068 ,
981 4001 1297 4060 Construuut
1312 4000 1510 4066 prtt’lia,
1530 4000 1768 4072 sepulcra
1781 4000 2029 4074 detinent,

434 4091 736 4148 omnemque
771 4077 1093 4148 nonrtitnent
1132 4084 1366 4148 mortem.
1426 4073 1689 4148 S._tttililer
1732 4073 2032 4148 ichodici-

433 4145 535 4202 bus
559 4144 676 4203 'l'ol.
707 4159 763 4204 et
786 4147 1030 4203 Basilicas
1052 4146 1321 4202 Vaticanm
1341 4145 1522 4216 praelia
1551 4160 1648 4214 pro
1667 4144 1884 4214 praedia,
1909 4161 2028 4214 qua:

431 4218 595 4274 lectio
635 4219 680 4275 si
709 4219 941 4292 genuina
972 4227 1172 4292 esset,
1223 4231 1417 4292 avaros
1458 4217 1888 4292 illos_speetaret
1915 4219 2026 4292 qui

429 4306 681 4359 agrorum
709 4287 929 4346 suorum
963 4291 1098 4346 lines
1125 4287 1448 4360 protendere
1487 4289 1792 4358 cupientes,
1821 4287 2029 4342 vicinu-

431 4377 550 4417 rum
583 4376 740 4430 agros
781 4377 1044 4434 usurpare
1075 4365 1357 4434 nituntur,
1392 4370 1445 4415 et
1483 4360 1535 4414 in
1568 4375 1686 4413 eam
1747 4373 1859 4434 rem
1897 4375 2024 4434 gon-

429 4429 637 4488 struuut
677 4449 781 4488 non
819 4429 1038 4505 prterita,
1089 4433 1184 4489 sed
1217 4433 1428 4505 prwlia,
1453 4446 1588 4505 quia
1618 4444 1763 4505 saepe
1789 4429 2025 4505 obtines

431 4517 716 4576 usurpatos
741 4500 1171 4571 committuntur,
1211 4513 1267 4558 et
1285 4500 1518 4570 sepulcra
1553 4501 1816 4566 delituerit,
1841 4500 1892 4576 id
1916 4512 2018 4576 est.

2149 3220 2349 3281 mutata
2378 3211 2504 3281 Leg.
2532 3211 2588 3270 2.
2622 3210 2703 3264 tit.
2735 3228 2866 3276 xvtt,
2893 3214 2982 3267 lib.
3011 3229 3083 3276 ix,
3109 3213 3324 3270 Codicis
3352 3215 3745 3274 Theodosiani.

2144 3280 2215 3337 At
2251 3280 2588 3356 cuttrin’liac
2629 3281 2917 3356 Bernensis
2972 3285 3202 3340 lcetione
3245 3288 3500 3342 nonnulla
3548 3289 3742 3356 insint,

2143 3367 2263 3430 q_u:e
2299 3370 2326 3407 a
2361 3353 2683 3430 lenoniam:
2717 3355 3002 3430 locutionis
3035 3357 3361 3430 proprielatc
3403 3374 3467 3414 ac
3505 3353 3747 3430 puritate

2141 3424 2335 3498 abesse
2364 3425 2632 3489 videntur,
2670 3441 2901 3497 cumque
2933 3429 2983 3480 in
3018 3424 3175 3498 hujus
3213 3424 3522 3485 Zenuniani'
3551 3437 3742 3490 saeculi

2142 3495 2351 3564 legibus
2385 3498 2468 3551 tit.
2501 3512 2612 3552 xvtt
2659 3497 2752 3572 |ib_.
2787 3495 2839 3553 ti
2866 3498 3067 3572 laudati
3091 3495 3330 3558 'Codicis
3365 3501 3623 3572 frequens
3653 3521 3746 3560 oc-

2140 3577 2327 3642 currat
2343 3583 2529 3642 eorum
2561 3568 2938 3642 reprehensio,
2963 3572 3051 3640 qui
3077 3572 3320 3640 sepulcra
3345 3568 3706 3631 demetiuntur
3730 3622 3741 3642 ,

2137 3636 2269 3716 Leg.
2300 3641 2334 3716 _i
2364 3636 2813 3716 ejusdem’tituii;
2846 3636 3122 3714 dejiciunt,
3141 3636 3284 3716 Leg.
3314 3644 3382 3708 ‘2;
3413 3636 3739 3716 subvertant,

2139 3710 2267 3782 Leg.
2299 3711 2365 3777 5;
2417 3713 2707 3788 destruunt,
2752 3712 2878 3788 Leg.
2902 3710 2967 3768 ’.4
2993 3730 3006 3775 ;
3037 3731 3155 3788 qua:
3186 3710 3326 3769 idem
3354 3725 3480 3770 sunt
3508 3735 3572 3775 ac
3594 3710 3740 3788 apud

2138 3794 2412 3859 auctorem
2435 3783 2747 3859 defodiunt;
2789 3787 3063 3859 vulgatam
3085 3785 3397 3853 lectionem,
3429 3804 3553 3859 qua:
3573 3783 3742 3850 caste-

2137 3870 2320 3909 rorutn
2351 3855 2478 3910 item
2503 3865 2586 3910 est
2623 3855 2896 3920 codicum,
2936 3857 3161 3911 nihilum
3193 3855 3582 3916 immutandum
3617 3881 3742 3918 cre-

2134 3925 2390 4002 didimus.
2434 3925 2848 4002 sermoitaqne
2874 3928 2959 3983 hic
2999 3928 3173 4002 estde
3211 3929 3335 3994 illis,
3372 3933 3460 4002 qui
3493 3937 3741 3992 avaritia:

2134 3999 2315 4054 studio
2341 3999 2590 4071 sepulcra
2620 3997 2964 4053 defodiebant
2983 4041 2997 4063 ,
3047 4000 3126 4055 vel
3157 4011 3212 4054 ut
3242 3997 3404 4071 agros
3432 4019 3562 4058 suos
3595 4006 3740 4060 dila-

2135 4079 2310 4152 tarent
2350 4070 2616 4152 (sepulcra
2645 4075 2788 4152 enim
2815 4086 3102 4152 agrorum”
3123 4070 3329 4152 partem
3348 4078 3739 4152 occupabant)

2134 4141 2242 4207 vel,
2275 4141 2417 4209 quod
2443 4143 2739 4208 praesertim
2783 4142 3197 4211 repreliendiznr
3236 4144 3289 4199 in
3347 4141 3577 4202 laudatis
3623 4141 3736 4204 (Συῖ

2131 4211 2264 4267 dicis
2284 4212 2643 4268 Theodosiani
2671 4212 2910 4286 legibus.
2931 4224 2986 4286 ut
3021 4216 3391 4283 sepulcrorum
3421 4219 3734 4286 columnas,

2131 4299 2396 4339 tnarmora
2435 4293 2796 4355 caeteramquc
2833 4284 3278 4342 tediiicationibus
3321 4290 3504 4344 utilem
3555 4284 3733 4346 male;

2130 4357 2262 4410 rictu
2293 4356 2414 4428 aliis
2443 4356 2756 4420 venderent,
2785 4356 2868 4410 vel
2895 4358 2944 4410 in
2977 4357 3256 4428 proprium
3287 4375 3439 4414 usum
3467 4366 3737 4420 transfer-

2129 4437 2266 4482 rent.
2293 4427 2370 4483 De
2390 4428 2557 4481 omine
2579 4436 2755 4481 autent
2783 4429 2926 4496 quod
2953 4427 3189 4494 additur,
3212 4431 3494 4498 lleraldus,
3523 4435 3576 4489 in
3596 4440 3734 4490 Ani-

2132 4498 2598 4572 utadversiotnbus
2615 4499 2686 4572 _ad
2715 4500 3034 4572 Arnob-um,
3062 4516 3183 4572 pag.
3211 4501 3338 4567 100,
3359 4505 3616 4558 tuendum
3645 4507 3736 4564 hic

426 4561 607 4632 militis
638 4579 856 4638 timent.
889 4579 973 4632 vel
1027 4561 1295 4648 Spernunt
1322 4561 1408 4646 (de
1450 4576 1592 4648 enim
1626 4561 1936 4648 pra-positio
1963 4561 2017 4626 in
2053 4561 2099 4622 D
2128 4570 2296 4648 latere
2320 4570 2524 4640 judicat
2555 4587 2567 4623 :
2603 4568 2897 4648 Legetttluut
2923 4561 3243 4626 enim-dubio
3272 4561 3452 4648 procul
3472 4618 3486 4640 ,
3528 4561 3730 4648 inquit,

424 4650 740 4718 compositis
770 4644 1219 4716 tniuueadi'smpe
1258 4644 1365 4702 vim
1409 4647 1604 4709 habet,
1661 4655 1718 4698 ut
1759 4644 2016 4718 detumes-

422 4714 566 4785 cere,
586 4721 847 4786 detonare,
879 4723 1011 4787 etc.)
1034 4714 1697 4790 oumemquermortemhmc
1726 4718 1809 4790 ob‘
1829 4714 2010 4790 praelia

418 4793 598 4848 civilia
633 4791 817 4848 subire
857 4807 960 4845 non
995 4793 1171 4844 timent
1214 4787 1320 4845 :'et
1344 4789 1446 4843 hue
1475 4805 1689 4859 quoque.
1726 4787 2010 4842 referenda

418 4878 598 4920 essmt
626 4864 907 4935 sequentia
930 4879 950 4935 :7
977 4862 1069 4918 Sic
1097 4861 1487 4935 sieAinterempti
1521 4859 1818 4935 plerumque
1836 4861 2013 4932 jaceat

415 4939 647 5003 canibus,
665 4931 767 4992 etc.
781 4977 798 5003 ,
814 4934 956 5006 quod
977 4935 1028 4988 in
1051 4932 1442 5006 civdibusillis,
1461 4945 1554 4985 seu
1571 4931 1854 5006 rusticanis
1877 4945 2014 5001 prte-

415 5006 527 5073 liis,
561 5002 658 5077 pro
685 5002 934 5077 agrorum
968 5005 1164 5059 liuilms
1193 5004 1518 5077 excitantur,
1551 5002 1850 5077 plerumque
1879 5017 2010 5077 sane

413 5072 1058 5150 contigisse'luculenter
1107 5078 1298 5150 probat.
1351 5075 1620 5150 peculiare
1660 5075 1715 5129 S.
1760 5072 2010 5150 Gregorii

410 5145 656 5221 NyssJ-ni
686 5146 1049 5221 testimonium
1073 5145 1236 5221 sertn.
1268 5145 1326 5221 gi,
1359 5145 1421 5198 de
1454 5145 1736 5221 Oratione,
1770 5145 1856 5221 ubi
1885 5159 2010 5221 ava-

409 5215 550 5278 riitze
581 5223 796 5290 quidem
825 5219 1074 5275 eil'eetum
1104 5219 1442 5282 describens,
1475 5221 1580 5290 ait:
1603 5215 1844 5290 Agricola
1869 5217 2008 5287 agri-

407 5286 667 5350 culturam
701 5291 997 5347 necessariis
1036 5289 1212 5344 usibus
1259 5304 1360 5342 non
1390 5289 1618 5354 metitur,
1649 5286 1737 5341 sed
1763 5286 1832 5340 ad
1856 5286 2007 5357 plura

405 5367 637 5421 studium
660 5379 862 5436 semper
878 5362 1164 5436 intendens.
1191 5360 1315 5414 dum
1338 5359 1520 5413 alienis
1543 5359 1730 5436 ﬁnibus
1753 5375 2008 5427 usurpan-

405 5439 486 5493 dis
515 5455 636 5492 suus
665 5431 818 5502 agros
845 5434 1000 5488 latius
1027 5436 1238 5502 profert,
1282 5446 1530 5502 maguum
1569 5431 1767 5502 aditum
1795 5440 2004 5501 peccato

400 5511 643 5564 adversus
669 5501 802 5562 iilud
830 5503 1057 5560 studium
1099 5501 1251 5573 atque
1275 5503 1562 5555 imtitutum
1592 5501 1708 5556 vita:
1735 5503 1994 5572 patefacit.

405 5578 557 5636 Unde
587 5579 769 5635 sedata
798 5586 947 5643 atque
968 5575 1250 5645 compositu
1277 5573 1506 5645 difﬁciles
1528 5573 1762 5626 oriuntur
1783 5581 1996 5625 conten-

399 5654 561 5708 tiones
587 5662 635 5731 et
658 5651 812 5731 lites,_
835 5650 900 5702 de
933 5644 1128 5731 [imbus
1148 5644 1543 5731 agroruminter
1563 5653 1856 5731 sedatutuas'
1875 5660 1997 5731 con-

398 5725 669 5778 troversias
699 5713 1038 5777 excitantibus
1069 5720 1150 5777 iis.
1179 5713 1264 5787 qui
1293 5717 1449 5792 simili
1473 5716 1702 5792 avaritia:
1725 5713 1900 5792 morbo
1923 5723 1996 5768 te-

398 5805 596 5850 nentur.
632 5792 678 5847 ΙΙ
687 5795 765 5848 inc
783 5795 893 5861 ira),
920 5793 1036 5846 hinc
1057 5793 1271 5862 impetus
1293 5789 1360 5843 ad
1385 5788 1575 5842 malum
1596 5829 1610 5850 ,
1635 5787 1753 5842 hinc
1774 5787 1993 5841 aliorum

1389 5951 1445 5982 ,δ

2121 4644 2328 4695 timeant
2363 4658 2531 4706 auten,
2554 4644 2642 4709 qui
2665 4658 2764 4695 non
2787 4642 2968 4697 timent
2995 4654 3241 4711 mortem;
3269 4645 3324 4698 id
3336 4656 3408 4700 est
3432 4649 3476 4701 si
3503 4642 3726 4706 mortem

2119 4729 2220 4766 non
2248 4717 2445 4777 timent,
2477 4713 2565 4783 qui
2585 4714 2710 4766 talia
2733 4724 2916 4784 agunt,
2946 4715 3130 4769 saltem
3151 4733 3299 4770 auten
3327 4719 3579 4784 timeant;
3606 4739 3730 4777 nunt

2116 4785 2358 4857 sepulcra
2385 4801 2501 4837 cum
2528 4785 2834 4852 defodiunt,
2865 4802 3013 4857 omen
3039 4786 3136 4840 sibi
3178 4787 3378 4857 faciunt
3407 4790 3730 4850 detestanda:

2116 4855 2230 4923 post
2251 4865 2460 4931 mortem
2482 4858 2652 4931 tumis,
2674 4858 2797 4931 etin
2819 4857 2949 4924 ipsis
2971 4855 3198 4931 Zena'nis
3213 4862 3372 4914 verbis
3393 4879 3540 4916 omen
3567 4867 3724 4931 inest,

2115 4930 2289 5002 quasi;
2309 4943 2378 4982 ex
2411 4926 2660 5002 demissis
2691 4927 2916 5002 aliorum
2959 4930 3223 4998 sepulcris
3243 4973 3258 4997 ,
3288 4947 3395 5002 quo
3423 4934 3618 5002 fiebat,
3669 4926 3730 4993 ut.

2115 4999 2343 5070 aliorum
2385 5015 2505 5053 ossa
2531 5013 2584 5054 et
2611 4998 2826 5053 cineres
2855 4998 3323 5070 dispergerentur:
3354 5003 3405 5058 td
3437 4998 3724 5063 onteu'es-

2115 5080 2198 5125 set
2221 5069 2356 5139 ejus,
2383 5069 2527 5140 quod
2557 5070 2774 5138 quidem
2807 5071 2855 5123 id
2874 5069 3091 5140 generis
3115 5073 3423 5130 horninibus
3443 5080 3718 5140 accidere.

2112 5156 2451 5218 quacumque
2468 5145 2533 5196 de
2549 5141 2970 5218 cattsa,solehat,
2985 5157 3038 5218 ut
3057 5146 3361 5218 interempti
3380 5149 3498 5202 sine
3513 5153 3724 5206 tumulo

2112 5225 2322 5288 essent.
2365 5213 2434 5267 At
2473 5227 2594 5267 cum
2637 5229 2782 5288 omen
2827 5229 2891 5268 ex
2934 5215 3249 5271 idololatriae
3290 5213 3716 5288 superstitione,

2111 5300 2270 5357 quam
2297 5285 2481 5357 Patres
2515 5284 2958 5350 exsecrabantur,
2991 5289 3255 5357 originem
3283 5284 3539 5354 duceret;
3573 5284 3716 5349 haud

2110 5355 2380 5434 credimus
2409 5355 2465 5410 S.
2500 5360 2812 5434 episcopum
2847 5363 2963 5434 eius
2993 5355 3192 5434 ominis
3222 5374 3447 5434 metum,
3487 5364 3589 5419 etsi
3621 5381 3719 5434 per

2109 5425 2416 5494 ridiculum,
2447 5425 3022 5498 voluisse’przecipere.
3051 5429 3219 5498 Igitur
3246 5433 3419 5487 timent
3449 5451 3596 5489 omen
3621 5425 3716 5492 ’το-

2109 5498 2385 5568 liquimus,
2419 5498 2492 5552 uti
2525 5509 2606 5554 est
2635 5500 2685 5553 in
2715 5499 2876 5554 editis
2906 5507 2962 5555 et
2991 5517 3124 5556 mss.
3150 5504 3439 5561 otnnibus:
3475 5514 3531 5560 et
3573 5509 3713 5564 forte

2106 5570 2345 5643 intmitur
2390 5570 2636 5643 qumdam
2687 5568 3025 5625 defoSsoruu’t
3069 5575 3340 5643 ejusmodi
3390 5591 3706 5642 excusatio,

2101 5640 2245 5710 quod
2271 5656 2336 5696 ex
2364 5640 2738 5712 sepulcrorum
2767 5640 3169 5713 propinquitate
3195 5664 3341 5701 omen
3371 5649 3564 5704 mortis
3591 5640 3707 5705 nth

2102 5722 2346 5775 tuereut,
2370 5729 2492 5768 cum
2513 5724 2770 5768 caeterum
2795 5728 2854 5768 re
2881 5716 2998 5784 ipsa
3019 5729 3250 5773 mortem
3275 5721 3429 5776 obire
3450 5722 3708 5777 timerent

2101 5785 2324 5842 nullam.
2364 5785 2455 5840 Sic
2477 5785 2550 5838 sic
2578 5787 2826 5855 repetitio
2858 5785 3062 5844 Zenoni
3093 5789 3372 5846 familiaris
3399 5793 3486 5861 (ut
3512 5793 3700 5852 viden:
