3960 6330
473 274 571 334 551

1816 266 2075 325 .SANCTI
2114 265 2408 327 ZENONIS
2449 255 2451 258 ‘

3636 272 3724 327 55?.

461 391 594 446 feris
639 403 742 444 non
792 395 971 459 potest
1012 387 1298 458 denegare.
1346 385 1487 442 Mera
1538 387 1781 456 profecto
1834 386 2051 441 vesania
2081 386 2137 446 Α
2161 387 2382 453 tollitur,
2432 394 2526 442 aut
2575 385 2808 442 declinat
2839 403 2851 441 ε
2881 380 3063 440 omnia
3101 385 3265 453 bona,
3305 393 3464 456 atque
3492 398 3722 456 perpetua

460 491 546 538 est
588 480 868 538 beneficiis
922 478 1164 534 invidere
1220 488 1451 533 naturae.
1504 478 1655 532 Alius
1706 477 1830 532 inde
1879 491 2059 531 rerum

472 574 712 630 omnium
734 581 913 642 captat
939 586 1226 637 annonam,
1253 579 1550 642 aucupatur
1574 569 1906 625 distrahendi
1931 578 2064 624 tem-

473 679 592 737 pus,
625 665 798 719 minor
841 663 897 719 in
947 677 1218 730 mensura,
1265 662 1438 732 major
1465 662 1519 716 in
1560 663 1770 732 pretio:
1817 672 1974 732 negat
2005 676 2065 716 se

470 757 693 822 habere,
715 757 856 826 quod
883 754 1164 819 distrahat,
1199 767 1254 810 ut
1281 765 1524 826 rogetur,
1550 764 1607 809 ut
1627 754 1833 824 jugulet
1862 772 1875 806 :
1904 762 2065 822 atque

468 853 673 908 utinam
723 853 1030 922 incorrupta
1080 852 1293 922 species
1357 850 1698 906 venderetur.
1756 846 2066 919 lngemiscit

469 955 754 1016 praeterea,
783 946 826 1000 si
854 960 1028 1000 annus
1052 953 1135 1001 est
1163 944 1391 1007 sterilis,
1427 944 1592 998 multo
1621 942 1810 1010 magis,
1841 940 1886 996 si
1917 941 2065 995 ferti-

470 1041 536 1095 lis
559 1040 720 1096 fuerit
748 1059 761 1092 :
793 1040 923 1105 illic,
948 1039 1073 1110 quia
1106 1053 1292 1110 parum
1323 1038 1596 1102 distrahit,
1631 1036 1770 1102 heic,
1801 1036 1923 1104 quia
1956 1049 2062 1090 non

467 1133 637 1189 solus.
680 1132 856 1189 Vultis
896 1133 1058 1197 scire,
1090 1131 1308 1201 quantis
1355 1132 1425 1185 sit
1462 1129 1702 1186 tenebris
1733 1125 2063 1184 obvolutus?

468 1225 719 1282 irascitur
753 1225 887 1290 Deo,
916 1226 960 1280 si
1001 1238 1106 1280 non
1157 1237 1375 1294 semper
1420 1223 1511 1276 fiat
1556 1222 1783 1293 publicis
1833 1220 2066 1276 luctibus

465 1317 641 1373 dives.
673 1317 819 1374 Bene
858 1318 1015 1382 bene,
1049 1331 1171 1372 cum
1202 1316 1326 1386 quis
1363 1314 1556 1386 quaerit
1599 1329 1788 1369 aurum
1810 1354 1825 1379 ,
1863 1313 2068 1368 invenit

467 1408 729 1480 gladium.

541 1499 604 1554 V.
646 1485 793 1555 Inter
827 1499 944 1554 haec
971 1513 1132 1555 nemo
1155 1497 1468 1554 considerat
1505 1497 1871 1553 conditionem
1909 1496 2067 1566 fragi-

465 1592 632 1650 litatis
668 1593 946 1658 humanae,
985 1607 1146 1648 nemo
1189 1593 1432 1656 hostem,
1469 1606 1627 1647 nemo
1668 1592 1876 1657 fiscum,
1907 1604 2067 1645 nemo

467 1686 757 1751 latronem,
787 1699 950 1741 nemo
977 1684 1334 1740 domesticum
1353 1724 1368 1748 ,
1402 1683 1492 1754 qui
1533 1683 1841 1752 cognitione
1871 1682 2064 1737 secreti

2167 479 2468 534 exuberant
2515 479 2736 549 passim.
2780 478 2938 532 Certe
2985 477 3128 546 quod
3175 477 3402 547 primum
3441 486 3540 543 est,
3587 493 3726 533 nemo

2166 583 2308 644 eget,
2338 587 2498 629 nemo
2520 573 2743 639 invidet,
2771 586 2934 626 nemo
2955 569 3188 637 furatur,
3221 584 3378 626 nemo
3413 573 3564 639 rapit,
3589 586 3727 626 nemo

2168 664 2475 734 proscribit,
2519 678 2679 720 nemo
2715 663 2947 734 jugulat,
2980 661 3212 716 moritur
3239 677 3395 718 nemo
3426 677 3438 716 :
3465 675 3639 716 omnes
3664 662 3730 717 fe-

2170 757 2320 821 lices,
2349 770 2539 812 omnes
2581 756 2882 821 unanimes,
2931 769 3122 811 omnes
3168 754 3523 822 immortales,
3563 770 3730 812 omnes

2168 857 2294 905 sunt
2321 864 2536 921 semper
2563 849 2799 921 aequales
2835 865 2847 902 :
2880 848 3024 919 quod
3053 850 3216 904 unius
3247 858 3350 915 est,
3382 848 3610 904 omnium
3639 859 3729 916 est,

2168 943 2310 1012 quod
2353 943 2626 1010 omnium,
2674 941 3030 1013 singulorum.
3084 941 3258 998 Vultis
3297 943 3466 1008 scire,
3495 958 3608 1013 qua:
3639 943 3734 1000 illic

2170 1035 2444 1091 beatitudo
2487 1035 2782 1090 versetur?
2818 1050 2978 1091 nemo
3007 1047 3159 1090 suam
3190 1044 3416 1102 vestem,
3455 1050 3605 1090 nemo
3627 1050 3735 1090 suas

2170 1129 2484 1198 margaritas
2513 1128 2814 1194 abscondit,
2845 1143 3010 1182 nemo
3037 1126 3245 1198 lapides
3289 1127 3571 1198 pretiosos,
3597 1143 3736 1183 nemo

2169 1233 2380 1285 aurum,
2413 1233 2573 1276 nemo
2599 1229 2904 1292 argentum,
2939 1229 2994 1276 et
3034 1230 3213 1276 tamen
3258 1218 3372 1292 (24)
3402 1220 3576 1276 nullus
3603 1220 3736 1275 timet

2169 1311 2394 1366 furtum.

2645 1421 2756 1496 85
2794 1421 3209 1479 TRACTATUS
3237 1420 3305 1478 Χ.

2681 1538 2760 1595 De
2809 1539 2886 1611 (1)
2926 1538 3154 1594 Avaritia
3203 1538 3268 1594 ll.

2245 1678 2284 1733 Ι.
2309 1677 2542 1732 Avaritia
2565 1692 2726 1748 quam
2742 1677 2901 1732 facile
2917 1677 3161 1747 arguitur
3179 1675 3246 1730 ab
3263 1673 3346 1746 (Ξ)
3361 1674 3620 1740 erunibus,
3643 1674 3732 1730 uti-

466 1785 551 1832 est
592 1777 833 1832 omnium
886 1777 1060 1847 pejor,
1123 1791 1285 1832 nemo
1327 1777 1672 1831 imminentes
1717 1774 1828 1829 diei
1872 1774 2060 1844 judicii
2092 1777 2140 1839 B
2169 1786 2291 1826 nam
2342 1769 2511 1840 possit
2551 1779 2658 1824 tam
2702 1767 2860 1823 facile
2904 1784 3010 1823 non
3043 1770 3211 1821 amari
3248 1776 3376 1823 :est
3395 1767 3536 1822 enim
3565 1766 3735 1820 artifex

465 1867 738 1932 ﬂammas,
791 1885 888 1939 per
934 1884 1069 1940 quas
1117 1883 1307 1924 omnes
1352 1869 1476 1922 nudi
1521 1867 1799 1922 transituri
1855 1880 2062 1922 sumus.

466 1961 653 2018 Solum
699 1961 918 2028 colitur,
962 1961 1030 2017 de
1076 1977 1182 2032 quo
1228 1961 1434 2015 dictum
1476 1970 1560 2014 est
1593 1979 1604 2012 :
1641 1958 1795 2014 [data
1839 1960 2066 2030 gentium

463 2063 731 2124 argentum
754 2063 804 2109 et
831 2070 1018 2107 aurum
1050 2052 1201 2125 (Psal
1227 2069 1387 2116 cun,
1415 2051 1479 2116 4;
1515 2050 1664 2105 Psat.
1689 2067 1914 2116 custv,
1949 2051 2062 2120 15),

467 2162 570 2218 pro
587 2160 697 2214 quo
726 2146 847 2215 quis
875 2158 967 2200 aut
988 2145 1281 2216 jugulatur,
1315 2154 1407 2198 aut
1428 2145 1655 2216 jugulat.
1692 2145 1893 2198 Vellem
1925 2145 2068 2200 scire

473 2249 677 2301 tamen,
711 2249 857 2292 tanta
885 2239 1002 2308 ejus
1023 2238 1204 2293 rabies
1232 2237 1360 2308 quid
1393 2238 1683 2305 voluptatis
1708 2234 1823 2308 84
1850 2237 2067 2303 habeat,

469 2347 569 2387 suo
584 2331 781 2386 cultori
800 2330 926 2401 quid
944 2331 1196 2401 praestet?
1216 2329 1443 2384 Febrem
1465 2345 1568 2384 non
1588 2330 1899 2399 exstinguit,
1921 2344 2068 2382 mor-

469 2425 568 2480 bos
595 2439 704 2479 non
735 2423 984 2488 discutit,
1020 2423 1332 2478 vulneribus
1383 2437 1490 2476 non
1536 2421 1807 2486 medetur,
1851 2421 2068 2475 dolores

469 2533 576 2572 non
629 2515 800 2580 tollit,
847 2523 1077 2570 mortem
1126 2531 1231 2569 non
1279 2516 1516 2585 repellit.
1570 2514 1670 2568 nisi
1717 2513 1860 2583 quod
1907 2528 2070 2567 sanos

468 2609 668 2666 occidit
698 2628 711 2662 :
757 2624 855 2664 nec
885 2607 1240 2663 manducatur
1275 2608 1566 2679 aliquando
1595 2617 1766 2671 certe,
1796 2596 1900 2663 nec
1933 2608 2070 2662 bibi-

474 2711 582 2768 tur,
617 2717 717 2759 nec
737 2702 852 2774 (25)
881 2703 935 2756 in
962 2700 1171 2756 inferno
1197 2716 1318 2756 cum
1351 2716 1449 2755 suo
1464 2700 1721 2771 praedone
1748 2699 2067 2768 descendet,

470 2796 644 2851 solum
671 2794 813 2865 quod
834 2795 1024 2849 oculos
1053 2793 1294 2848 infelices
1322 2793 1647 2863 inanemque
1673 2793 2066 2847 conscientiam

465 2888 534 2943 ad
564 2889 666 2943 hoc
699 2889 748 2942 in
783 2888 1000 2958 maligni
1031 2887 1262 2958 fulgoris
1289 2887 1599 2955 cupidinem
1627 2888 1800 2942 diram
1847 2903 1942 2957 spe
1975 2902 2070 2957 po-

469 2981 644 3036 tiundi
671 2980 1001 3049 praecipitat,
1036 2995 1103 3034 ne
1141 2979 1308 3050 gratis
1338 2979 1498 3034 homo
1534 2979 1783 3035 videatur
1835 2981 2066 3035 occisus.

539 3072 630 3128 Vl.
662 3073 768 3129 Sed
800 3087 900 3128 nos
929 3087 1035 3127 non
1061 3071 1126 3127 ad
1167 3086 1381 3136 avaros,
1413 3072 1508 3127 sed
1547 3072 1614 3127 de
1645 3073 1822 3128 avaris
1859 3087 2067 3128 sermo-

2168 1880 2230 1920 ac
2252 1864 2412 1919 dulce
2445 1864 2667 1928 malum,
2691 1872 2748 1918 et
2775 1863 3087 1918 hominibus
3127 1861 3406 1917 universis
3441 1876 3645 1930 semper
3670 1863 3740 1914 itt-

2170 1957 2387 2012 festum.
2418 1956 2660 2026 Denique
2681 1970 2788 2010 non
2818 1955 3139 2011 habentibus
3155 1954 3394 2018 divitias,
3424 1952 3642 2008 habendi
3668 1955 3737 2006 in-

2163 2049 2283 2121 jicit
2311 2050 2658 2120 cupiditatem
2696 2067 2708 2103 :
2739 2049 3061 2106 habentibus
3093 2047 3176 2121 (5)
3208 2048 3402 2104 adimit
3439 2049 3741 2103 satietatem.

2172 2145 2248 2199 Ita
2278 2158 2468 2199 omnes
2497 2145 2549 2198 in
2588 2143 2793 2199 rabiem
2827 2159 2928 2196 uua
2969 2151 3294 2210 tempestate
3341 2142 3656 2212 praecipitat,
3694 2149 3744 2193 ut

2173 2239 2387 2294 ubinam
2417 2239 2489 2294 sit
2535 2238 2728 2308 major,
2777 2238 3017 2307 ignores.
3061 2236 3162 2291 Est
3197 2247 3382 2291 autem
3428 2235 3613 2290 similis
3653 2233 3746 2304 igni

2171 2329 2320 2384 arida
2353 2329 2543 2399 pabula
2575 2329 2908 2399 depascenti,
2943 2345 3062 2400 quae
3113 2330 3214 2384 nisi
3249 2329 3478 2395 finiant,
3507 2345 3606 2382 non
3647 2327 3747 2381 ﬁni-

2173 2431 2277 2476 tur.
2313 2421 2461 2476 Hanc
2483 2421 2785 2476 mediocres
2823 2419 3100 2476 fraudibus
3131 2422 3424 2488 excolunt,
3468 2420 3651 2476 divites
3674 2416 3744 2489 (4)

2173 2513 2512 2583 impotentia,
2541 2512 2753 2582 judices
2776 2513 2970 2583 gratia,
2997 2514 3186 2567 diserti
3223 2513 3554 2570 mercenaria
3581 2527 3640 2567 ac
3665 2511 3748 2565 du-

2173 2608 2298 2678 plici
2331 2608 2507 2678 lingua
2527 2649 2543 2674 ,
2575 2621 2734 2678 reges
2778 2607 3029 2677 superbia
3059 2645 3076 2669 ,
3131 2609 3498 2677 negotiatores
3543 2605 3744 2672 astutia,

2173 2703 2316 2756 inani
2353 2717 2617 2770 pauperes
2640 2710 2788 2764 voto,
2815 2702 3055 2756 cultores
3075 2701 3173 2756 Dei
3201 2701 3327 2756 odio
3349 2701 3613 2766 simulato,
3641 2707 3749 2753 tote

2172 2803 2350 2848 autem
2383 2805 2572 2863 gentes
2621 2794 2998 2864 universasque
3028 2794 3275 2848 nationes
3310 2792 3507 2866 gladio.
3541 2792 3639 2848 Per
3677 2807 3752 2845 oro

2174 2885 2295 2942 bem
2329 2895 2500 2940 totum
2538 2901 2730 2941 vesana
2761 2887 3070 2951 bacchatur,
3107 2887 3260 2944 novis
3287 2902 3355 2942 ac
3384 2887 3541 2944 variis
3570 2886 3752 2940 artibus

2176 2979 2388 3034 fervens
2419 2997 2431 3034 :
2459 2995 2737 3050 nunquam
2769 2981 2971 3050 quieta,
2999 2996 3110 3035 non
3143 2981 3252 3045 die,
3288 2995 3398 3036 non
3447 2989 3626 3044 nocte,
3653 2992 3746 3034 non

2174 3074 2338 3139 bello,
2373 3089 2480 3129 non
2513 3089 2644 3144 pace
2687 3092 2700 3128 :
2737 3090 3012 3150 nunquam
3056 3085 3238 3130 satura
3268 3095 3280 3131 :
3311 3077 3580 3131 lucrorum
3607 3089 3748 3128 enor-

470 3180 593 3222 nem
617 3165 862 3229 fecimus,
893 3165 1087 3220 fratres
1113 3183 1125 3218 :
1154 3165 1393 3235 alioquin
1427 3165 1558 3219 solis
1583 3165 1780 3220 divinis
1806 3165 2070 3234 exemplis
2096 3157 2141 3220 C
2176 3167 2364 3222 mitate
2393 3169 2658 3223 miserior.
2695 3168 2899 3224 Novum
2929 3168 3258 3224 calamitatis
3287 3179 3377 3225 est
3401 3183 3588 3240 genus,
3623 3167 3751 3238 quod

468 3269 785 3331 oportuerat
826 3274 1104 3331 perorare,
1154 3266 1304 3315 esset
1351 3259 1393 3314 si
1443 3259 1562 3329 quis
1610 3259 1729 3315 heic
1772 3259 1917 3315 talis.
1959 3259 2067 3314 Sed

468 3352 591 3421 quia
643 3352 694 3406 in
723 3353 876 3407 vobis
908 3350 1041 3407 lides
1067 3361 1122 3406 et
1152 3351 1348 3422 pietas,
1392 3367 1512 3421 qua:
1538 3361 1622 3405 cst
1652 3351 1844 3406 idonea
1883 3352 2071 3422 expul-

471 3444 573 3498 trix
603 3445 864 3509 avaritiae,
898 3452 1079 3499 manet
1105 3453 1265 3514 atque
1297 3443 1578 3513 gloriatur,
1608 3441 1756 3512 digni
1791 3442 1920 3497 estis
1953 3443 2070 3496 uni-

469 3538 613 3592 versi
656 3552 846 3591 aurum
893 3548 1281 3608 argentumque
1328 3548 1574 3593 nontam
1627 3539 1864 3604 habere,
1907 3555 2068 3610 quam

471 3643 628 3693 esse;
657 3641 782 3683 nam
810 3641 906 3684 vos
934 3631 1064 3685 estis
1103 3646 1290 3684 aurum
1342 3631 1522 3686 vivum
1574 3631 1691 3697 Dei,
1734 3628 1934 3686 Christi
1975 3646 2072 3686 vos

473 3732 778 3794 argentum,
802 3737 896 3776 vos
923 3721 1156 3793 Spiritus
1186 3723 1354 3776 sancti
1379 3723 1601 3785 divitiae,
1638 3739 1754 3788 vos,
1786 3724 1828 3776 si
1860 3733 2071 3777 terrena

477 3813 695 3869 metalla
722 3814 1192 3882 contempseritis,
1230 3815 1384 3884 longe
1433 3815 1516 3868 his
1564 3814 1693 3868 vitae
1726 3824 1918 3868 vestra:
1958 3814 2077 3868 the-

477 3921 688 3962 saurus.
734 3905 900 3960 Vobis
940 3921 1074 3961 auro
1115 3915 1426 3960 constructa
1473 3907 1695 3960 aetheria
1744 3907 1830 3960 illa
1885 3908 2076 3962 civitas

479 3997 746 4053 destinata
773 4006 858 4054 est
887 4019 900 4054 :
932 3998 1074 4052 nulla
1101 3999 1300 4052 intrare
1331 3997 1634 4052 volentibus
1664 4013 1813 4051 mora
1844 4013 1858 4052 :
1894 4007 2078 4067 patent

479 4092 763 4148 duodecim
795 4102 985 4162 portae,
1023 4093 1321 4147 habitacula
1355 4101 1654 4162 prmparata
1686 4102 1811 4147 sunt
1843 4092 2071 4157 inﬁnita,

482 4199 643 4240 nemo
663 4186 735 4240 sit.
759 4185 826 4240 de
848 4187 1127 4240 m:tnsi0tte
1147 4185 1431 4240 sollicitus.
1456 4182 1632 4239 Certae
1657 4185 1844 4254 gloria:
1875 4195 2074 4240 nostra:

483 4276 710 4348 insignis
759 4293 844 4332 res
889 4279 1010 4343 erit,
1045 4279 1088 4332 si
1141 4277 1235 4332 Dei
1280 4277 1550 4332 civitatem
1601 4270 1855 4333 felicitate
1905 4279 2075 4333 tltlsll‘i

483 4371 692 4425 numeri
733 4369 1018 4425 fecerimus
1063 4379 1365 4438 angustam.
1409 4369 1593 4439 Itaque
1635 4378 1807 4424 estote
1847 4371 2024 4424 securi
2057 4387 2072 4423 :

483 4463 620 4518 nihil
651 4465 703 4518 in
742 4464 836 4518 illa
864 4463 1016 4520 deest
1062 4477 1343 4533 umquam,
1389 4461 1520 4516 nihil
1561 4462 1630 4516 ab
1673 4475 1772 4516 suo
1815 4471 1958 4516 statu
1985 4473 2078 4517 aut

2174 3261 2551 3316 tantummodo
2581 3263 2808 3328 crescit,
2861 3278 3150 3318 senescere
3199 3265 3438 3334 ignorat.
3473 3263 3585 3319 Non
3624 3262 3752 3316 illam

2178 3363 2460 3424 parentum
2491 3354 2662 3422 pietas
2691 3353 2907 3425 frangit,
2942 3370 3050 3410 non
3074 3355 3303 3411 dulcedo
3328 3356 3633 3421 liberorum,
3662 3368 3754 3409 non

2175 3445 2473 3515 conjugalis
2522 3445 2770 3510 affectus,
2821 3462 2925 3500 non
2977 3462 3102 3502 cara
3150 3449 3509 3518 germanitas,
3561 3463 3660 3500 non
3681 3445 3757 3514 jus

2176 3539 2450 3605 amicitiai,
2478 3553 2586 3594 non
2611 3549 2763 3594 tener
2789 3539 3047 3610 pupillus,
3081 3555 3188 3594 non
3211 3540 3347 3594 dura
3392 3539 3640 3604 viduitas,
3663 3551 3755 3592 non

2176 3629 2482 3685 miseranda
2526 3640 2837 3700 paupertas,
2888 3648 2991 3684 non
3037 3630 3134 3686 Dei
3183 3632 3580 3702 contemplatio
3613 3641 3759 3684 :ecce

2177 3723 2322 3777 enim
2357 3721 2441 3775 his
2469 3722 2743 3787 omnibus,
2780 3734 2941 3792 prout
2992 3732 3202 3792 potest,
3230 3725 3399 3779 variis
3441 3724 3641 3778 artibus
3678 3728 3760 3774 aut

2178 3815 2448 3879 adulatur,
2469 3823 2560 3868 aut
2579 3826 2756 3880 nocet,
2773 3816 2820 3871 si
2838 3815 2963 3886 quid
2983 3811 3290 3881 habuerint,
3315 3825 3522 3871 tantum
3537 3827 3590 3870 ut
3609 3813 3757 3869 tollat.

2177 3907 2272 3962 Cui
2304 3915 2483 3962 autem
2513 3917 2720 3977 parcat,
2753 3923 2872 3978 quze
2907 3908 2984 3979 (5)
3015 3918 3069 3963 et
3111 3909 3245 3962 mori
3285 3909 3579 3963 momentis
3606 3902 3761 3961 omni—

2181 4003 2300 4067 bus,
2333 4001 2496 4056 ctiam
2533 4002 2724 4057 frivolo
2749 4017 2810 4057 ac
2838 4003 2982 4072 turpi
3017 4003 3188 4069 lucro,
3220 4002 3464 4058 festinat.

2249 4094 2314 4148 ll.
2343 4093 2480 4161 Quid
2512 4094 2675 4162 igitur
2707 4094 2870 4148 miser
2897 4093 3152 4165 bomo(ti)
3172 4095 3286 4148 auri
3317 4092 3634 4165 argentith
3655 4103 3759 4144 me-

2179 4186 2289 4241 talli
2325 4187 2576 4240 incensus
2608 4202 2743 4240 vana
2771 4185 3092 4256 cupiditate,
3136 4201 3273 4240 vana
3311 4203 3444 4242 cura
3485 4181 3762 4255 torqueris?

2180 4279 2314 4348 Quid
2337 4279 2659 4346 talentorum
2677 4293 2898 4348 magnas
2911 4279 3492 4352 struessscongeris?
3509 4278 3640 4346 Quid
3658 4275 3761 4329 heic

2182 4386 2522 4435 remansura,
2556 4373 2775 4441 pervigil
2807 4372 3174 4428 sollicitudine
3201 4388 3383 4441 cassa,
3425 4389 3527 4428 nec
3555 4373 3646 4428 tibi
3674 4367 3763 4440 ipsi

2184 4463 2306 4518 inde
2331 4463 2536 4533 aliquid
2580 4464 2952 4531 concedendo,
3004 4465 3206 4521 illibata
3249 4466 3764 4533 custodiansuper

483 4645 790 4719 detrimenti
816 4647 1026 4719 capiant
1068 4646 1118 4697 in
1161 4642 1395 4713 praediis,
1429 4643 1510 4695 vel
1539 4657 1602 4697 ea
1630 4657 1825 4719 augere
1853 4643 2068 4719 _cup_ien-
2097 4645 2150 4706 D
2177 4642 2245 4697 ab
2281 4655 2515 4719 _auctore
2567 4646 2842 4719 scriptum-
2884 4647 3048 4704 fuisse
3097 4661 3219 4719 post
3257 4665 3353 4704 an.
3408 4649 3515 4706 378
3541 4693 3555 4718 ,
3615 4648 3760 4702 latius

489 4727 600 4779 tes,
633 4717 744 4770 vias
774 4717 1021 4769 omnibus
1067 4724 1309 4784 patentes
1351 4722 1650 4780 occupant,
1706 4714 1786 4766 vel
1817 4715 2073 4768 claudunt

484 4788 723 4856 sepihns,
752 4803 818 4841 ex
843 4801 948 4856 quo
987 4786 1065 4849 fit,
1095 4803 1162 4838 ne
1188 4786 1310 4854 quis
1339 4785 1497 4836 homo
1530 4785 1724 4838 herbas
1747 4793 1951 4853 tangat,
1987 4786 2072 4840 vel

485 4861 664 4928 sylvas
686 4858 862 4922 adeat,
907 4873 1000 4911 seu
1031 4857 1194 4928 etiam
1237 4871 1309 4928 ne
1350 4870 1514 4928 aquas
1547 4857 1845 4928 in_pr:ediis
1892 4867 2072 4928 scatu-

483 4925 682 4984 rientes
729 4929 981 4998 attingat;
1035 4927 1174 4997 qttod
1227 4925 1550 4979 aninmlihus
1606 4926 1736 4994 ipsis
1784 4927 2074 4996 prohibere

486 5011 659 5068 potest
683 5015 859 5054 nemo.

557 5069 671 5142 (ἓό)
702 5069 767 5124 In
797 5073 998 5140 inferno
1050 5085 1143 5136 pro
1186 5069 1238 5120 iu
1267 5068 1526 5142 infernum
1573 5068 1692 5142 aliis
1722 5070 2071 5142 antiquorum

482 5139 665 5209 proba:
687 5150 825 5195 nota:
839 5143 1172 5210 Seriptnrum
1188 5140 1446 5210 exemplis
1459 5139 1863 5193 continuabitur
1881 5140 1943 5192 ad
1953 5150 2066 5194 not.

481 5213 535 5276 7,
565 5214 615 5265 in
649 5220 799 5265 tract.
830 5221 938 5275 xvt,
974 5211 1062 5265 lib.
1097 5226 1152 5262 tt.
1313 5239 1316 5243 ι

551 5281 666 5354 (24)
703 5282 827 5334 Mss.
857 5281 1303 5354 Rem.,_'folent.,
1337 5279 1483 5354 Vat,
1533 5280 1744 5354 Urbin.,
1791 5280 1925 5333 ullus
1967 5298 2070 5334 non

479 5352 619 5408 timet
649 5352 877 5424 ferrum;
906 5367 1008 5406 ms.
1047 5352 1259 5422 Pmnp.,
1303 5353 1475 5424 nullus
1515 5369 1612 5406 non
1660 5353 1797 5424 timet
1829 5360 2065 5424 portum;

478 5429 563 5480 uhi
595 5421 772 5479 tamen
805 5437 964 5477 manu
998 5421 1274 5490 posteriori
1305 5423 1478 5477 deleta
1516 5433 1597 5477 est
1639 5421 1896 5490 particula
1939 5439 2060 5476 non.

477 5498 620 5551 Edit.
655 5495 815 5562 Ven.,
864 5496 1036 5548 nullus
1084 5510 1182 5546 non
1229 5495 1365 5546 timet
1395 5498 1609 5562 furtum.
1643 5493 1867 5561 Vulgata
1901 5493 2060 5549 lectio

474 5569 756 5623 sententiae
783 5567 952 5635 magis
980 5577 1215 5635 congrua
1247 5565 1356 5619 visa
1381 5573 1482 5617 est.

545 5633 1128 5760 ‘l'a,\crlt'rus'X.——-,$’l)
1157 5634 1438 5702 Inscriptio
1468 5634 1597 5688 edit.
1627 5635 1759 5689 Ven.
1789 5645 1871 5688 est
1892 5633 2004 5687 luet:
2035 5652 2046 5686 :

545 5729 554 5744 ι
587 5710 822 5760 Avaritiae
867 5708 1050 5760 insatia
1087 5709 1268 5760 ilitate.
1303 5716 1348 5760 et
1376 5706 1437 5759 de
1485 5707 1754 5759 mulierum
1790 5706 2046 5760 super/luo

478 5709 554 5762 Dr
587 5710 822 5762 Avaritia:
867 5706 1268 5769 insatiabilitate,
1303 5716 1348 5760 et
1376 5706 1437 5759 de
1485 5707 1754 5759 mulierum
1790 5706 2049 5774 super/luo

472 5781 632 5849 cultu,
655 5779 1018 5835 et'maritorum
1048 5785 1357 5848 contemptu.
1378 5777 1528 5832 Hunc
1553 5785 1732 5833 autem
1764 5785 2046 5832 tractatum

2177 4714 2995 4790 probavimusﬁissert.At,7cap.
3030 4720 3065 4772 2
3098 4714 3111 4784 ξ
3139 4719 3166 4790 §
3196 4721 3247 4773 7.

2250 4784 2328 4925 ('2)
2355 4788 2480 4841 Mss.
2525 4787 2738 4856 Potnp.,
2773 4784 2990 4852 Urbinl,
3024 4784 3342 4846 hominibus.

2273 4857 2328 4922 5)
2361 4858 2485 4912 MSs.
2522 4859 2710 4925 Pomp.
2743 4863 3025 4925 posteriori
3057 4879 3216 4916 manu
3245 4864 3342 4917 inSt

2273 4857 2328 4927 5)
2361 4858 2485 4912 MSs.
2522 4859 2710 4926 Pomp.
2743 4863 3025 4927 posteriori
3057 4879 3216 4916 manu
3245 4864 3437 4917 inserit
3466 4880 3590 4918 non.

2247 4926 2328 5004 (4)
2363 4929 2503 5004 Ισξιξίι.
2524 4929 2694 5004 _Ven..
2727 4926 2780 4983 et
2811 4931 2930 4984 Ver.
2963 4948 3084 4987 cum
3118 4949 3247 4987 mss.
3274 4935 3570 5004 plerisque,
3601 4935 3653 4987 in
3676 4948 3759 4998 po-

2176 5001 2357 5072 tentia,
2390 4999 2486 5072 Ms.
2523 5000 2731 5062 Urbin.,
2764 5005 3017 5071 potentia:
3052 5006 3142 5058 sed
3178 4999 3345 5072 probe
3390 4999 3523 5060 edit.
3561 5005 3759 5066 Patav.,

2176 5069 2472 5146 impotentia
2494 5069 2944 5146 pro‘immoderata
2965 5069 3210 5146 potentia,
3237 5076 3315 5129 uti
3335 5076 3481 5146 apud
3506 5075 3756 5131 Velleium

2183 5139 2275 5193 lib.
2303 5157 2360 5219 tt_,
2384 5139 2505 5219 cap.
2537 5141 2632 5207 29,
2677 5151 2732 5197 et
2766 5144 2836 5197 ita
2881 5139 3019 5213 apud
3063 5139 3463 5202 Corneliunfin
3493 5146 3757 5219 Lysandro

2176 5227 2317 5287 nutu
2332 5213 2356 5266 1
2373 5253 2393 5287 ,_
2405 5214 2665 5287 impotens
2676 5230 2778 5287 pro
2805 5227 3135 5287 praepotente.

2247 5282 2326 5358 (5)
2376 5282 2638 5358 Nntantur
2675 5282 3273 5357 heic'vel'gladiatores,
3309 5291 3400 5358 qui
3433 5291 3503 5346 ob
3551 5289 3746 5343 lucrum

2171 5357 2327 5429 morti
2360 5370 2417 5406 se
2467 5370 2525 5429 se
2552 5356 2829 5429 ohjieiuut.
2865 5356 2950 5412 vel
2997 5361 3090 5423 illi,
3127 5363 3215 5429 qui
3256 5356 3449 5416 eadem
3475 5361 3544 5416 de
3568 5371 3746 5414 caussa

2170 5426 2302 5477 tnari
2329 5439 2452 5476 cum
2481 5428 2601 5480 vitae
2626 5426 2944 5484 discrimine
2973 5446 3033 5483 se
3062 5446 3120 5484 se
3142 5426 3520 5486 committunt.
3551 5455 3556 5458 ·

2239 5494 2662 5573 (6)__ngentlum
2683 5499 2906 5573 _videtur
2935 5503 3077 5554 aurei
3105 5504 3434 5573 argenteique
3462 5501 3672 5557 metalli.
3701 5497 3754 5552 la

2162 5565 2291 5619 edit.
2311 5565 2445 5620 Ven.
2474 5579 2527 5621 et
2550 5586 2648 5622 ms.
2681 5565 3420 5641 l’omp.perperam'melalio.
3458 5574 3618 5628 Paulo
3649 5577 3758 5641 post

2160 5645 2324 5689 strues
2367 5642 2596 5709 congeris
2646 5642 2959 5708 scripsimus
2987 5638 3071 5698 'ex
3120 5660 3220 5698 ms.
3267 5645 3422 5700 Rem.
3464 5643 3522 5699 In
3554 5638 3756 5698 cmteris

2156 5718 2206 5786 et
2237 5725 2365 5786 mss.
2395 5719 2447 5761 et
2477 5709 2636 5786 edi_t_is
2667 5713 2827 5765 struis
2858 5715 3136 5782 congeries.
3171 5715 3302 5771 Dein
3339 5733 3438 5786 pro
3471 5731 3615 5770 cassa
3663 5727 3758 5766 ms.

2157 5774 2288 5834 Urb.
2323 5794 2517 5846 cassus,
2549 5781 2671 5837 Vat.
2715 5774 2972 5840 cessatur:
