3960 6330
470 270 576 324 545

1824 265 2068 322 SANCTI
2106 264 2391 323 ZENONIS
3622 273 3708 331 3M

470 386 793 454 "turbonis,
825 402 941 457 qua
976 396 1090 440 sunt
1117 401 1133 439 :
1164 395 1211 439 et
1240 393 1447 439 utamur
1494 391 1757 448 creatura,
1806 393 2063 453 taniquam
2091 392 2141 450 Α
2245 380 2374 436 VIII.
2407 382 2453 435 Ο
2491 394 2632 437 cmca
2684 394 2834 436 mens
2886 378 3198 436 hominum!
3247 380 3367 451 quid
3404 388 3707 453 praesentium

473 477 589 551 (28)
616 478 667 532 in
674 482 946 552 juventute
967 476 1198 531 celeriter
1225 477 1377 530 :uino
1389 476 1671 547 pretiosoet
1684 475 1957 548 unguentis
1973 489 2064 526 nos

469 570 771 639 impleamus
798 587 811 623 :
854 577 902 624 et
930 586 1031 623 non
1057 577 1324 639 prmlereat
1353 584 1445 622 nos
1474 568 1572 638 ﬂos
1614 567 1879 635 temporis.
1907 564 2065 620 Coro-

472 679 650 717 nemus
677 678 769 716 nos
795 662 930 716 rosis
984 671 1105 716 ante
1148 678 1301 732 quant
1330 669 1667 714 marcescant.
1701 657 1920 712 Nullum
1943 674 2065 728 pra-

469 761 577 806 tum
608 753 705 820 sit,
738 752 877 822 quod
899 768 1001 806 non
1032 762 1255 806 transeat
1285 752 1496 807 luxuria
1517 761 1715 804 nostra.
1758 749 1954 822 Ubique
1978 767 2062 805 rc-

467 843 760 912 linquamus
785 844 937 915 signa
967 841 1159 898 lattitia:
1190 844 1476 913 :quoniant
1500 841 1610 896 lucc
1663 850 1740 895 est
1778 857 1898 912 pars
1939 856 2064 894 nos-

468 947 548 992 tra
571 978 587 1005 ,
619 947 667 991 et
692 939 802 992 haec
829 953 942 991 sors
967 935 1035 1009 (v.
1066 935 1100 991 6
1127 947 1177 990 et
1203 934 1359 1007 seq.).

534 1032 626 1089 VI.
656 1030 811 1087 Illinc
841 1031 1093 1102 spiritus,
1126 1031 1279 1101 quasi
1308 1028 1524 1100 quidam
1547 1028 1651 1084 dux
1678 1027 2061 1100 peritissimus,

2165 476 2457 531 carnalium
2489 490 2670 531 rerum
2703 474 2874 545 fugaci
2907 474 3150 530 illuderis
3193 474 3575 533 blandimento?
3600 481 3708 550 qttid

2165 565 2418 622 deteriori
2468 567 2747 623 meliorem
2776 567 2895 641 (29)
2935 568 3217 637 subiacere
3238 568 3541 639 compellisl
3560 573 3709 641 scrip-

2167 667 2277 714 tum
2301 657 2498 730 quippe
2524 674 2645 714 cmn
2679 659 2895 715 noveris
2928 676 2941 711 :
2979 657 3161 713 Omnis
3180 674 3301 713 caro
3321 659 3510 727 fenum,
3548 670 3591 715 et
3611 662 3709 734 glo-

2163 753 2244 806 ria
2287 754 2420 822 ejus,
2449 755 2580 806 sicut
2604 753 2701 822 ﬂos
2727 753 2832 825 feni
2865 752 2883 823 (
2911 750 2988 807 ls.
3016 769 3107 819 χι,
3140 751 3243 823 6);
3288 753 3435 823 cujus
3473 755 3515 809 si
3551 772 3710 812 curam

2165 845 2344 918 geris,
2398 847 2681 915 peeninam
2722 856 2772 901 te
2798 859 2923 901 esse
2968 847 3273 915 cognoscis.
3319 848 3399 901 An
3428 848 3540 917 ejus
3573 851 3714 903 virtu-

2167 950 2274 995 tem
2299 939 2514 1011 diligis?
2535 938 2733 1010 frangit
2761 954 2823 995 ac
2852 939 3052 1011 subigit
3080 940 3226 995 illam
3256 942 3426 1011 quivis
3451 941 3614 998 dolor.
3641 942 3711 998 An

2168 1030 2652 1102 pulchritudinem?
2674 1030 2792 1103 (50)
2815 1031 2947 1086 levis
2974 1042 3027 1086 et
3054 1030 3449 1086 commutabilis
3466 1046 3547 1088 res
3559 1044 3649 1101 est,
3671 1044 3717 1090 et

468 1128 664 1182 horum
692 1126 935 1179 omnium
970 1124 1219 1193 praedicit
1241 1122 1419 1193 fugam
1440 1163 1455 1188 ,
1486 1122 1539 1175 in
1570 1120 1735 1175 armis
1765 1119 2061 1189 expeditis-

465 1222 605 1276 sime
634 1219 917 1286 standum,
945 1216 1271 1290 vigilandum
1300 1215 1609 1287 diligenter,
1660 1212 1897 1283 undique
1940 1226 2060 1266 cas-

466 1325 548 1369 tra
580 1314 869 1369 munienda
897 1355 912 1377 ,
945 1311 1275 1368 defensanda
1306 1308 1510 1380 regalia
1539 1308 1752 1362 fortiter
1773 1321 1835 1361 ac
1864 1304 2063 1360 tenaci-

464 1417 551 1462 ter
580 1408 728 1477 signa
758 1423 772 1471 ;
804 1416 1001 1468 tostus,
1044 1404 1245 1473 frigus,
1289 1402 1482 1456 famem
1505 1442 1521 1467 ,
1568 1401 1751 1465 sitim,
1786 1401 2065 1454 universa-

461 1521 569 1573 que
597 1502 913 1565 discritnina
958 1500 1334 1577 aequanimiter
1374 1495 1691 1566 perferenda
1740 1513 1753 1549 :
1805 1492 2063 1548 mundum

460 1594 804 1650 abdicatione
834 1591 1154 1647 calcandum
1180 1632 1196 1657 ,
1230 1601 1568 1658 mortemque
1616 1589 1819 1655 ipsam,
1871 1600 2065 1656 peren-
2166 1602 2285 1642 ossa
2327 1587 2581 1643 denudat.
2632 1586 2820 1643 Nonne
2865 1587 3104 1644 horrebit
3147 1590 3311 1644 etiam
3352 1588 3455 1644 sibi
3497 1590 3722 1660 quodam-

461 1688 547 1743 nis
579 1687 665 1741 cui
695 1684 974 1742 beatitudo
1003 1683 1281 1749 succedat,
1316 1680 1593 1748 praemium
1622 1678 1867 1734 victoriae
1893 1676 2063 1747 magis
2169 1678 2333 1734 modo
2362 1678 2451 1734 illa
2487 1679 2605 1751 (55)
2631 1691 2922 1735 excarnata
2947 1682 3136 1737 umbra
3161 1681 3482 1738 tractabilis?
3511 1680 3721 1752 Longum

460 1794 615 1844 esse,
646 1793 808 1849 quam
853 1784 1105 1832 mortem.
1143 1773 1438 1830 Luculenta
1483 1774 1729 1827 oratione
1759 1785 1854 1839 per
1896 1769 2060 1825 Joau-
2095 1777 2143 1838 Β
2170 1782 2253 1827 cst
2280 1772 2357 1827 ire
2383 1787 2477 1842 per
2502 1772 2731 1843 singula.
2767 1771 2908 1829 Ecce
2952 1774 3351 1843 peremptmius
3379 1776 3563 1845 aliquis
3598 1788 3723 1828 mor.

460 1886 589 1927 nem
620 1871 882 1926 hactenus
906 1870 1262 1924 concinnatur
1287 1885 1300 1921 :
1328 1864 1509 1920 Nolite
1538 1863 1756 1936 diligere
1782 1861 2060 1927 mundum,
2170 1863 2269 1918 bus
2294 1872 2460 1919 tutam
2483 1864 2786 1920 machinam
2811 1864 2953 1920 lecto
2968 1867 3280 1936 prosternit.
3309 1865 3446 1921 Ecce
3470 1875 3726 1936 tempestas

455 1979 619 2031 neque
646 1979 705 2018 ea
744 1977 858 2033 qua:
892 1962 946 2015 in
976 1959 1167 2014 mundo
1203 1966 1341 2013 sunt.
1402 1956 1463 2012 Si
1502 1956 1616 2023 quis
1646 1953 1882 2008 dilexerit
1913 1969 2066 2006 mun-
2170 1953 2404 2025 undique
2426 1955 2616 2011 mortis
2643 1956 2924 2012 incumbit.
2954 1958 3140 2012 Nonne
3161 1955 3346 2012 statim
3375 1957 3480 2022 illa,
3499 1974 3609 2026 qua:
3629 1966 3728 2012 erat

460 2054 585 2108 dum
607 2095 620 2116 ,
648 2069 750 2108 non
777 2062 848 2107 est
888 2052 1117 2106 cltnritas
1142 2050 1305 2121 patris
1348 2048 1403 2101 in
1452 2047 1545 2101 illo
1583 2062 1600 2100 :
1630 2046 1874 2116 quoniam
1917 2059 2068 2098 omne
2169 2048 2384 2103 domina
2413 2048 2762 2119 voluptatum,
2796 2050 2853 2103 [it
2876 2049 3057 2120 praeda
3089 2050 3439 2106 morborum?
3468 2051 3719 2107 Postremo

450 2146 605 2223 ‘quod
628 2146 683 2199 in
712 2144 906 2198 mundo
936 2153 1007 2197 est
1030 2185 1045 2209 ,
1079 2138 1494 2210 concupiscentia
1523 2138 1696 2191 carnis
1734 2145 1842 2199 est,
1875 2151 2064 2190 concu~
2164 2139 2413 2210 jacentes
2445 2142 2698 2213 reliquias
2738 2156 2885 2198 mors
2914 2143 3150 2199 vindicat
3175 2144 3304 2210 sibi,
3334 2144 3547 2214 insuper
3572 2144 3614 2198 ci
3635 2158 3730 2214 poe-

461 2239 710 2313 piscentia
737 2237 1005 2292 oculorum
1032 2247 1078 2290 et
1110 2234 1319 2288 ambitio
1339 2230 1516 2285 swculi
1545 2245 1661 2300 qua:
1682 2245 1784 2283 non
1811 2237 1885 2283 est
1913 2245 1945 2281 a
1968 2244 2065 2297 pa-
2172 2246 2269 2287 nas
2284 2232 2547 2304 gehennae
2576 2232 2692 2307 (54)
2723 2235 2980 2304 paritura.
3001 2236 3151 2293 Tunc
3176 2235 3542 2310 carnztlis(55)
3565 2239 3731 2293 mimus

2165 1141 2285 1196 quae
2319 1141 2425 1179 una
2463 1123 2617 1191 febri,
2650 1124 2735 1179 vel
2763 1124 3002 1196 qualibet
3043 1124 3295 1180 facillime
3332 1125 3565 1182 deleatur
3600 1126 3713 1198 inju-

2167 1218 2269 1272 ria.
2304 1216 2445 1273 Ecce
2483 1230 2861 1287 procuratorcs
2903 1218 2987 1272 vel
3024 1218 3413 1289 gubernatores
3439 1218 3550 1289 ejus
3576 1220 3715 1282 oculi.

2166 1311 2345 1381 aliquo
2390 1309 2498 1365 ictu
2541 1311 2796 1366 exstincti
2838 1310 3145 1366 subsidunt.
3194 1310 3381 1367 Nonne
3419 1314 3630 1368 cadaver
3651 1320 3720 1367 est

2167 1403 2280 1475 (51)
2311 1402 2527 1457 vivum?
2559 1402 2697 1458 Ecce
2717 1402 2925 1458 tabidus
2939 1402 3123 1475 pulmo
3139 1404 3418 1474 pinguibus
3436 1402 3546 1477 (52)
3563 1414 3719 1472 sputa~

2168 1497 2365 1551 mentis
2393 1510 2588 1551 exesus
2615 1496 2918 1551 detestabili
2950 1497 3121 1551 macie
3160 1497 3337 1551 omnia
3357 1499 3628 1567 gestatoris
3644 1498 3713 1552 sui

464 2345 572 2401 tre,
617 2332 708 2388 sed
748 2347 811 2387 ea:
830 2330 1243 2400 concupiscentia
1263 2325 1441 2382 strculi
1464 2339 1482 2378 :
1502 2333 1548 2378 et
1568 2322 1787 2377 mundus
1810 2321 2065 2387 transibit,

463 2438 512 2481 et
557 2423 974 2494 concupiscentia
1022 2423 1154 2494 ejus.
1206 2419 1308 2487 Qui
1336 2428 1508 2472 autem
1539 2417 1717 2483 fecerit
1756 2418 2065 2472 uoluntatem

466 2519 591 2584 Dei,
629 2527 799 2574 manet
842 2519 897 2571 in
935 2526 1209 2580 teternttm,
1259 2512 1514 2583 quomodo
1540 2520 1591 2565 et
1619 2510 1757 2566 Deus
1798 2519 1969 2565 manet
2011 2511 2066 2563 in

461 2623 708 2670 internum
733 2613 776 2681 (l
796 2612 955 2666 Joan.
974 2626 1012 2666 ιι
1031 2652 1045 2677 ,
1077 2625 1129 2664 υ.
1165 2607 1233 2664 15
1262 2616 1310 2663 et
1329 2607 1485 2678 seq.).

542 2706 651 2763 VII.
695 2704 804 2762 Sed
846 2704 977 2760 dicit
1014 2702 1241 2772 aliquis,
1274 2702 1319 2758 si
1354 2702 1427 2757 ita
1456 2709 1577 2765 est,
1621 2716 1719 2756 cur
1761 2700 1813 2754 in
1860 2713 1921 2755 se
1953 2700 2069 2769 ipse

462 2799 810 2870 potissimum
838 2796 1171 2868 superatur?
1192 2796 1374 2850 Primo
1395 2794 1520 2864 quia
1555 2808 1726 2864 genus
1770 2791 2066 2848 humanum

466 2890 641 2959 magis
684 2889 948 2959 voluptati
1006 2901 1170 2957 quam
1221 2885 1407 2940 virtuti
1450 2884 1727 2939 consentit
1768 2901 1782 2938 :
1832 2882 2070 2953 denique

464 2984 593 3052 quia
623 2981 847 3037 delicias
876 2980 996 3050 plus
1030 2979 1206 3049 diligit
1242 2994 1403 3049 quam
1430 2977 1694 3033 laborem.
1758 2976 1873 3031 Huc
1915 2990 2071 3031 acce-
2172 2993 2393 3049 ramqne
2441 2980 2701 3045 nescitis;
2749 2995 2908 3050 quam
2955 2981 2999 3035 si
3047 2989 3335 3052 propterea
3389 2982 3738 3048 contemnitis,

466 3076 583 3140 dit,
614 3077 738 3145 quia
767 3074 910 3130 bona
937 3072 1119 3128 carnis
1142 3072 1381 3135 invenit,
1415 3086 1523 3125 non
1554 3069 1815 3139 requirit:
1844 3068 2071 3123 mavult-
2172 3071 2295 3140 quia
2334 3085 2440 3125 non
2468 3071 2684 3138 videtis,
2727 3071 2896 3128 Deum
2935 3090 3175 3146 quoque,
3221 3077 3316 3145 qui
3353 3088 3435 3133 est
3461 3074 3735 3137 invisibilis,

468 3184 576 3240 que
615 3166 814 3238 potiori
842 3166 926 3222 vel
960 3165 1142 3235 parvis
1171 3162 1534 3233 praesentibus
1557 3161 1747 3227 bonis,
1780 3175 1940 3231 quam
1966 3160 2062 3215 bo-
2094 3152 2139 3215 C
2172 3171 2520 3219 contemnere
2554 3165 2804 3220 similiter
2828 3166 3109 3237 poteritis;
3155 3169 3244 3238 qui
3276 3169 3424 3223 enim
3465 3182 3565 3223 non
3590 3166 3741 3237 diligit

468 3262 555 3317 nis
586 3260 898 3333 ingentibus
924 3256 1117 3312 tardis.
1149 3256 1220 3310 At
1240 3269 1370 3310 vero
1399 3254 1623 3325 spiritus
1654 3253 1790 3306 bona
1816 3266 1921 3306 non
1950 3260 2065 3306 tan-
2170 3255 2287 3325 ejus
2312 3255 2427 3328 (56)
2447 3257 2875 3322 similitudinem,
2910 3259 3157 3330 sequitur
3182 3269 3240 3314 ut
3263 3260 3443 3317 oderit
3462 3261 3739 3316 veritatem.

468 3364 583 3410 tum
612 3361 741 3408 sunt
763 3348 1050 3406 invisibilia
1077 3390 1091 3417 ,
1124 3347 1276 3404 tarda
1320 3355 1375 3401 et
1411 3344 1747 3406 abscondita,
1778 3343 1873 3400 sed
1903 3343 2066 3397 etiam
2170 3346 2304 3404 Inde
2328 3357 2431 3417 est,
2459 3349 2602 3420 quod
2627 3350 2776 3405 stulti
2823 3361 3143 3421 praeponunt
3169 3367 3373 3423 corpus
3399 3354 3607 3420 animae,
3644 3351 3742 3406 ido-

469 3449 631 3505 nimis
654 3449 708 3503 in
737 3445 909 3502 arduo
939 3444 1268 3510 constituta,
1311 3451 1369 3497 ttt
1398 3441 1464 3494 ad
1495 3455 1558 3497 ea
1581 3482 1598 3505 ,
1628 3439 1735 3495 nisi
1761 3453 1885 3494 cum
1916 3453 2070 3491 sum-
2173 3441 2282 3494 lnm
2329 3442 2456 3496 Deo.
2504 3442 2610 3497 Sed
2645 3456 2764 3506 nos,
2795 3443 2884 3513 qui
2915 3443 3082 3498 Adam
3123 3445 3461 3514 ahjecimus,
3499 3444 3741 3500 Christum

471 3557 557 3596 ma
589 3539 914 3595 difficultate
935 3579 950 3602 ,
984 3535 1263 3591 laboribus
1314 3548 1377 3608 ac
1409 3533 1664 3603 periculis
1705 3531 1916 3597 magnis
1962 3546 2070 3584 non
2173 3532 2447 3588 induimus
2476 3533 2694 3605 (Ep/tes.
2724 3550 2798 3600 tv,
2832 3535 2903 3591 22
2933 3537 2985 3605 );
3017 3538 3132 3609 qni,
3166 3535 3300 3607 quas
3320 3540 3426 3605 vis,
3452 3538 3543 3610 qui
3571 3536 3743 3600 exitus,

469 3632 643 3701 possit
671 3630 740 3684 ab
782 3628 964 3696 aliquo
1009 3624 1303 3696 perveniri.
1353 3624 1504 3679 Adde
1535 3623 1679 3695 quod
1718 3623 1827 3695 97
1862 3618 1959 3677 illa
2017 3624 2068 3676 itt
2176 3640 2296 3696 qua:
2320 3642 2527 3682 merces
2552 3627 2732 3682 carnis
2759 3629 2851 3707 sit,
2874 3646 3063 3700 quaeve
3090 3632 3321 3698 animat,
3350 3631 3466 3688 Deo
3491 3632 3743 3702 magistro,

470 3723 589 3779 solo
610 3720 830 3792 genitali
861 3732 1107 3773 versatur
1134 3736 1146 3771 :
1183 3717 1277 3773 ille
1324 3718 1642 3789 peregrinus
1683 3726 1787 3771 est.
1820 3717 1914 3771 Illa
1955 3720 2073 3772 sine
2177 3716 2465 3775 didicimus
2494 3718 2515 3793 (
2540 3718 2657 3774 Gal.
2691 3735 2783 3789 Ill,
2824 3722 2894 3777 27
2923 3723 2972 3793 );
3005 3724 3094 3794 qui
3123 3740 3230 3778 non
3256 3726 3568 3795 ignoramus
3595 3724 3746 3778 victo-

470 3813 933 3883 contetnplatione
981 3810 1300 3866 meritorum
1351 3811 1683 3878 quibuslibet
1732 3811 1931 3880 passim
1973 3825 2069 3865 sua
2177 3808 2254 3863 tia
2278 3812 2455 3867 carnis
2478 3813 2664 3867 ambas
2691 3815 2981 3885 exstingui,
3025 3816 3219 3870 animm
3241 3816 3467 3873 victoria
3495 3827 3749 3886 utramque

474 3922 700 3963 munera
732 3905 942 3961 infulcit
964 3944 980 3969 ,
1011 3904 1253 3958 maxime
1279 3902 1514 3973 indignis
1540 3943 1555 3967 ,
1589 3911 1646 3956 ut
1669 3904 1735 3985 ad
1767 3918 1826 3958 se
1855 3904 2074 3975 colligat
2176 3907 2410 3971 servari;
2460 3906 2680 3962 meliora
2727 3923 3052 3979 sequamur,
3104 3910 3296 3966 saltem
3330 3911 3419 3966 vel
3466 3925 3534 3967 eo
3569 3909 3746 3974 studio,

472 4002 703 4057 turbas:
747 3999 841 4055 ille
872 4011 1165 4067 numquam
1200 4004 1511 4050 retnnnerat
1552 4010 1919 4066 quemquam,
1968 3997 2073 4052 nisi
2175 4012 2284 4068 quo
2323 3998 2600 4069 sequimur
2632 4000 2769 4054 mala
2838 3999 2994 4055 Nulla
3033 4001 3128 4056 ulli
3172 4005 3440 4069 competit
3476 4003 3747 4066 excusatio,

469 4095 650 4166 primo
670 4094 791 4163 quis
822 4092 995 4145 victor
1025 4089 1216 4143 mortis
1238 4087 1360 4158 jura
1394 4095 1703 4155 praetereat.
1727 4086 1859 4155 Quae
1888 4102 1975 4143 res
1998 4086 2077 4143 ef-
2179 4090 2411 4146 maxime
2439 4105 2559 4145 cum
2583 4105 2669 4146 res
2698 4100 2897 4148 nostra:
2926 4094 3214 4150 commissa
3238 4096 3312 4149 sit
3333 4095 3613 4160 voluntati,
3641 4093 3749 4148 Pro-

476 4186 624 4251 ﬁcit,
655 4195 712 4238 Ill
757 4183 873 4238 sive
902 4191 1083 4246 metu,
1113 4181 1230 4234 sive
1260 4177 1644 4233 incredulitate
1692 4192 2078 4248 [imponantur
2181 4181 2343 4252 pheta
2398 4183 2609 4240 dicente
2641 4199 2661 4242 :
2692 4186 2823 4239 Ante
2872 4186 3129 4241 hominem
3185 4189 3379 4243 bonum
3437 4203 3483 4245 et
3535 4204 3749 4260 nequam,

477 4275 761 4348 praesentia
795 4274 1022 4340 futuris,
1050 4271 1189 4327 tnala
1218 4270 1379 4326 bonis
1400 4311 1415 4337 ,
1447 4268 1654 4339 fragilia
1685 4270 1909 4335 solidis,
1943 4271 2076 4327 falsa
2180 4290 2317 4329 mors
2343 4285 2395 4331 et
2431 4278 2554 4343 vita,
2586 4276 2723 4345 quod
2748 4278 2977 4348 elegerit,
3009 4279 3106 4332 hoc
3134 4278 3350 4334 dabitur
3385 4283 3435 4336 ei
3468 4279 3489 4353 (
3515 4278 3650 4335 Eccl.
3675 4294 3749 4339 ιν.

2172 2323 2265 2380 ille
2313 2325 2515 2393 ﬁnitur,
2563 2327 2902 2399 exanguique
2949 2328 3079 2384 nihil
3116 2330 3226 2399 jam
3274 2330 3605 2402 snffragautia
3636 2338 3730 2384 tota

2171 2414 2265 2470 illa
2288 2425 2604 2474 ornamenta
2646 2418 2953 2486 medentur,
2986 2422 3091 2475 nisi
3112 2420 3257 2493 quod
3284 2437 3312 2476 a
3346 2421 3477 2478 false
3507 2421 3732 2493 plangen-

2177 2508 2325 2567 tibus
2354 2511 2530 2567 adhuc
2563 2512 2765 2568 viventi
2792 2514 3089 2585 rapiuntur.

2243 2601 2333 2659 IX.
2366 2603 2539 2670 Unde,
2572 2604 2784 2672 fratres,
2824 2608 2963 2662 sicut
2986 2610 3094 2663 veri
3126 2608 3442 2676 Christiani,
3474 2609 3608 2681 quasi
3634 2609 3736 2664 Itas-

2171 2697 2301 2769 pites
2323 2709 2370 2753 et
2394 2700 2651 2771 peregrini
2679 2702 2929 2755 abstinete
2967 2718 3057 2755 eos
3081 2718 3112 2755 tt
3142 2703 3443 2759 carnalibus
3463 2703 3734 2768 desideriis,

2171 2805 2288 2859 qua:
2318 2790 2546 2846 militant
2569 2792 2815 2846 adversus
2839 2793 3068 2847 animans
3109 2793 3130 2865 (
3157 2794 3176 2849 l
3210 2792 3360 2850 Petri
3383 2812 3442 2862 tt,
3470 2794 3529 2850 11
3567 2798 3583 2864 )
3612 2811 3625 2847 :
3652 2808 3738 2849 nec

2169 2880 2529 2954 98vestrum
2546 2882 2754 2955 frangat
2773 2883 3045 2953 affectum,
3060 2886 3205 2956 quod
3219 2887 3341 2958 ejus
3360 2897 3615 2945 secretum
3635 2888 3741 2957 ligu-

470 4369 616 4426 veris
633 4410 648 4436 ,

477 4466 581 4521 nis.

472 4601 719 4658 feminini
749 4600 910 4657 etiam
941 4596 1157 4672 generis
1188 4597 1458 4656 invenitur
1500 4596 1640 4668 apud
1670 4596 1989 4653 Ciceronem
2018 4606 2071 4652 et
2098 4602 2151 4663 1)

473 4673 632 4729 alios.

550 4742 666 4815 (28)
696 4741 795 4798 Ms.
826 4741 983 4796 Rem.
1016 4756 1172 4807 quam
1193 4741 1512 4810 iuventutem
1538 4757 1557 4795 :
1595 4740 1693 4795 Ms.
1719 4739 1911 4809 Pomp.
1936 4750 2070 4793 tam-

474 4831 628 4885 quam
643 4818 934 4889 juventute.

550 4906 665 4972 (29)
694 4905 796 4959 Ms.
831 4901 1021 4959 Urltin.
1051 4900 1316 4972 subiicere.
1332 4900 1509 4972 Paulo
1528 4909 1646 4967 post
1674 4915 1771 4969 pro
1799 4900 2066 4969 pecuinatn

475 4970 606 5030 edit.
641 4970 775 5029 Ven.
814 4973 1055 5044 pecudem
1084 4970 1293 5026 scribit.
1324 4971 1429 5044 sed
1465 4971 1743 5025 retinenda
1783 4986 1903 5025 cum
1920 4988 2060 5044 mss.

475 5047 625 5114 prior
653 5041 841 5112 lcetio';
879 5044 1111 5098 refertur
1139 5044 1297 5114 enim
1318 5042 1384 5096 ad
1415 5052 1672 5106 mentem,
1721 5058 1879 5114 quam
1917 5041 2064 5096 Zeno

474 5112 786 5184 alloquitur.
845 5114 1075 5168 Pecuina
1127 5112 1397 5183 reperitur
1428 5114 1481 5167 in
1514 5113 1800 5183 Appuleio,
1854 5113 1948 5168 lib.
1981 5127 2074 5166 vin

478 5185 693 5241 Metam.
716 5228 731 5251 ,
762 5185 863 5240 sub
892 5186 1073 5240 tinem.

546 5278 659 5350 (50)
688 5276 763 5332 Ita
793 5293 825 5333 e
854 5292 985 5350 mss.
1008 5276 1362 5350 correximus,
1387 5291 1507 5332 cum
1531 5276 1587 5331 in
1616 5276 1777 5350 editis
1806 5286 1925 5348 post
1946 5278 2068 5348 pul-

471 5346 814 5406 chritudinem
842 5347 1071 5403 addatur
1098 5351 1210 5420 ejus
1230 5348 1257 5402 7
1278 5356 1325 5401 et
1352 5346 1745 5401 commutabilis.

545 5441 664 5513 (51)
694 5438 751 5494 In
779 5438 938 5513 editis
970 5454 1249 5513 perperam
1270 5454 1467 5513 unum;
1492 5447 1549 5494 et
1573 5447 1875 5508 postpauca
1888 5440 2062 5513 omnia

471 5509 649 5577 macie,
673 5510 818 5581 quod
849 5511 902 5565 in
933 5509 1092 5565 editis
1131 5512 1542 5579 transpositam,
1574 5524 1606 5564 e
1644 5524 1775 5566 mss.
1819 5511 2059 5565 restitui-

469 5598 610 5637 111118.

457 5736 488 5771 υ
677 5652 1073 5725 Sputamentum
1096 5651 1228 5707 dicit
1254 5651 1619 5708 Tertullianus
1631 5649 1701 5707 de
1716 5650 2056 5723 Spectaculis

724 4376 941 4423 terrena
1008 4366 1353 4432 coelestibus,
1415 4362 1729 4433 temporalia
1792 4364 2077 4435 sempiter-

2182 4364 2249 4421 18
2275 4375 2317 4437 ).
2348 4366 2501 4424 Unde
2521 4368 2742 4424 dubium
2776 4385 2881 4424 non
2908 4380 3011 4433 est,
3036 4372 3369 4426 voluntatem
3395 4381 3650 4438 nostram,
3675 4371 3749 4426 cui

2182 4474 2241 4514 se
2259 4458 2499 4530 iunxerit
2530 4459 2689 4532 parti,
2716 4461 2959 4532 praebere
2986 4463 3103 4535 (57)
3126 4463 3443 4530 victoriam;
3467 4464 3679 4535 ejusque
3704 4463 3749 4518 in

2247 4596 2543 4677 (55)__Sicut
2563 4610 2904 4677 concarnatus
2924 4616 3237 4677 a‘concarno
3269 4606 3466 4677 legitur
3494 4609 3546 4663 in
3575 4606 3748 4665 eodem

2178 4667 2512 4723 Tertulliano
2543 4671 2609 4725 de
2647 4686 2810 4727 carne
2840 4671 3036 4727 Christi
3065 4691 3186 4737 cap.
3219 4667 3403 4741 20,vet
3430 4678 3648 4734 dccarno
3678 4692 3751 4733 re-

2181 4740 2395 4812 peritur
2412 4741 2550 4809 apud
2566 4741 2835 4811 Apicium,
2857 4743 2911 4811 7,
2934 4744 2985 4808 9,
3013 4756 3066 4799 et
3088 4740 3372 4812 Vegetium
3395 4749 3465 4805 de
3494 4750 3573 4805 Re
3594 4762 3750 4805 veter.

2173 4810 2228 4874 2,
2249 4809 2353 4934 t2'];
2384 4811 2457 4867 ita
2492 4809 2769 4869 excarnata
2795 4814 2864 4868 ab
2898 4809 3122 4870 excarno
3148 4809 3296 4874 Zeno
3325 4820 3495 4877 latine
3532 4820 3752 4877 scribere

2176 4896 2243 4936 Do
2272 4898 2325 4936 Ill
2355 4920 2369 4936 ο

2175 4898 2369 4951 pontu.

2247 4952 2360 5025 (5b)
2392 4951 2488 5025 Ms.
2518 4952 2705 5009 Urltin.
2740 4966 3007 5025 paratum.

2244 5023 2359 5096 (55)
2392 5024 2522 5078 Cum
2557 5026 2607 5079 in
2638 5023 2805 5081 mimis
2834 5029 3013 5080 omnia
3048 5029 3165 5084 ficta
3198 5043 3381 5088 essent
3408 5044 3463 5090 et
3493 5033 3748 5096 simulata,

2177 5094 2322 5174 minii
2351 5108 2455 5174 vox
2476 5098 2740 5174 translata
2788 5097 2981 5168 legitur
3008 5100 3073 5154 ad
3104 5101 3233 5168 alia,
3264 5118 3385 5174 qua:
3418 5106 3538 5174 plus
3567 5094 3751 5174 speciei

2166 5174 2231 5239 et
2254 5165 2614 5239 simulatiimis
2642 5165 2871 5233 habent,
2912 5185 3071 5239 quam
3097 5165 3363 5230 veritatis.
3394 5165 3678 5231 Suetonius
3701 5173 3749 5227 in

2175 5233 2342 5316 Calig.
2386 5252 2435 5316 ς.
2464 5237 2571 5316 45,
2586 5239 2799 5292 mimum
2833 5233 2991 5316 vocat
3024 5244 3204 5297 fictum
3241 5245 3542 5316 falsumque
3572 5258 3747 5302 trium-

2176 5305 2362 5389 phutn:
2398 5307 2515 5375 Ipse
2533 5307 2813 5389 ⁸Αιιςιιειιιις
2840 5311 2950 5389 iam
2973 5311 3083 5381 jam
3117 5316 3413 5389 moriturus
3443 5305 3582 5389 apud
3608 5332 3749 5389 curn-

2171 5377 2295 5458 dem
2323 5377 2657 5458 Suetonium,
2692 5394 2811 5458 cap.
2836 5381 2923 5446 99,
2974 5377 3075 5439 nec
3103 5399 3209 5440 n0n
3251 5386 3456 5444 Seneca
3479 5377 3634 5458 Epist.
3665 5387 3748 5452 81,

2169 5449 2380 5520 mimum
2402 5452 2741 5520 appellarunt
2766 5449 3018 5508 humana:
3048 5458 3171 5509 vitae
3193 5449 3544 5515 curriculum.

2236 5519 2351 5601 (56)
2382 5519 2786 5601 Similitudinem
2816 5523 2910 5579 Dei
2951 5527 3531 5601 attimam_vocat,qu:e
3554 5531 3605 5585 in
3624 5529 3747 5584 scri-

2164 5592 2334 5665 pturis
2361 5592 2427 5665 a_d
2450 5592 2540 5665 Dei
2565 5592 2853 5665 imaginum
2882 5606 3061 5651 creata
3088 5598 3335 5656 traditur.

2229 5662 2357 5744 (57)
2373 5662 2429 5716 In
2458 5662 2917 5744 editisjustitiam;
2944 5682 3164 5744 ex_mss.
3187 5671 3449 5727 uictoriam
3466 5670 3744 5744 supposui-

2155 5746 2294 5787 mus.
2320 5734 2470 5800 Quod
2499 5734 2661 5803 porro
2690 5749 2878 5793 auctor
2906 5743 2980 5794 ait
3006 5740 3061 5795 in
3083 5744 3459 5799 resurnctione
3486 5734 3728 5800 lu'e'ndam
