3960 6330
541 275 639 335 551

1888 270 2135 331 SANCTI
2172 270 2467 329 ZENONIS
3690 278 3774 336 559.

540 393 879 452 circumcisio
908 393 975 450 ab
998 392 1126 449 Jesn
1172 391 1338 459 Nave,
1368 404 1475 463 quo
1503 404 1703 462 genere
1746 389 2015 445 celebrata
2062 391 2130 445 sit
2158 391 2206 450 Α
2236 388 2353 461 (55)
2402 389 2688 461 potuisset.
2726 389 2804 445 Eo
2851 388 3081 455 accedlt,
3110 388 3256 461 quod
3284 388 3563 448 secundum
3596 407 3776 451 carnem

546 487 776 560 petrinis
805 487 911 542 illis
935 486 1123 543 cultris
1157 499 1290 542 :cor
1332 498 1400 539 an
1426 483 1747 554 praeputium
1786 482 2137 538 circumcide-

544 579 635 635 rit.
670 578 885 634 Etenim
916 578 962 633 si
988 577 1282 635 secundum
1316 576 1463 646 ipsos
1487 591 1586 629 nos
1602 589 1827 646 quoque
1847 574 2139 630 carnaliter

543 671 861 737 sentiamus,
906 671 1067 727 ambo
1104 671 1385 743 prophetae
1428 669 1755 725 tenebuntur
1793 667 1846 724 in
1882 669 2135 736 crimine,

544 774 607 823 ut
626 778 716 822 aut
744 766 955 839 Moyses
980 765 1137 821 fallax
1162 766 1255 832 sit,
1284 765 1327 820 si
1357 765 1442 837 (51
1459 768 1476 833 )
1495 762 1834 820 circumcisio
1848 760 2137 817 circumci-

550 857 697 914 ditur
722 872 961 924 rursum,
991 866 1050 913 ut
1089 857 1194 912 hoc
1222 857 1364 912 idem
1397 856 1579 921 faciat,
1627 865 1720 910 aut
1746 864 1826 921 ut,
1855 852 1999 925 quod
2033 868 2140 907 non

545 947 764 1015 habeat,
795 949 1019 1021 perdat;
1060 958 1154 1004 aut
1198 957 1346 1004 certe
1370 948 1532 1004 Jesus
1557 946 1707 1002 Nave
1750 945 2013 1018 parricida
2045 945 2138 1012 sit,

544 1041 591 1097 si
620 1042 810 1097 cultris
832 1040 993 1098 corda
1023 1041 1301 1097 hominum
1329 1040 1567 1097 desecat.

623 1132 759 1189 Vill.
793 1133 899 1191 Sed
945 1132 1107 1198 absit,
1155 1135 1366 1200 fratres,
1419 1141 1478 1187 ut
1524 1131 1794 1204 spiritales
1839 1130 1986 1187 viros
2032 1130 2142 1187 ullo

547 1234 834 1296 tangamus
851 1241 1059 1291 errore,
1094 1225 1326 1280 maxime
1346 1240 1467 1280 cum
1493 1222 1778 1295 prophetia
1803 1222 1871 1278 ad
1902 1223 1985 1278 sui
2009 1222 2142 1279 dicti

543 1317 657 1389 jam
689 1319 992 1388 pervenerit
1021 1318 1302 1374 veritatem
1334 1334 1347 1371 :
1377 1317 1535 1373 Jesus
1565 1316 1709 1373 enim
1752 1315 1904 1372 Nave
1941 1314 2143 1370 Christi

555 1413 842 1484 imaginem
892 1411 1232 1482 pra-ferebat,
1290 1411 1380 1482 qui
1425 1425 1585 1466 verus
1625 1411 1863 1464 omnium
1910 1409 2146 1464 salvator

554 1520 678 1561 esse
703 1505 1049 1576 cognoscitur
1077 1516 1129 1558 et
1159 1503 1316 1559 factis
1341 1512 1395 1558 et
1426 1503 1642 1559 nomine
1666 1518 1680 1556 :
1710 1501 1798 1557 hic
1828 1502 1995 1566 enim,
2019 1501 2142 1571 quia

555 1597 672 1668 ipse
696 1596 874 1652 dictus
917 1608 1000 1651 est
1043 1596 1203 1652 etiam
1234 1604 1382 1665 petra
1414 1594 1460 1668 (l
1490 1593 1610 1650 Cor.
1642 1610 1699 1661 ι,
1743 1593 1823 1666 4),
1858 1602 2005 1650 recte
2029 1593 2147 1649 cnl-

554 1688 718 1744 tellos
757 1688 996 1758 petrinos
1044 1685 1169 1743 fecit
1201 1685 1365 1759 (unde
1411 1701 1517 1741 non
1559 1686 1674 1740 sine
1720 1686 1930 1740 ratione
1967 1695 2020 1741 et
2063 1684 2147 1741 Si-

2243 479 2409 535 David
2441 478 2583 535 illius
2612 478 2820 536 futurus
2847 495 2972 536 esse
3001 480 3327 545 cauebatur;
3357 480 3444 551 qui
3471 481 3565 536 nisi
3591 492 3778 551 paterno

2242 572 2456 645 generis
2502 574 2782 644 signaculo
2826 574 3214 645 responderet;
3262 587 3433 644 neque
3475 574 3622 630 David
3664 576 3779 634 filius

2242 677 2407 734 esset,
2438 684 2612 739 neque
2638 667 2743 725 nisi
2767 668 2821 724 in
2852 668 3018 723 filium
3055 667 3218 723 David
3247 667 3489 739 Christus
3515 669 3679 725 venire
3698 686 3779 741 po-

2245 760 2457 827 tuisset,
2488 760 2580 831 qui
2632 759 2754 817 ideo
2784 758 3137 815 circumcisus
3176 766 3282 824 est,
3329 758 3449 830 quia
3476 757 3659 816 Judzeis
3688 770 3784 816 erat

2245 853 2563 923 promissus,
2596 852 2718 909 ideo
2746 868 2872 908 cum
2900 852 3165 924 prtcputio
3195 862 3368 916 natus,
3396 853 3513 923 quia
3556 854 3602 907 in
3651 864 3782 911 aeter-

2246 962 2373 1001 num
2414 945 2808 1002 incircumcisis
2836 946 3085 1015 gentibus
3118 946 3292 1000 fuerat
3321 944 3636 1015 profuturus.

2317 1038 2387 1094 X.
2421 1039 2672 1094 Diximus
2698 1038 2767 1095 de
2808 1040 2977 1110 prima
3017 1038 3429 1094 circumcisione
3455 1037 3662 1104 carnali,
3688 1054 3784 1110 qua:

2246 1130 2553 1187 Iudaeorum
2584 1140 2667 1186 est
2702 1150 2715 1185 :
2744 1146 2887 1187 nunc
2929 1131 3168 1187 breviter
3212 1130 3281 1186 de
3310 1131 3535 1186 secunda
3575 1134 3783 1202 spiritali,

2248 1240 2367 1296 qum
2398 1232 2582 1279 nostra
2612 1234 2714 1287 est.
2746 1225 3040 1291 edicamus,
3066 1240 3186 1294 quas
3210 1231 3413 1279 tantum
3446 1225 3695 1292 potestatis
3712 1240 3783 1296 ge-

2245 1318 2339 1384 rit,
2380 1326 2441 1372 ut
2475 1317 2589 1389 (54)
2642 1332 2671 1371 a
2701 1317 2898 1373 femina
2948 1316 3198 1386 coeperit,
3226 1318 3367 1386 quod
3399 1317 3552 1383 priori
3581 1317 3787 1382 impossi-

2244 1410 2354 1466 bile
2401 1410 2518 1465 fuit.
2553 1410 2797 1480 Denique
2824 1426 2855 1466 a
2901 1410 3150 1476 muliere,
3177 1424 3299 1480 qum
3323 1410 3469 1481 prior
3498 1418 3785 1478 peccaverat,

2244 1502 2873 1573 circumcisionisincipit
2903 1518 3050 1558 cura.
3087 1503 3152 1558 Et
3181 1503 3303 1574 quia
3323 1502 3437 1575 (55)
3466 1501 3692 1558 suasione
3713 1518 3789 1574 per

2246 1610 2431 1651 aurem
2461 1595 2712 1666 irrepens
2737 1594 3004 1663 diabolus,
3033 1594 3202 1650 Evam
3230 1595 3515 1651 vulnerans
3542 1595 3789 1651 intereme-

2248 1696 2369 1753 rat;
2414 1701 2512 1758 per
2566 1702 2750 1743 aurem
2801 1688 3008 1742 intrans
3052 1684 3303 1742 Christus
3355 1689 3406 1743 in
3450 1686 3671 1754 Mariam,
3699 1686 3791 1741 nni-

558 1768 728 1845 mo'ni,
772 1794 934 1849 super
959 1793 1116 1848 quem
1144 1777 1427 1833 aediﬁcavit
1473 1776 1789 1838 Eeelesiam,
1823 1774 2008 1831 Petrus
2054 1791 2148 1833 no-
2177 1779 2226 1839 B
2252 1795 2404 1835 versa
2427 1780 2609 1835 cordis
2638 1780 2858 1836 desecat
2894 1781 3021 1835 vitia
3048 1797 3062 1834 :
3094 1781 3396 1851 vulnusque
3425 1780 3669 1840 mulieris.
3690 1779 3790 1833 dum

561 1887 682 1929 men
712 1870 1176 1946 imposuitUlarc.
1223 1886 1311 1936 ιιι,
1342 1868 1431 1942 16)
1464 1869 1513 1926 id
1536 1878 1621 1925 est
1639 1884 1735 1924 sua
1758 1868 2005 1925 doctrina
2034 1868 2150 1941 (52)

562 1964 848 2032 formatos,
890 1974 945 2020 et
967 1965 1201 2035 Spiritus
1231 1964 1403 2018 sancti
1436 1962 1564 2017 lima
1594 1964 1929 2018 acuminatas
1950 1964 2154 2018 consti-

563 2059 665 2117 tuit
711 2057 857 2114 viros
894 2057 1172 2128 apostolos
1218 2069 1515 2125 omnesque
1558 2054 1852 2125 discipulos
1884 2072 1898 2110 :
1926 2068 2153 2125 quorum

565 2149 821 2205 salutaria
872 2149 1074 2204 monita
1120 2146 1438 2204 canentibus
1484 2146 1697 2217 linguis,
1737 2145 1892 2217 quasi
1937 2146 2156 2216 quibus-

566 2243 688 2299 dam
719 2241 1053 2312 spiritalibus
1081 2240 1270 2297 cultris
1319 2242 1648 2298 credentium
1679 2239 2021 2310 p0pulorum,
2066 2256 2155 2296 se-

564 2334 797 2391 cundum
829 2333 1028 2406 Moysis
1057 2335 1257 2390 dictum
1288 2332 1468 2407 (Deut.
1496 2351 1625 2400 xxx,
1658 2334 1737 2402 6),
1768 2349 1874 2390 non
1925 2334 1978 2389 in
2006 2334 2157 2390 dam-

566 2441 693 2481 num
727 2423 961 2482 hominis
1004 2426 1163 2499 106
1193 2426 1509 2499 praeputium
1551 2429 1751 2495 carnis,
1800 2429 1894 2484 sed
1927 2429 1979 2484 in
2027 2445 2157 2500 aug-

565 2528 805 2575 mentum
850 2518 1084 2575 hominis
1128 2520 1447 2591 prteputium
1498 2518 1792 2579 facinerosi
1842 2522 2023 2578 cordis
2075 2525 2183 2595 in-.

559 2611 708 2667 cidit.

638 2702 728 2759 IX.
777 2705 848 2758 At
891 2702 1119 2760 fortasse
1164 2702 1341 2761 adhuc
1379 2705 1645 2777 quispiam
1696 2705 1840 2762 dicat
1902 2721 1999 2761 cur
2040 2707 2155 2777 ipse

561 2813 775 2870 quoque
799 2799 1131 2870 signaculum
1159 2799 1340 2855 carnis
1362 2801 1593 2869 accepit,
1635 2801 1681 2855 si
1709 2801 1757 2856 ei
1789 2802 2153 2856 necessarium

565 2905 673 2945 non
705 2891 839 2945 fuit?
870 2889 1038 2961 Hujus
1075 2890 1458 2962 propositionis
1492 2907 1615 2963 quae
1642 2894 1711 2947 sit
1733 2895 1893 2959 ratio,
1928 2892 2180 2959 fratres,‘

564 2982 813 3051 accipite.
842 2981 1008 3052 igitur
1036 2984 1125 3053 qui
1170 2994 1393 3039 venerat
1419 2984 1689 3039 hominem
1732 2986 2022 3051 viviticare,
2058 3001 2153 3055 per

563 3072 837 3130 hominem
871 3090 1093 3132 necesse
1138 3076 1345 3141 habuit,
1389 3094 1456 3134 ne
1494 3077 1809 3147 phantasma
1853 3090 2149 3150 putaretur,

2258 1873 2325 1929 de
2346 1872 2551 1944 virgine
2582 1873 2840 1939 nascitur,
2884 1881 3061 1928 curat.
3092 1872 3319 1943 Signum
3367 1872 3552 1927 salutis
3585 1872 3790 1940 accipite.

2255 1967 2630 2038 Corruptelam
2664 1967 2967 2038 integritas,
2999 1976 3209 2038 partum
3233 1975 3319 2022 est
3338 1975 3515 2022 secuta
3539 1966 3790 2036 virginitas.

2258 2060 2428 2115 Adam
2485 2059 2736 2115 similiter
2788 2058 3059 2115 dominica
3112 2058 3517 2114 circumciditur
3560 2072 3718 2121 cruce,
3754 2065 3797 2110 et

2258 2154 2383 2223 quia
2411 2168 2506 2224 per
2526 2152 2831 2215 mulierem,
2863 2167 2984 2223 quae
3013 2152 3126 2208 sola
3149 2153 3352 2223 lignum
3384 2150 3573 2208 lethale
3594 2150 3795 2218 contige-

2258 2254 2363 2311 rat,
2405 2255 2693 2315 exceperat
2738 2255 2963 2315 uterque
3007 2259 3171 2303 sexus
3222 2244 3525 2310 interitum;
3567 2240 3798 2299 ediverso

2259 2355 2356 2410 per
2382 2339 2553 2393 virum
2578 2338 2723 2409 ligno
2749 2352 3071 2409 suspensum
3103 2336 3431 2393 viviﬁcatum
3462 2345 3543 2393 est
3568 2350 3709 2391 omne
3728 2349 3798 2404 ge-

2260 2444 2360 2486 nus
2388 2429 2701 2486 humanum.
2722 2430 2893 2486 Ac‘ne
2923 2445 3030 2485 non
3060 2444 3127 2484 ex
3166 2429 3380 2499 integro
3405 2428 3701 2499 principium
3723 2440 3800 2480 suo

2258 2523 2421 2580 statui
2448 2522 2713 2579 redditum
2745 2521 3043 2588 videretur,
3064 2521 3213 2592 prior
3239 2521 3327 2576 vir
3363 2527 3736 2577 consummatur
3757 2516 3796 2570 in

2257 2630 2420 2672 cruce
2450 2634 2463 2670 :
2493 2626 2654 2686 atque
2680 2629 2747 2670 eo
2771 2613 2999 2670 feliciter
3025 2621 3305 2683 soporato,
3349 2611 3588 2667 similiter
3613 2610 3673 2664 de
3705 2605 3799 2676 eius

2259 2711 2430 2766 latere
2477 2709 2584 2765 ictu
2638 2708 2843 2764 lancea
2891 2722 2999 2762 non
3041 2715 3188 2761 costa
3242 2704 3552 2769 divellitur,
3604 2700 3688 2759 sed
3730 2714 3803 2768 per

2258 2817 2452 2874 aquam
2481 2812 2535 2857 et
2561 2802 2898 2873 sanguinem,
2928 2799 3070 2869 quod
3087 2806 3170 2854 est
3195 2797 3520 2867 baptismum
3544 2804 3690 2866 atque
3709 2791 3800 2864 (36)

2259 2895 2598 2967 martyrium.
2630 2893 2874 2963 spiritale
2900 2907 3099 2961 corpus
3126 2889 3391 2959 spiritalis
3418 2888 3622 2945 feminae
3663 2884 3802 2940 cliuo-

2257 2988 2421 3053 ditur,
2468 2996 2528 3042 ut
2553 2986 2787 3055 legitime
2816 2983 2987 3040 Adam
3022 2997 3117 3052 per
3144 2979 3446 3046 Christum,
3479 2980 3582 3036 Eva
3616 2992 3699 3049 per
3723 2974 3804 3030 Ec-

2257 3081 2480 3137 clesiam
2512 3086 2881 3134 renovaretur.

563 3164 738 3221 edicta
776 3167 909 3238 legis
939 3167 1186 3224 universa
1233 3170 1509 3239 complere
1542 3189 1555 3224 :
1590 3186 1695 3226 non
1722 3173 1864 3227 enim
1893 3182 1987 3228 aut
2030 3173 2150 3229 finis
2172 3170 2221 3233 C
2332 3174 2485 3246 107
2532 3171 2626 3228 Xl.
2659 3171 2774 3227 Hoc
2812 3185 2932 3237 nos,
2966 3169 3182 3235 fratres,
3213 3173 3554 3223 sacramento
3581 3173 3675 3218 tam
3702 3157 3803 3221 viri,

559 3256 719 3328 legis,
753 3268 844 3313 aut
875 3274 1039 3314 verus
1064 3259 1312 3316 Christus
1340 3276 1461 3316 esse
1484 3264 1765 3332 potuissot,
1793 3265 1836 3318 si
1866 3264 1989 3333 quid
2015 3280 2152 3332 prte-

559 3352 899 3419 termitteret,
932 3351 1073 3423 quod
1113 3353 1184 3406 ab
1234 3354 1341 3408 alio
1385 3354 1545 3410 saluti
1585 3354 1861 3411 hominum
1901 3358 2145 3427 przcstari

556 3503 609 3549 et
662 3500 933 3562 peractam
987 3493 1205 3565 quidem
1255 3503 1587 3565 agnoscunt;
1645 3504 1930 3564 postquam
1981 3494 2034 3549 hi
2083 3511 2150 3551 ex

558 3578 743 3635 eremo
773 3566 824 3616 in
857 3575 1051 3619 terram
1082 3565 1483 3635 pollicitationis
1520 3580 1848 3634 pervenere;
1876 3583 1997 3619 cum
2041 3566 2149 3621 He-

558 3633 736 3689 braeos
783 3636 835 3689 in
893 3633 1094 3690 eremo
1131 3633 1597 3691 circumci~ionem
1661 3653 1765 3692 non
1816 3638 2149 3704 adhibuisse,

559 3704 897 3778 exploratum
929 3708 995 3761 sit
1023 3723 1086 3762 ex
1115 3708 1199 3769 iis,
1233 3722 1353 3777 quae
1375 3706 1565 3778 eodem
1591 3707 1755 3763 Josue
1776 3711 1951 3778 capite
1980 3710 2147 3773 snhji«

560 3776 798 3845 ciuntnr,
831 3791 972 3831 vers.
996 3781 1029 3832 6
1058 3788 1113 3833 et
1138 3778 1192 3832 7.
1224 3776 1329 3831 Cur
1356 3777 1704 3833 nihilominus
1730 3776 1928 3835 dictum
1951 3781 2022 3836 sit
2049 3780 2152 3833 cir-

561 3848 792 3918 cumcide
822 3850 1065 3911 secundo,
1088 3865 1207 3904 cum
1236 3863 1321 3912 ea,
1364 3863 1484 3917 qua:
1516 3849 1947 3918 przecipiebatnr,
1984 3851 2150 3918 prima

559 3917 902 3990 circumcisio
954 3918 1147 3981 fuerit.
1195 3919 1576 3988 percommode
1619 3917 1849 3990 explicat
1896 3917 2153 3977 Andrmas

560 3989 757 4045 Masius
788 3990 840 4044 in
887 3992 1027 4046 hunc
1062 3992 1258 4049 locum.
1293 4005 1458 4061 quem
1474 3989 1894 4057 videre,lector,
1929 3993 2149 4061 poteris.

560 4062 825 4117 (Σειιιθιιιιη
853 4061 1084 4117 Zenonis
1130 4059 1501 4130 interpretatio
1550 4062 1841 4118 secundam
1874 4059 2012 4120 hanc
2042 4063 2148 4116 cir-

559 4133 940 4188 cumcisionem
975 4132 1040 4189 ad
1066 4132 1533 4187 circumcisionem
1562 4132 1744 4187 cordis
1774 4134 1973 4188 ideirco
2001 4141 2152 4188 retu-

562 4202 651 4274 Iit,
673 4219 777 4257 non
800 4204 941 4274 quod
963 4206 1187 4271 primam
1218 4204 1336 4258 illos
1359 4203 1467 4270 jam
1490 4213 1615 4258 ante
1656 4204 1887 4260 subiisse
1917 4213 2147 4272 putaret,

558 4272 654 4345 sed
674 4272 833 4342 quod
850 4275 901 4329 in
932 4275 1041 4339 illa,
1059 4290 1178 4345 quae
1208 4275 1374 4343 prima
1400 4289 1526 4345 vere
1551 4282 1687 4343 erat,
1712 4276 2001 4330 secundam
2028 4290 2149 4331 cor-

562 4344 645 4417 dis
671 4342 1138 4401 circnmt-isione'tn
1166 4342 1627 4417 prtesignilicatatn
1661 4342 1919 4401 solemnis
1938 4347 2153 4417 ferebat

564 4414 784 4486 Patrum
815 4414 1489 4486 antiquorumsententia,
1509 4431 1571 4471 ac
1601 4419 1899 4486 prmsertim
1929 4416 2146 4484 Justini,

558 4485 837 4559 Cypriani,
868 4497 921 4545 et
942 4488 1203 4544 Lactantii
1230 4529 1244 4551 ,
1288 4485 1735 4559 quosZenonetn
1770 4499 2015 4543 secutum
2072 4489 2154 4542 ni-

674 4559 1013 4643 ambig'i‘nt-us.
1057 4562 1225 4643 Quin“
1242 4555 1403 4643 et1S.
1442 4558 1827 4643 llierontytntts,
1861 4561 1912 4616 in
1943 4574 2153 4643 cap:_ttt

2258 3283 2417 3338 quam
2465 3268 2697 3323 fceminar
2726 3264 3205 3322 circumcidimur:
3244 3262 3352 3318 hoc
3397 3262 3619 3337 Spiritus
3659 3254 3806 3314 Sancti

2254 3374 2362 3416 non
2390 3357 2506 3431 (δῖ)
2536 3358 2837 3429 signaculo,
2869 3358 2964 3413 sed
2994 3359 3149 3429 signo
3161 3371 3476 3413 censemur.
3494 3355 3595 3409 Ilac
3613 3352 3808 3408 circum-

2256 3495 2399 3550 clare
2422 3495 2867 3563 interpretantem
2893 3492 3237 3548 Franciscum
3262 3487 3713 3563 Sparaverium,in
3730 3483 3807 3538 ob-

2259 3562 2679 3631 servatimiihus,
2712 3581 2846 3627 quas
2873 3573 2996 3633 post
3019 3563 3385 3631 Appendicem
3417 3562 3680 3615 addemus.

2270 3696 2271 3699 η
2329 3636 2444 3709 (52)
2478 3638 2573 3691 Ms.
2601 3625 2780 3709 Remi”
2812 3625 3321 3709 formatur'Spiritus
3350 3635 3545 3709 sancti;
3567 3644 3683 3684 mss.
3710 3625 3805 3707 Tol.

2257 3716 2314 3764 et
2338 3704 2468 3763 Zen.
2497 3724 2618 3762 cum
2648 3704 2884 3762 editione
2915 3705 3075 3771 Ven.,
3108 3710 3362 3774 formatus
3391 3704 3615 3774 Spiritus
3655 3704 3805 3755 sancti.

2360 3780 2454 3847 53)
2489 3779 2813 3850 Oportuisset
2842 3779 2894 3850 in
2917 3776 3064 3850 pedit.
3103 3776 3233 3850 ven.
3419 3849 3422 3850 ν
3488 3848 3496 3850 _
3619 3832 3630 3850 λ
3803 3838 3812 3849 ,

2360 3781 2454 3847 55)
2489 3781 2813 3850 Oportuisset
2842 3781 2894 3832 in
2933 3781 3064 3830 edit.
3103 3781 3233 3831 Ven.
3621 3832 3627 3839 ς
3803 3838 3811 3849 ι

2334 3781 2451 3925 (51)
2492 3850 2754 3925 Nimirum
2803 3864 2831 3901 a
2884 3847 3256 3925 M._Yirgine,
3304 3848 3564 3925 genitrice
3588 3845 3709 3914 eius,
3741 3855 3811 3925 qui

2258 3917 2496 3977 universa
2528 3921 2694 3993 cordis
2720 3920 2920 3973 desecat
2942 3920 3086 3986 uitia,
3113 3930 3189 3993 ut_
3199 3920 3250 3972 in
3284 3917 3632 3993 sequentibus
3656 3920 3809 3993 {tuetur

2258 3994 2513 4061 explicat.
2553 3992 2809 4063 Solemue
2838 3999 3129 4063 autemest
3151 3985 3412 4063 _Pa_tri_htis
3437 3989 3503 4045 M.
3532 3985 3811 4063 Virginis?

2258 4056 2385 4119 lotis
2412 4063 2694 4118 exordium
2714 4060 2975 4126 tribuere,
3006 4061 3163 4114 sicuti
3189 4060 3257 4113 ah
3283 4060 3395 4114 Eva
3418 4056 3714 4127 perditionis
3732 4056 3813 4104 ini-

2258 4136 2389 4189 tittm
2423 4133 2719 4203 profectum
2756 4140 3076 4203 agnoscunt.
3110 4130 3245 4187 Vide
3270 4130 3554 4193 Ire-natum,
3584 4128 3812 4203 inter__c;c-

2257 4193 2546 4266 terosilih.
2583 4193 2657 4267 ut,
2689 4220 2739 4257 c.
2770 4193 2859 4268 55,
2895 4214 2954 4256 ct
2981 4202 3077 4257 lib.
3109 4217 3306 4268 v.cap.
3344 4203 3432 4268 l9,
3462 4215 3557 4257 nec
3582 4214 3679 4254 non
3701 4193 3812 4248 Ter-

2257 4217 2423 4266 teros.
2454 4217 2546 4259 tm.
2583 4220 2657 4267 ιιι,
2689 4220 2739 4257 c.
2770 4217 2859 4268 oo,
2895 4217 2954 4256 et
2982 4217 3077 4257 ιιι).
3109 4217 3306 4326 v,
3344 4217 3432 4268 19,
3462 4217 3557 4257 nec
3582 4217 3673 4254 non

2257 4276 2637 4350 tttllianumAdc
2661 4274 2836 4350 Carne
2863 4272 3067 4350 Christi
3090 4287 3209 4341 cap.
3660 4338 3673 4350 .

2325 4346 2441 4418 (55)
2491 4343 2820 4418 Edit._Ver.,
2848 4344 3139 4418 suasionem
3162 4340 3182 4398 ὲ
3209 4344 3604 4418 meliorautem
3630 4340 3727 4394 visa
3751 4340 3817 4389 cst

2253 4413 2387 4474 mss.
2425 4413 2611 4484 Pomp.
2645 4415 2780 4470 Zen.
2812 4426 2864 4469 et
2890 4413 3019 4469 edit.
3050 4413 3273 4469 Venetae
3302 4415 3482 4470 lectio.

2334 4487 2453 4561 (56)
2487 4487 2800 4559 Martytium
2844 4486 3185 4561 baptismatis
3218 4486 3396 4561 vicem
3429 4484 3687 4555 supplere.
3714 4489 3814 4561 cum

2256 4548 2522 4629 baptisma
2553 4548 2706 4628 aqua;
2752 4548 3008 4629 consequi
3058 4556 3323 4627 quispiam
3372 4548 3618 4629 nequeat.
3659 4548 3815 4608 ethoc

563 4628 722 4703 epist.
748 4625 961 4703 adGztl.
996 4625 1115 4703 pag.
1154 4631 1285 4688 494.
1322 4639 1451 4703 tom.
1477 4645 1548 4684 vtt
1578 4625 1709 4685 edit.
1738 4630 1889 4703 V_er.,
1918 4625 2024 4686 etsi
2052 4632 2147 4685 lie-
2181 4625 2234 4685 D
2258 4625 2472 4701 quidem
2505 4625 2658 4699 aqua:
2686 4625 3319 4703 batitisjuaperaquam,
3374 4625 3507 4681 illud
3535 4631 3816 4703 autem.an

568 4698 741 4752 brnms
769 4698 1008 4756 antehac
1028 4698 1087 4756 ἱιῐ
1122 4717 1306 4758 eremo
1336 4700 1742 4757 incircumcisos
1765 4701 2016 4770 fateatur,
2045 4703 2153 4757 cir-

561 4770 946 4845 Cumcisionem
1000 4781 1174 4845 tamen
1222 4772 1442 4825 secundo
1484 4783 1805 4845 praeceptam
1856 4774 2149 4842 Spiritalem

562 4840 743 4912 cordis
765 4842 1228 4897 circumcisionem
1253 4840 1524 4911 Spectasse
1548 4840 1825 4912 perspicue
1847 4840 2149 4898 confirmat.

566 4909 793 4981 Denique
821 4931 910 4986 per
930 4913 1269 4986 quadraginta
1287 4909 1459 4986 ianuas
1480 4915 1531 4966 in
1551 4909 1724 4968 eremo
1756 4916 1929 4969 nullus
1954 4925 2025 4968 est
2046 4917 2152 4968 cir-

563 4984 862 5039 cumcisus:
887 4986 985 5039 soli
1029 4984 1149 5053 quip
1188 5000 1215 5037 e
1254 4984 1364 5037 sine
1409 4986 1573 5055 gentis
1603 4987 1811 5039 alterius
1840 4985 2156 5039 admixtione

564 5052 814 5107 vivebant.
839 5056 1027 5107 Statim
1048 5064 1102 5107 ut
1132 5002 1378 5107 erauis
1404 5056 1568 5107 rinam
1599 5065 1943 5107 transaressus
1973 5066 2044 5107 est
2064 5074 2154 5107 no-

564 5052 814 5126 vivebunt.
839 5056 1027 5126 Statim
1048 5064 1102 5108 ut
1119 5052 1378 5108 Jordauis
1404 5052 1575 5126 ripam,
1599 5065 1943 5126 transgressus
1973 5066 2044 5109 est
2063 5074 2154 5123 po-

565 5124 735 5194 pulus,
770 5135 819 5179 et
844 5127 897 5178 in
940 5124 1233 5179 Palwstinaz
1256 5135 1444 5179 terram
1469 5123 1713 5181 Judtcum
1744 5123 1802 5179 se
1832 5143 2043 5181 examen
2073 5130 2153 5181 in-

565 5192 722 5263 fudit,
765 5197 1085 5249 circumcisio
1134 5197 1419 5250 necessaria
1458 5196 1632 5266 futuro
1678 5212 1741 5251 ea:
1770 5198 2152 5266 commixtione

565 5266 792 5334 gentium
821 5267 1039 5336 providit
1083 5269 1267 5323 errori.
1301 5268 1452 5332 Quod
1480 5276 1649 5321 autem
1694 5285 1725 5319 a
1751 5265 1878 5322 Jesu
1917 5270 2045 5321 duce
2074 5286 2151 5322 se-

565 5337 734 5390 cundo
780 5337 1019 5392 scribitur
1059 5345 1278 5408 pepulus
1320 5340 1679 5405 circumcisus,
1711 5340 1971 5411 significat
2016 5349 2061 5393 et
2096 5342 2150 5394 in

561 5425 736 5484 eremo
763 5424 987 5464 cessasse
1015 5411 1468 5484 circumcisionem,
1506 5412 1701 5484 quatit:
1729 5411 1966 5484 [Egypto
1995 5413 2152 5484 ratio-

562 5480 802 5535 nabiliter
830 5486 1180 5545 exercebatur,
1223 5491 1268 5536 et
1307 5499 1339 5535 a
1368 5479 1584 5535 Domino
1608 5480 1735 5536 Iesu
1762 5479 1968 5537 Christo
1993 5483 2149 5552 spiri-

566 5552 696 5606 tuali
721 5552 1106 5607 circumcisione
1130 5553 1387 5606 credentes
1416 5569 1522 5606 esse
1548 5552 1893 5610 mundandos.

640 5621 755 5705 (51)
788 5623 928 5705 Edit.
958 5621 1094 5705 Victi.
1125 5664 1139 5688 ,
1183 5624 1582 5705 circumcisione.
1604 5623 1702 5680 Ms.
1738 5623 1898 5705 _Zen.,
1930 5625 2147 5679 circum-

560 5694 688 5767 cisio
712 5695 1153 5767 recircumciditur
1181 5710 1403 5767 rursum.
1441 5694 1571 5767 Dem
1601 5712 1709 5767 non
1729 5697 1879 5751 habet
1908 5710 2004 5767 pro
2040 5713 2143 5751 non

563 5763 761 5820 habent.
790 5767 862 5823 De
889 5766 1049 5836 hujus
1074 5766 1174 5822 loci
1202 5765 1476 5821 intellectu
1498 5765 1545 5819 si
1574 5765 1823 5838 ambigis,
1854 5763 1975 5822 vide
2006 5782 2141 5837 pra:-

2259 4689 2597 4773 sangnineni,
2626 4700 2713 4773 qtti
2744 4689 2811 4754 de
2837 4689 3036 4773 Christi
3068 4689 3233 4773 latere
3259 4697 3552 4773 tinxerunt,
3582 4689 3810 4773 signiﬁca:

2261 4758 2389 4828 tum"
2425 4758 2606 4835 fuisse,
2646 4758 2767 4824 'hoc
2812 4769 3122 4823 testimonio
3171 4768 3480 4825 confirmari
3540 4758 3742 4836 potest:
3772 4758 3812 4811 il

2261 4842 2403 4914 quod
2434 4842 2685 4897 similiter
2713 4840 2802 4895 alii
2828 4840 3019 4914 Patres
3056 4850 3340 4914 testantur,
3368 4856 3433 4914 ex
3463 4841 3814 4914 quihus‘untttu

2262 4905 2577 4970 Tertulliani
2608 4914 2783 4968 locum
2814 4912 3041 4966 recitare
3071 4910 3247 4980 placet
3271 4905 3336 4964 es
3371 4905 3512 4965 libro
3551 4909 3617 4963 de
3640 4905 3812 4971 Baptis.

2262 5000 2382 5053 cap.
2418 4984 2519 5040 16:
2551 4982 2645 5038 Est
2666 4984 2871 5053 quidem
2902 4981 3045 5035 nobis
3073 4982 3229 5053 etiam
3260 4981 3540 5053 secundum
3567 4980 3813 5053 lavitum".

2265 5068 2308 5110 et
2333 5044 2507 5127 ipsum
2535 5044 2806 5127 sanguinis
2831 5054 3043 5127 scilicet.
3074 5052 3138 5127 de
3175 5067 3276 5127 quo
3310 5050 3565 5127 Dominus
3594 5064 3612 5103 :
3642 5044 3813 5127 H'qbco.

2259 5114 2446 5197 inquit,
2473 5114 2726 5189 baptismo
2764 5126 2913 5194 tingi,
2947 5114 3199 5197 cum
3226 5122 3418 5197 tinctus
3446 5124 3638 5197 (uisset.
3672 5114 3811 5194 Verte-

2260 5193 2343 5252 ταὶ
2365 5200 2501 5253 enim
2525 5213 2613 5266 per
2634 5212 2822 5266 aquam
2844 5193 2898 5249 iet
2924 5195 3225 5268 sanguinem
3236 5235 3263 5268 ,_
3279 5194 3414 5268 sicut
3436 5193 3659 5245 Joannes
3680 5193 3817 5268 sctit}-

2260 5271 2347 5335 sit,
2375 5277 2430 5323 ut
2450 5254 2582 5335 aqua
2607 5254 2909 5338 tin'geretur,
2934 5254 3185 5338 sanguine
3210 5254 3819 5338 g'loriﬁcarcturiproi‘ndr

2261 5328 2356 5396 nos
2382 5328 2572 5411 faceret
2611 5328 2751 5411 aqua
2792 5328 3302 5411 vocatos,'sangtt'ine_
3343 5328 3546 5411 eiectos.
3585 5328 3817 5411 Hbsgduos

2263 5405 2540 5484 baptismos
2571 5405 2872 5484 destituere
2900 5407 3116 5484 perfossi
3149 5405 3326 5463 lateris
3368 5405 3555 5484 emisit.
3595 5409 3816 5484 quatenusr

2256 5470 2344 5553 qui
2372 5485 2425 5536 in
2454 5470 2910 5553 sanguinem‘ejus'
2936 5470 3220 5553 crederent.
3245 5493 3377 5548 aqua
3416 5470 3727 5553 lavarentur;
3748 5470 3817 5536 qui
3884 5470 3905 5493 ⁸

2254 5540 2388 5623 aqua
2419 5540 2679 5609 laviss'ent.
2712 5540 2861 5604 etia'm
2889 5550 3189 5619 sanguinem
3211 5540 3466 5620 poiurent.
3502 5544 3598 5599 llic
3621 5554 3689 5599 est
3711 5540 3818 5623 imp:

2252 5613 2450 5688 tismus,
2481 5625 2565 5691 qui
2610 5624 2873 5676 lavacrum
2909 5613 3081 5674 etnon
3116 5613 3378 5688 acceptum
3408 5620 3723 5687 reprtzsentat
3742 5650 3755 5673 ,
3778 5613 3817 5658 el

2255 5693 2747 5768 perditumredd54-
2850 5761 2864 5768 _
2950 5761 2963 5768 _
3352 5762 3357 5768 .
3524 5764 3529 5768 λ
3582 5755 3614 5768 ..
3648 5752 3681 5768 ..

2326 5766 2442 5837 (57)
2473 5763 2810 5835 Signaculum
2833 5761 2903 5820 de
2918 5761 3329 5818 circumcisitine
3350 5755 3615 5829 corporali
3631 5752 3818 5811 dicitur.
