3960 6330
570 302 678 382 ass

1917 306 2163 375 SANCTI
2200 298 2491 377 ZEHONIS
3727 312 3813 368 {lati

569 426 673 480 tius
712 436 1012 496 synagogas
1054 420 1339 483 a-dilicent.
1372 420 1571 479 cultius
1598 420 1808 494 erigant
1845 422 1925 494 (5)
1965 424 2167 494 capito-
2192 437 2246 499 Α
2272 423 2365 478 ties
2393 421 2532 479 volui
2560 418 2804 492 colligere
2826 419 2964 492 ﬁlios
2988 427 3122 484 tuos,
3149 418 3280 475 sicut
3320 419 3511 494 gallina
3537 420 3692 493 pullos
3718 441 3813 479 suos

568 516 673 582 lia;
717 515 812 573 sed
860 515 914 573 in
960 513 1045 573 his
1074 514 1326 573 omnibus
1352 516 1606 586 operibus
1632 531 1766 574 vero
1790 516 1998 588 judicio
2021 529 2165 575 stru—

548 602 748 667 ‘etores
797 610 967 679 magis
1018 618 1248 681 possunt
1301 608 1556 679 placere.
1608 624 1770 682 quam
1823 610 2158 672 sacerdOtes.

565 700 728 767 Quid,
750 698 896 770 quod
923 710 1016 755 aut
1042 700 1270 767 nullum,
1295 710 1389 761 aut
1411 716 1686 771 perrarum
1707 711 1791 761 est
1820 716 1917 772 per
1945 717 2162 759 omnem

570 792 862 849 Ecclesiam
911 791 1009 849 Dei
1050 792 1315 853 orationis
1353 790 1433 865 (4)
1483 793 1587 849 1οοὶ
1636 794 1794 867 uo
1837 793 2163 861 membrum.

571 882 721 954 quod
766 884 939 954 possit
967 884 1157 955 quavis
1190 884 1270 956 (5)
1300 885 1452 941 ruina
1486 885 1536 941 in
1565 900 1624 941 se
1651 886 2017 957 mergentibus
2048 886 2166 944 ido-

569 977 801 1035 lolatriae
824 977 1034 1037 aedibus
1060 993 1205 1036 nunc
1243 995 1410 1050 usque
1454 978 1793 1049 aliquatenus
1820 979 2167 1052 comparari?

570 1067 705 1125 Nam
754 1080 807 1124 et
859 1068 1167 1129 Salomonis
1210 1072 1522 1142 accepimus
1576 1072 1835 1144 templum
1889 1072 2167 1133 luculento

566 1176 735 1231 apere
763 1161 932 1219 fuisse
972 1171 1365 1229 constructum,
1391 1173 1553 1235 atque
1591 1164 1663 1221 ita
1706 1166 2076 1233 elaboratum,
2109 1174 2168 1221 ut

568 1256 801 1315 nesciret
831 1255 1127 1330 inspector,
1156 1257 1208 1313 in
1235 1272 1300 1314 eo
1326 1257 1452 1330 quid
1486 1258 1823 1329 potissimum
1856 1258 2162 1325 miraretur,

568 1349 1019 1421 tnagnitndinem,
1046 1365 1205 1421 opus,
1237 1358 1517 1413 ornatum.
1548 1366 1617 1409 an
1647 1367 1714 1407 ne
1741 1351 2021 1409 materiam
2046 1369 2061 1405 :
2090 1350 2166 1406 ita

566 1441 712 1499 enim
741 1443 793 1497 in
835 1457 1003 1499 unum
1032 1441 1282 1499 decorem
1310 1444 1560 1503 universa
1583 1451 1968 1508 convenerant,
1996 1452 2053 1499 ut
2083 1441 2164 1499 le-

566 1535 753 1606 gitima
798 1534 994 1595 domus
1048 1536 1141 1593 Dei
1191 1534 1393 1597 caduca
1440 1536 1529 1593 illa
1578 1535 1805 1593 ambitio
1859 1545 2161 1606 putaretur.

565 1627 722 1697 Quod
750 1628 797 1683 si
828 1626 901 1685 ita
930 1635 1111 1696 esset,
1139 1626 1286 1685 inter
1312 1637 1607 1693 memorata
1638 1628 1812 1700 impar
1843 1629 1991 1691 cultu
2022 1643 2167 1687 sem-

566 1734 665 1792 per
688 1718 1043 1778 inveniretur.

640 1812 703 1869 ιι.
735 1812 842 1871 Sed
870 1812 986 1872 luce
1014 1813 1292 1872 saecularia
1324 1815 1443 1872 sine
1473 1814 1713 1886 legitimo
1739 1828 1804 1871 ac
1830 1813 2029 1870 devoto
2049 1813 2164 1870 cul-

566 1915 684 1963 tore
715 1922 815 1964 nec
840 1907 1182 1970 sufﬁcientia.
1214 1924 1309 1963 nec
1338 1908 1643 1963 necessaria
1681 1907 1873 1962 honori
1902 1921 2001 1961 suo
2034 1921 2160 1976 pro—

567 1978 796 2054 testatur
837 1998 977 2055 Deus
1008 1999 1262 2055 hactenus
1290 2000 1477 2055 dicens
1508 2017 1520 2052 :
1552 1998 1744 2054 Cretum
1771 1999 1899 2053 mihi
1921 1999 2160 2063 thronus,

565 2104 612 2147 et
642 2084 1190 2165 terra‘suppedrmeum
1210 2095 1397 2165 pedum
1420 2109 1666 2147 meorum.
1696 2091 1864 2159 Quom
1886 2092 2012 2146 mihi
2040 2091 2166 2146 tedi-

567 2184 787 2254 ﬁcabitis
811 2185 1061 2241 domum?
1087 2195 1177 2240 aut
1204 2187 1319 2258 quis
1345 2186 1490 2241 locus
1505 2186 1575 2240 ad
1589 2187 1814 2257 requiem
1841 2186 2009 2239 mihi?
2041 2184 2167 2240 0m-

564 2279 655 2335 uia
695 2280 831 2337 enim
868 2280 966 2337 ista
1010 2281 1130 2352 fecit
1172 2298 1356 2339 manus
1395 2297 1507 2337 mea
1535 2279 1696 2354 (lsa.,
1728 2296 1879 2347 uvt,
1914 2282 1963 2344 l.
1991 2281 2073 2353 2).
2108 2280 2165 2337 In

568 2370 871 2439 Evangelia
894 2386 1113 2442 quoque
1134 2371 1214 2429 sic
1241 2372 1372 2429 dicit
1402 2391 1417 2429 :
1440 2370 1789 2439 Hierusalem,
1817 2372 2162 2439 Hierusalem,

566 2478 682 2537 qum
709 2463 955 2535 interﬁcis
976 2464 1275 2536 prapltetas,
1307 2474 1353 2525 et
1393 2464 1598 2536 lepidas
1624 2465 1805 2521 missos
1831 2463 1901 2520 ad
1935 2473 2003 2529 te.
2035 2481 2167 2535 quo-

638 2599 714 2671 (3)
765 2599 1104 2671 Capitolium,
1142 2602 1200 2657 id
1241 2612 1314 2657 est
1358 2604 1501 2658 curia
1548 2600 1798 2668 Deorum,
1826 2612 1884 2657 ut
1927 2602 2163 2671 eXplicat

564 2671 609 2725 Τ
612 2671 945 2745 ortullianns,
981 2676 1032 2728 in
1071 2674 1447 2745 Apologfcap.
1480 2674 1531 2739 6,
1583 2690 1682 2742 pro
1720 2675 1983 2729 idolorum
2035 2674 2161 2728 fano

565 2745 647 2817 vel
670 2744 881 2817 iemplo
909 2745 1218 2817 frequenter
1249 2744 1560 2817 usurpatum
1587 2747 1829 2817 legimus.
1866 2746 2158 2817 Eumenius

569 2814 619 2867 itt
670 2813 1301 2889 Panegyrictiprollinis
1338 2813 1584 2889 teinplum
1632 2813 1677 2870 Et
1717 2818 2017 2889 capitolium
2043 2816 2156 2871 Au-

566 2886 863 2957 gustuduni
887 2886 1100 2949 condita
1132 2888 1369 2957 appellat
1392 2886 1521 2957 (una
1545 2889 1696 2957 longe
1723 2886 1951 2941 omnium
1980 2889 2032 2941 in
2061 2889 2157 2942 hac

564 2957 686 3029 urbe
712 2956 1338 3029 pulcherrima.Synotlus
1372 2956 1725 3029 Elilieritana,
1755 2973 1881 3029 ean.
1900 2959 1993 3023 59,
2025 2974 2154 3028 pro-

568 3026 719 3099 hibet
769 3043 836 3082 ne
865 3029 985 3096 quis
1012 3026 1350 3084 Christianus
1380 3030 1446 3083 ad
1472 3028 1667 3082 idolum
1695 3028 1925 3099 capitolii
1949 3026 2155 3083 sacrifi-

564 3097 721 3173 candi
743 3113 903 3173 causa
931 3101 1201 3173 ascendat.
1238 3100 1739 3173 VideGypri_a_ttttm,
1760 3097 1840 3154 'de
1864 3099 2077 3170 Lapsis,
2101 3112 2157 3156 et

564 3169 923 3237 Lactantiutn,
950 3171 1042 3226 lib.
1094 3188 1133 3236 ι,
1177 3187 1297 3241 cap.
1327 3172 1395 3227 12
1433 3169 1488 3227 et
1535 3170 1636 3235 21,
1681 3186 1892 3227 necnon
1938 3169 2030 3227 lib.
2076 3187 2153 3237 ttt,
2194 3214 2201 3223 .

563 3240 803 3312 cap.il7,
831 3241 917 3296 ubi
945 3243 1223 3301 Ciceronis
1246 3240 1426 3297 locum
1458 3243 1672 3312 allegat.

2268 513 2362 568 sub
2403 513 2538 582 alus,
2578 521 2627 568 et
2674 511 2927 567 noluisti?
2977 510 3114 566 Ecce
3158 512 3445 568 remittetur
3489 512 3617 573 vobis
3664 516 3814 571 domus

2268 616 2431 663 uestra
2457 605 2699 683 (Mattio,
2731 621 2880 675 xxnt,
2911 605 3001 671 57,
3030 606 3143 677 58).
3176 605 3244 661 Et
3269 607 3464 663 iterum
3493 626 3505 661 :
3538 607 3650 663 Non
3682 612 3814 667 relin-

2266 708 2445 770 quetur
2465 700 2520 759 in
2544 698 2734 770 templo
2758 699 2892 769 lapis
2916 715 3072 767 super
3092 698 3339 769 lapidem,
3367 701 3454 771 qui
3482 716 3577 754 non
3599 702 3816 759 dissolua-

2265 802 2351 848 tur
2378 789 2636 865 (ﬂama,
2673 805 2827 857 xxtv,
2853 790 2919 857 2;
2973 790 3167 859 Μαι-ο..
3202 808 3317 855 xnt,
3358 791 3424 860 2;
3468 791 3612 861 Lua,
3655 811 3713 865 tt,
3748 795 3812 864 5).

2268 883 2541 954 Reprobat
2580 897 2708 952 ergo
2755 892 2860 939 tam
2903 880 3226 940 immerisum
3251 925 3265 952 ,
3309 891 3417 940 tam
3464 884 3694 958 insigne,
3729 896 3813 943 tam

2266 975 2495 1045 opulens
2524 975 2809 1046 templum,
2847 976 2968 1041 quia
3010 976 3062 1033 in
3093 992 3161 1033 eo
3188 991 3377 1033 verum
3423 993 3525 1033 non
3563 991 3669 1035 erat
3707 988 3816 1037 tem-

2268 1068 2449 1137 plum;
2494 1068 2695 1124 etenim
2726 1066 3008 1125 hominum
3040 1066 3121 1140 (6)
3156 1068 3568 1125 conciliabulum
3596 1081 3681 1129 est
3714 1087 3815 1127 con-

2267 1158 2435 1215 textio
2482 1159 2581 1215 ista
2630 1158 2931 1230 parietum;
2986 1158 3161 1215 fidelis
3205 1171 3387 1216 autem
3440 1163 3653 1233 populus
3691 1167 3814 1237 ιιι

2266 1251 2361 1313 Dei
2406 1251 2485 1324 (7)
2533 1252 2819 1323 templum,
2851 1251 3113 1323 Apostolo
3141 1252 3401 1312 dicente:
3443 1253 3542 1311 Vos
3581 1256 3685 1312 estis
3718 1267 3818 1312 tem-

2269 1354 2412 1425 pluut
2443 1351 2558 1420 Dei,
2581 1362 2630 1410 et
2656 1354 2870 1426 spiritus
2912 1352 3010 1409 Dei
3039 1353 3237 1411 habitat
3261 1356 3317 1411 ἄη
3348 1358 3482 1413 vobis
3512 1354 3575 1430 (ll
3601 1355 3732 1421 Con,
3758 1374 3815 1419 t't,

2271 1456 2380 1526 l6).
2411 1456 2477 1511 Et
2499 1471 2687 1512 verum
2712 1465 2826 1521 est;
2860 1471 2985 1511 nam
3012 1455 3150 1511 sicut
3179 1456 3341 1512 idolis
3363 1457 3639 1513 inscn~atis
3658 1459 3815 1513 similia

2270 1557 2469 1627 templa
2499 1557 2848 1624 conveniunt,
2878 1556 2952 1611 ita
2982 1556 3180 1612 viventi
3226 1558 3339 1612 Deo
3363 1556 3480 1611 viva
3507 1558 3688 1627 templa
3721 1567 3818 1612 sunt

2270 1657 2615 1722 necessaria;
2664 1657 2715 1711 itt
2764 1655 2848 1711 his
2889 1656 3033 1711 enim
3063 1655 3198 1711 solis
3233 1655 3571 1712 sacerdotum
3598 1656 3685 1711 Dei
3708 1666 3818 1711 stru-

2270 1767 2421 1813 ctura
2453 1766 2509 1813 et
2555 1757 2770 1829 propria
2819 1766 2903 1812 est
2944 1765 3000 1811 et
3045 1757 3335 1828 perennis;
3364 1770 3466 1827 qua
3492 1765 3545 1811 et
3565 1755 3753 1812 .lttdzeos
3776 1765 3819 1811 et

2193 1829 2241 1893 Β
2269 1857 2473 1914 Gentes
2498 1858 2586 1913 vel
2612 1865 2844 1913 caeteros
2884 1855 3277 1911 antecedimus.
3307 1852 3723 1926 incomparabilis
3744 1870 3819 1908 au-

2274 1970 2381 2013 tem
2419 1958 2610 2028 gloria,
2640 1972 2704 2014 ac
2734 1971 2860 2013 vere
2905 1957 3019 2013 Deo
3060 1955 3239 2027 digna,
3273 1969 3399 2010 cum
3431 1969 3534 2011 uno
3569 1969 3815 2019 consensu,

2274 2074 2377 2112 una
2414 2057 2538 2124 fide,
2564 2056 2703 2112 alter
2724 2056 2952 2111 alterum
2979 2055 3395 2123 commendans,
3428 2052 3692 2109 devotione
3716 2068 3817 2108 con-

2272 2157 2433 2215 simili
2463 2164 2855 2215 convertuntur
2879 2156 2944 2212 ad
2965 2156 3134 2212 Deum
3154 2164 3209 2212 et
3228 2156 3487 2212 sacerdos
3505 2165 3557 2211 et
3578 2155 3815 2227 templum-

2271 2262 2553 2319 Exsnltate
2599 2262 2782 2334 igitur,
2824 2261 3042 2331 fratres,
3073 2261 3589 2332 ardiftcationemque
3623 2270 3816 2316 vestram

2267 2365 2386 2423 aede
2413 2366 2515 2422 ista
2542 2365 2612 2425 tle
2643 2365 2853 2423 novella
2876 2365 3212 2433 cognoscite,
3234 2362 3400 2434 cujus
3419 2377 3620 2435 quoque
3645 2358 3817 2430 capaci-

2268 2476 2434 2522 tatem
2489 2465 2632 2523 l'elici
2682 2481 2909 2523 numero
2938 2463 3142 2521 fecistis
3192 2465 3279 2536 (8)
3320 2473 3594 2537 angustam
3625 2480 3637 2519 :
3668 2478 3726 2518 ex
3764 2477 3815 2518 eo

2265 2612 2451 2672 aperte
2500 2613 2675 2657 vocat.
2724 2601 2923 2659 Confer
2966 2601 3322 2657 Prudentium
3372 2599 3565 2672 Apoth.
3608 2615 3669 2667 ν,
3713 2600 3811 2655 778.

2264 2675 2401 2729 Cum
2429 2690 2556 2746 ergo
2578 2674 2764 2729 Patres
2786 2673 2992 2746 antiqui
3022 2673 3348 2728 Christianis
3388 2674 3581 2746 templa
3608 2687 3814 2746 essene-

2262 2743 2617 2814 gabant,'non
2645 2745 2911 2815 negabant
2952 2745 3035 2808 his
3061 2760 3182 2801 esse
3209 2753 3360 2801 certa
3406 2743 3542 2808 loca,
3572 2745 3621 2799 in
3659 2743 3815 2814 quibus

2263 2832 2452 2870 sacros
2491 2825 2663 2872 coetus
2712 2827 2937 2886 agerent
2984 2815 3129 2886 (nam
3179 2815 3371 2871 iisdem
3417 2815 3468 2870 in
3507 2815 3813 2885 operibus,itt

2262 2887 2459 2957 quibus
2483 2895 2746 2957 negarunt
2770 2889 2871 2942 sibi
2898 2901 3019 2942 esse
3050 2887 3272 2956 templa,
3305 2901 3489 2941 sacros
3511 2897 3669 2941 cretus
3687 2886 3812 2941 statis

2261 2959 2453 3013 diebus
2480 2974 2510 3013 ι
2539 2974 2601 3013 se
2643 2959 2854 3012 habitos
2895 2958 3096 3013 diserte
3137 2957 3471 3023 aflimarunt,
3500 2968 3550 3011 ut
3595 2957 3739 3027 liquet
3758 2970 3813 3008 es

2263 3029 2458 3084 Justini
2487 3030 2710 3099 Apolog.
2742 3027 2897 3098 etc.),
2921 3040 2972 3081 at
3002 3028 3120 3082 hmc
3151 3028 3296 3093 loca,
3326 3031 3380 3083 in
3408 3028 3593 3099 quibus
3620 3028 3815 3099 collecta

2266 3104 2459 3156 tierent
2485 3143 2499 3166 ,
2538 3098 2642 3169 pro
2668 3098 2905 3170 templis
2946 3115 3054 3154 non
3100 3099 3395 3163 habebant.
3428 3098 3625 3170 quibus
3663 3098 3813 3157 Deus.

2266 3170 2493 3244 perinde
2533 3186 2598 3244 ac
2645 3172 2805 3244 idola,
2827 3171 3078 3227 Gentium
3101 3212 3115 3236 ,
3154 3170 3441 3244 indigeret,
3469 3170 3560 3226 sed
3588 3179 3813 3244 tamquam

2266 3259 2414 3297 mera
2443 3243 2559 3299 loca
2589 3242 2896 3297 hominibus
2922 3241 3319 3313 congregandis
3342 3246 3531 3297 idonea
3548 3241 3816 3313 consident-

637 3310 728 3389 (t)_
761 3312 916 3389 Loca
960 3316 1207 3389 orationis
1261 3314 1367 3369 dici
1430 3310 1678 3389 solebant
1717 3312 2155 3389 Christianorum
2188 3324 2233 3389 ο
2269 3313 2417 3374 bant.
2453 3313 2982 3389 untleuconciliaimlq
2998 3310 3150 3389 (non
3197 3315 3396 3389 templa
3440 3314 3502 3389 S.
3712 3312 3814 3364 satis

565 3384 785 3454 templa,
813 3384 953 3441 unde
976 3386 1184 3441 oratorii
1216 3400 1410 3441 nomen
1440 3385 1670 3442 Subinde
1714 3385 1971 3450 inolevit;
2000 3394 2057 3438 et
2080 3386 2157 3440 si-

563 3456 764 3511 tttiliter
794 3460 893 3511 sub
921 3468 1178 3512 tractatus
1206 3458 1368 3512 linem
1398 3472 1560 3511 ωσι-ιε
1582 3458 1829 3511 orationis
1868 3457 1963 3510 iste
1990 3456 2153 3511 locus.

564 3525 851 3582 Ecclesium
882 3528 1229 3585 nihilominus
1269 3529 1327 3583 S.
1357 3528 1504 3582 Zeno
1532 3542 1637 3581 non
1666 3527 1834 3584 semel
1879 3529 2114 3596 appellat
2139 3548 2155 3584 :

565 3599 811 3668 templum
857 3606 1033 3654 autem
1084 3600 1229 3666 ipsos
1278 3599 1614 3654 Christianos
1659 3599 1834 3653 solum
1877 3613 1943 3653 ex
1988 3598 2158 3654 Paulo

565 3666 827 3738 Apostolo
856 3670 1204 3738 appellandos
1233 3670 1285 3725 in
1307 3671 1536 3725 decursu
1560 3671 1827 3724 sermonis
1853 3670 2153 3726 contendit.

573 3738 703 3810 Vide
732 3739 802 3795 de
833 3739 935 3794 hoc
962 3740 1145 3796 adnot.
1174 3740 1266 3805 26,
1302 3742 1350 3794 in
1384 3747 1539 3795 tract.
1568 3757 1620 3793 v.
1654 3740 1787 3795 llinc
1819 3756 1977 3810 porro
2001 3741 2156 3796 intel-

566 3809 751 3881 ligitnr
777 3826 936 3881 quam
972 3812 1159 3880 pusilla
1189 3822 1244 3866 et
1271 3813 1506 3866 minima:
1527 3812 1659 3866 artis
1684 3812 1733 3865 id
1765 3812 2021 3881 temporis
2046 3812 2159 3869 fere

567 3880 766 3937 fuerint
798 3880 1222 3937 ’cltristianartnn
1270 3882 1635 3937 Ecclesiarnm
1682 3880 1905 3936 aedilicia
1932 3924 1946 3947 ,
1986 3881 2058 3937 ita
2099 3894 2159 3938 ut

564 3953 717 4011 nulla
740 3952 821 4009 vel
862 3968 982 4007 rara
1020 3962 1263 4023 possent,
1294 3968 1361 4008 ne
1400 3953 1527 4008 dum
1555 3968 1677 4007 cum
1706 3952 1998 4009 Gentilium
2023 3964 2160 4009 lem-

568 4026 691 4094 plis,
723 4023 819 4080 sed
853 4040 919 4079 ne
958 4039 1080 4080 cum
1120 4024 1358 4094 ipsorum
1402 4024 1644 4094 quidem,
1674 4039 1797 4094 quae
1841 4033 2160 4095 supererant

566 4097 888 4164 templorum
920 4097 1086 4151 ruinis
1109 4095 1427 4164 comparari.
1456 4096 1591 4151 Cum
1615 4098 1867 4150 nimirum
1889 4096 1992 4149 sub
2017 4094 2160 4150 Con-

565 4167 804 4222 Statttino
828 4168 1057 4236 primum
1091 4166 1362 4223 Ecclesias
1388 4167 1631 4235 publicas
1656 4166 1870 4237 aperire
1897 4166 2157 4222 Christia-

568 4238 651 4292 nis
681 4238 863 4302 licuit;
896 4238 999 4294 illis
1027 4237 1192 4294 ittitiis
1218 4238 1299 4293 vel
1327 4237 1565 4308 privatas
1593 4237 1784 4293 domos
1815 4240 1866 4291 in
1900 4238 2155 4292 Ecclesia:

568 4324 720 4362 nsunt
756 4310 1098 4372 transtulere,
1136 4310 1240 4375 vel,
1271 4309 1317 4364 si
1353 4308 1688 4364 mdilicarunt
1731 4308 1843 4362 loca
1870 4309 2154 4377 orationis,

566 4379 819 4451 pl‘tBSBllll
871 4379 1180 4437 necessitati
1225 4380 1648 4451 prospicientes,
1693 4379 1993 4436 :cdifieasse
2035 4396 2159 4436 cre-

567 4449 727 4505 dendi
758 4459 881 4509 sunt
906 4466 1088 4507 sacras
1115 4452 1258 4507 aedes
1288 4449 1426 4519 rudi,
1455 4463 1511 4505 ut
1535 4453 1709 4516 aiunt,
1733 4451 1971 4506 minerva
1996 4494 2010 4516 ,
2036 4466 2159 4521 qua:

567 4521 697 4577 satis
723 4530 908 4580 essent
936 4522 1328 4579 Ecclesiasticis
1350 4524 1726 4589 comentibus,
1755 4537 1824 4578 ne
1849 4537 1972 4578 cum
2003 4539 2156 4579 sum-

569 4593 775 4661 ptuosis
799 4593 1067 4651 idolorum
1093 4593 1306 4667 templis
1334 4596 1404 4651 de
1429 4594 1826 4666 magnificentia
1855 4595 2155 4651 contende-

564 4673 708 4723 rent.

635 4734 719 4805 (5)
744 4732 916 4790 Ruina
945 4736 1129 4805 quaevis
1154 4736 1463 4792 idololatriw
1481 4736 1670 4791 adium
1694 4735 1794 4791 hoc
1809 4737 1927 4791 loco
1951 4750 2158 4792 memo-

565 4804 679 4877 rata
708 4804 848 4861 haud
878 4805 1099 4875 intelligi
1130 4816 1305 4876 potest
1327 4808 1434 4872 illa,
1462 4823 1620 4877 quam
1650 4809 2004 4877 imperatores
2023 4808 2156 4877 legi—

563 4876 665 4949 bus
712 4877 965 4949 intulere,
995 4892 1117 4935 cum
1162 4877 1424 4949 idolorum
1454 4876 1651 4949 templa
1682 4876 1850 4949 deleri
1877 4876 2156 4949 jusserunt

565 4946 642 5022 (id
673 4950 815 5026 enim
847 4948 1021 5026 serius
1044 4947 1271 5026 accidit,
1294 4964 1461 5026 quam
1497 4948 1640 5026 quod
1669 4951 1735 5026 ad
1763 4946 2000 5026 Zenonis
2027 4960 2149 5004 teta-

566 5018 673 5091 lettt
706 5020 891 5077 referri
929 5020 1134 5091 queat),
1166 5019 1261 5075 sed
1291 5018 1404 5086 illa,
1428 5018 1589 5090 quam
1614 5021 1817 5075 etedetn
1845 5022 1991 5076 aedes
2015 5038 2152 5091 quo-

563 5088 648 5144 vis
673 5105 801 5146 casu
845 5088 1229 5147 aut'vetuState
1258 5088 1494 5146 corrosis:
1530 5091 1902 5159 minabantur;
1935 5102 1989 5148 et
2030 5088 2155 5147 scn-

566 5159 733 5232 tentia
778 5171 895 5227 est,
931 5162 1069 5219 adeo
1122 5161 1314 5232 pusilla
1360 5177 1482 5218 esse
1529 5166 1645 5216 loca
1696 5164 1956 5218 orationis
2011 5161 2155 5232 apud

566 5230 927 5298 Christianos,
957 5242 1016 5288 ut
1041 5230 1265 5291 nedum
1285 5249 1406 5291 cum
1435 5233 1703 5288 stantibus
1725 5234 1988 5292 idolorum
2019 5230 2156 5288 tem-

565 5300 930 5377 plis,isedine
971 5318 1093 5359 cum
1134 5304 1366 5377 ruinosis
1405 5304 1830 5377 quibuscumque
1873 5304 1976 5377 (sic
2009 5304 2154 5360 enim

567 5373 883 5447 explicanda
902 5383 1148 5447 putamus
1169 5375 1259 5447 illa
1275 5373 1435 5447 ruina:
1453 5375 1631 5447 quavis
1649 5375 1703 5428 in
1724 5373 1777 5430 se
1796 5373 2155 5447 mergentibus,

568 5443 619 5500 id
648 5456 731 5500 est
760 5443 1272 5513 collabescentibus)
1300 5445 1534 5501 conferri
1561 5453 1780 5514 queant.

641 5513 720 5589 (6)
748 5516 880 5589 Hinc
906 5526 1091 5587 aperte
1110 5516 1506 5589 conciliabulum
1525 5513 1701 5571 dictus
1721 5526 1861 5589 patet
1899 5517 2069 5589 locus,
2105 5517 2160 5572 in

567 5586 675 5657 quo
702 5586 851 5643 sacri
896 5586 1197 5645 conventus
1229 5586 1597 5651 habebantur,
1629 5588 2076 5656 quemadmodum
2108 5597 2163 5643 et

566 5658 706 5727 apud
731 5657 958 5727 Livium,
974 5675 1066 5725 vlt,
1083 5659 1137 5724 5,
1152 5657 1661 5715 conciliabulaobirs.
1683 5661 1881 5713 Auctor
1897 5660 2077 5727 operis
2093 5659 2163 5714 de

578 5727 833 5801 Mortibus
874 5739 1306 5801 persecutorum,
1336 5743 1458 5798 cap.
1492 5728 1583 5801 15,
1626 5727 2163 5801 σοηνυειιιίειιιιιηίνδοε

572 5798 782 5865 parietes
814 5798 1176 5862 Ecclesiarutn
1198 5815 1323 5860 cum
1363 5799 1620 5867 Amullio,
1648 5800 1749 5859 sub
1776 5800 1939 5859 ﬁnem
1961 5798 2053 5856 lib.
2088 5816 2162 5868 tv,

2262 3386 2548 3440 commode
2572 3386 2658 3439 illa
2689 3387 2919 3440 vocavit.
2949 3385 3100 3450 Quod
3127 3382 3315 3439 autem
3338 3386 3413 3439 ait
3436 3387 3486 3439 in
3514 3399 3577 3440 eo
3602 3382 3816 3441 Hieroso-

2262 3455 2531 3528 lymorum
2566 3459 2766 3527 templo
2795 3472 2968 3511 verum
2994 3456 3238 3528 templum
3268 3473 3373 3528 non
3397 3456 3587 3528 fuisse,
3614 3454 3735 3528 forte
3755 3452 3815 3503 al-

2261 3526 2396 3582 ludit
2420 3529 2486 3582 ad
2518 3528 2601 3582 illa
2632 3526 2799 3594 Apoc.
2825 3543 2941 3590 xxx,
2969 3526 3112 3583 vers.
3140 3527 3235 3589 2‘2.
3264 3527 3359 3581 ubi
3384 3526 3610 3581 Joannes
3631 3526 3815 3593 loquens

2261 3598 2330 3673 de
2353 3614 2485 3652 nova
2514 3599 2845 3654 Hierusalem
2870 3597 3051 3673 (quam
3079 3596 3327 3673 Ezechiel
3348 3597 3592 3673 similiter
3611 3610 3815 3666 prasinu-

2262 3672 2508 3732 tiaverat,
2536 3685 2655 3724 enm
2703 3670 2892 3724 novam
2924 3672 3046 3725 nevi
3072 3670 3258 3739 templi
3293 3670 3685 3724 aedificationem
3713 3680 3812 3736 pro-

2260 3741 2468 3814 Spenit)
2495 3742 2665 3814 inquit
2697 3759 2710 3795 :
2740 3740 3012 3809 Templum
3051 3758 3151 3814 non
3181 3740 3288 3793 vidi
3316 3741 3370 3796 in
3394 3758 3473 3814 ea.

2336 3811 2417 3885 (7)
2447 3808 2721 3875 Solemus,
2750 3820 2810 3885 ut
2837 3808 2967 3885 mox,
2991 3812 3266 3868 innuimus
3295 3854 3311 3877 ,
3342 3812 3573 3882 antiquis
3613 3808 3815 3885 Panibus

2264 3879 2362 3938 fuit
2397 3879 2716 3952 'protesmri,
2767 3884 2877 3939 Deo
2920 3884 3047 3939 vivo
3088 3898 3226 3953 opus
3258 3899 3370 3936 non
3418 3879 3540 3938 esse
3580 3879 3767 3947 templis
3791 3890 3815 3930 e

2265 3958 2487 4009 materia
2519 3956 2870 4016 construczis.
2901 3955 2995 4009 sed
3028 3955 3198 4021 ipsius
3224 3955 3488 4024 templum
3534 3954 3817 4024 vivente-sse

2262 4025 2614 4081 christianum
2664 4026 2922 4096 populum
2951 4036 3003 4082 et
3036 4023 3548 4097 Ecclesiamipsam
3594 4023 3814 4097 fidelium.

2264 4097 2420 4165 Vide,
2451 4099 2591 4153 inter
2616 4092 2866 4163 caeteros,
2890 4096 3254 4157 Lactantiam.
3276 4092 3407 4152 lib.i
3434 4096 3598 4149 Instit.
3617 4106 3721 4161 cap.
3744 4092 3811 4153 l0,

2263 4178 2316 4222 et
2344 4168 2441 4240 lih.
2475 4185 2547 4235 tv,
2582 4184 2703 4238 cap.
2730 4169 2830 4235 15;
2864 4179 3135 4240 auctorem
3187 4168 3309 4221 libri
3349 4168 3418 4240 d_c
3451 4166 3693 4240 Mortibus
3716 4176 3812 4229 per-

2263 4234 2609 4305 secutorum,
2649 4234 2790 4310 λιιι).
2818 4234 2822 4235 ν
2849 4238 2954 4305 15,
3010 4239 3289 4310 Mintttittm
3345 4238 3614 4310 Felicem,
3667 4234 3812 4310 Αῑιιο·

2264 4310 2431 4377 bium,
2477 4303 2949 4382 etm'ﬂoc'vivnm‘
2992 4309 3530 4382 templumiproiecto
3554 4303 3813 4382 signiﬁcare

2263 4382 2432 4437 voluit
2457 4382 2514 4439 S.
2542 4381 2713 4447 Zeno,
2739 4397 2863 4439 cum
2894 4382 3059 4452 paulo
3082 4379 3206 4451 post
3235 4379 3314 4437 ait
3339 4399 3352 4433 :
3388 4379 3656 4434 Devotione
3677 4379 3815 4452 consi—

2264 4452 2375 4508 mili
2426 4446 2786 4511 convertuntur
2828 4446 2912 4508 αἱ
2948 4446 3116 4507 Deum
3160 4463 3209 4507 et
3247 4452 3491 4507 sacerdos
3514 4460 3559 4503 et
3589 4446 3810 4523 templum.

2267 4524 2316 4577 id
2335 4536 2416 4595 est
2446 4525 2566 4581 viva
2589 4524 2828 4581 fidelium
2849 4524 3115 4595 Ecclesia,
3142 4539 3262 4595 qua;
3294 4540 3399 4580 una
3432 4536 3550 4578 cum
3567 4515 3815 4575 sacerdoti-

2268 4596 2365 4653 bus
2393 4594 2503 4650 Deo
2535 4596 2720 4655 Iaudes
2744 4605 2800 4653 et
2823 4593 3462 4652 sacriﬁcium’oll‘erebat.

2341 4663 2423 4735 (⁸)
2453 4666 2569 4723 Non
2600 4669 2758 4742 rudes
2788 4669 2961 4742 Solum
2991 4666 3072 4737 (ut
3108 4666 3343 4742 vidimus
3365 4667 3549 4742 adnot.
3569 4660 3648 4742 ᾗ),
3670 4656 3750 4740 sed
3773 4660 3815 4742 et

2262 4732 2519 4805 angustas
2554 4740 2707 4795 initio
2752 4738 2931 4809 quarti
2956 4732 3137 4791 saeculi
3179 4736 3295 4794 fere
3325 4737 3501 4809 inisse
3530 4732 3815 4809 christiano:

2264 4824 2381 4861 rum
2413 4810 2667 4867 ecclesias
2688 4852 2704 4874 ,
2734 4805 2855 4865 cum
2888 4824 2984 4878 pro
3030 4809 3297 4877 paucitate
3343 4808 3439 4863 illa
3475 4805 3712 4878 ﬁdelium,
3739 4805 3808 4867 qui

2261 4879 2367 4934 sub
2392 4872 2974 4952 persecutionestidetn
3005 4872 3333 4935 catholicam
3348 4875 3590 4949 amplexi
3617 4872 3810 4952 inerant,

2262 4965 2369 5004 non
2393 4946 2551 5005 valde
2577 4952 2770 5018 amplis
2802 4950 3037 5005 basilicis
3067 4965 3203 5020 opus
3234 4961 3418 5015 esset;
3454 4946 3507 5004 et
3557 4946 3815 5020 solum‘au‘

2260 5030 2350 5093 clo
2400 5021 2631 5078 subinde
2671 5010 2805 5093 'post
2850 5010 3120 5093 redditatn'
3160 5010 3421 5093 Ecclesiae
3482 5031 3659 5093 pacem
3707 5010 3814 5093 litie-

2263 5091 2391 5148 linm
2420 5107 2643 5147 numero
2664 5081 2875 5157 [novas
2906 5092 3197 5160 ampliores
3226 5081 3812 5160 ecclesias'mdilicandns

2258 5164 2446 5227 fuisse,
2471 5180 2534 5219 ex
2568 5152 2866 5219 Athanasio
2898 5152 3085 5230 liquet,
3117 5164 3205 5234 qui
3240 5164 3293 5217 in
3323 5161 3582 5234 Apologia
3610 5158 3674 5234 ad
3694 5152 3811 5234 Cott-

2260 5180 2446 5227 ttnsse,
2471 5180 2534 5219 ex
2568 5180 2866 5219 Atnanasto
2898 5180 3085 5230 liquet,
3117 5180 3205 5234 qnt
3240 5180 3293 5217 tn
3323 5180 3582 5288 Αὲὶῐοειιι
3610 5180 3674 5237 au.
3694 5180 3810 5234 cou-

2260 5236 2514 5288 stantium
2548 5235 2888 5289 Alexandria:
2924 5236 2975 5288 itt
3004 5234 3137 5304 urbe
3170 5235 3332 5304 totius
3433 5231 3576 5304 gypti
3606 5236 3810 5304 ρηειεψα

2259 5306 2670 5376 angustissimas
2713 5306 2879 5361 fuisse
2928 5301 3091 5376 tradit
3137 5303 3399 5360 ecclesias
3435 5297 3616 5373 usque
3643 5297 3701 5351 ad
3735 5308 3811 5376 an.

2263 5374 2392 5440 556,
2418 5392 2539 5447 qua:
2567 5392 2688 5431 cum
2716 5375 2990 5447 capiendis
3033 5374 3281 5433 ﬁdelibus
3327 5376 3382 5430 in
3424 5376 3539 5431 dies
3557 5375 3811 5447 ετοερειιιις

2266 5448 2364 5501 bus
2382 5438 2546 5516 pares
2579 5462 2682 5501 non
2709 5438 2911 5513 essent,
2946 5461 3080 5500 nova
3107 5447 3342 5515 amplior
3366 5450 3629 5518 exstructa
3666 5438 3811 5518 [uerat

2264 5509 2513 5580 ecclesia,
2544 5522 2596 5592 in
2624 5534 2748 5592 qua,
2777 5509 2977 5589 populo
2998 5509 3243 5592 rogante,
3271 5527 3403 5592 uate
3422 5515 3629 5585 petitam
3649 5509 3813 5592 abim-

2265 5597 2514 5658 peratore
2539 5587 2859 5644 facultatem
2883 5591 3002 5659 ipso
3039 5588 3129 5644 die
3151 5587 3423 5659 paschatis
3449 5587 3717 5642 convenire
3738 5589 3813 5659 ne-

2264 5657 2418 5734 cesse
2472 5659 2614 5734 fuit;
2636 5660 2757 5734 vide
2797 5677 2849 5714 η.
2894 5657 2981 5734 14,
3025 5673 3161 5730 page
3200 5661 3329 5716 505.
3360 5657 3596 5734 _Veron.g
3634 5657 3814 5734 ειυιξίῐιξίξ

2265 5730 2440 5786 sintita
2492 5732 2765 5803 quidpiam
2819 5722 3514 5805 accid'tsseicognoscimus.
3559 5723 3689 5805 Quin
3717 5722 3813 5805 ltuit}

2269 5813 2475 5858 tantum
2506 5791 2813 5860 excrevisse
2859 5808 3006 5873 patet
3054 5791 3289 5858 ﬁdelium
3333 5791 3732 5856 multitudinem.
3766 5791 3813 5839 ιιι
