3894 6322
153 324 255 379 569

1321 315 1523 372 LIBER
1552 314 1593 372 1.
1621 312 2037 371 TRACTATUS
2069 313 2206 371 XVI.

3339 314 3445 369 570

160 462 264 504 non
294 446 433 502 bene
467 443 584 515 (24)
624 452 915 497 avocantcs
956 440 1137 496 divina
1166 438 1523 496 sacramenta
1551 447 1740 493 conla-
1772 452 1824 511 Α
1847 448 1969 505 qua:
1997 442 2183 488 sancta
2211 443 2359 498 sunt,
2389 433 2527 490 sicut
2568 432 2766 498 facitis,
2813 432 3185 503 amplectenda
3215 450 3227 486 :
3273 443 3332 488 ut
3362 435 3441 487 vi-

155 542 382 598 minant.
428 538 545 594 iam
598 539 779 593 videat
831 536 1238 606 unusquisque,
1284 532 1736 605 quemadmodum

153 632 468 691 sacriﬁcium
514 638 830 698 aut'sumat,
861 639 952 684 aut
980 628 1205 684 oderat:
1236 627 1377 683 sicut
1409 624 1568 699 124
1593 626 1739 681 enim

158 726 369 797 indigne
419 724 616 780 oﬂ'erre
668 720 792 794 (25)
840 721 1163 792 sacrilegum
1220 730 1343 786 est,
1401 720 1473 772 ita
1526 717 1741 787 indigne

156 819 472 874 manducare
539 816 914 879 mortiferum,
966 815 1017 869 in
1065 814 1304 870 Levitico
1333 813 1612 883 Scriptura
1661 813 1746 868 di-

153 923 306 969 cente
339 930 353 967 :
383 910 561 965 Omnis
610 909 835 964 mundus
890 908 1218 963 manducabit
1282 923 1506 961 carnem.
1554 907 1740 974 Anima

152 1014 339 1069 autem,
386 1017 714 1073 quaecumque
754 1001 1139 1055 manducauerit
1186 999 1250 1054 de
1286 1014 1439 1053 carne
1496 999 1738 1067 sacriﬁcii

153 1098 407 1159 salutaris,
438 1095 577 1164 quod
616 1102 693 1149 est
740 1093 969 1159 Domini,
1000 1103 1048 1147 et
1079 1092 1405 1147 immunditia
1448 1094 1560 1162 ejus
1585 1108 1738 1161 super

151 1191 310 1263 ipsum
338 1196 434 1252 est,
461 1189 648 1259 peribit
668 1188 837 1242 anirna
864 1188 957 1242 illa
984 1186 1048 1241 de
1074 1186 1265 1258 populo
1300 1202 1393 1241 suo
1422 1183 1604 1258 (Leuit.
1636 1201 1732 1251 vu,

150 1300 197 1337 ν.
248 1280 361 1354 20).
418 1281 564 1350 Huic,
614 1281 828 1347 fratres,
870 1282 1010 1337 sicut
1059 1282 1298 1336 cavenda
1369 1290 1497 1336 sunt
1545 1280 1732 1347 nobis,

150 1376 218 1431 ita
257 1391 377 1447 quae
422 1374 586 1443 bona,
629 1390 752 1447 quin
792 1390 948 1447 pura,
980 1389 1101 1446 qua:
1129 1374 1420 1445 simplicia,
1472 1391 1592 1448 qua:
1622 1377 1730 1447 pia,

151 1510 388 1581 religioni
432 1510 698 1567 attribuit.
742 1511 918 1581 Epist.
963 1527 1101 1575 mi,
1135 1512 1314 1566 timore
1358 1520 1504 1568 serue
1545 1525 1734 1571 nostra:

150 1583 476 1637 verecundus.
528 1582 648 1637 Lib.
703 1584 771 1638 de
816 1583 966 1638 Bono
996 1583 1266 1655 patientiin
1298 1585 1458 1655 paulo
1489 1597 1608 1655 post
1632 1588 1732 1643 iiii-

153 1655 670 1727 tium,ﬁdeiinostrat
696 1664 831 1727 secta
872 1656 1134 1725 dirigitur.
1166 1654 1405 1709 Tandem
1438 1654 1502 1710 in,
1536 1658 1731 1727 prrefa-

152 1726 291 1781 tione
314 1726 404 1779 lih.
438 1726 920 1791 Testimoniorum,
950 1727 1019 1778 ad
1038 1727 1328 1795 religiosam
1355 1737 1503 1781 sectio
1540 1726 1736 1785 nostra:

153 1797 489 1868 disciplinam.
521 1796 886 1868 Tertullianus
931 1796 1184 1851 similiter
1221 1798 1446 1868 Apolog.
1494 1813 1612 1857 can.
1641 1803 1731 1867 59,

156 1867 243 1921 Dei
267 1866 421 1927 secta.
449 1884 571 1934 cap.
605 1867 697 1932 40,
724 1866 1013 1924 Christiana
1041 1879 1197 1933 secta,
1222 1879 1273 1923 et
1293 1866 1415 1937 cap.
1440 1870 1527 1933 «i6,
1559 1866 1739 1927 Incre-

156 1940 337 2013 dulitas
362 1940 488 2013 dum
512 1941 575 2013 de
602 1941 733 1994 bono
755 1951 901 1995 secta!
922 1940 1076 2013 hujus
1105 1939 1394 2013 obducitur.
1412 1940 1552 2013 (Vide
1572 1943 1735 1998 etiam

157 2011 245 2064 lili.
279 2026 293 2064 t
339 2012 405 2065 ad
433 2011 710 2078 Nationes,
742 2027 860 2079 cap.
894 2009 997 2067 1οξ
1031 2009 1356 2066 Prudentius
1407 2012 1458 2065 in
1499 2013 1730 2068 Roman.

157 2097 203 2134 ν.
234 2082 355 2147 125,
378 2081 571 2138 Christi
593 2093 747 2136 secta.
777 2081 957 2153 Itaque
984 2092 1133 2136 secta:
1159 2083 1401 2151 acceptio
1425 2098 1523 2148 pro
1548 2100 1734 2141 eorum

156 2155 373 2209 canibus
417 2153 807 2224 signiﬁcandis.
837 2154 931 2226 qui
969 2168 1251 2209 erroneain
1283 2154 1598 2227 religionem
1644 2171 1736 2212 se-

157 2235 399 2295 quuntur,
430 2227 705 2280 recentior
729 2235 830 2281 est.

225 2294 340 2367 (24)
383 2297 484 2351 Ms.
513 2295 705 2365 Pomp.
729 2305 784 2352 et
809 2296 941 2352 edit.
977 2296 1110 2351 Ven.
1144 2306 1402 2352 vocantes.
1430 2297 1527 2353 Hic
1557 2307 1735 2354 autem

159 2382 246 2421 eos
273 2366 517 2423 fortassis
548 2367 697 2423 Zeno
743 2377 911 2432 notat,
953 2369 1042 2436 qui
1066 2368 1302 2437 profanis
1340 2368 1553 2432 fabulis,
1580 2371 1633 2425 id
1655 2381 1738 2425 est

160 2438 452 2503 cumcediis,
483 2439 822 2495 Christianos
849 2438 1181 2505 avocabant;
1207 2440 1400 2508 quibus
1428 2439 1738 2497 christiana:

163 2510 423 2581 religionis
448 2520 808 2576 sacramenta,
828 2512 979 2581 queis
1009 2511 1059 2563 iii
1093 2510 1412 2579 baptismate
1441 2514 1737 2578 praesertim

162 2596 215 2635 se
254 2582 626 2651 obligaveraut
654 2623 669 2644 ,
708 2597 830 2636 cum
861 2582 1058 2635 diaboli
1091 2584 1300 2650 pompis
1336 2591 1392 2638 et
1417 2585 1739 2653 spectaculis

163 2656 564 2718 renuntiarunt,
594 2652 904 2722 turpissime
947 2653 1338 2718 contaminari,
1371 2652 1601 2709 concors
1640 2655 1738 2709 Pii-

165 2734 294 2778 trum
322 2724 592 2779 sententia
618 2724 733 2778 luit.
765 2723 1155 2779 Sacramentum
1186 2724 1461 2787 nimirum,
1482 2728 1737 2793 quemad-

164 2797 368 2849 modum
416 2794 559 2863 apud
592 2794 865 2849 Romanos
892 2837 905 2858 ,
940 2809 1035 2864 pro
1062 2794 1415 2864 jurejurando
1441 2799 1735 2864 accipitur;

165 2870 232 2921 ita
257 2876 308 2921 et
334 2882 363 2921 a
410 2866 664 2921 Patribus
686 2867 981 2921 vocabatur
1020 2864 1279 2921 solemnis
1306 2865 1393 2918 illa
1450 2864 1736 2934 professio,

163 2953 257 3007 qua
285 2937 484 2993 Christi
516 2937 720 2992 militias
753 2952 948 2992 nomen
975 2936 1175 3002 daturi,
1207 2952 1358 2991 suam
1393 2937 1551 2992 tidem
1602 2940 1739 2995 obli-

165 3011 370 3078 gabant.
399 3007 765 3081 Tertullianus
788 3008 853 3081 ad
875 3008 1158 3081 Martyres,
1188 3023 1306 3077 cap.
1337 3010 1372 3063 3
1404 3025 1418 3062 :
1456 3008 1629 3063 Vocati
1648 3029 1738 3064 su-

166 3097 270 3133 mus
295 3081 362 3133 ad
387 3079 628 3133 militiam
671 3078 767 3133 Dei
792 3078 893 3133 viui
910 3078 1027 3148 jant
1047 3092 1185 3143 tunc,
1219 3096 1333 3133 cum
1360 3082 1416 3135 in
1439 3082 1741 3135 sacramenti

166 3152 306 3206 rerba
344 3152 729 3222 respondimus,
758 3150 813 3205 id
839 3124 931 3205 est,
951 3150 1003 3205 io
1029 3124 1315 3218 baptismo,
1347 3124 1741 3221 ut'i'psewespii:
1766 3124 1811 3186 Ο

166 3231 245 3276 cat
289 3222 340 3277 in
368 3224 463 3278 lib.
497 3226 565 3277 de
599 3222 809 3291 Spect.,
840 3237 960 3288 cap.
995 3223 1049 3276 ’5.
1086 3223 1442 3290 Hieronymus
1474 3226 1525 3277 in
1559 3240 1646 3291 ep.
1680 3224 1747 3279 ad

170 3294 505 3349 Heliodorum
536 3312 553 3357 ε,
577 3293 870 3348 Recordare
895 3294 1117 3347 tirocinii
1145 3294 1218 3345 tui
1261 3295 1395 3348 diem
1424 3310 1522 3362 quo
1546 3293 1748 3348 Christo

166 3365 215 3439 in
240 3368 536 3435 baptismate
565 3364 917 3436 consepultus,
942 3366 993 3418 in
1019 3366 1322 3420 sacramenti
1350 3366 1501 3420 verba
1534 3367 1742 3437 iurasti.

237 3456 347 3530 (25)
390 3456 830 3530 Sacrilegumex
876 3471 1006 3530 mss.
1037 3455 1080 3511 Τ
1084 3455 1250 3530 olent.
1282 3456 1469 3525 Pomp.
1517 3458 1749 3530 libenter

170 3527 580 3592 emeiidaviiniis,
606 3527 758 3596 quod
788 3527 1004 3596 egregie
1032 3529 1267 3580 concinit
1312 3544 1437 3581 cuin
1492 3529 1582 3582 illo
1625 3544 1749 3583 sen-

172 3603 342 3655 tentia:
394 3600 673 3669 sequentis
728 3598 991 3668 ailjeciivo
1019 3598 1359 3669 mortiferum.
1394 3597 1449 3652 In
1495 3599 1652 3653 editis
1695 3613 1752 3655 et

173 3671 360 3740 aliquot
398 3686 530 3725 mss.
570 3679 689 3724 erat
725 3669 1067 3741 sacrilegium.
1100 3670 1233 3724 Hinc
1262 3684 1422 3741 porro
1446 3669 1749 3726 luculenter

176 3738 472 3811 exploditur
522 3741 756 3795 Matthzei
826 3738 1100 3806 Larmque
1152 3740 1590 3806 animadversio,
1656 3743 1747 3811 qui

177 3810 271 3866 hoc
299 3829 359 3866 ex
391 3812 705 3867 Zenoniano
732 3822 961 3866 tractatu
991 3852 1005 3872 ,
1054 3811 1181 3866 olim
1231 3813 1489 3878 inscripto
1522 3814 1573 3866 in
1608 3810 1748 3881 psal-

176 3898 308 3937 nium
336 3899 487 3949 xm,
515 3883 628 3937 lucc
656 3881 861 3937 notavit
887 3880 941 3935 in
973 3898 1135 3950 opere
1154 3925 1170 3945 ,
1194 3885 1279 3937 cui
1310 3883 1490 3937 titulus
1516 3880 1750 3940 llistoire

175 3953 234 4008 de
262 3953 1060 4018 I‘Eucharistie,Amstelodaini
1090 3954 1248 4019 1671,
1281 3969 1399 4022 pag.
1428 3955 1550 4010 187.
1574 3953 1751 4009 Zenon

131 4064 140 4075 .
174 4023 232 4079 de
259 4024 474 4088 Verane,
508 4026 700 4095 inquit,
724 4035 878 4095 ayaut
902 4026 1023 4095 posé
1071 4025 1193 4094 (μιϊί
1221 4042 1254 4095 y
1277 4026 1413 4079 avait
1440 4028 1563 4079 trois
1589 4037 1750 4081 sortes

175 4097 231 4148 de
279 4096 549 4167 sacriﬁces,
584 4093 719 4150 ιτειυὶ
760 4093 860 4149 ﬁdes
911 4093 1131 4167 Gentils,
1177 4093 1310 4150 cclui
1366 4098 1453 4150 des
1499 4096 1641 4167 Juifs
1704 4108 1750 4152 ct

177 4168 297 4219 celui
328 4170 413 4221 des
440 4165 724 4231 Cltrétiens,
755 4167 795 4219 if
830 4165 1013 4220 enteud
1044 4165 1089 4221 le
1133 4168 1363 4236 sacrifice
1403 4172 1489 4219 des
1518 4165 1749 4222 dcrniers

178 4238 234 4290 de
256 4238 382 4292 cclui
412 4239 531 4307 dont
562 4240 706 4307 parte
738 4236 1017 4301 Maiacliie,
1067 4247 1114 4292 et
1140 4236 1410 4305 l’cxpli'iue
1439 4238 1561 4292 d’rn
1590 4241 1751 4293 sacri-

178 4308 264 4376 ﬁce
300 4312 359 4363 de
406 4304 640 4379 lo‘uuuge,
691 4319 736 4362 et
784 4309 904 4362 d'un
933 4309 1163 4377 sacriﬁce
1202 4309 1436 4377 spirituel
1489 4311 1552 4363 de
1594 4327 1749 4364 nons-

180 4381 370 4449 iqéntes.
434 4399 452 4431 ι
489 4380 744 4437 Sacrifth
768 4422 783 4446 ,
835 4380 974 4433 dit-il
998 4421 1014 4445 ,
1046 4380 1074 4433 it
1104 4379 1235 4433 Dieu
1290 4396 1359 4434 un
1412 4383 1654 4435 sat'riliee
1682 4383 1749 4436 de

181 4450 417 4521 louange,
445 4462 501 4505 et
548 4451 830 4522 pi-éseiitez
860 4466 954 4504 vos
981 4465 1066 4504 COI
1083 4465 1143 4519 ps
1169 4466 1233 4504 eo
1284 4451 1526 4507 sacrifice
1571 4454 1749 4506 viv:tnl

181 4533 226 4573 et
256 4508 496 4591 ςιςιιιέςιῖιιυ
518 4508 733 4576 ΞιὊίιςιι.
758 4540 776 4573 ι
816 4524 882 4574 At
911 4508 1216 4590 quain'ham
1245 4536 1525 4591 perperam
1548 4523 1747 4591 scripta
1776 4508 1829 4567 Ι)

180 4594 297 4656 sint,
327 4610 430 4646 non
462 4609 525 4647 ex
547 4608 614 4647 eo
642 4597 813 4645 solum
838 4601 1003 4661 patet,
1036 4591 1177 4658 quod
1221 4592 1286 4645 ad
1319 4592 1368 4645 id
1400 4594 1746 4648 statuendum

182 4662 279 4716 duo
306 4663 509 4718 diversi
544 4664 838 4729 Scriptura:
861 4665 1167 4717 testimonia
1198 4662 1495 4727 Malachiac.
1524 4675 1579 4718 et
1601 4665 1749 4720 Pauli

182 4749 207 4786 a
257 4734 470 4789 Zenone
526 4734 775 4803 superius
828 4736 1116 4803 separatim
1194 4734 1421 4805 allegata
1478 4745 1747 4805 tamquam

185 4806 338 4874 ipsius
361 4806 593 4861 Zenonis
620 4807 782 4860 verba
813 4806 1021 4869 recitet,
1055 4815 1108 4862 et
1139 4807 1190 4861 in
1221 4821 1383 4860 unum
1412 4807 1748 4876 coinpingat;

184 4891 335 4948 eaque
362 4878 579 4947 perinde
607 4879 859 4948 explicet,
890 4892 951 4931 ae
973 4880 1013 4930 si
1047 4878 1217 4932 laudis
1242 4876 1586 4942 sacriﬁcium,
1609 4877 1751 4947 quod

187 4947 369 5003 ibidem
416 4947 692 5016 innuitur,
721 4950 896 5003 solum
928 4962 1048 5004 esse
1087 4950 1385 5003 aitiruietnr
1414 4990 1429 5016 ,
1484 4957 1539 5003 et
1594 4964 1753 5001 omne

188 5019 317 5071 aliud
348 5021 660 5074 excludatur
684 5061 698 5082 ,
746 5020 889 5089 quod
920 5034 1017 5073 nec
1045 5020 1361 5086 SCl‘llillll‘tl‘,
1397 5036 1495 5074 nec
1524 5020 1754 5074 Zenonis

189 5089 333 5144 verba
369 5092 574 5143 lerunt:
604 5090 698 5145 sed
729 5105 793 5144 ex
823 5090 922 5142 hoc
956 5090 1285 5161 pra-sertim,
1311 5090 1361 5143 in
1407 5106 1564 5161 quem
1617 5106 1758 5146 nunc

189 5161 667 5221 animadvertimus,
699 5161 817 5214 loco
847 5159 1183 5228 exploratum
1231 5161 1387 5229 plane
1416 5159 1506 5215 sit.
1546 5161 1760 5217 Etenim

193 5233 415 5303 cumliic
461 5235 513 5284 S.
560 5232 801 5286 Antistes
846 5231 914 5285 de
946 5231 1211 5286 sai-rilicio
1254 5233 1454 5288 diserte
1495 5233 1757 5303 loquatur.

193 5302 322 5368 quod
344 5315 545 5356 sumunt
567 5302 833 5368 homines,
863 5312 1022 5371 atque
1045 5303 1388 5370 manducaui;
1408 5304 1549 5357 aliud
1568 5302 1763 5372 procul

195 5372 348 5427 dubio
375 5374 695 5429 sacriﬁciiuii
727 5388 754 5425 a
793 5374 1059 5428 sacriﬁcio
1089 5374 1263 5428 laudis
1294 5374 1602 5428 tllsllnt'ltlm
1642 5390 1767 5430 auc-

197 5448 287 5496 tori
325 5446 595 5515 cognituin
651 5443 783 5504 fuit.
816 5445 1101 5513 palamque
1138 5454 1220 5497 est
1251 5444 1353 5498 hoc
1394 5446 1514 5499 loco
1539 5446 1768 5515 intelligi

192 5515 719 5600 eiusliaristiciupanis
767 5526 1200 5600 sai-ratiien_iuin,
1250 5515 1390 5600 quod
1456 5527 1510 5569 et
1561 5516 1769 5600 indigne

199 5585 373 5651 offerre
401 5587 701 5656 sacrilegum
732 5595 823 5656 est,
855 5597 902 5639 et
947 5586 1157 5653 indigne
1204 5588 1512 5639 manducare
1538 5585 1768 5655 mortife-

202 5670 327 5726 rum.
357 5656 467 5711 Hoc
494 5655 707 5726 quidem
748 5655 1180 5710 Eucliaristicum
1210 5668 1602 5711 sacramentum
1645 5656 1769 5712 alibi

206 5723 268 5779 ab
294 5723 523 5781 Auctore
557 5727 869 5796 sacriﬁcium
898 5726 1222 5795 appellatum
1267 5728 1500 5783 evidenti
1533 5730 1774 5783 testiino-

212 5796 295 5849 nio
321 5796 649 5854 ostendimus
678 5798 859 5855 edunt.
902 5797 976 5853 29
1025 5797 1078 5854 in
1133 5808 1286 5855 tract.
1340 5814 1369 5854 ν
1415 5798 1556 5854 unde
1610 5799 1774 5857 etiam

1842 527 2033 584 dentes
2068 525 2317 581 homines
2341 542 2503 598 opera
2534 536 2711 582 vestra
2753 525 2895 581 bona
2940 526 3286 597 niagnilicent
3331 526 3437 581 Pa-

1846 628 1980 674 trem
2032 626 2293 682 vestrum,
2342 619 2434 688 qui
2479 627 2563 674 est
2609 618 2663 673 in
2693 618 2865 673 cmlis.
2900 617 3101 689 Itaque,
3128 618 3429 674 dulcissimi

1845 713 1960 783 (26)
1986 712 2149 768 tiores
2174 711 2301 777 mei,
2332 711 2456 765 talia
2477 712 2735 767 sacrilicia
2760 720 3065 782 procurate,
3087 727 3208 782 quae
3222 722 3441 767 sanctus

1847 806 2084 876 Spiritus
2128 804 2358 861 libenter
2386 804 2597 870 olferat,
2647 805 2803 860 Pater
2848 810 3059 874 probet,
3110 805 3298 869 Filius,
3350 802 3441 874 qui

1850 897 2108 969 magister
2142 907 2222 952 est
2256 908 2462 962 noster,
2490 896 2713 966 probata
2738 896 2851 968 (27)
2882 898 3142 968 glorietur
3169 912 3265 968 per
3290 913 3441 954 eum—

1846 992 1991 1062 dem,
2025 992 2115 1065 qui
2138 1000 2225 1047 est
2254 992 2569 1048 benedictus
2602 992 2653 1046 in
2680 993 2875 1047 saecula
2907 993 3246 1049 saeculorum.
3365 990 3374 1008 '

2244 1159 2399 1232 ηε
2438 1158 2857 1217 TRACTATUS
2893 1157 3033 1216 xvi.

2321 1272 2401 1328 De
2435 1274 2514 1346 (l)
2546 1273 2956 1330 Resurrcctione.

1913 1385 1951 1440 l.
1992 1386 2248 1458 Quisquis
2316 1389 2771 1445 resurrectionem
2821 1399 3012 1461 negat,
3060 1390 3224 1446 vitam
3278 1407 3431 1447 suam

1840 1521 1965 1599 hoc
2003 1525 2145 1599 idem
2186 1535 2586 1599 sacramentum
2619 1528 2748 1581 tanti
2786 1526 3026 1582 habitum
3059 1527 3257 1599 liquet,
3300 1538 3359 1584 ut
3402 1548 3434 1585 a

1842 1591 2148 1651 Christianis
2176 1598 2306 1665 ipsis
2332 1599 2539 1651 minimc
2564 1600 2893 1663 consecratis,
2922 1599 2970 1653 id
2993 1609 3077 1654 est
3108 1591 3137 1652 τι
3176 1591 3432 1656 catechu-

1841 1667 2014 1741 monis
2044 1668 2204 1741 videri
2231 1685 2332 1741 non
2354 1679 2537 1737 posset.
2575 1669 2705 1725 Vide
2745 1670 2938 1725 ibidem
2963 1670 3149 1731 adiiot.
3178 1671 3269 1727 28.
3299 1672 3433 1741 Quis

1764 1740 1812 1801 Β
1843 1736 1927 1808 liie
1955 1738 2279 1794 sacrificium
2310 1740 2502 1803 laudis,
2562 1741 2612 1794 in
2663 1742 2803 1808 quod
2826 1741 2967 1794 oculi
2998 1736 3435 1808 intenderentur,

1841 1806 2245 1882 intelligendum
2300 1811 2627 1867 contendat?
2650 1806 2754 1867 Sed
2784 1812 2836 1865 iii
2869 1812 2952 1865 his
2980 1812 3267 1876 diluendis,
3307 1806 3435 1882 quin

1842 1878 2264 1953 imbecillitatem
2306 1895 2485 1936 causa:
2514 1922 2527 1943 ,
2566 1885 2651 1937 cui
2709 1883 3055 1937 adVersarius
3105 1878 3432 1953 patrocinari

1840 1949 2069 2018 studuit,
2100 1953 2494 2016 demonsuant,
2528 1953 2687 2007 nimis
2717 1955 2905 2008 multa.
2957 1949 3142 2009 Solum
3200 1955 3435 2010 adverti-

1840 2035 1960 2076 mus
1992 2021 2092 2076 hoc
2125 2023 2263 2077 idem
2294 2034 2666 2094 argumentum
2695 2024 2819 2080 licet
2848 2024 3006 2077 inane
3035 2025 3213 2093 urgeri
3236 2026 3305 2079 ab
3326 2027 3434 2081 alio

1839 2107 2054 2161 quoque
2086 2093 2416 2149 lieterodiixii
2441 2093 2652 2150 Joanne
2683 2095 2877 2149 Enrico
2912 2094 3057 2151 Ottio
3086 2096 3140 2150 in
3186 2095 3434 2152 Examine

1834 2175 2101 2289 perpeztgo
2126 2168 2177 2220 in
2205 2164 2444 2223 Annales
2468 2166 2630 2221 Card.
2680 2166 2916 2231 Baronii,
2947 2166 3201 2222 Centurio
3228 2169 3283 2235 3,
3313 2167 3341 2239 ᾗ
3370 2168 3425 2233 7,

1841 2250 1961 2289 bac.
2075 2250 2118 2289 ι.

1840 2250 1961 2306 pag.
1991 2240 2118 2291 20‘s.

1912 2310 2031 2379 (26)
2073 2308 2257 2363 Flores
2288 2310 2406 2373 mei,
2440 2318 2497 2363 ιιι
2523 2307 2705 2363 adnot.
2737 2309 2757 2362 l
2789 2306 3116 2376 monuimus,
3148 2317 3276 2363 sunt
3295 2324 3430 2365 neo-

1842 2377 2024 2449 pliytii
2052 2381 2197 2435 unde
2224 2379 2683 2435 nihilnecesseest
2709 2380 3232 2449 fratressupponere,
3258 2396 3438 2448 quem-

1840 2447 2129 2506 admodum
2180 2450 2500 2519 Sparaverio
2544 2447 2776 2505 videtur.
2806 2450 2932 2505 Illos
2973 2452 3190 2520 quidem
3219 2467 3249 2504 e
3273 2447 3433 2506 Com-

1843 2524 2151 2590 petentibus
2199 2522 2504 2593 neopliytos
2558 2520 2729 2576 factos
2757 2564 2772 2585 ,
2821 2522 2874 2576 in
2920 2521 3076 2590 [iores
3140 2537 3437 2578 conversos

1840 2603 2031 2646 auctor
2057 2593 2292 2646 aflirmat
2319 2594 2412 2647 lih.
2442 2609 2498 2654 ιι,
2528 2601 2686 2646 tract.
2714 2608 2825 2648 LIII.

1913 2660 2183 2755 $27))“;
2200 2663 2717 2755 9!"‘“-i.€‘:’.’fﬁ€€‘;

1924 2733 2119 2808 Inscr.
2144 2736 2187 2790 Χ
2200 2735 2286 2790 γι.
2312 2764 2383 2808 -έ-
2406 2733 2485 2808 (1⁷)
2500 2734 2651 2808 Hunc
2665 2742 2947 2808 tractatum
2963 2733 3171 2800 Gaspar
3182 2735 3434 2808 Barthius

1844 2806 2016 2862 tribus
2044 2810 2093 2862 in
2124 2808 2256 2861 locis
2287 2805 2728 2862 Adversariorum
2743 2805 3015 2860 illustrare
3029 2816 3195 2860 totum
3208 2806 3431 2862 studuit.

1843 2877 1934 2933 lib.
1952 2892 2101 2941 xuii,
2116 2893 2234 2947 cap.
2258 2879 2342 2943 l0;
2358 2879 2447 2933 lib.
2467 2894 2597 2943 mi,
2618 2890 2736 2943 Cap.
2751 2876 2851 2931 set
2866 2877 2951 2932 15.
2972 2878 3045 2931 Ex
3060 2876 3432 2947 hocquidquid

1842 2948 2254 3018 profecerimus,
2296 2952 2347 3005 in
2379 2948 3275 3017 adnutationibusauctoriingenue
3296 2950 3436 3003 refc-

1842 3036 2046 3075 remus.
2089 3022 2229 3076 Edit.
2264 3020 2397 3076 Ven.
2434 3023 2535 3075 hoc
2562 3022 2717 3074 titulo
2746 3026 2948 3074 utitur:
2986 3020 3137 3085 Quod
3184 3021 3278 3073 erit
3315 3037 3433 3073 cor-

1846 3109 2032 3165 porum
2046 3094 2368 3157 resurrectio,
2391 3103 2437 3146 et
2452 3092 2516 3146 de
2535 3094 2724 3165 anima:
2740 3092 3140 3165 immortalitate.
3163 3090 3439 3161 Frequens

1849 3161 1992 3235 apud
2023 3166 2273 3233 antiquos
2307 3166 2495 3218 Patres
2537 3162 2657 3231 fuit,
2699 3161 2860 3217 etiam
2888 3174 3007 3233 post
3036 3164 3270 3218 Zenonis
3300 3171 3435 3216 asta-

1850 3244 1979 3299 tein,
2012 3236 2428 3290 resurrectimiis
2455 3236 2647 3304 dogma
2683 3238 2815 3301 ipsis
2846 3236 2898 3290 in
2939 3235 3281 3290 sermonibus
3304 3248 3437 3288 con-

1848 3310 2107 3372 stituere,
2138 3309 2337 3374 quippe
2382 3307 2466 3359 cui
2525 3315 2632 3361 tota
2662 3307 2960 3362 futurorum
2995 3320 3122 3375 spes
3173 3314 3230 3359 et
3268 3305 3437 3371 ipsius

1852 3380 2074 3448 proinde
2106 3380 2227 3431 vita:
2250 3378 2567 3433 Cltt'idianm
2593 3380 2756 3432 Cardo
2788 3379 3122 3448 potissimum
3155 3376 3435 3430 innitatur.

1850 3447 1905 3505 ld
1936 3448 2113 3503 autem
2143 3464 2240 3505 cur
2273 3458 2553 3520 tantopere
2578 3456 2633 3503 et
2660 3457 2767 3520 tam
2799 3447 3109 3517 frequenter
3140 3448 3439 3517 inculcare-

1851 3530 1957 3582 tttr.
1981 3537 2098 3576 eam
2130 3521 2314 3575 habuit
2341 3518 2583 3584 causam,
2629 3518 2772 3588 quod
2800 3534 2894 3588 pro
2917 3534 2978 3573 ea
3011 3525 3350 3589 tempestate.
3382 3520 3434 3574 in

1850 3608 1951 3655 qua
1984 3608 2105 3645 cum
2139 3591 2445 3646 chi-iSIianis
2481 3591 2690 3645 Ethnici
2741 3598 2898 3644 erant
2953 3590 3273 3655 commixti,
3328 3606 3435 3645 non

1898 3664 2140 3718 hristiaui
2159 3664 2356 3723 solum,
2383 3656 2483 3717 sed
2506 3663 2687 3731 plures
2710 3662 2872 3715 etiam
2897 3675 2963 3717 ex
2990 3660 3274 3727 Gentibus,
3315 3664 3434 3734 epi-

1850 3737 2028 3804 scopis
2059 3738 2313 3804 populum
2354 3734 2753 3805 alloqiientibus
2789 3735 3048 3799 aderant,
3082 3744 3139 3787 ut
3167 3734 3439 3805 liquetiex

1851 3809 2013 3861 admit
2061 3805 2098 3858 '2
2122 3807 2175 3859 in
2210 3816 2362 3861 tract.
2398 3804 2767 3860 tn.’Gentibus
2792 3818 2953 3876 porro
2980 3820 3139 3874 quam
3167 3804 3440 3876 improba-

1852 3878 1974 3933 bilis
2006 3878 2278 3932 videretur
2326 3876 2739 3931 resurrectionis
2782 3875 3027 3929 doctrina
3055 3917 3069 3941 ,
3119 3875 3300 3930 notuin
3355 3886 3439 3931 est

1853 3951 1934 4004 vel
1975 3965 2038 4004 ex
2082 3964 2149 4004 eo
2179 3947 2321 4018 quod
2366 3946 2531 4001 Paulo
2573 3949 2818 4018 apostolo
2846 3946 2947 3999 hac
2978 3945 3045 3999 de
3101 3962 3160 3999 re
3210 3948 3436 4003 Athenis

1852 4020 2142 4076 disserenti
2171 4017 2413 4089 Contigit.
2446 4017 2829 4089 Ariiobiuslib.
2866 4031 2924 4080 ιι,
2959 4031 3077 4086 pag.
3113 4018 3205 4083 51,
3235 4017 3436 4072 Gentes

1852 4093 2147 4161 alloquens,
2180 4090 2412 4154 Audetis,
2437 4091 2628 4159 inquit,
2650 4088 2942 4161 ridefengs,
2962 4089 3097 4156 quod
3120 4098 3437 4161 mortuorum

1852 4158 2081 4217 dicamus
2129 4162 2572 4216 resurrectionem.
2620 4162 2688 4213 At
2760 4158 2819 4214 8.
2852 4158 2997 4213 Zeno
3042 4173 3149 4213 non
3177 4158 3438 4214 adversus

1851 4234 2094 4288 ethnicos
2142 4233 2287 4288 hunc
2328 4240 2612 4287 tractatum
2657 4246 2724 4285 ex
2756 4230 3036 4299 ιιι-ομοείιο
3081 4230 3334 4284 habuisse
3355 4231 3434 4283 vi-

1852 4306 2030 4371 detur,
2055 4319 2177 4360 cum
2212 4318 2428 4371 semper
2444 4303 2747 4371 alloquatur
2767 4300 3127 4371 Christianos,
3145 4315 3441 4370 eorumque

1852 4392 1959 4432 non
1990 4370 2163 4431 nullos
2186 4370 2695 4442 velutainbigeutes
2716 4371 3042 4442 subiodicet.
3071 4370 3128 4425 ld
3150 4380 3326 4426 autem
3352 4372 3438 4427 vel

1854 4465 1920 4502 ex
1951 4463 2016 4501 eo
2047 4446 2249 4501 factum
2281 4453 2366 4499 est
2388 4487 2402 4508 ,
2450 4440 2592 4513 quod
2627 4444 2842 4513 quidam
2872 4458 2903 4496 e
2928 4440 3252 4497 Christianis
3291 4442 3439 4498 Gen-

1856 4519 2006 4583 tium,
2037 4517 2357 4588 quibuscum
2386 4516 2718 4588 familiariter
2744 4513 3055 4588 utebantur,
3073 4514 3441 4588 sermonibus

1854 4593 1906 4644 in
1936 4584 2321 4643 dubitationem
2349 4586 2545 4640 l'uoriiit
2568 4584 2813 4646 adducti;
2838 4584 2919 4638 vel
2944 4584 3083 4652 quod
3107 4586 3268 4654 aliqui
3292 4584 3441 4641 hisce

1855 4662 1907 4715 in
1942 4659 2247 4742 regionibuns
2273 4657 2615 4742 exsisterent,
2636 4656 2679 4736 si
2697 4669 2895 4742 n2pr
2921 4654 3276 4742 δριθυοίξιηίε,
3305 4656 3442 4737 lier-

1858 4724 2069 4795 mianis,
2096 4732 2178 4783 vel
2202 4728 2537 4793 Proclanitis,
2564 4727 2651 4795 qui
2674 4741 2701 4779 a
2729 4725 3016 4781 Philastrio
3039 4734 3095 4780 et
3119 4724 3443 4796 Augustino,

1858 4812 2005 4857 certe
2043 4816 2109 4855 ex
2157 4800 2499 4862 Marcionitis,
2553 4800 2693 4867 quia
2726 4796 2938 4867 .liistino
2988 4797 3039 4850 in
3084 4797 3284 4866 Dialog.
3315 4812 3441 4851 cum

1860 4873 1947 4927 Tri
1958 4873 2131 4941 phoue
2146 4887 2204 4926 re
2214 4866 2595 4941 surrectiouem
2609 4866 2787 4923 carnis
2809 4882 3033 4941 negasse
3051 4880 3439 4941 memorantur.

1860 4938 1971 4999 nos
1989 4943 2203 5013 quidem
2224 4940 2567 5013 Marcionitas
2589 4943 2824 5013 viguisse
2846 4939 3020 5013 adhuc
3040 4938 3236 4992 stet:qu
3253 4949 3446 5013 quarto
3504 4954 3519 4973 ·

1865 5008 2093 5071 testziiur
2139 5013 2393 5067 Patianus
2427 5008 2840 5064 Barciniiiiensis
2888 5008 3444 5081 adiSymproniinum

1864 5087 2217 5141 Novatiaiiuin
2249 5083 2312 5135 de
2344 5081 2606 5135 Catholico
2633 5081 2835 5134 nomine
2864 5095 2913 5149 p.
2943 5080 3071 5146 δυσ,
3102 5092 3229 5135 tuin.
3258 5097 3310 5135 tv
3359 5084 3448 5136 Bi-

1867 5158 2057 5213 blimb.
2086 5156 2188 5211 PP.
2219 5152 2352 5209 edit.
2393 5154 2633 5219 Lugdun.
2667 5153 2804 5217 Quin
2830 5153 3008 5220 plures
3037 5168 3099 5205 es
3129 5152 3320 5206 iisdem
3351 5169 3448 5208 ex-

1866 5231 2070 5306 stitisse
2102 5228 2301 5306 pariter
2335 5225 2547 5306 saeculo
2570 5222 2814 5306 sequenti
2844 5221 3149 5306 colligimus
3172 5237 3238 5306 es
3268 5223 3445 5277 Theo-

1866 5294 2219 5368 doreto,'qui
2271 5295 2457 5349 decem
2506 5294 2937 5368 Marcionitarum
2973 5295 3138 5347 millia
3162 5295 3279 5368 ‘al_i_s
3323 5308 3447 5348 sese

1868 5371 2028 5425 undis
2059 5362 2230 5423 sacris
2272 5368 2438 5419 tincta
2472 5364 2637 5418 refert
2686 5366 2845 5432 epist.
2897 5379 3063 5418 Lxxxi
3111 5362 3176 5416 ad
3214 5362 3444 5432 Τιιιιιιιιιι

1872 5441 2247 5501 consularem,
2284 5448 2338 5492 et
2367 5437 2528 5505 epist.
2566 5431 2731 5490 cmi
2754 5435 2818 5487 ad
2864 5433 3167 5505 Monachus
3193 5431 3444 5505 Cyprios.

1873 5511 2110 5567 Joannes
2141 5501 2471 5575 Philoponus
2509 5509 2689 5560 aetatis
2724 5505 2894 5575 multo
2934 5503 3202 5575 sequioris
3251 5501 3448 5575 librum

1874 5582 2038 5637 edidit
2066 5591 2250 5635 contra
2281 5573 2694 5633 resurrectionis
2717 5573 3021 5628 dei-trinam
3042 5616 3057 5639 ,
3080 5574 3233 5640 cujus
3263 5573 3451 5626 memi-

1874 5653 1953 5707 nit
1980 5653 2203 5707 Photins
2228 5651 2349 5703 cod.
2381 5648 2475 5713 ‘21,
2498 5649 2550 5702 iii
2569 5661 2727 5717 quem
2756 5645 2948 5717 librum
2976 5646 3258 5717 seripsisse
3276 5641 3454 5717 fertur

1875 5723 2216 5779 Theodosius
2235 5719 2355 5774 cod.
2387 5712 2482 5780 2‘2,
2506 5712 2706 5786 aliique
2741 5712 2972 5786 subinde
2999 5724 3120 5782 post
3156 5712 3458 5786 Chalcedo-

1880 5809 2105 5850 nensem
2136 5806 2350 5863 quoque
2399 5784 2666 5858 synodum
2719 5785 2864 5841 idem
2914 5784 3111 5854 dogma
3158 5784 3460 5841 convellere
