3838 6322
71 302 174 357 377

1222 299 1420 355 LIBER
1468 299 1504 354 I.
1548 295 1957 354 TRACTA'I'US
1998 297 2131 353 XVI.

3244 302 3354 358 578

71 422 252 477 videre
283 438 382 476 non
415 428 644 489 possent,
679 418 923 474 libertate
950 420 1170 490 spiritus
1196 417 1399 484 vident,
1451 416 1645 472 exinde
1674 423 1723 480 Α
1753 427 1808 468 ιιι
1833 414 1996 471 homo
2018 433 2114 486 per
2143 418 2307 474 Deum
2331 420 2419 488 jus
2442 419 2862 476 innuortalitatis
2888 420 3175 491 reciperet,
3203 419 3348 491 quod

73 514 430 585 intelligentes
463 515 512 567 in
542 512 653 585 (29)
693 511 949 567 thesauro
980 521 1184 568 natura:
1210 511 1514 582 depositum
1562 511 1648 566 iti-

70 607 282 661 colume
315 603 659 673 requiescere,
691 603 834 672 quod
867 604 918 657 in
953 604 1053 660 hoc
1084 603 1283 658 mundo
1319 602 1384 658 ad
1437 614 1649 672 tempus

72 701 393 771 perspicitur
417 697 647 753 interire.
695 697 957 752 Similiter
1003 697 1054 751 in
1106 696 1316 751 inferno
1357 696 1508 751 dives
1559 696 1648 750 ille

71 794 456 857 tenacissimus,
486 807 640 861 quem
685 794 852 845 chaos
880 793 1198 845 immensmn
1225 806 1252 844 a
1287 789 1536 860 pauperis
1565 788 1646 844 fe-

69 889 266 943 licitate
315 884 562 940 discernit
589 882 763 952 (Idem
790 900 837 937 c.
884 881 1020 954 xvi),
1062 883 1347 937 ardoribus
1394 883 1505 936 suis
1548 883 1646 935 itit-

69 980 328 1052 ploraudo
354 976 708 1048 refrigerium,
749 975 1010 1032 Lazarum
1042 992 1228 1032 verum
1259 976 1479 1030 divitem
1523 990 1646 1030 sero

66 1074 377 1146 Cognoscit,
437 1068 693 1141 cupitque
739 1079 982 1124 mortuus
1027 1068 1109 1124 vel
1157 1084 1264 1122 uno
1328 1067 1494 1137 digito
1540 1065 1645 1121 illis

66 1166 298 1236 contingi
328 1163 594 1228 manibus,
625 1162 820 1233 quibus
849 1163 1041 1231 stipem
1073 1161 1436 1231 denegaverat
1462 1160 1638 1215 vivus.

67 1257 186 1315 Odit
210 1257 321 1328 jam
364 1256 480 1310 sine
526 1269 685 1311 causa
719 1265 843 1308 ante
887 1252 1030 1324 quod
1078 1260 1393 1307 amaverat:
1455 1257 1645 1322 probat

70 1351 274 1408 felicius
303 1365 437 1410 esse,
469 1345 610 1418 quod
639 1347 849 1402 oderat.
880 1347 995 1416 (50)
1022 1345 1198 1401 Gemit
1220 1345 1438 1399 instanti
1472 1359 1644 1412 [KBIIIB

64 1443 256 1515 aliquid
279 1442 342 1497 de
372 1439 714 1494 facultatibus
755 1440 895 1492 notis
940 1437 1143 1493 mederi
1178 1453 1282 1491 non
1318 1452 1499 1508 posse,
1548 1451 1644 1503 pro

66 1554 166 1593 uno
189 1544 379 1607 puncto
420 1535 623 1606 requiei
658 1536 1033 1590 incunctanter
1075 1543 1204 1597 tota,
1255 1533 1298 1588 si
1340 1533 1516 1596 liceat,
1551 1547 1642 1603 pa-

66 1641 205 1686 ratus
248 1628 459 1685 olferre.
507 1627 900 1698 Superstitibtts
951 1626 1205 1682 fratribus
1248 1627 1436 1681 saltem
1497 1625 1644 1695 cupit

64 1738 176 1779 esse
196 1722 515 1777 consultum.
541 1722 814 1778 Abraham
841 1732 1047 1790 patrem
1072 1720 1399 1790 deprecatur
1421 1719 1637 1784 obnixe,

1751 507 1952 561 amisit.
2010 508 2237 580 Propter
2265 511 2406 580 quod
2455 511 2652 566 Paulus
2695 511 3037 568 beatissimus
3077 513 3151 568 ait
3185 530 3196 565 ε
3235 510 3350 566 Νο-

1754 601 1927 655 lumus
1957 611 2125 656 autem
2159 603 2399 674 ignorare
2426 620 2511 658 vos
2533 646 2550 672 ,
2593 608 2778 676 fratres
2796 646 2811 672 ,
2841 605 2905 659 tle
2931 605 3302 662 dormientibus
3327 650 3344 678 ,

1753 711 1814 748 ne
1855 696 2260 765 contristemini,
2291 698 2423 750 sicut
2463 699 2634 752 cazteri
2671 699 2757 768 qui
2797 715 2939 768 spem
2978 716 3078 754 non
3107 701 3294 755 habent
3327 716 3346 754 :

1751 789 1795 841 si
1848 789 1985 842 enim
2021 790 2278 844 credimus
2334 791 2454 859 quia
2488 789 2641 846 Jesus
2668 803 2900 846 mortuus
2949 804 3055 859 est,
3083 803 3127 848 et
3170 811 3346 848 resur-

1749 881 1880 933 rexit
1904 921 1918 944 ,
1952 883 2025 935 sic
2056 891 2100 935 et
2126 880 2268 935 Deus
2289 899 2375 936 eos
2398 924 2412 945 ,
2457 884 2542 952 qui
2571 884 2892 938 dormierunt
2924 886 2978 940 in
3001 884 3180 940 Jesum
3202 928 3216 950 ,
3251 888 3348 940 od-

1749 972 1894 1028 ducet
1934 991 2046 1027 cum
2074 991 2130 1028 eo
2163 975 2218 1046 (Ι
2248 974 2481 1030 Thessal.
2525 993 2608 1041 tv,
2645 977 2710 1032 12
2737 1020 2751 1044 ,
2783 978 2896 1047 15).
2925 978 3056 1034 Nam
3105 990 3158 1036 et
3203 981 3346 1037 Deus

1751 1083 1846 1135 per
1878 1067 2216 1123 Ezechielem
2267 1070 2583 1141 prophetam
2632 1071 2870 1141 loquitur
2891 1114 2906 1138 ,
2940 1072 3131 1128 dicens
3169 1093 3180 1128 :
3211 1075 3345 1132 Ecce

1747 1177 1839 1233 ego
1864 1163 2390 1229 aperio‘monumeuta
2410 1175 2576 1219 vestra
2595 1206 2610 1231 ,
2651 1174 2698 1219 et
2727 1165 2939 1220 educam
2962 1183 3051 1222 ros
3076 1169 3138 1220 de
3163 1183 3347 1222 moun-

1747 1257 1930 1312 tuentis
1964 1259 2163 1316 vestris.
2196 1270 2241 1311 et
2288 1258 2529 1312 inducam
2553 1276 2640 1314 eos
2672 1261 2723 1315 in
2765 1271 2952 1314 terram
2981 1259 3147 1315 Israel
3169 1277 3188 1315 :
3213 1260 3347 1315 dabo

1743 1350 1985 1420 spiritum
2017 1367 2185 1405 meum
2210 1351 2260 1404 in
2288 1367 2375 1406 vos
2397 1393 2410 1418 ,
2455 1362 2500 1406 et
2530 1353 2706 1408 vivetis
2749 1351 2972 1425 (Ezech.
3014 1368 3232 1418 xxxvii,
3277 1353 3348 1408 l2

1745 1453 1791 1496 et
1821 1441 2006 1513 seqq).

1818 1532 1902 1587 Vl.
1920 1533 2054 1588 Cum
2084 1534 2198 1590 hinc
2222 1535 2296 1589 ita
2321 1537 2456 1601 sint,
2483 1536 2936 1593 resurrectionem
2961 1535 3193 1593 futuram
3222 1553 3342 1602 cur,

1742 1623 2076 1694 Christiane,
2114 1643 2221 1682 non
2251 1628 2470 1683 credis?
2497 1625 2818 1697 Ctirt32)de
2847 1629 3005 1699 hujus
3023 1629 3203 1684 mundi
3225 1629 3345 1685 labe

1747 1720 1799 1774 in
1833 1722 2055 1776 meliora
2089 1721 2382 1790 migrantes
2413 1733 2518 1775 tam
2548 1722 2896 1792 pertinaciter
2924 1723 3170 1792 plangis?
3200 1722 3344 1778 Proh

69 1825 120 1870 ut
145 1816 332 1886 aliquis
355 1816 574 1870 nuntius
605 1825 808 1886 pergat,
839 1813 927 1882 qui
958 1828 1052 1866 eos
1082 1815 1210 1867 tanti
1244 1811 1440 1883 negotii
1461 1821 1639 1864 certos
1671 1812 1719 1870 B
1747 1811 1934 1867 nefas!
1970 1812 2105 1867 llinc
2150 1825 2323 1868 mater
2375 1813 2539 1868 scissa
2573 1826 2720 1870 veste
2746 1856 2762 1881 ,
2797 1815 3012 1870 laniatis
3059 1815 3299 1870 crinibus
3323 1855 3341 1883 ,

64 1909 269 1976 efficial,
449 1909 533 1963 cui
557 1909 646 1962 ille
671 1906 947 1979 respondit
969 1925 980 1960 :
999 1907 1200 1961 Habent
1221 1906 1432 1976 Moysen
1451 1916 1499 1959 et
1520 1921 1640 1976 pro-

63 2002 246 2071 phetas,
279 2002 453 2068 quibus
481 2003 525 2053 si
554 2017 654 2054 non
682 1999 916 2063 credunt,
948 2015 1107 2068 neque
1132 2000 1228 2058 illi.
1262 1999 1347 2064 qui
1371 1997 1490 2050 hinc
1515 1997 1637 2051 mis-

62 2111 137 2147 sus
163 2094 331 2162 fuerit,
371 2093 611 2148 credituri
638 2103 758 2147 sunt
794 2091 946 2161 (Luc.
996 2109 1106 2157 xw,
1133 2092 1222 2157 99,
1256 2092 1376 2158 51),
1419 2091 1638 2146 eviden-

63 2200 136 2243 ter
160 2188 463 2252 ostendens,
491 2203 597 2242 non
641 2187 694 2242 in
737 2188 909 2242 oculis
945 2201 1064 2242 esse
1090 2186 1397 2241 carnalibus
1425 2201 1635 2251 verum,

63 2280 146 2336 sed
175 2282 224 2334 iu
257 2280 358 2335 fide
386 2280 721 2336 credentium
748 2280 1120 2334 constitutum.

123 2373 182 2428 V.
224 2373 352 2428 Nam
383 2385 432 2428 et
466 2374 725 2427 Dominus
767 2376 870 2428 ista
898 2374 1144 2440 exempla
1179 2370 1632 2439 conlirmans_uni

60 2482 116 2520 ex
148 2467 436 2522 latronibus
467 2466 519 2520 in
563 2481 621 2521 se
651 2466 917 2532 credenti,
947 2467 1036 2537 qui
1067 2463 1181 2537 (51)
1212 2480 1331 2519 eum
1363 2480 1429 2518 eo
1450 2464 1516 2518 de
1548 2481 1638 2533 pa-

62 2558 215 2613 tibulo
242 2559 425 2614 dextra
472 2559 714 2629 laevaque
757 2557 1068 2630 pendebant
1093 2599 1107 2620 ,
1132 2557 1205 2611 ait
1245 2573 1257 2609 :
1291 2558 1446 2610 Arnen
1489 2572 1635 2609 amen

62 2653 164 2706 dico
188 2654 309 2715 tibi,
338 2653 487 2708 hodie
513 2669 711 2707 mecum
751 2655 852 2708 eris
879 2653 928 2705 in
965 2650 1208 2721 paradiso
1237 2650 1400 2721 (Luc.
1428 2665 1598 2704 χχχιιι
1618 2690 1632 2712 .

60 2743 159 2813 45).
186 2743 364 2814 Itaque
395 2747 438 2800 si
465 2747 628 2799 homo
657 2755 902 2800 mortuus
931 2746 981 2798 in
1005 2753 1268 2798 a-ternum
1302 2745 1474 2814 perit,
1504 2758 1635 2811 ergo

63 2837 298 2890 mentitus
341 2847 422 2892 est
464 2836 758 2901 Dominus,
791 2837 881 2907 qui
913 2836 960 2890 ei
993 2827 1248 2904 deinceps
1280 2833 1410 2888 nihil
1452 2833 1634 2890 futuro

63 2929 344 2996 paradisum
376 2930 706 3000 repromisit.
742 2930 848 2986 Sed
879 2939 932 2983 et
965 2929 1127 2983 homo
1162 2929 1299 2996 ipse,
1332 2943 1493 2998 quem
1526 2927 1633 2982 Do-

62 3022 220 3078 minus
247 3024 638 3090 adsumpserat.
667 3024 823 3092 perit.
857 3024 900 3077 si
928 3023 1088 3078 Jesus
1114 3039 1218 3076 non
1247 3024 1629 3077 resurrexerit.

62 3116 119 3166 At
139 3115 177 3168 si
209 3117 495 3171 resurrexit
515 3158 529 3180 ,
565 3116 800 3170 humano
829 3117 1015 3185 generi
1042 3116 1266 3170 formam
1297 3115 1469 3182 dedit,
1499 3130 1632 3184 quo-

1742 1906 1954 1960 laniatis
1982 1917 2031 1961 et
2066 1909 2240 1975 genis,
2273 1915 2442 1961 totum
2474 1909 2682 1962 crebris
2715 1908 2907 1964 ictibus
2935 1909 3091 1964 livida
3124 1919 3332 1979 pectus,

1740 1998 1924 2068 gentili
1961 1999 2196 2053 vanitate
2227 2000 2370 2054 circa
2413 2001 2596 2053 amissi
2639 1999 2872 2056 cadaver
2919 2001 3212 2057 bacchatur
3257 2002 3342 2058 itt-

1741 2103 1894 2155 Saua,
1928 2105 2026 2145 nec
2056 2089 2377 2145 Maebabaue
2405 2093 2594 2147 matris
2615 2093 2932 2147 memoriam
2967 2093 3188 2157 recolit,
3221 2111 3345 2164 qua:

1737 2198 1833 2253 spe
1857 2185 2129 2240 succincta
2162 2185 2491 2249 futurorum,
2519 2187 2788 2242 Antiocho
2818 2187 2934 2260 (55)
2964 2187 3240 2255 εαινίοιιιθ,
3276 2188 3343 2242 li-

1743 2277 1936 2332 benter
1974 2279 2143 2333 semel
2175 2289 2382 2348 septem
2416 2281 2555 2336 ﬁlios
2582 2323 2596 2346 ,
2642 2297 2748 2336 non
2776 2281 2952 2336 dicam
2983 2283 3214 2350 extulit,
3245 2282 3344 2338 sed

1741 2369 1855 2439 ipsa
1901 2371 2082 2439 potius
2125 2371 2355 2425 feliciter
2381 2374 2494 2426 suis
2539 2374 2892 2428 hortamentis
2934 2374 3168 2438 occidit,
3214 2374 3343 2429 reli-

1739 2463 1890 2532 giose
1921 2463 2198 2517 eonlideus
2234 2464 2343 2518 Deo
2395 2466 2532 2519 filios
2561 2482 2620 2520 se
2647 2467 2937 2535 genuisse,
2986 2482 3092 2521 non
3139 2467 3343 2522 mundo

1738 2555 1789 2625 (Ι
1823 2555 1996 2609 Much.
2031 2557 2154 2626 in).
2190 2557 2324 2612 lline
2352 2574 2489 2612 ttvor
2519 2560 2703 2613 amissi
2740 2561 2918 2615 mariti
2943 2560 3341 2618 desolationem

1737 2663 1797 2702 se
1830 2647 1972 2702 ferre
2003 2665 2105 2701 non
2138 2665 2295 2718 posse
2332 2659 2558 2704 testatur
2590 2672 2599 2704 ;
2631 2651 2991 2722 frigidmnque
3023 2653 3161 2707 latus
3198 2653 3340 2707 male

1735 2740 1960 2795 dilatato
1985 2741 2231 2810 queritur
2276 2741 2448 2804 lecto;
2476 2743 2594 2811 (5i)
2629 2743 2906 2798 invidiosis
2954 2744 3174 2798 vocibus
3228 2745 3342 2801 Deo

1737 2832 2026 2887 concinnat
2050 2834 2327 2900 invidiam;
2359 2834 2514 2906 133
2533 2836 2928 2904 (35)solemnia
2959 2837 3073 2906 ipsa
3113 2837 3292 2892 divina
3312 2881 3326 2905 ,

1737 2931 1934 3000 quibus
1973 2947 2003 2986 a
2032 2933 2404 2988 sacerdotibus
2445 2935 2538 2989 Dei
2585 2936 2928 3006 quiescentes
2969 2936 3336 2992 commendari

1733 3036 2160 3091 consueverunt,
2184 3026 2422 3097 profanis
2441 3029 2766 3099 :tlithOlit'lls
2787 3029 3080 3086 ululatibus
3098 3033 3332 3100 rumpit;

1737 3125 1986 3188 tetraque
2024 3117 2205 3174 illuvie
2236 3135 2391 3175 suum
2434 3133 2602 3177 totum
2635 3122 2943 3178 deformaus
2972 3124 3174 3179 cultum
3195 3166 3210 3191 ,
3241 3142 3334 3178 ca-

62 3205 184 3259 niam
211 3206 272 3260 ad
303 3205 407 3264 hoc
427 3207 573 3263 Deus
603 3223 701 3278 pro
735 3207 954 3264 homine
991 3208 1179 3263 mortis
1203 3207 1324 3278 jura
1354 3207 1579 3278 gustavit
1612 3251 1626 3276 ,
1658 3199 1703 3264 C
1733 3210 1901 3268 daver
1926 3213 2272 3284 amplectitur
2299 3216 2415 3288 (56)
2445 3219 2839 3273 conclamatum
2867 3235 2880 3282 ;
2907 3210 3153 3290 frigentia
3183 3232 3333 3286 tete-

122 3400 226 3471 (29)
247 3400 538 3454 Thesaurus
570 3409 770 3453 natura?
796 3398 1082 3471 adhibetur
1111 3398 1198 3454 hic
1228 3414 1325 3468 pro
1353 3399 1626 3466 sepulcro,

64 3470 107 3524 in
130 3470 224 3541 quo
244 3474 618 3527 delum-torum
648 3486 877 3542 corpora
921 3470 973 3524 iu
1021 3471 1473 3542 resurrectionem
1502 3485 1629 3523 cus-

65 3542 310 3597 todiuntur
353 3561 367 3596 :
412 3545 680 3597 thesaurus
729 3541 872 3596 enim
938 3545 1158 3612 proprie
1207 3541 1628 3596 loculamentum

64 3612 328 3679 significat,
377 3614 461 3667 uhi
511 3613 787 3683 quidpiam
837 3611 1086 3665 servandi
1132 3627 1292 3683 causa
1354 3611 1622 3666 conditur.

69 3683 178 3738 Vide
203 3685 443 3738 Basiliam
478 3682 711 3738 Fabrum
758 3685 809 3736 in
859 3683 1138 3736 Thesauro
1170 3682 1405 3740 Erudit..
1431 3693 1539 3736 tom
1570 3699 1627 3748 ιι,

66 3769 164 3824 pag.
185 3757 300 3811 985.
319 3747 608 3810 ἈιΙιΙριῐιιιε
644 3764 697 3810 et
747 3755 1078 3808 notationem
1114 3753 1315 3808 Barthii
1344 3769 1408 3807 ex
1446 3755 1537 3806 lih.
1570 3747 1626 3813 tt.

65 3840 162 3891 etp.
190 3827 248 3880 15
292 3845 305 3881 :
355 3826 708 3880 Pulcherrime
734 3843 825 3895 per
870 3827 1165 3878 thesaurum
1207 3825 1632 3878 naturmuniver-

66 3913 156 3948 sunt
195 3900 246 3953 τὸ
272 3904 370 3955 πᾶν
407 3898 642 3969 intelligit
664 3938 677 3958 ,
706 3897 844 3962 quod
883 3900 1226 3949 recondantur
1263 3902 1314 3948 tu
1361 3895 1492 3969 illud
1523 3911 1634 3948 vere

67 3969 371 4021 conditorium
403 3967 594 4032 omnia,
647 3984 762 4035 quin
792 3971 1072 4027 intereunt,
1126 3979 1170 4019 et
1215 3967 1422 4019 mutatis
1469 3976 1634 4019 tamen

68 4041 219 4106 {armis
247 4042 450 4094 redeunt
480 4043 532 4093 in
563 4040 753 4103 vitam;
780 4055 893 4091 cum
921 4040 1162 4091 nimirum
1181 4038 1246 4091 sit
1277 4039 1432 4110 hujus
1471 4038 1631 4110 inter-

66 4110 155 4182 itus
184 4112 381 4166 ulterius
432 4112 557 4172 vita,
592 4110 883 4182 hujusvita
927 4111 1137 4162 alterius
1182 4109 1444 4182 interitus,
1491 4120 1537 4161 et
1565 4109 1635 4161 ita

68 4181 180 4232 orbis
226 4184 425 4249 quidam
480 4180 670 4235 rerum'
705 4181 798 4234 sibi
836 4183 1253 4242 succedentium,
1304 4180 1438 4244 quod
1485 4181 1623 4250 infra

67 4251 169 4303 dicit
196 4268 213 4306 :
237 4255 418 4307 Omnia
449 4253 563 4307 suis
596 4253 856 4306 mortibus
890 4251 1110 4313 vivere;
1141 4264 1191 4304 et
1219 4251 1474 4321 eleganter
1499 4251 1625 4303 late-

66 4336 146 4387 que
169 4324 310 4378 doret‘
328 4323 618 4379 Victorinus
640 4324 734 4376 lib.
761 4341 809 4378 tv
830 4333 1007 4375 contra
1035 4322 1322 4376 Arianos...
1351 4321 1623 4375 llunetlte-

69 4406 242 4446 saurum
277 4398 459 4462 sapius
484 4395 744 4448 adludunt
768 4410 927 4447 sacra:
965 4395 1142 4446 litterae
1161 4435 1175 4456 ,
1204 4410 1318 4445 cum
1344 4393 1524 4460 colligi
1575 4395 1625 4446 ιιι

69 4476 170 4516 eum
197 4474 244 4518 et
276 4467 336 4520 ad
373 4467 554 4521 Patres
596 4481 722 4519 suos
744 4466 938 4525 dicunt.
962 4466 1050 4532 qui
1074 4465 1126 4518 in
1157 4463 1374 4516 Domino
1401 4466 1631 4516 moriun-

73 4543 240 4589 tur.....
288 4554 376 4592 nec
417 4539 585 4591 minus
615 4537 761 4591 docte
793 4539 930 4607 infra
977 4534 1117 4589 Zeno
1166 4547 1334 4589 noster
1364 4547 1631 4589 secretum

71 4615 240 4660 natura:
273 4608 513 4676 appellat.

1737 3398 1918 3477 Belo,
1941 3401 2231 3477 migrantis.
2259 3402 2400 3477 Tol.,
2432 3403 2765 3472 migraturus,
2793 3414 2846 3456 et
2875 3402 3028 3466 Urb.,
3056 3407 3326 3477 migratns.

1735 3471 1802 3544 At
1833 3487 2016 3524 sermo
2060 3483 2135 3525 est
2169 3472 2236 3526 de
2267 3475 2422 3537 vivis,
2458 3471 2543 3544 qui
2591 3479 2882 3528 morientes
2905 3516 2918 3537 ,
2963 3477 3044 3530 vel
3091 3471 3332 3534 ttiortuos

1734 3542 1996 3615 plangunt
2019 3585 2034 3605 ,
2068 3554 2124 3598 ut
2153 3559 2217 3598 ex
2249 3542 2505 3615 subjectis
2535 3556 2761 3600 matrttm
2793 3555 2846 3600 et
2878 3563 3103 3601 uvornnt
3130 3566 3320 3604 excin-

1734 3614 1837 3682 plis
1870 3612 2054 3682 liquet.

1809 3683 1924 3755 (55)
1973 3685 2111 3738 Editi
2135 3700 2255 3739 cum
2283 3686 2486 3756 aliquot
2519 3703 2648 3742 mss.
2681 3688 2930 3742 servienti.
2978 3688 3330 3748 Correximus

1732 3769 1799 3810 ex
1833 3772 1960 3808 mss.
1995 3757 2174 3817 Rem..
2212 3758 2396 3826 Pomp.
2430 3768 2482 3812 et
2503 3759 2631 3812 edit.
2671 3759 2803 3814 Ven.

1807 3826 1922 3902 (51)
1966 3826 2242 3902 Invidiosis
2275 3830 2478 3902 vocibus
2510 3830 2656 3884 Zeno
2687 3832 2854 3884 tttitnr
2878 3845 2974 3902 pro
3001 3834 3247 3901 querulis,
3275 3845 3330 3888 et

1737 3898 2040 3972 concinuere
2062 3899 2310 3972 invidiam
2336 3916 2431 3964 pro
2453 3901 2741 3972 lamentari,
2773 3917 2840 3956 eo
2864 3898 3328 3972 quodqnestnbus

1739 3979 1786 4019 et
1818 3970 2307 4045 obtrectationibus
2339 3972 2388 4024 itt
2421 3971 2600 4025 odium
2633 3984 2685 4025 et
2719 3970 2968 4026 invidiam
2995 3970 3072 4030 isi
3124 3976 3190 4029 de
3217 3993 3327 4045 quo

1739 4042 2142 4108 Conquerimur,
2164 4041 2477 4096 adducatur.
2509 4045 2766 4098 Similiter
2794 4056 2964 4099 mater
2995 4045 3088 4100 lilii
3117 4041 3323 4100 obitum

1739 4109 1928 4185 lugens
1958 4111 2068 4165 Diis
2115 4117 2237 4181 facit
2269 4114 2548 4175 invidiam,
2601 4115 2764 4185 inquit
2827 4118 3186 4183 Quintilianus
3223 4119 3326 4173 [lt--

1740 4181 1896 4237 clant.
1934 4199 2060 4250 vni,
2121 4185 2200 4238 14.
2255 4185 2418 4238 Silius
2451 4181 2778 4240 Italieus’ltb.
2823 4181 2869 4240 ιι
2904 4207 2915 4239 :

1919 4295 2023 4346 Ibat
2047 4305 2098 4346 et
2124 4297 2352 4346 invidiam
2375 4299 2500 4348 coelo
2523 4300 2744 4362 divisque
2768 4299 2976 4352 ferebat.

1730 4386 1932 4460 Seneca
1965 4391 2014 4441 in
2042 4389 2500 4445 Herculeu‘Iteo:
2535 4391 2733 4457 lt'xpedi
2778 4395 2828 4445 in
2872 4395 3107 4460 planctus
3156 4405 3324 4451 tamen

1734 4458 2280 4535 defessanuamquam
2321 4460 2528 4513 brachia
2548 4503 2560 4523 ,
2594 4473 2648 4535 ut
2676 4458 2920 4517 invidiam
2957 4464 3071 4519 Diis
3101 4466 3324 4535 lugendo

1737 4531 1920 4598 facias.
1943 4532 2004 4604 Et
2035 4532 2092 4585 S.
2137 4531 2281 4584 Zeno
2315 4542 2466 4604 tract.
2506 4547 2569 4584 xv
2593 4534 2683 4585 lib.
2711 4549 2770 4596 ιι,
2798 4552 2849 4586 ιι.
2885 4535 2907 4588 1
2944 4553 2957 4587 :
2995 4537 3108 4604 Quo
3140 4531 3322 4594 nuntio

1662 4636 1711 4696 υ
1737 4613 1942 4696 accepto
1971 4601 2066 4696 D’ei
2105 4618 2280 4655 seruus
2325 4603 2473 4696 scidit
2506 4604 2800 4658 vestimenta
2830 4622 2945 4672 sua,
3002 4601 3101 4662 non
3131 4619 3187 4664 ut
3212 4609 3322 4666 Deo

129 4676 227 4746 (50)
261 4672 349 4733 Ms.
385 4679 526 4742 Vol.,
548 4679 730 4732 cernit.
779 4678 858 4732 Es
892 4677 1082 4732 eodem
1131 4676 1252 4732 cod.
1281 4691 1382 4730 nee
1409 4691 1519 4732 non
1563 4691 1629 4732 ex
1655 4672 1710 4738 ,υ
1735 4672 1981 4746 inuidiam
2004 4673 2192 4746 [liceret
2213 4715 2228 4737 ,
2251 4673 2358 4734 sed,
2398 4682 2504 4726 etc.

74 4743 170 4798 Vat.
198 4743 246 4802 et
270 4749 399 4805 Urb.
429 4751 752 4818 scripsimus
779 4760 908 4813 tota,
932 4751 977 4802 si
1014 4749 1165 4802 liceat
1184 4789 1196 4807 .
1234 4763 1330 4817 pro
1358 4759 1463 4801 tota
1492 4748 1630 4801 scili-

73 4827 150 4890 cet.
178 4819 325 4875 Porro
351 4832 456 4876 tota
490 4838 585 4890 pro
615 4821 786 4874 omnia
817 4831 1131 4890 usurpatur.
1167 4820 1309 4873 sicut
1346 4829 1506 4890 totum
1536 4834 1629 4871 eo-

71 4885 352 4962 detnrseusn
378 4935 390 4955 ,
419 4885 502 4948 de'
517 4909 625 4962 quo
668 4900 824 4946 tract.
859 4907 910 4946 tv
938 4885 968 4956 ,⁷
1000 4893 1184 4944 adnot.
1219 4889 1311 4962 ἐῢ.
1363 4887 1628 4943 Similiter

73 4955 290 5028 Virgilius
319 4966 489 5032 primo
532 4955 820 5027 2Eueidns,
853 4955 995 5017 vers.
1030 4963 1166 5022 189,
1221 4960 1348 5014 Tota
1396 4971 1627 5032 arme_nta

74 5029 330 5101 sequuntur,
357 5046 410 5090 et
438 5035 713 5090 Iuvenalis
741 5051 796 5099 x,
827 5049 969 5090 vers.
999 5033 1126 5090 257.
1164 5031 1309 5084 Bona
1349 5040 1474 5084 tota.
1521 5029 1624 5084 To-

74 5099 124 5170 tis
144 5103 250 5170 ripis
266 5099 572 5160 disitetiam
601 5105 782 5160 Caesar
811 5105 879 5158 de
901 5105 1032 5158 Bell.
1059 5103 1208 5158 civili
1239 5103 1330 5156 lib.
1351 5118 1390 5168 ι,
1416 5117 1532 5170 cap.
1568 5103 1622 5156 t.

77 5165 260 5227 'l‘oti'Dii
287 5177 544 5246 Apuleius
575 5177 796 5232 Meteor.
831 5176 886 5239 6,
935 5185 1042 5229 etc.
1078 5175 1247 5228 Paulo
1279 5165 1456 5246 poste
1483 5165 1618 5246 inss.

76 5243 368 5308 reposuimus
423 5250 638 5310 saltem,
714 5260 810 5318 pro
860 5247 1114 5309 salutem,
1167 5244 1310 5316 quod
1362 5246 1413 5298 iu
1463 5243 1624 5300 editis

79 5324 314 5388 perperam
346 5319 647 5388 legebatur.

133 5386 229 5458 (51)
253 5387 311 5444 Ut
340 5385 484 5446 είτὸ
513 5406 626 5443 cum
657 5389 853 5450 eodem,
871 5387 1011 5458 quod
1041 5395 1157 5442 erat
1182 5395 1236 5440 et
1266 5387 1317 5440 iit
1340 5385 1624 5441 codicibus

80 5463 120 5503 et
145 5456 186 5508 in
209 5461 372 5524 editis,
401 5464 801 5529 corrigt-retnus
831 5456 948 5512 cum
969 5476 1027 5513 eo
1057 5460 1142 5520 de,
1167 5459 1453 5529 sententiae
1481 5474 1617 5513 con-

79 5531 220 5644 textus
245 5534 423 5589 suasit.
472 5528 841 5601 Repetivimus
888 5546 1035 5584 auten
1079 5545 1148 5584 ex
1196 5544 1327 5584 mss.
1374 5528 1530 5584 Rem.
1564 5537 1622 5584 et

114 5611 232 5644 0H")-

114 5611 232 5664 ιιιιιρ.

138 5667 228 5736 (52)
258 5671 388 5728 Editi
429 5683 483 5727 et
504 5688 635 5726 mss.
670 5671 871 5740 aliquot
901 5669 1018 5725 libri
1047 5672 1108 5722 de
1134 5668 1449 5740 hujusmodi.
1495 5669 1615 5722 Pla-

80 5745 162 5787 t‘tut
189 5739 323 5795 lectio
353 5746 598 5798 codicum
628 5739 783 5805 Tota,
829 5739 982 5806 Vat.,
1022 5740 1150 5794 Urb.
1196 5739 1328 5794 Dein
1379 5757 1473 5809 pro
1518 5741 1612 5793 nti—

80 5811 256 5880 !tftmtes,
283 5814 419 5884 quod
451 5821 573 5872 cum
603 5812 807 5884 aliquoi
850 5825 978 5868 mss.
1012 5814 1210 5868 habent
1236 5810 1361 5868 editi
1381 5849 1396 5879 ,
1433 5812 1605 5869 codex

1806 4743 1900 4811 (55
1911 4743 2162 4822 {Insigne
2190 4746 2289 4822 hoc
2312 4757 2394 4822 est
2423 4745 2490 4797 de
2522 4760 2669 4822 more
2693 4747 2917 4822 antiquo
2940 4748 3197 4806 oﬂ'erendi
3225 4767 3321 4822 pro

1735 4815 1963 4868 mortuis
1987 4815 2238 4868 sacrificii
2267 4815 2656 4877 testimonium.
2682 4819 2768 4871 cui
2801 4821 2998 4873 similia
3027 4815 3321 4878 occurrunt

1732 4886 1872 4952 apud
1902 4886 2226 4955 Cyprianum
2257 4887 2472 4951 epistol.
2505 4903 2628 4940 uvr
2651 4931 2662 4949 ,
2698 4888 3087 4946 Tertullianum
3121 4894 3188 4946 de
3210 4895 3320 4948 Mo-

1734 4972 1858 5027 nog.
1891 4972 2010 5029 cap.
2047 4957 2134 5019 10,
2163 4957 2230 5009 de
2259 4956 2474 5029 Corona
2504 4974 2553 5011 m
2582 4959 2686 5011 litis
2708 4974 2826 5029 cap.
2859 4964 2922 5024 5,
2955 4965 3006 5016 in
3056 4965 3316 5019 Exhorta-

1733 5029 1878 5082 tione
1907 5027 1974 5081 ad
2006 5032 2182 5082 castit.
2213 5042 2314 5096 cap
2347 5028 2451 5091 11,
2501 5038 2557 5083 et
2595 5031 2734 5098 apud
2780 5027 2934 5086 alios.
2994 5033 3320 5091 Veronensis

1729 5099 1896 5174 editio
1921 5113 2041 5152 cum
2071 5099 2280 5152 duobtts
2306 5115 2458 5174 iussa
2479 5099 2610 5153 Zeti.
2646 5103 2803 5170 paulo
2847 5114 2968 5172 post
2993 5115 3224 5174 terraque
3249 5109 3318 5161 il-

1729 5169 1862 5224 luvie
1921 5170 2508 5244 prortetraqueillurie,
2554 5169 2655 5240 per,
2687 5169 2954 5240 errorem,
2981 5186 3039 5230 ut
3082 5169 3316 5244 videtur,

1731 5242 2072 5313 typographi,
2103 5251 2196 5294 aut
2223 5244 2590 5297 amanuensis.

1800 5314 1915 5383 (56)
1936 5311 2182 5366 Formula
2209 5314 2322 5366 haec
2343 5322 2460 5366 erat
2481 5315 2617 5381 apud
2636 5315 2909 5370 lloutanos
2931 5319 2982 5370 in
3015 5333 3073 5371 re
3098 5318 3320 5373 funerea

1726 5384 1980 5438 celebris.
2022 5383 2154 5436 Cum
2208 5384 2416 5437 scilicet
2453 5387 2716 5454 quispiam
2768 5389 3002 5441 t'ill:ls.~el
3048 5388 3314 5454 animant,

1727 5454 1926 5522 pluries
1955 5454 2394 5507 cont-Itttttabtttttr
2429 5458 2546 5522 ejus
2589 5457 2842 5512 cadaver.
2891 5471 2940 5508 ιιι
2996 5469 3144 5512 notat
3187 5460 3315 5512 Ser-

1724 5527 1840 5579 vius
1863 5528 1927 5580 ad
1957 5525 2043 5578 illa
2075 5523 2279 5592 Virgilii
2314 5541 2364 5578 vi
2388 5524 2678 5588 IEneidos,
2715 5543 2860 5582 vers.
2886 5529 2992 5581 2l8
3021 5546 3033 5581 :
3065 5527 3194 5582 Pars
3225 5546 3310 5583 ca-

1720 5597 1853 5650 lidos
1879 5597 2053 5649 latices
2076 5637 2089 5658 ,
2122 5608 2229 5666 etc.
2275 5595 2620 5666 Servabantur
2641 5637 2654 5659 ,
2689 5598 2889 5666 inquit,
2925 5599 3174 5652 cadavera
3204 5610 3315 5654 octo

1719 5667 1916 5730 diebus,
1943 5677 1987 5719 et
2019 5665 2186 5718 calida
2227 5665 2564 5720 abluebantur
2587 5709 2598 5729 ,
2628 5677 2672 5718 et
2703 5679 2814 5736 post
2842 5668 3074 5720 ultimam
3116 5671 3317 5724 concla-

1716 5743 1988 5790 mationem
2015 5736 2368 5791 abluebantur.
2411 5737 2658 5791 Lucanus
2682 5752 2716 5789 ιι
2737 5778 2750 5796 .
2783 5736 2855 5790 2i
2883 5754 2894 5788 :
2927 5739 3158 5803 Corpora
3185 5757 3316 5793 non-

1713 5809 1834 5865 tlum
1874 5809 2192 5861 conclamata
2227 5809 2415 5876 jaceat.
2448 5807 2704 5874 Apuleius
2734 5807 2823 5861 lib.
2857 5823 2869 5860 ι
2901 5805 3112 5864 Metam.
3151 5822 3163 5863 :
3196 5805 3317 5864 lam
