3838 6322
69 337 175 393 555

1263 339 1467 396 LIBER
1507 339 1573 394 II.
1617 337 2029 395 TRACTATUS
2060 339 2100 393 I.

3251 341 3356 398 586

69 453 181 522 (b7)
216 455 502 521 interitum;
527 457 611 526 qui
637 463 806 510 autem
827 426 1122 510 seminatin
1148 456 1352 524 spiritu,
1384 457 1447 509 de
1471 456 1656 524 spiritu
1683 455 1730 517 Α
1760 453 1899 506 dicta
1933 463 2067 508 terra
2093 454 2188 507 erit
2209 453 2262 507 in
2285 454 2517 508 omnibus
2541 455 2781 521 opt-ribus
2805 456 2926 522 tuis,
2951 457 3002 508 in
3032 457 3254 512 tristitia:
3270 473 3358 530 ge-

70 557 221 599 melet
245 549 398 601 vitam
419 559 660 602 teternam
693 546 851 607 (Gal.
889 564 959 613 VI,
991 546 1081 618 8).
1113 548 1182 601 At
1227 562 1356 602 vero
1390 546 1649 600 Dominus

65 638 352 694 evidenter
377 641 474 694 hoc
501 639 733 696 edocens
759 641 837 696 sic
866 639 931 694 ad
974 639 1266 709 discipulos
1296 641 1369 696 ait
1421 657 1432 693 :
1469 638 1653 692 Simile

66 740 140 784 est
179 746 392 804 regnum
427 733 661 787 malorum
699 734 914 799 homini,
939 735 1023 804 qui
1053 735 1317 787 seminavit
1345 734 1530 786 bonum
1573 749 1654 786 se-

64 839 177 875 men
207 825 263 878 in
295 841 413 895 agro
448 841 541 880 suo
567 841 584 879 :
615 826 978 881 dormientibus
1005 835 1172 880 autem
1200 825 1490 880 hominibus
1521 826 1652 879 venit

61 916 309 974 inimicus
348 923 483 993 ejus,
531 930 576 974 et
622 921 1041 991 superseminavit
1082 922 1286 974 zizania
1329 922 1382 974 in
1427 921 1680 974 triticum'

63 1011 82 1079 (
107 1011 309 1068 Matth.
333 1028 439 1078 xm,
467 1011 559 1076 24,
592 1012 663 1068 25
685 1012 724 1083 ).

130 1102 274 1158 XIV.
320 1109 380 1158 At
424 1105 654 1159 fortasse
696 1105 871 1160 adhuc
898 1105 1162 1176 quispiam
1208 1104 1347 1161 dicat
1392 1103 1494 1160 :Si
1523 1117 1652 1158 caro

63 1195 221 1261 perit,
255 1195 390 1251 unde
419 1197 767 1267 cognoscitur
816 1197 903 1251 ille
927 1199 1016 1267 qui
1051 1197 1326 1267 resurgit?
1355 1197 1518 1260 Caro,
1545 1193 1654 1248 I'ra-

64 1295 194 1352 tres,
228 1290 376 1359 quasi
403 1291 668 1359 quoddam
696 1301 778 1346 est
815 1293 1094 1360 speculum
1126 1293 1384 1346 intuentis
1417 1290 1649 1359 plenitu-

61 1379 187 1434 diue
212 1383 327 1453 (b8)
351 1381 704 1452 gravidatum,
735 1382 876 1453 quod
903 1401 1008 1438 non
1034 1395 1140 1438 tam
1184 1384 1472 1454 imaginem
1499 1397 1649 1436 suam

61 1488 221 1541 quam
253 1474 366 1544 (69)
393 1475 528 1543 ejus,
551 1475 704 1544 cujus
725 1486 808 1530 est
833 1476 883 1529 in
920 1476 1106 1529 usibus
1123 1477 1281 1546 gerit.
1308 1477 1547 1547 Denique
1575 1485 1651 1530 tot

61 1565 229 1619 efﬁcit
257 1568 447 1630 vultus,
484 1576 616 1638 quot
640 1569 730 1623 ille
759 1569 1081 1624 intrinsecus
1105 1570 1306 1634 tristes,
1331 1585 1424 1623 seu
1455 1569 1651 1624 hilares

57 1675 183 1714 smis
201 1659 384 1715 iecerit
406 1674 605 1728 motus,
627 1663 765 1719 hanc
793 1663 1056 1717 rationein
1081 1662 1311 1718 docente
1331 1676 1427 1716 nos
1454 1663 1645 1717 Paulo:

65 1753 328 1818 Videmus,
345 1755 533 1825 inquit,
565 1767 736 1809 autem
759 1756 909 1809 modo
932 1773 1020 1825 per
1040 1756 1302 1826 speculum
1327 1758 1377 1809 in
1399 1757 1649 1826 mitigata-

1759 546 1881 597 mitu
1913 546 2030 598 edes
2061 562 2122 599 ex
2161 563 2221 599 ea
2266 546 2499 600 omnibus
2546 549 2725 602 diebus
2767 550 2881 603 vita
2909 559 3009 603 tua:
3051 565 3070 604 :
3095 551 3270 621 spinas
3310 558 3361 605 et

1759 637 1973 691 tribulos
2005 638 2170 708 cjiciet
2221 639 2330 703 tibi,
2365 651 2409 692 et
2437 640 2554 694 edes
2585 641 2828 711 pabulum
2875 643 2990 711 agri
3024 658 3042 696 .'
3087 643 3138 696 in
3167 642 3359 697 sudore

1757 730 1923 785 vultus
1951 731 2024 784 lui
2043 731 2160 785 edes
2181 747 2364 802 panem
2402 742 2570 796 tuum,
2598 733 2757 788 donec
2797 735 3068 788 revertaris
3095 734 3147 788 in
3171 746 3356 789 terram

1757 823 1911 898 (Gen.
1945 841 2030 891 ιιι,
2053 826 2118 879 I7
2138 835 2187 880 et
2217 824 2494 898 seq.).Sed
2513 835 2567 880 et
2592 825 2849 882 Dominus
2870 827 2984 897 (7t)
3011 843 3075 882 ex
3121 843 3352 898 persona

1758 917 2014 985 hominis,
2043 934 2202 990 quem
2246 931 2636 988 assumpserat,
2687 919 2762 973 ait
2807 917 3039 974 :Tristis
3065 930 3138 974 est
3181 922 3357 975 anima

1757 1026 1868 1063 mea
1894 1027 2053 1080 usque
2068 1011 2137 1064 ad
2167 1021 2379 1065 mortem
2405 1010 2421 1083 (
2447 1009 2636 1064 Matth.
2658 1026 2803 1076 xxvn,
2835 1008 2956 1081 38).
2983 1010 3134 1080 Quod
3149 1012 3354 1068 dictum

1759 1120 1862 1158 non
1896 1113 2001 1158 tam
2032 1104 2288 1170 timentis,
2324 1119 2484 1174 quam
2531 1104 2854 1159 exsultantis
2881 1121 2944 1160 ac
2971 1103 3222 1162 docentis
3247 1117 3351 1162 est.

1757 1194 1955 1266 Utique
1999 1214 2012 1248 :
2049 1212 2154 1250 non
2204 1197 2347 1252 enim
2389 1195 2678 1267 quidquam
2733 1198 2924 1253 timere
2975 1209 3207 1267 poterat,
3263 1203 3355 1266 qui

1757 1297 2000 1344 mortuos
2041 1289 2329 1356 excitabat,
2364 1289 2454 1359 qui
2507 1298 2823 1356 potestatem
2872 1289 3062 1346 habuit
3116 1291 3350 1360 ponendi

1755 1397 1897 1450 eam,
1939 1391 1993 1438 et
2021 1383 2216 1437 iterum
2250 1381 2558 1438 resumendi
2595 1398 2714 1438 eain
2745 1382 2878 1453 (Jo.
2905 1400 2960 1449 χ,
3002 1385 3065 1440 18
3091 1384 3142 1457 );
3171 1385 3265 1440 ειιό
3296 1395 3356 1440 ιιι

1755 1475 1997 1542 doceret,
2023 1477 2274 1547 quoniam
2297 1493 2418 1534 cum
2449 1476 2660 1542 vivit,in
2691 1477 2792 1532 hoc
2819 1478 3042 1544 mundo,
3065 1495 3280 1549 semper
3303 1480 3365 1534 in

1757 1569 2124 1637 tribulatione,
2155 1572 2566 1640 semperjustus
2595 1572 2646 1625 in
2677 1586 2831 1640 pmua
2859 1579 2962 1626 est.
3006 1571 3144 1627 Cum
3173 1583 3353 1627 autem

1757 1677 1923 1728 mors,
1965 1679 2083 1732 qua:
2112 1669 2330 1731 putatur
2372 1662 2676 1727 metuenda,
2722 1672 3002 1733 gustatnr;
3053 1672 3180 1719 tunc
3223 1665 3271 1719 ei
3304 1664 3356 1719 iu

1755 1766 2016 1810 a-ternum
2065 1755 2334 1810 manentis
2365 1755 2552 1825 gloriae
2582 1755 2753 1810 beatis
2808 1756 2858 1810 iu
2905 1757 3144 1823 sedibus,
3182 1759 3360 1813 nullas

57 1857 120 1910 te,
151 1858 274 1900 tunc
306 1860 468 1901 autem
491 1850 649 1918 facies
680 1849 746 1900 ad
789 1848 970 1917 {aciem
1001 1849 1094 1901 erit
1121 1853 1139 1918 (
1165 1848 1184 1902 I
1209 1849 1327 1903 Cor.
1361 1864 1478 1912 xm,
1517 1847 1581 1900 I2
1605 1849 1644 1917 ).
1681 1861 1728 1920 Β
1753 1851 2010 1922 deinceps
2040 1867 2308 1907 aerumnas
2341 1851 2521 1906 mundi
2547 1867 2795 1918 sensura,
2831 1855 3160 1925 repromissa
3187 1854 3360 1910 felici-

55 1939 206 1996 Unde
239 1942 455 1998 dubium
495 1959 601 1998 non
632 1953 708 1998 est
761 1943 814 1998 in
861 1944 1179 2013 corporibus
1223 1944 1445 2008 nostris,
1491 1940 1650 2014 ιω

56 2033 176 2087 dum
214 2035 404 2089 mortis
426 2036 540 2104 lege
571 2037 928 2101 seminantur,
961 2052 1066 2090 non
1112 2035 1486 2101 Substantiam,
1539 2051 1645 2089 non

55 2127 364 2198 imaginem,
408 2127 501 2182 sed
551 2128 681 2182 illud
731 2139 958 2195 tantum,
1000 2126 1142 2198 quod
1175 2127 1361 2182 inutile
1389 2137 1490 2193 est,
1518 2126 1646 2182 dis-

54 2219 184 2283 CIIII,
231 2220 373 2290 quod
421 2223 633 2285 teritur,
681 2220 971 2284 demutari,
1024 2221 1161 2276 sicut
1203 2222 1458 2290 scriptum
1507 2231 1590 2276 est
1630 2237 1643 2274 :

58 2314 266 2383 Oportet
297 2314 426 2367 enim
459 2315 806 2380 corruptivum
829 2313 927 2368 hoc
948 2315 1159 2368 induere
1189 2314 1639 2384 incorruptionem,

53 2417 97 2459 et
128 2409 345 2460 mortale
362 2407 454 2460 hoc
475 2407 685 2460 induere
706 2407 1143 2461 immortalitatem
1167 2406 1186 2479 (
1206 2407 1227 2462 l
1248 2406 1368 2462 (lor.
1396 2423 1485 2470 xv,
1514 2406 1648 2476 55):

54 2497 340 2572 aliter(70)
355 2500 493 2552 enim
528 2499 949 2553 immortalitatis
979 2499 1115 2553 stola
1148 2499 1233 2554 illa
1266 2517 1371 2554 non
1399 2501 1650 2566 sumitur,

55 2594 150 2646 nisi
194 2595 373 2664 primo
414 2594 556 2648 istud
598 2594 814 2649 CaritaIe
858 2595 1114 2663 spolium,
1156 2594 1410 2648 blandmn
1459 2595 1652 2648 animae

56 2702 343 2750 venenum,
377 2689 671 2741 secundum
701 2685 794 2740 Dei
825 2687 1174 2751 sententiam,
1205 2685 1346 2740 Unde
1374 2695 1648 2754 sumptum

54 2789 152 2848 est,
198 2779 537 2845 refundatur,
571 2779 699 2836 dicit
741 2780 883 2834 enim
915 2779 1056 2836 Deus
1086 2779 1153 2833 ad
1203 2779 1376 2834 Adam
1427 2796 1440 2833 :
1478 2777 1642 2832 Male-

125 2922 238 2992 (67)
260 2920 356 2975 Ms.
388 2920 541 2975 Rem.
571 2921 840 2992 ininteritn
865 2936 881 2975 :
903 2919 1238 2975 desideratur
1265 2928 1441 2973 autem
1467 2920 1519 2974 in
1549 2918 1647 2973 hoc

55 2991 236 3048 codice
265 2994 316 3045 in
344 2994 550 3059 spiritu.
583 2993 720 3048 Edit.
749 2991 878 3046 Ver.
901 2993 1076 3044 omisit
1103 2992 1165 3046 de
1188 2993 1391 3055 spiritu.
1416 2992 1642 3058 Supple~

56 3066 228 3119 vimus
275 3081 338 3118 ex
391 3064 664 3133 plerisque
715 3078 844 3117 mss.
894 3072 948 3116 et
995 3064 1234 3118 editione
1285 3064 1470 3117 Venet.
1521 3063 1647 3115 Post

57 3152 244 3206 pauca,
280 3152 376 3207 pro
405 3136 499 3190 hoc
521 3133 757 3200 edocens,
778 3151 879 3188 ms.
904 3133 1050 3200 To|.,
1081 3137 1176 3186 hoc
1196 3151 1248 3186 se
1263 3134 1447 3188 docens
1472 3151 1489 3199 ;
1513 3133 1643 3188 Urb.

55 3219 253 3273 autem,
286 3211 376 3262 hoc
397 3219 443 3262 et
465 3208 675 3262 docens.

123 3299 240 3371 (ϐό)
257 3300 380 3386 Mss.
406 3301 626 3386 .Piirnp"
646 3310 931 3386 grqt'tttuiit.
957 3298 1202 3386 ἔθη-κιρ.
1219 3299 1534 3370 gravidatam
1554 3313 1650 3386 se-

56 3370 286 3426 minibus
314 3371 446 3427 dixit
467 3373 675 3426 Tullius
703 3373 770 3426 de
800 3371 920 3426 Nat.
955 3371 1114 3424 Dent“.
1151 3370 1242 3423 lib.
1279 3387 1337 3435 ιι,
1382 3385 1527 3424 num.
1554 3371 1644 3425 5‘3.

125 3463 237 3532 (69)
253 3463 308 3518 Id
331 3473 414 3518 est.
441 3464 684 3533 spiritus,
710 3463 1025 3530 quicorpori
1059 3463 1237 3516 nnitus
1267 3477 1428 3517 carne
1459 3466 1643 3516 utitur.

57 3534 343 3604 Imaginem
373 3543 552 3589 autem
578 3535 800 3604 spiritus
831 3533 1033 3588 idcirco
1060 3548 1278 3588 carnem
1309 3546 1483 3596 vocat,
1503 3533 1644 3600 quod

58 3609 183 3661 varii
218 3618 394 3661 minus
417 3607 583 3660 animi
608 3618 660 3660 et
687 3606 910 3660 allectus
934 3609 983 3660 in
1015 3619 1246 3668 corpore
1274 3622 1417 3671 saqie
1438 3608 1646 3658 eluces-

57 3690 200 3741 cunt,
235 3689 286 3732 ut
337 3695 402 3733 ex
446 3679 800 3746 sequentibus
844 3679 1027 3746 liquet.
1079 3675 1192 3730 Iloc
1246 3676 1384 3730 idem
1431 3676 1646 3744 egregie

58 3747 414 3804 Tertulliauus
433 3751 500 3804 de
521 3746 742 3804 liesurr.
765 3763 880 3816 cali.
906 3750 998 3803 IS:
1027 3746 1225 3800 Volutet
1240 3747 1435 3814 aliquid
1450 3747 1644 3810 anima,

64 3821 225 3874 vultus
272 3831 510 3889 operatur
536 3820 804 3883 indicium,
857 3824 1011 3890 facies
1041 3819 1375 3890 intentionum
1419 3818 1650 3890 omnium

59 3892 314 3957 speculum
339 3891 575 3946 est.VIde
603 3892 751 3961 plura
777 3889 913 3959 apud
932 3889 1160 3961 Plinium
1183 3889 1273 3941 lib.
1316 3905 1372 3953 II,
1402 3905 1451 3941 c.
1477 3889 1569 3961 57,
1595 3899 1649 3942 et

64 3962 174 4029 lege
203 3963 387 4026 etiam,
419 3962 463 4016 si
489 3959 686 4032 placet,
715 3961 998 4016 Nazarium
1032 3971 1082 4013 et
1114 3959 1365 4032 Pacatum
1393 3963 1442 4013 in
1472 3960 1647 4032 I’ane-

61 4034 256 4103 gyrico,
290 4050 353 4087 ac
395 4029 780 4102 Hieronymum
832 4034 882 4087 in
915 4033 1073 4101 epist.
1121 4029 1186 4083 ad
1239 4029 1472 4085 Furiam.
1515 4029 1643 4089 Mss.

61 4105 198 4165 'I‘ol..
235 4103 382 4166 νειμ,
415 4104 601 4163 Urbin.
631 4105 814 4174 quwrit
844 4121 939 4172 pro
968 4104 1118 4174 gerit.

129 4175 243 4244 (70)
287 4175 385 4229 Ms.
416 4174 630 4244 Pomp.,
662 4176 867 4229 etenim.

126 4269 235 4337 (71)
280 4268 362 4322 Ea:
387 4285 604 4338 persona
636 4268 853 4322 hominis
883 4267 1105 4338 perinde
1148 4268 1360 4333 dicitur,
1394 4281 1456 4322 ac
1511 4274 1644 4321 taut-

1753 1953 1833 1998 tas
1879 1944 2187 2009 exhibetur,
2244 1943 2408 1999 David
2466 1957 2654 1999 sancto
2717 1944 2975 2000 dicente:
3029 1945 3354 2012 Convertere,

1750 2036 1923 2089 anima
1955 2053 2084 2103 mea,
2123 2039 2173 2089 in
2197 2036 2419 2101 requiem
2462 2048 2624 2101 tuam,
2669 2036 2790 2108 quia
2821 2034 3077 2091 Dominus
3117 2037 3363 2105 benelecit

1753 2128 1897 2191 mihi,
1924 2129 2046 2194 quia
2062 2128 2292 2182 liberavit
2317 2131 2540 2182 animam
2563 2146 2725 2182 meum
2755 2148 2786 2183 a
2810 2139 2989 2196 morte,
3021 2131 3195 2184 oculos
3219 2146 3358 2185 meos

1750 2238 1781 2273 a
1815 2221 2077 2292 lacrymis,
2105 2222 2256 2293 pedes
2282 2237 2418 2274 meos
2448 2237 2479 2272 a
2503 2220 2654 2290 lapsu
2678 2237 2696 2275 :
2712 2221 2924 2294 placebo
2950 2218 3177 2276 Domino
3204 2223 3254 2276 in
3279 2238 3360 2276 re-

1750 2315 1904 2385 gione
1926 2316 2155 2369 vivorum
2177 2314 2195 2385 (
2221 2313 2312 2368 Ps.
2337 2330 2489 2380 cxxv,
2520 2313 2552 2368 7
2577 2325 2625 2369 et
2654 2331 2760 2384 seq.
2784 2314 2822 2386 ).
2853 2315 2976 2370 Ilaec
3001 2330 3100 2370 nos
3132 2315 3363 2372 felicitas

1767 2419 1972 2475 manet,
2017 2408 2118 2462 hoc
2151 2423 2344 2462 munus
2371 2418 2668 2477 exSpectat.
2702 2409 2793 2463 Sic
2831 2422 2963 2478 ergo
2990 2409 3257 2476 vivamus,
3305 2418 3364 2463 ut

1762 2501 1916 2556 bonis
1943 2502 2201 2570 operibus
2231 2501 2494 2566 decorati,
2531 2516 2631 2555 nos
2675 2516 2890 2571 quoque
2918 2499 3035 2572 (72)
3068 2500 3180 2556 Deo
3212 2500 3361 2556 Patri

1759 2593 1972 2664 placere
2001 2609 2330 2659 mereamur,
2365 2593 2592 2647 Domino
2611 2593 2830 2662 juvante
2861 2609 2962 2648 nos
2989 2593 3228 2662 Christo,
3267 2593 3364 2664 qui

1756 2697 1839 2742 est
1871 2685 2188 2742 benedictus
2215 2685 2267 2740 in
2300 2685 2499 2741 smcula
2530 2685 2870 2740 saeculorum.

1752 2932 1910 2986 quam
1941 2915 2124 2979 homo,
2172 2916 2315 2986 quod
2345 2917 2550 2972 scilicet
2577 2915 2824 2971 Christus
2853 2931 2912 2971 se
2946 2916 2998 2971 in
3046 2915 3152 2972 illis
3182 2919 3365 2976 verbis

1753 3005 1859 3042 non
1893 2988 1967 3042 uti
2004 2990 2169 3041 Deum
2201 3003 2392 3055 gerere
2419 3003 2481 3041 ae
2517 2989 2776 3058 pricferre
2807 2987 2990 3051 vellet,
3021 2988 3116 3044 sed
3151 2999 3207 3044 ut
3257 2992 3359 3043 ho-

1753 3063 1989 3123 minem;
2021 3075 2128 3128 quo
2159 3075 2320 3113 sensu
2358 3076 2628 3128 personam
2677 3068 2889 3113 veteres
2933 3074 3079 3131 saepe
3113 3063 3362 3131 appella—

1755 3141 1900 3204 runt,
1933 3142 1988 3204 nt
2025 3145 2150 3204 cum
2184 3131 2369 3186 dixere
2403 3147 2670 3198 personam
2716 3131 2901 3201 patris,
2933 3130 3132 3199 fratris,
3155 3130 3365 3204 princi-

1754 3202 1852 3269 pis,
1884 3201 2055 3266 amici,
2090 3210 2649 3274 etc.,gprowtamquttm
2676 3211 2838 3271 pater,
2889 3206 3069 3272 frater,
3101 3201 3364 3274 princeps,

1759 3274 1973 3334 amicus,
2005 3281 2114 3329 etc.
2139 3272 2325 3326 υυΙιΊιι
2352 3273 2584 3328 Zenonis
2619 3274 2890 3327 locutione
2923 3288 3028 3328 non
3063 3272 3203 3328 nulla
3236 3272 3365 3330 atti-

1754 3345 1934 3415 gimus
1959 3344 2172 3396 dissert.
2207 3345 2264 3406 2,
2315 3359 2434 3412 cap.
2485 3345 2539 3399 5.
2595 3344 2796 3398 Eadem
2840 3359 3064 3415 prorsus
3122 3344 3359 3400 formula

1755 3430 1883 3467 usus
1925 3414 2120 3483 legitur
2150 3415 2188 3469 S
2240 3415 2473 3469 Hilarius
2502 3416 2552 3469 in
2585 3415 2720 3485 psal.
2753 3414 2867 3478 Liv,
2915 3431 3036 3484 pag.
3072 3416 3176 3471 I18
3204 3426 3259 3470 et
3305 3418 3359 3472 in

1753 3486 1889 3552 p~al.
1917 3500 2192 3546 cxxxvm,
2219 3502 2338 3556 pag.
2361 3486 2488 3541 565.
2516 3488 2574 3541 δε
2602 3487 2918 3542 Ambrosius
2950 3487 3042 3541 lib.
3072 3501 3110 3541 ιι
3134 3488 3203 3542 de
3228 3487 3362 3542 Fide

1752 3571 1870 3624 cap.
1899 3556 1956 3619 8,
1993 3574 2046 3609 ιι.
2067 3557 2156 3618 6|;
2181 3558 2270 3611 lib.
2300 3573 2367 3619 iv,
2399 3572 2446 3611 c.
2479 3560 2532 3620 6,
2557 3575 2609 3609 ιι.
2630 3557 2728 3616 69;
2759 3568 2812 3612 et
2836 3556 2871 3610 I.
2897 3571 3023 3618 v.0.
3053 3557 3357 3623 I0,n.12‘.

1757 3626 2023 3700 Similiter
2047 3627 2373 3700 Pltmliadins
2403 3631 2454 3700 in
2487 3630 2626 3683 libro
2650 3639 2837 3684 contra
2873 3630 3123 3694 Arianos,
3160 3646 3211 3700 p.
3257 3630 3366 3686 305

1757 3707 1795 3751 t.
1829 3714 1878 3751 tv
1904 3698 2147 3752 biblioth.
2177 3698 2306 3765 PP.,
2331 3699 2638 3754 Salomonis
2659 3702 2860 3755 dictum
2885 3698 3366 3770 quoddamtribuit

1756 3785 2056 3842 expersona
2081 3773 2362 3841 sapientia,
2380 3772 2519 3842 quod
2549 3771 2812 3839 sapientia
2849 3771 2900 3824 in
2929 3789 2994 3824 eo
3026 3772 3360 3842 loqueretur,

1754 3855 1818 3894 ac
1844 3842 1886 3893 si
1912 3841 2024 3908 ipse
2050 3852 2194 3897 esset
2217 3841 2502 3911 sapientia.
2557 3842 2741 3911 Itaque
2771 3843 2857 3895 hic
2892 3859 3109 3910 persona
3139 3842 3365 3898 hominis

1756 3926 1861 3964 non
1893 3911 1943 3964 in
1972 3928 2038 3965 eo
2064 3928 2227 3966 sensu
2259 3916 2543 3981 accipitur,
2578 3929 2686 3982 quo
2724 3913 2958 3967 humana
2990 3914 3207 3967 Christo
3239 3930 3363 3983 per—

1755 3995 1886 4036 soua
1917 3997 2039 4054 cum
2068 3983 2314 4038 Nestorio
2345 3984 2633 4050 tribuatur,
2666 3985 2759 4039 sed
2795 3985 2848 4038 in
2879 3999 2967 4046 eo,
3001 4000 3108 4054 quo
3139 3987 3236 4054 ipsi
3282 3987 3362 4041 uti

1755 4067 1886 4177 mero
1915 4052 2115 4108 homini
2146 4055 2392 4110 humana:
2422 4057 2664 4110 actiones
2691 4052 3076 4126 passiouesqne
3101 4052 3360 4127 congrue-

1828 4137 1904 4177 nt.

1828 4137 1904 4177 Ill.

1827 4194 1943 4265 (72)
1967 4194 2075 4252 Deo
2097 4196 2394 4268 adjecimus
2423 4213 2490 4254 ex
2521 4214 2651 4253 mss.
2702 4197 2883 4263 Πρω..
2914 4196 3071 4264 Urh.,
3104 4197 3260 4265 Zen.,
3308 4197 3363 4256 in

1756 4283 1865 4336 quo
1895 4279 2172 4339 postremo
2200 4286 2302 4326 vox
2339 4269 2560 4324 Domino
2586 4270 2951 4326 desideratur.

770 4553 923 4626 ³⁸³
1008 4565 1934 4717 TRACTAT
1962 4570 2076 4714 U
2090 4571 2387 4717 UM

509 4812 1512 4983 SANCTI

1733 4815 2908 4980 ZENONIS

933 5075 1534 5163 EPISCOPI
1645 5071 2459 5170 VERONENSIS

1216 5284 1538 5358 LIBER
1596 5282 2162 5360 SECUNDUS.

420 5448 429 5493 ε
477 5440 890 5502 TBACTATUS
933 5438 1212 5497 PRIMUS.

293 5541 380 5594 De
407 5538 484 5610 (I)
513 5537 712 5593 Genesi.
753 5565 824 5578 —
862 5531 1059 5589 Contra
1099 5531 1353 5586 Arianos.

132 5637 171 5692 I.
209 5631 460 5690 Carnalis
498 5630 690 5686 mentis
730 5627 1000 5692 homines,
1055 5623 1252 5679 l'ratres
1293 5619 1652 5686 dilectissimi,

99 5771 295 5826 Tuacr.
314 5763 513 5836 1.-(1)
528 5764 580 5818 In
595 5779 720 5820 mss.
740 5760 1219 5836 lncipitdetienesi.
1237 5759 1648 5836 [imcinscriptio

70 5843 280 5899 iueditis
296 5831 1074 5904 retenta,aiiobisimmtitanda
1108 5849 1214 5888 non
1242 5831 1359 5888 fuit.
1391 5831 1535 5888 Zeno
1550 5846 1647 5887 au-

1682 5436 2070 5497 Dscandalum
2117 5438 2428 5507 patiuntur,
2491 5454 2598 5494 non
2649 5442 2829 5498 studio
2884 5445 3208 5510 noscendie,
3262 5447 3358 5502 sed

1760 5530 2079 5585 frustrandze
2126 5531 2386 5595 veritatis,
2431 5532 2681 5602 quotiens
2727 5535 2868 5590 Deus
2919 5538 3011 5591 Dei
3061 5537 3222 5599 illius,
3267 5540 3359 5607 qni

1758 5621 1934 5678 Patris
1963 5621 2197 5678 maxima
2227 5634 2310 5679 est
2339 5623 2537 5694 gloria,
2567 5625 2792 5695 aequalis
2828 5625 2974 5682 Patri
3005 5645 3033 5682 a
3064 5627 3357 5684 Catholicis

1758 5770 1861 5815 tem
1883 5771 2023 5816 totus
2037 5760 2123 5816 hic
2136 5769 2220 5816 est
2235 5761 2288 5816 in
2301 5760 2639 5818 defendenda
2657 5761 2846 5817 aeterni
2864 5762 3028 5820 Verbi
3059 5765 3344 5820 divinitate

1755 5845 1941 5889 contra
1984 5833 2230 5896 Atiauos,
2265 5833 2403 5886 sicut
2433 5842 2485 5887 et
2528 5835 2578 5888 in
2611 5832 2822 5890 duobus
2853 5851 2976 5891 mox
3007 5835 3356 5906 subjicieudis
