3926 6328
470 289 571 348 39l
1831 285 2076 344 sanan
2115 285 2411 344 zenoms
3631 299 3720 356 ειη

469 403 748 469 discrevit,
783 395 989 460 ratione
1018 401 1301 474 disposuit,
1331 401 1608 460 coloribus
1636 402 1932 471 decoravit,
1965 406 2062 461 de-
2093 410 2140 468 Α
2173 405 2256 478 (9)
2280 405 2639 477 reciprocavit
2658 405 2713 462 in
2740 406 2958 476 Filium,
2984 421 3054 464 ne
3067 407 3200 480 quid
3230 408 3442 466 sibimet
3456 412 3722 484 derogaret.

471 500 780 554 terminavit
811 514 1087 563 mensura,
1125 497 1427 567 officiisque
1469 501 1903 568 competentibus
1948 517 2070 556 δηϊ-
2175 503 2414 569 Denique
2454 501 2592 557 alter
2631 502 2682 556 in
2729 502 3044 575 altero(tO)
3070 503 3326 569 exsultat,
3361 521 3478 559 cum
3529 507 3727 576 Spiritus

469 590 588 646 vire
625 591 912 659 praecepit?
957 588 1112 646 Unde
1153 606 1259 646 non
1301 599 1386 646 cst
1427 591 1768 662 principium,
1811 592 1954 663 quod
1984 609 2070 648 se-
2170 594 2346 650 sancti
2397 595 2729 664 plenitudine
2773 612 2876 652 una
2916 597 3165 668 originali
3211 600 3566 654 coaeternitate
3607 603 3726 656 reni-

469 683 674 746 nescit;
706 681 846 752 quod
874 697 1010 752 opus
1041 681 1241 738 factum
1272 692 1356 740 est
1375 683 1644 750 alienum;
1675 685 1817 754 quod
1851 701 1956 740 non
1985 695 2070 742 est
2171 693 2313 740 tens.
2335 685 2800 768 Quemadmodum
2833 689 2899 758 (si
2931 689 3119 746 dicere
3145 689 3363 760 dignum
3390 689 3492 762 est)
3519 691 3727 764 (ll)duo

468 773 522 828 in
552 787 646 828 sua
685 774 916 843 positum
947 783 1249 844 potestate;
1277 775 1421 845 quod
1445 791 1472 830 a
1502 791 1596 830 sua
1627 777 1930 831 substantia
1967 779 2069 833 tol-
2170 779 2362 844 maria,
2387 795 2506 849 qua:
2529 781 2582 834 in
2611 791 2784 838 semet
2809 785 3154 849 recumbunt,
3186 782 3321 839 freto
3335 792 3495 838 mstus
3521 785 3726 842 alternos

467 863 625 932 litur;
673 865 815 935 quod
873 875 1143 932 mutatur;
1189 865 1334 938 quod
1372 867 1550 922 alieno
1592 878 1840 924 movetur
1877 869 2064 940 pulsu;
2173 873 2227 928 in
2259 889 2424 928 unum
2452 875 2790 942 cnnferente,
2820 891 3087 942 connexa,
3111 893 3231 947 qua:
3256 879 3382 932 licet
3410 879 3488 932 sui
3517 879 3728 949 proprie-

465 959 630 1030 quod,
660 959 789 1032 quid
821 959 914 1026 sit,
939 960 1069 1031 quid
1097 960 1433 1031 fuerit,quid
1466 963 1702 1016 futurttm
1729 964 1819 1026 sit,
1849 979 1954 1017 non
1974 979 2069 1032 pu-
2170 974 2298 1032 tate,
2331 966 2464 1022 locis
2491 969 2876 1038 vocabulisque
2899 971 3130 1025 discreta
3151 971 3468 1036 sint,tatnen
3489 971 3604 1026 trini
3627 988 3728 1042 pro-

467 1064 573 1112 test
601 1055 893 1127 aliquando
923 1054 1146 1112 sentire.
1180 1057 1339 1113 Solus
1373 1056 1513 1111 Deus
1543 1063 1627 1111 est
1653 1057 1832 1128 itaque
1863 1058 2052 1128 princi.
2169 1058 2320 1115 fundi
2355 1060 2471 1132 (12)
2496 1063 2712 1132 vaporis
2731 1079 2833 1116 una
2857 1061 3052 1127 virtus,
3074 1077 3180 1117 una
3207 1065 3526 1127 substantia,
3549 1079 3640 1118 una
3661 1072 3731 1120 est

466 1148 650 1219 pium,
683 1149 770 1218 qui
803 1146 883 1221 (6)
917 1164 983 1203 ex
1013 1146 1174 1221 ιω
1195 1165 1252 1204 se
1286 1149 1403 1220 ipso
1433 1148 1583 1204 dedit
1605 1149 1705 1204 sibi
1737 1150 1851 1218 ipse
1870 1150 2068 1220 priuei-
2168 1151 2370 1207 fluendi
2402 1162 2622 1219 natura;
2655 1169 2754 1209 nec
2783 1163 2960 1223 potest
2987 1155 3559 1224 incomprehensibilis,
3601 1170 3727 1210 com-

467 1245 635 1314 pium.
658 1244 818 1301 Solus
837 1246 1158 1300 anteomnia
1173 1253 1228 1299 et
1246 1253 1368 1315 post
1389 1245 1927 1316 omnia,qnoniamin
1951 1245 2068 1315 ejus
2174 1245 2466 1314 munisque
2515 1244 2629 1318 (15)
2676 1246 2834 1301 unda
2865 1246 3032 1302 dividi
3065 1247 3396 1318 magnitudo,
3431 1245 3576 1319 147
3606 1259 3728 1302 utro-

466 1352 630 1392 manu
664 1336 869 1392 inclusa
896 1345 1021 1392 sunt
1046 1337 1250 1401 omnia,
1278 1353 1346 1392 ex
1382 1352 1442 1393 se
1463 1348 1568 1402 est,
1601 1338 1743 1406 quod
1776 1347 1878 1394 est.
1906 1337 2068 1394 Solus
2168 1351 2272 1405 que
2298 1335 2352 1390 in
2377 1344 2664 1408 utrumque
2689 1339 3044 1395 commeando
3075 1338 3338 1409 largiflua,
3362 1340 3594 1408 utrisque
3624 1355 3728 1408 pro-

465 1431 550 1486 sui
577 1433 852 1493 conscius,
895 1438 1129 1502 quantus
1157 1439 1212 1487 et
1238 1431 1412 1502 qualis
1440 1441 1543 1487 est.
1571 1431 1731 1488 Solus
1761 1432 2064 1503 perfectus;
2169 1428 2306 1495 pria.
2342 1429 2475 1482 nulli
2511 1430 2714 1496 privata
2743 1449 2756 1484 :
2791 1432 2991 1486 etenim
3026 1432 3281 1486 damnum
3312 1433 3574 1502 patientur
3592 1431 3728 1486 uber-

464 1524 590 1597 quia
623 1540 729 1580 non
761 1534 941 1596 pOIest
968 1524 1043 1579 illi
1074 1523 1270 1594 aliquid
1302 1539 1400 1580 nec
1423 1523 1572 1590 addi,
1606 1541 1708 1582 nec
1745 1526 1938 1581 minui.
1969 1525 2069 1582 So-
2169 1520 2293 1574 tatis
2313 1529 2367 1576 et
2395 1521 2602 1592 gratim,
2635 1523 2678 1576 si
2697 1522 2987 1588 adimatur,
3014 1523 3155 1594 quod
3184 1538 3292 1580 uno
3313 1524 3601 1595 eodemque
3619 1533 3730 1579 testu

464 1617 551 1672 lus
575 1617 950 1687 omnipotens,
997 1615 1121 1685 quia
1167 1631 1237 1672 ex
1273 1616 1443 1672 nihilo
1469 1617 1717 1672 universa
1761 1616 2062 1683 constituit,
2167 1614 2397 1672 alterum
2427 1631 2492 1672 ex
2519 1616 2691 1672 altero
2722 1617 3029 1673 decoratur.

462 1710 664 1766 virtute
693 1709 852 1780 regit,
876 1709 1163 1778 majestate
1183 1709 1440 1765 custodit.
1459 1709 1619 1766 Solus
1640 1709 2063 1777 iudemutabilis,

461 1819 527 1859 ac
554 1818 770 1875 semper
807 1800 1066 1873 aequalis;
1097 1802 1223 1874 quia
1257 1803 1308 1857 in
1341 1817 1400 1858 se
1426 1817 1533 1857 non
1568 1802 1803 1858 admittit
1829 1812 2064 1858 aetatem.
2099 1795 2147 1856 B

460 1896 619 1953 Solus
639 1897 1037 1968 sempiternus:
1064 1897 1188 1966 quia
1222 1895 1644 1950 immortalitatis
1668 1904 1751 1952 est
1785 1895 2062 1951 Dominus.

461 1988 560 2046 llic
584 1999 671 2046 est
701 1991 841 2045 Deus
873 1998 1077 2052 noster,
1107 1989 1198 2060 qui
1230 2003 1292 2044 se
1319 1989 1396 2057 (7)
1418 1987 1641 2058 digessit
1671 1988 1724 2042 in
1747 1988 1940 2042 Deum.
1969 1986 2064 2044 llic

462 2082 646 2151 Pater,
677 2084 772 2154 qui
810 2097 910 2140 suo
936 2091 1187 2138 manente
1219 2081 1300 2154 (8)
1321 2083 1550 2152 .integro
1584 2090 1752 2149 statu,
1794 2089 1964 2137 totum
2003 2096 2064 2137 se

2693 1797 3108 1856 TRACTATUS
3151 1799 3240 1856 Ill.

2228 1944 2307 2002 De
2333 1945 2516 2002 Genesi
2544 1947 2624 2020 (1)
2655 1963 2744 2001 seu
2776 1947 2840 2000 de
2868 1960 3060 2002 atterna
3089 1945 3214 2002 Filii
3239 1946 3340 2002 Dei
3365 1948 3686 2019 generatione.

2244 2081 2569 2152 Principium
2600 2081 2700 2154 (2),
2735 2081 2928 2137 fratres
2956 2081 3316 2148 dilectissimi,
3354 2056 3603 2139 Dominus
3627 2098 3734 2139 nos-

2171 2238 2206 2292 Ι.
2238 2255 2318 2304 tv,
2342 2255 2397 2294 n.
2422 2240 2477 2304 2,
2503 2237 2659 2294 utiles
2690 2249 2869 2295 tamen
2898 2255 3021 2296 esse
3045 2257 3150 2295 non
3172 2239 3386 2298 diffisus
3403 2251 3504 2310 est,
3535 2252 3586 2299 ut
3601 2258 3732 2300 men-

2168 2311 2236 2365 tis
2269 2321 2471 2366 nostra:
2502 2311 2854 2366 imbecillitati
2887 2313 3223 2367 consulatur.

2237 2383 2354 2456 (lg)
2385 2382 2512 2456 Mss.
2556 2383 2736 2456 Renn,
2766 2383 2911 2447 Tol.,
2937 2383 3058 2439 Vat.
3082 2393 3138 2439 et
3178 2384 3338 2449 Urb.,
3377 2387 3591 2456 saporis.
3623 2388 3730 2443 Dein

2166 2468 2269 2508 ms.
2301 2454 2450 2514 Tol..
2480 2454 2662 2523 ﬂuenti
2690 2469 2787 2523 pro
2812 2457 3029 2524 ﬂuendi.

2237 2525 2357 2598 (i5)
2384 2524 2574 2598 Varias
2600 2526 2834 2598 hocloco
2860 2528 3154 2595 scripturas
3180 2528 3381 2598 singuli
3414 2529 3522 2584 fere
3543 2530 3731 2586 codices

2165 2596 2478 2664 praeferunt.
2515 2597 2614 2651 Alii
2641 2597 2782 2650 unda
2815 2608 2861 2651 et
2899 2598 3057 2651 dividi
3089 2596 3398 2669 magnitudo
3420 2643 3434 2664 ,
3483 2613 3528 2656 et
3561 2612 3731 2655 utrum-

2159 2684 2258 2738 que
2286 2669 2338 2722 in
2370 2679 2634 2738 utrumque
2654 2669 2984 2723 commeando
3013 2687 3032 2723 :
3058 2669 3172 2733 alii,
3206 2672 3362 2726 unda:
3385 2683 3431 2726 et
3457 2673 3609 2726 dividi
3635 2690 3729 2725 nta-

463 2247 600 2312 tuit,
629 2247 718 2313 qui
763 2263 817 2302 se
844 2263 898 2301 se
930 2254 1088 2300 mouet
1118 2245 1239 2312 quia
1283 2257 1563 2313 numquam
1603 2239 1856 2295 deseritur
1891 2259 1923 2296 a
1965 2255 2018 2294 se
2045 2287 2059 2308 ,

463 2334 739 2387 numquam
769 2335 829 2372 ne
856 2318 1045 2372 moveri
1067 2315 1272 2385 quidem
1294 2315 1504 2387 desinit;
1532 2314 1656 2380 quin
1686 2313 1841 2366 etiam
1868 2313 2062 2387 ca'teris

498 2403 576 2444 me
600 2382 889 2456 mouentur,
923 2389 1004 2442 hic
1027 2382 1164 2458 fons,
1201 2387 1298 2441 hoc
1326 2385 1637 2459 principium
1667 2395 1760 2459 est,
1804 2382 2060 2459 uincendi.

490 2470 651 2530 taque
677 2471 840 2515 movet
879 2459 946 2514 ad
973 2455 1108 2512 alios
1149 2455 1666 2530 pertinettmoretur
1689 2456 1882 2530 adrse.
1920 2455 2059 2513 Vide

461 2528 624 2586 Tullii
665 2533 840 2587 locum
867 2573 882 2595 .
923 2547 990 2585 ex
1032 2528 1274 2600 quo’alia
1320 2528 1385 2584 ad
1417 2529 1586 2585 Deum
1621 2528 1942 2600 principium
1974 2544 2060 2584 re-

460 2618 580 2659 rum
609 2603 850 2658 omnium
873 2601 1215 2657 statuendum
1239 2600 1390 2656 brevi
1416 2600 1631 2672 epilogo
1661 2602 1764 2655 huc
1784 2615 1814 2654 a
1837 2599 2055 2656 ZenOne

464 2675 702 2730 traditota
737 2675 1000 2729 invenies.

536 2744 618 2828 (6)
636 2744 913 2828 Praeclare
945 2744 1256 2827 Lactantius
1402 2741 1575 2828 lustit:
1598 2758 1717 2828 cap.
1746 2743 1778 2798 7
1811 2761 1823 2796 :
1860 2742 2056 2828 lierum

460 2833 583 2887 quia
626 2833 735 2884 pert
773 2833 874 2872 non
916 2833 1096 2884 pomi,
1129 2833 1254 2885 qutn
1283 2833 1334 2867 ta
1361 2833 1495 2880 quoa
1531 2833 1616 2875 stt,
1646 2833 1926 2885 attquanao
1949 2833 2052 2869 esse

461 2890 689 2956 coeperit;
715 2903 1023 2954 consequens
1044 2898 1140 2953 est,
1164 2899 1218 2940 ut
1241 2887 1447 2956 quando
1469 2887 1597 2940 nihil
1619 2898 1737 2940 ante
1757 2888 1908 2940 illum
1935 2886 2052 2954 fuit.

459 2959 572 3028 ipse
600 2972 717 3014 ante
743 2960 916 3013 omnia
946 2975 1010 3012 ex
1049 2974 1101 3011 se
1137 2959 1251 3026 ipso
1279 2959 1344 3010 sit
1380 2967 1676 3023 procreatus
1701 2998 1715 3018 ,
1745 2958 1962 3027 ideoque
1991 2957 2054 3010 ab

461 3030 705 3116 {lpolline
745 3033 997 3116 αὐτοφυής
1023 3046 1052 3081 a
1080 3028 1284 3116 Sibylltt
1325 3031 1595 3112 αὐτογενὴς
1614 3038 1666 3116 ει
1695 3030 1967 3116 ,ᾄγέιξνητος
2006 3038 2056 3116 et

626 2818 735 2884 ﬁeri
773 2833 874 2872 non
916 2825 1096 2884 potest,
1129 2816 1254 2885 quin
1283 2814 1336 2867 id
1361 2815 1496 2880 quod
1531 2817 1616 2875 sit,
1646 2814 1926 2885 aliquando
1949 2831 2058 2869 esse

2159 2740 2407 2810 gnitudo,
2445 2741 2499 2794 in
2539 2751 2806 2811 utrumque
2831 2743 3162 2794 commeando
3203 2757 3222 2795 .'
3248 2744 3339 2796 alii
3364 2787 3379 2809 ,
3411 2745 3562 2799 unda:
3592 2745 3732 2798 dividi

2160 2812 2463 2883 magnitudo
2489 2853 2502 2873 ,
2535 2822 2581 2866 et
2612 2822 2779 2864 tamen
2822 2822 3087 2880 utrumque
3111 2818 3450 2867 commeando
3485 2817 3604 2869 :alii
3634 2827 3731 2870 tan-

2160 2881 2282 2936 dent
2310 2923 2324 2946 ,
2377 2883 2528 2937 unda:
2575 2883 2738 2936 dividi
2768 2884 3066 2954 magnitudo
3089 2926 3102 2948 ,
3151 2895 3198 2937 et
3241 2895 3456 2951 utroque
3480 2888 3530 2940 in
3561 2897 3731 2941 utrum-

2159 2969 2274 3022 que,
2306 2963 2437 3018 etc.,
2466 2967 2516 3010 et
2551 2964 2875 3023 postremam
2909 2957 3043 3008 hanc
3075 2954 3389 3021 lectionem,
3422 2957 3592 3014 deleta
3620 2973 3730 3011 con-

2156 3027 2442 3091 junctione
2472 3037 2519 3081 et
2545 3067 2560 3092 ,
2593 3041 2715 3095 qua:
2742 3025 3064 3094 superfluit,
3101 3033 3519 3097 prarponcndam
3547 3032 3729 3101 putati-

462 3095 708 3163 ὰιτοίητος
749 3095 1192 3155 ηοηιὶηαιιιν.....ξ
1221 3097 1359 3153 Deus
1389 3095 1499 3168 ἔρξε
1526 3118 1578 3154 se
1609 3095 1754 3167 fecitf
1779 3099 2052 3169 Frequens
2079 3095 2124 3158 C
2163 3111 2301 3150 "Nl-*3

461 3175 601 3242 apud
634 3173 821 3228 Patres
847 3171 1072 3226 formula
1099 3173 1212 3226 haec
1250 3179 1354 3242 est.
1385 3187 1545 3240 quam
1573 3171 1887 3242 cxprpheo
1931 3186 2047 3224 me-

461 3240 637 3299 morat
663 3245 901 3316 Cyrillu:
927 3243 1022 3316 lib.
1051 3258 1067 3296 t
1094 3250 1278 3296 contra
1307 3240 1780 3316 Julianutu.AUnus
1799 3252 1881 3316 _es_t
1904 3258 1970 3296 ea:
1996 3257 2050 3296 se

461 3315 575 3387 ipso
606 3312 828 3387 genitus.
864 3315 930 3370 Et
961 3315 1320 3386 llicroaymus
1361 3313 1488 3387 inre.
1522 3330 1581 3369 ιιι
1615 3314 1711 3387 Ep.
1746 3312 1812 3387 ad
1843 3312 2045 3387 Ephes.

461 3332 479 3368 ι
519 3332 575 3370 so
606 3332 828 3387 genitus.
865 3332 930 3370 ut
961 3332 1320 3386 Hieronymus
1361 3332 1412 3368 In
1439 3332 1488 3368 c.
1522 3332 1581 3369 ιιι
1616 3332 1711 3382 np.
1746 3332 1812 3366 au
1843 3332 2045 3382 bpttes.

460 3332 605 3442 gens
631 3403 747 3442 vero
773 3429 786 3450 ,
813 3387 899 3457 qui
922 3401 1120 3452 semper
1146 3395 1215 3439 est
1242 3425 1255 3447 ,
1279 3401 1390 3457 "non
1419 3386 1565 3440 habet
1606 3384 1817 3457 aliunde
1858 3385 2051 3449 princi-

461 3460 625 3531 pium,
665 3470 728 3531 ei
740 3455 848 3531 ipse
868 3457 948 3511 sui
977 3461 1119 3531 origo
1145 3465 1238 3531 est.
1275 3456 1414 3531 Lyge
1444 3458 1578 3531 alios
1600 3459 1742 3531 apud
1769 3455 2048 3531 Petavium

463 3526 504 3584 l.
538 3547 567 3582 ν
597 3533 664 3582 de
687 3526 880 3584 Trinit.
911 3544 962 3584 c.
994 3526 1134 3595 5,]1.
1171 3527 1259 3583 14.
1291 3526 1423 3595 Quae
1451 3529 1651 3582 locutio
1693 3526 1793 3580 etsi
1827 3527 2050 3581 minime

461 3600 675 3672 propria
705 3611 821 3668 est,
857 3615 980 3654 nam
1011 3616 1161 3672 nemo
1192 3599 1288 3654 sibi
1317 3601 1416 3672 ipsi
1449 3609 1497 3654 et
1538 3608 1830 3653 munerator
1858 3608 1903 3652 et
1937 3615 2046 3650 mu-

461 3670 680 3736 nusest,
708 3681 765 3725 ut
797 3673 1004 3727 notavit
1034 3670 1270 3725 Hilarius
1300 3670 1393 3726 lib.
1425 3687 1487 3726 ιι.
1521 3688 1575 3724 ιι.
1606 3671 1661 3733 7,
1698 3679 1874 3723 tamen
1905 3677 2051 3724 recte

459 3742 685 3814 intelligi
715 3750 918 3814 potest,
951 3752 1006 3814 ut
1035 3741 1175 3814 dedit
1197 3742 1295 3795 sibi
1319 3743 1418 3811 ipsi
1453 3742 1760 3814 principium
1789 3739 1928 3814 idem
1956 3739 2044 3808 sit,

459 3829 524 3868 ac
553 3829 583 3869 a
607 3811 754 3868 nullo
775 3815 883 3869 alio
915 3811 1181 3883 principio
1206 3812 1560 3868 substantiam
1591 3811 2043 3867 communicatam

459 3885 687 3952 accepit.
1037 3919 1041 3924 ι

530 3955 1053 4029 (ῖ)γϐεηθιέιιίοιιεηι
1092 3955 1211 4029 Filii
1254 3971 1283 4008 a
1327 3954 1487 4029 Patre
1511 3953 1600 4010 hic
1627 3954 1774 4029 Zeno
1808 3952 2050 4010 subiudi-

457 4026 568 4093 cat,
589 4026 663 4084 tie
687 4045 791 4098 qua
818 4029 870 4082 itt
902 4027 1256 4096 sequentibus
1284 4026 1529 4090 apertius
1555 4027 1763 4080 statuit.

532 4099 611 4172 (8)
642 4097 769 4154 llzec
811 4110 999 4172 notare
1027 4109 1212 4153 auctor
1239 4099 1408 4172 volu_it
1435 4139 1449 4158 .
1481 4115 1546 4151 ne
1574 4100 1695 4172 quis
1723 4097 1958 4172 fortasse
1983 4113 2049 4152 ex

458 4169 804 4240 generatione
838 4169 954 4225 Filii
989 4171 1324 4224 immutatam
1350 4169 1525 4224 Patris
1554 4169 1912 4224 substantiam
1948 4184 2047 4240 pu-

458 4239 618 4298 taret.
672 4242 858 4310 Ariani
901 4240 1049 4296 enim
1075 4241 1370 4296 Catholicis
1398 4240 1643 4294 eamdem
1678 4240 1854 4295 Patris
1875 4252 1926 4294 et
1962 4239 2046 4294 Fi-

460 4310 517 4367 lii
559 4313 913 4368 substantiam
960 4312 1345 4367 coulitentibus
1371 4312 1797 4381 exprobrabant,
1831 4312 1932 4365 hac
1965 4327 2050 4364 ra-

461 4386 608 4440 tione
629 4383 822 4440 Filium
848 4385 1162 4455 particulam
1190 4397 1310 4438 esse
1337 4382 1536 4438 divina:
1562 4383 2049 4455 substantiie,_qu:e

461 4468 557 4524 per
577 4453 978 4526 generationem
1007 4471 1037 4510 a
1065 4455 1222 4510 Patre
1249 4465 1495 4526 separata
1527 4455 1708 4510 fuerit.
1739 4453 1870 4510 Vide
1899 4453 2046 4508 Hila-

459 4526 597 4581 rium
627 4527 663 4582 l.
696 4544 748 4583 tv
772 4528 838 4583 dc
859 4527 1078 4593 Trinit.,
1109 4542 1164 4581 n.
1196 4527 1252 4581 4.

530 4618 608 4693 (9)
644 4618 993 4693 Reciprocnvit
1021 4634 1080 4674 se
1109 4619 1175 4672 ad
1225 4617 1598 4693 explicandum
1642 4617 1878 4693 Zenonis
1922 4631 2046 4693 sen-

457 4690 681 4746 tentiam
718 4689 922 4759 optime
952 4695 1185 4761 positum
1228 4702 1347 4745 est:
1379 4692 1695 4761 reciprocum
1732 4689 1876 4743 enim
1917 4689 2043 4744 diei-

459 4771 568 4828 tur,
595 4763 737 4830 quod
759 4760 976 4817 aliunde
1006 4761 1330 4830 profectum,
1355 4777 1421 4815 eo
1444 4760 1724 4823 relabitur,
1750 4763 1891 4815 ttnde
1919 4776 2046 4829 pro-

457 4835 656 4891 fectum
691 4843 792 4889 est.
829 4833 904 4888 Ita
934 4847 1062 4902 ergo
1091 4847 1146 4886 se
1184 4833 1531 4902 reciprocasse
1561 4832 1720 4885 Pater
1765 4833 1814 4884 in
1848 4830 2040 4886 Filium

454 4907 674 4965 dicitur.
718 4904 860 4974 quod
897 4919 957 4959 se
997 4901 1168 4957 totum
1201 4901 1337 4956 Filio
1389 4904 1456 4955 ita
1501 4903 1950 4966 communicarit,
1987 4914 2042 4957 ut

455 4977 807 5032 nihilominus
835 4987 1004 5032 totum
1034 4974 1338 5036 retinuerit,
1369 4988 1432 5026 ac
1459 4975 1503 5028 si
1535 4984 1708 5027 totttm
1735 4974 1862 5027 dum
1893 4989 2042 5029 com-

454 5049 769 5112 municavit,
801 5046 1106 5116 receperit:
1137 5043 1280 5116 quod
1322 5044 1428 5116 alia
1473 5044 1699 5098 formula
1732 5054 2044 5116 auctor_ex-

453 5120 654 5190 pressit
699 5128 849 5190 ιιγιι
873 5113 966 5174 lib.
999 5132 1039 5178 ι.
1097 5113 1217 5170 ιι.⁷9
1249 5131 1262 5168 :
1297 5114 1341 5166 Α
1383 5125 1595 5190 paterno
1624 5119 1762 5190 fonte
1801 5117 1854 5169 in
1901 5113 2044 5171 Filio

455 5185 564 5246 iota
589 5187 912 5259 refunderis;
953 5197 998 5244 et
1038 5197 1206 5243 tamen
1236 5194 1343 5238 tota
1369 5185 1454 5239 ubi
1487 5187 1799 5256 refunderis,
1839 5202 1930 5242 nec
1965 5204 2047 5242 re-

451 5263 611 5318 cedis.

527 5354 641 5427 (10)
668 5349 974 5409 Indicathic
995 5338 1188 5427 procul
1207 5349 1370 5427 dubio
1387 5347 1705 5427 S._Sp_irilns
1739 5353 2043 5427 processio-

450 5419 575 5484 nem
605 5419 632 5490 ,’
667 5438 899 5497 (ιιιωηει
930 5419 1116 5497 mutuo
1153 5420 1330 5497 Patris
1356 5429 1411 5497 et
1441 5419 1561 5497 Filii
1594 5437 1780 5476 amore
1801 5426 2040 5497 _r_er_tite_t;

449 5499 594 5553 unde
624 5492 700 5551 tr:
722 5511 757 5551 ιι
790 5495 883 5549 lih.
910 5508 950 5558 ι,
983 5509 1037 5546 ιι.
1064 5493 1121 5558 9,
1155 5492 1223 5547 de
1246 5492 1505 5546 charitate
1524 5493 1754 5561 loquens
1781 5492 1945 5548 dixit:
1967 5493 2044 5548 Tu

449 5570 504 5623 in
528 5568 726 5639 Spiritu
750 5576 928 5621 sancto
948 5563 1198 5620 exsultas.

524 5658 640 5732 (lt)
670 5659 787 5732 llas
801 5657 1040 5732 aliasque
1081 5655 1132 5710 id
1154 5655 1371 5732 generis
1395 5655 1776 5732 similitudines
1816 5672 1860 5732 a_
1875 5656 2040 5732 rebus

450 5727 680 5786 terrenis
724 5729 792 5785 ad
833 5727 1043 5784 divinas
1068 5727 1415 5797 explicandas
1446 5728 1730 5791 traductae,
1761 5729 1862 5782 etsi
1895 5729 2039 5783 haud

450 5815 607 5876 pares
635 5818 755 5857 esse
783 5801 986 5856 ntuuuit
1019 5798 1254 5858 llilarius
1289 5798 1384 5854 lib.
1415 5813 1431 5852 l
1464 5799 1529 5854 dc
1560 5798 1736 5868 'l‘rin.,
1767 5817 1819 5855 ιι.
1857 5800 1924 5856 19
1948 5841 1964 5870 ,
1987 5809 2043 5856 et

2231 3168 2435 3221 ’l'nacr.
2450 3165 2613 3222 lll.—-
2629 3169 2644 3233 (
2658 3167 2710 3240 1)
2726 3168 2902 3222 Prima
2919 3169 3030 3222 hmc
3043 3169 3324 3239 inscriptio
3335 3181 3420 3226 est
3433 3172 3482 3225 in
3499 3187 3620 3226 mss.
3633 3187 3730 3225 nm-

2155 3237 2313 3291 nibus
2340 3250 2534 3308 przetcr
2556 3237 2947 3304 Zennuiauum,
2963 3242 3051 3307 qui
3077 3256 3178 3294 una
3201 3237 3324 3296 eum
3343 3245 3506 3298 editis
3529 3246 3727 3298 alteram

2155 3308 2390 3378 praefert.
2410 3310 2673 3365 Prteclara
2699 3327 2855 3376 porro
2872 3311 3405 3380 marginalisnotatio
3435 3315 3729 3368 litterisma-

2150 3379 2379 3454 insontis
2424 3394 2638 3454 ex:trat:t
2667 3425 2681 3447 ,
2729 3393 2783 3437 et
2814 3382 2937 3436 huic
2964 3379 3232 3454 tractaui
3271 3387 3517 3454 apposita
3551 3387 3600 3439 in
3640 3401 3726 3442 ms.

2153 3453 2310 3506 Rem.
2330 3453 2644 3526 legiturhis
2672 3455 2850 3509 verbis
2873 3467 2929 3526 _:_
2953 3451 3020 3506 In
3049 3451 3233 3509 Natali
3269 3451 3484 3511 Domini
3510 3459 3729 3526 fratribus

2153 3523 2372 3598 legenda
2397 3524 2449 3576 in
2471 3525 2703 3579 cubiculo
2731 3535 2841 3591 post
2864 3523 3218 3579 Diaconorum
3238 3523 3604 3598 ingressionem
3627 3539 3730 3580 ante

2155 3593 2482 3663 Pontiﬁceut.
2523 3598 2617 3650 llic
2649 3611 2812 3666 porro
2841 3597 2891 3651 id
2924 3593 3322 3651 observandum
3357 3601 3596 3664 videtur,
3625 3599 3728 3655 dia-

2152 3681 2412 3741 couorum
2459 3666 2761 3741 I'nissepad
2808 3668 3157 3741 pontificem,
3190 3684 3286 3724 seu
3319 3673 3629 3741 cpisc0pum
3656 3674 3726 3725 in-

2152 3737 2324 3813 gredi,
2355 3737 2604 3806 quotiens
2627 3739 2706 3813 illi
2739 3754 2774 3794 e
2800 3739 3049 3813 cubiculo
3074 3738 3139 3794 ad
3167 3755 3321 3813 sacra
3355 3737 3532 3798 ofticia
3557 3757 3726 3813 proce-

2153 3807 2390 3887 dendum
2416 3818 2566 3887 _erat.
2614 3810 2875 3887 Quotiens
2915 3811 3057 3887 enim
3095 3813 3150 3887 in
3201 3810 3325 3887 aliis
3359 3807 3726 3887 marginalibus

2157 3879 2207 3954 id
2243 3879 2459 3948 generis
2500 3884 2868 3954 potationibus
2904 3883 3123 3936 cubiculi
3154 3884 3359 3939 mentio
3402 3879 3507 3948 lit:
3537 3900 3730 3954 semper

2153 3951 2533 4026 diaconesvel
2578 3954 2805 4024 ingressi
2838 3954 2903 4026 ad
2949 3955 3350 4025 sus«-ipieudum
3397 3951 3726 4026 puutiticeiu,

2154 4024 2236 4076 vel
2263 4038 2293 4077 e
2320 4022 2570 4078 Cubiculo
2601 4022 2722 4079 cum
2749 4024 2940 4080 eodem
2971 4022 3176 4094 egressi
3211 4022 3522 4082 traduntur.
3555 4029 3612 4083 lli
3642 4044 3726 4080 au-

2157 4102 2261 4147 tem
2305 4095 2561 4166 diacones
2605 4097 2676 4152 illi
2724 4112 2845 4152 esse
2899 4097 3155 4151 videntur
3185 4100 3272 4166 qni
3308 4101 3492 4166 plures
3535 4117 3730 4153 unasu-

2153 4167 2261 4239 cris
2292 4165 2460 4220 induti
2492 4168 2730 4223 vestibus
2761 4169 3016 4239 episcopo
3058 4165 3211 4222 saera
3255 4165 3482 4226 facienti
3513 4170 3725 4225 solemni

2154 4237 2610 4311 [administrare
2647 4237 2931 4306 solebant,
2981 4240 3059 4292 uti
3091 4240 3351 4311 discimus
3396 4257 3466 4297 ex
3511 4242 3728 4311 pluribus

2153 4306 2500 4384 Ordinibus}
2537 4311 2785 4384 Martene
2816 4313 2985 4384 editis
3007 4320 3047 4364 t.
3081 4327 3095 4364 ι
3128 4310 3196 4366 de
3227 4313 3414 4384 Antiq.
3448 4306 3593 4368 Eccl.
3625 4316 3727 4376 rit.,

2155 4394 2209 4448 p.
2241 4381 2368 4443 568,
2398 4380 2522 4442 575,
2551 4382 2678 4446 615.
2703 4383 2839 4438 edit.
2870 4382 3042 4436 Paris.

2227 4451 2304 4526 (2)
2328 4452 2602 4526 Christum
2625 4467 2747 4508 esse
2774 4454 3108 4526 principium,
3138 4455 3253 4524 ipse
3277 4455 3348 4510 de
3376 4471 3438 4512 se
3469 4457 3727 4526 perspicue

2073 4498 2128 4558 D
2151 4498 2442 4599 affirmavit
2466 4522 2621 4599 imm.
2654 4498 2914 4599 ιιιιιμίνιῒὲἱἒ
2938 4498 3141 4579 iudicis
3160 4498 3317 4581 'eItim
3347 4498 3726 4599 qtne'reut'ihns,

2151 4592 2232 4669 Tu
2269 4595 2381 4669 quis
2416 4595 2504 4648 es?
2532 4596 2808 4666 respondit
2835 4614 2847 4648 :
2881 4595 3224 4666 Principium,
3254 4601 3341 4664 qui
3367 4592 3414 4654 et
3442 4602 3618 4669 loquor
3652 4616 3729 4651 ro—

2148 4665 2243 4741 bis.
2275 4668 2395 4732 Quo
2436 4669 3205 4741 autemgsensuChristusDei
3233 4670 3406 4726 Filius
3438 4665 3515 4728 sit
3553 4673 3729 4741 princi-

2146 4738 2318 4807 pium.
2356 4738 2591 4805 explicat
2619 4737 2952 4808 Theophilus
2980 4739 3358 4797 Antiochenus
3416 4745 3484 4802 ad
3539 4737 3729 4799 Autoli-

2146 4824 2268 4884 cum
2304 4808 2396 4861 lib.
2425 4808 2580 4884 nubi
2607 4808 2675 4864 de
2702 4810 2886 4884 divino
2911 4809 3090 4867 Verbo
3121 4813 3399 4870 disserens
3425 4857 3441 4884 ,
3486 4816 3616 4879 Hoc,
3652 4819 3723 4869 in-

2145 4882 2284 4954 quit,
2314 4879 2610 4954 appellatur
2641 4883 2974 4952 principium,
2997 4886 3240 4952 quoniam
3273 4879 3550 4954 primatum
3574 4899 3617 4941 et
3644 4888 3725 4940 doc

2146 4949 2392 5029 minatum
2417 4949 2582 5029 habet
2589 4953 2640 5005 in
2669 4949 2860 5029 omnia,
2888 4949 3111 5029 qum—per
3132 4949 3300 5029 ipsum
3327 4960 3580 5029 fabricata
3599 4970 3722 5014 sunt.

2147 5021 2298 5099 Licet
2337 5033 2514 5076 autent
2547 5021 2709 5099 Pater
2736 5021 3057 5099 principium
3095 5021 3283 5099 eadem
3317 5021 3527 5087 ratione
3555 5030 3724 5099 appel-

2151 5093 2245 5147 lari
2276 5103 2471 5160 queat;
2501 5094 2758 5163 peculiari
2792 5093 2969 5151 tamen
3000 5098 3162 5152 modo
3189 5101 3237 5155 id
3267 5100 3470 5158 dicitur
3491 5104 3558 5158 de
3582 5093 3722 5159 Filio.

2149 5171 2412 5243 quatenus
2439 5165 2609 5243 Pilius
2663 5175 2747 5243 est
2784 5167 2915 5221 illud
2959 5170 3183 5243 verbum
3247 5187 3344 5239 per
3379 5176 3525 5243 quod
3569 5173 3724 5227 omnia

2151 5237 2288 5314 facta
2324 5235 2544 5314 speciali
2588 5239 2817 5314 quadam
2870 5242 3079 5314 ratione
3132 5242 3184 5297 in
3227 5235 3525 5314 Script'uris
3565 5243 3723 5314 sacris

2151 5307 2456 5388 traduntur,
2485 5307 2552 5360 de
2582 5323 2690 5388 quo
2722 5308 2874 5388 plura
2905 5310 3124 5388 dissert.
3156 5329 3215 5378 ιι,
3246 5307 3368 5384 αιρῖ
3398 5317 3456 5377 1.
3486 5315 3513 5388 §
3542 5315 3575 5370 4
3603 5324 3652 5368 et
3671 5312 3719 5367 5.

2153 5378 2290 5458 Quin
2323 5381 2438 5432 hzcc
2468 5379 2607 5458 apud
2635 5381 2892 5458 antiquus
2917 5383 3238 5458 Solenniset
3267 5378 3580 5458 pervulgata
3610 5401 3719 5440 sen-

2150 5450 2314 5522 tentia
2346 5450 2722 5522 est_,_principii
2749 5452 2966 5507 nomine
2986 5495 3000 5514 .
3039 5455 3182 5522 quod
3213 5472 3230 5509 ι
3260 5450 3540 5513 διωθεῖν.
3581 5459 3602 5511 1
3633 5471 3720 5511 oe-

2146 5519 2312 5596 citrrit
2341 5559 2356 5580 .
2423 5519 2565 5596 idem
2597 5520 2859 5596 _di}'lttlttl‘t
2894 5519 3126 5596 Verbum
3173 5529 3486 5596 significari.
3517 5529 3626 5583 lmo
3671 5528 3718 5580 in

2147 5586 2288 5662 filio
2317 5605 2414 5662 pro
2443 5591 2496 5644 in
2526 5593 2777 5662 principio
2818 5595 2936 5661 fecit
2967 5593 3107 5651 Deus
3137 5586 3318 5652 calum
3343 5610 3390 5654 et
3429 5611 3635 5661 terram,
3671 5600 3716 5652 in

2149 5659 2387 5735 llebragis
2407 5659 3175 5732 eudicibus'tegi‘aflirmarunt
3200 5685 3308 5725 non
3335 5673 3496 5735 nulli,
3529 5673 3602 5726 uti
3624 5659 3717 5725 re-

2146 5731 2249 5812 fert
2298 5731 2656 5814 Hieronymus
2698 5731 3288 5814 initio___tlebraicarum
3328 5731 3717 5814 qumstionum.

2145 5805 2232 5873 qui
2276 5815 2330 5859 et
2354 5803 2743 5862 Tertullianunt
2776 5803 2827 5862 in
2858 5808 2995 5866 libro
3024 5821 3212 5869 contra
3256 5803 3517 5869 Pro-xeunt
3541 5823 3716 5870 aucto-
