3926 6328
405 339 517 399 815

406 548 570 605 Patre
606 542 831 619 aequalis
854 543 911 599 in
939 542 1221 611 omnibus;
1255 542 1379 613 quia
1423 541 1585 598 Pater
1607 543 1686 615 (9)
1728 544 1779 598 in
1826 547 2001 614 ipsum

409 646 573 703 alium
596 658 655 700 se
684 640 871 712 genuit
899 655 971 695 es
1003 653 1087 706 se,
1119 654 1185 694 ex
1215 636 1524 694 innascibili
1554 637 1761 693 scilicet
1787 653 1884 695 sua
1913 640 2004 695 illa

405 736 706 796 substantia
733 778 747 803 ,
796 734 850 789 in
880 749 984 803 qua
1029 732 1219 788 beatus
1264 746 1487 786 manens
1516 730 1568 786 in
1615 730 2002 803 sempiternum

407 830 805 899 omnibus,qu:e
818 824 1004 892 habet,
1028 823 1318 880 habentem
1343 822 1534 878 Filium
1561 821 1710 893 paria
1739 824 1759 897 (
1770 833 1789 879 rt
1801 823 1857 897 0)
1884 840 2006 895 pro-

407 924 633 989 creavit,
653 922 742 993 qui
771 930 856 977 est
869 920 1011 977 Deus
1036 917 1354 974 benedictus
1371 917 1423 971 in
1438 917 1634 971 Saecula
1658 918 2001 973 szeculorum.

484 1042 562 1116 (8)
594 1040 759 1116 Penes
795 1054 943 1116 quem
986 1044 1109 1102 erat,
1159 1043 1275 1116 ante
1313 1050 1483 1116 quam_
1504 1042 1791 1116 nasceretur
1816 1074 1831 1101 ,
1865 1032 2000 1116 dixit

408 1102 571 1173 etiam
596 1102 853 1177 Hilarius,
886 1110 938 1164 in
967 1125 1017 1164 c.
1050 1123 1179 1163 xm
1206 1102 1335 1177 Mat.
1366 1121 1420 1160 ii.
1453 1107 1506 1161 5.
1533 1102 1867 1160 Contrarium
1892 1107 1999 1160 for-

406 1189 612 1244 mulam
634 1183 821 1240 Ariani
839 1182 1183 1262 usurpabant
1211 1196 1222 1232 :
1254 1176 1376 1233 Non
1405 1178 1525 1262 fuit,
1573 1188 1843 1262 antequam
1878 1195 1999 1262 nasf

409 1267 629 1322 seretur,
656 1270 816 1327 quam
839 1248 1069 1327 Hilarius
1110 1248 1456 1327 impugnans,
1482 1250 1518 1304 l.
1552 1265 1623 1327 xii
1651 1251 1720 1327 de
1738 1248 1912 1327 T_rin.,
1942 1258 2000 1305 ut

410 1346 482 1387 ne
502 1329 643 1385 forte
669 1321 736 1383 es
764 1323 932 1398 priori
954 1321 1221 1388 formula,
1253 1337 1410 1398 quam
1446 1322 1557 1391 ipse
1584 1322 1638 1398 iii
1670 1321 1827 1377 dictis
1854 1336 2001 1398 coui-

408 1399 692 1458 mentariis
717 1392 986 1453 catholico
1015 1410 1176 1451 sensu
1201 1392 1557 1459 adhibuerat,
1587 1396 1637 1448 in
1670 1408 1884 1462 pravam
1906 1392 2000 1448 de-

407 1480 722 1545 torquerent
742 1469 1064 1545 sententiam
1090 1508 1104 1532 ,
1136 1481 1199 1521 ac
1220 1464 1266 1521 si
1292 1462 1725 1545 cogitariﬁposset
1752 1473 1997 1545 tempus,

408 1536 531 1618 quo-
567 1542 747 1618 Filius
780 1538 1023 1618 nonduin
1075 1549 1270 1618 natus,
1308 1552 1489 1618 penes.
1515 1536 1727 1591 Palt‘em
1759 1537 1906 1590 velut
1947 1536 1999 1618 ip

408 1607 591 1673 fadice
612 1611 942 1678 exstitisset,
972 1609 1116 1682 quod
1146 1607 1609 1682 Arianisiavisset
1635 1624 1794 1676 quam
1826 1609 2000 1682 maxi-

410 1703 530 1752 me;
587 1697 834 1740 neutrum
878 1678 1007 1739 dici'
1038 1679 1224 1746 voluit,
1256 1697 1308 1736 ιι.
1360 1681 1452 1747 51,
1508 1678 1703 1742 fuisse.
1763 1679 1847 1733 vel
1893 1693 2002 1734 non

407 1758 578 1815 fuisse
606 1755 801 1813 Filium
835 1770 999 1826 penes
1020 1752 1248 1826 APatt‘etlt
1267 1794 1282 1818 ,
1331 1764 1615 1822 antequam
1636 1760 1960 1826 nasceretur
1986 1793 2000 1816 ,

408 1847 532 1888 cum
565 1839 617 1886 et
653 1829 810 1883 Pater
826 1822 848 1887 ,’
871 1836 925 1880 et
951 1824 1119 1881 Filius
1149 1825 1216 1879 ab
1242 1828 1448 1879 acterna
1490 1826 1559 1878 ita
1602 1822 1764 1877 simul
1806 1826 2003 1878 extite-

406 1870 973 1966 ἷῑᾟίζΐιίιὲἱῖῖὶιιυζ
989 1911 1240 1967 umquam
1264 1897 1380 1951 sine
1413 1895 1567 1951 Patre
1592 1936 1607 1959 ,
1642 1910 1740 1949 nec
1770 1898 1890 1967 sine
1919 1893 2007 1949 Fi-
2036 1870 2084 1931 Β

407 1973 483 2030 lio
519 1965 678 2027 Pater
717 1968 1003 2042 aliquando
1034 1965 1215 2042 fuerit.
1248 1967 1584 2038 Singularem
1635 1981 1793 2042 porro
1833 1965 2009 2022 Zeno-

408 2044 555 2102 niani
590 2043 746 2113 hujus
778 2039 1087 2113 teStiiiionii
1120 2043 1443 2113 sententiam
1473 2039 1819 2113 annotatione
1849 2054 2011 2106 supe-

410 2118 541 2175 riori
567 2109 919 2171 indicavimus
947 2154 960 2176 ,
991 2111 1291 2179 eademque
1323 2109 1491 2165 fusius
1520 2109 1820 2173 exolieatur
1848 2120 2010 2179 atque

411 2189 668 2245 statuitur
700 2186 915 2241 laudata
944 2182 1161 2238 dissert.
1193 2180 1250 2250 2,
1282 2197 1404 2252 cap.
1442 2185 1490 2246 t,
1522 2179 1551 2251 ᾗ
1583 2181 1637 2237 (ἶ.

486 2259 567 2330 (9)
598 2258 664 2312 In
693 2258 861 2330 ipsum
890 2272 985 2327 pro
1016 2256 1064 2307 in
1096 2254 1212 2330 ipso
1230 2250 1638 2330 nonnunquam
1666 2250 1868 2309 dictum
1892 2253 2013 2310 aliis

413 2323 643 2386 aliorum
675 2323 952 2385 auctorum
983 2323 1246 2397 exemplis
1272 2328 1506 2397 probare
1539 2339 1823 2397 possumus
1847 2367 1862 2391 ,
1892 2342 2013 2392 qua:

416 2410 600 2458 tamen
628 2399 986 2472 opportunius
1010 2396 1309 2472 aii'ereutur
1331 2396 1519 2472 adnot.
1544 2396 1600 2462 5,
1642 2396 1885 2472 iii_t_raet.
1922 2397 2009 2461 15,

413 2473 456 2529 l.
498 2490 553 2529 ιι.
587 2466 719 2528 Heic
744 2479 921 2526 autem
963 2470 1195 2540 energim
1227 2484 1416 2524 caussa
1441 2468 1643 2540 dictum
1674 2466 1886 2523 videtur
1907 2509 1920 2533 ,
1956 2482 2012 2525 ut

415 2545 738 2616 significatio
768 2544 838 2597 sit
864 2585 875 2606 ,
904 2538 1147 2616 Patrem,
1178 2554 1299 2616 cum
1329 2539 1512 2616 genuit
1539 2538 1755 2616 Filium,
1775 2541 1844 2595 ob
1866 2555 2012 2596 com-

415 2611 839 2673 municationem
871 2613 1113 2683 ejusdem
1147 2611 1458 2668 substantia:
1490 2627 1548 2667 se
1591 2611 1856 2683 injpsnm
1880 2628 2013 2679 quo-

415 2688 538 2745 dam
573 2688 733 2743 modo
775 2680 1128 2741 traiisl'udissc
1155 2700 1169 2749 ;
1202 2692 1258 2739 et
1300 2683 1371 2738 ita
1403 2684 1623 2754 gignens
1650 2680 1845 2738 Filium
1878 2684 2010 2740 dici-

415 2769 505 2816 tur
536 2760 695 2815 alium
725 2774 778 2813 se
802 2758 1037 2831 genuisse
1064 2772 1126 2810 ex
1170 2771 1223 2809 se
1244 2796 1259 2823 ,
1292 2757 1431 2831 quod
1472 2753 1638 2811 Deum
1682 2753 1744 2831 de
1789 2754 1897 2810 Deo
1922 2771 1988 2831 ge

414 2832 566 2898 nuit,
596 2831 759 2886 solum
803 2826 875 2882 'de
919 2829 1058 2894 solo,
1110 2835 1271 2898 totum
1317 2827 1381 2881 de
1430 2835 1568 2893 toto,
1620 2826 1904 2896 perfectum
1951 2828 2015 2885 de

419 2897 667 2976 perfecto,
698 2912 830 2965 ριν..
855 2910 911 2955 ιιι
934 2900 1075 2976 idem
1101 2897 1245 2953 Zeno
1271 2909 1354 2976 est
1380 2900 1537 2976 paulo
1561 2906 1686 2976 ante
1710 2900 1939 2955 locutus.

459 2969 870 3047 (l'O)Procreare_
884 2986 978 3040 pro
991 2972 1195 3042 gignere
1215 2969 1462 3047 passiina
1478 2969 1687 3047 Latinis
1701 2981 2010 3047 usurpatur.

427 3040 499 3101 Εἰ
527 3040 718 3101 eodem
748 3042 962 3112 quidem
992 3040 1156 3097 sensu
1184 3040 1425 3095 adhiberi
1453 3044 1503 3096 in
1528 3040 1720 3096 litteris
1749 3040 1917 3098 sacris
1947 3045 2012 3098 ad

420 3117 588 3173 divini
617 3115 779 3171 Verbi
819 3113 1218 3185 generationem
1264 3113 1635 3185 explicandam
1681 3112 1864 3169 Patres
1907 3130 2013 3170 non

420 3189 577 3258 pauci
629 3184 1128 3258 animadverterunt
1174 3184 1227 3239 in
1275 3185 1361 3239 illa
1401 3184 1560 3258 Prov.
1592 3199 1681 3253 vut
1703 3226 1717 3249 ,
1746 3185 1817 3237 ‘22
1843 3228 1857 3253 ,
1882 3188 1961 3251 sic
1985 3202 2016 3242 e

1776 335 2023 394 SANCTI
2054 333 2351 394 ZENONIS

406 464 612 519 tatem,
650 452 745 523 qui
769 458 888 508 erat
923 450 1025 523 (8).
1063 458 1349 519 antequam
1380 459 1721 515 nasceretur,
1760 453 1918 526 150
1948 453 2000 508 in
2029 474 2084 533 Α

3617 340 3722 396 395

2639 447 3055 507 TRACTATUS
3092 450 3188 507 IV.

2166 586 2244 642 De
2264 586 2344 660 (l)
2375 586 2585 654 Genesi,
2612 600 2711 643 seu
2738 586 2801 641 de
2822 596 3017 643 icterna
3041 585 3168 643 Filii
3201 587 3297 645 Dei
3325 591 3683 662 generatione.

2182 727 2335 786 Sicut
2373 742 2522 784 sacra
2568 726 2845 798 Scriptura
2901 738 3128 784 testatur
3152 773 3167 795 ,
3199 738 3320 785 erat
3354 738 3481 786 ante
3533 732 3719 787 omnia

2111 836 2338 878 manens
2368 823 2446 892 (‘2)
2482 835 2619 877 unus
2651 832 2707 877 et
2739 819 2884 877 idem
2925 818 3064 877 alter
3091 837 3157 878 ex
3209 823 3505 894 semetipso
3534 824 3588 877 in
3635 838 3731 879 se-

2113 917 2399 986 metipsum
2430 914 2584 989 151
2615 915 2774 981 Deus,
2805 913 2884 988 ('5)
2905 917 3099 981 secreti
3122 915 3205 971 sui
3234 916 3381 973 solus
3424 918 3685 973 conscius
3707 959 3724 984 ,

2113 1034 2347 1089 Arianos
2381 1041 2669 1089 assereret.
2704 1029 2839 1086 Cum
2872 1048 3028 1086 unum
3071 1042 3118 1086 et
3146 1032 3370 1088 alterum
3401 1044 3672 1089 memorat
3704 1077 3721 1102 ,

2108 1105 2399 1161 discrimen
2432 1118 2787 1173 personarum
2806 1103 3047 1175 proiecto
3069 1104 3342 1167 insinuat;
3370 1120 3502 1175 qttzts
3534 1113 3725 1161 tamen

2109 1194 2273 1234 unum
2309 1180 2473 1233 Deum
2522 1192 2645 1233 esse
2686 1178 2818 1233 satis
2842 1176 3066 1241 indicat,
3094 1190 3200 1231 non
3252 1176 3430 1233 solum
3478 1192 3604 1233 cum
3645 1177 3731 1233 ait

2110 1250 2276 1306 Deum
2301 1250 2443 1305 hunc
2466 1264 2588 1305 eSse
2618 1266 2797 1314 unum,
2828 1258 2883 1305 et
2908 1247 3160 1304 eumdem
3187 1251 3327 1305 hunc
3353 1264 3517 1304 unum
3549 1249 3724 1305 simul

2107 1324 2325 1377 alterum
2344 1337 2488 1383 esse.
2511 1322 2655 1392 quod
2681 1321 2839 1378 aliter
2867 1322 3051 1393 nequit
3074 1321 3320 1391 intelligi,
3354 1321 3460 1377 nisi
3483 1321 3731 1393 duplicis

2110 1409 2357 1463 persona:
2396 1411 2499 1449 una
2544 1400 2728 1451 natura
2759 1392 2983 1458 sit;scd
3025 1393 3195 1447 multo
3244 1395 3412 1461 magis
3459 1407 3613 1463 cum,
3633 1392 3731 1449 hic

2109 1462 2245 1521 unus
2276 1466 2525 1533 idemque
2556 1465 2695 1520 alter
2738 1482 2802 1519 ea:
2838 1466 3109 1532 semetipso
3133 1466 3187 1518 in
3215 1464 3548 1534 semetipsum
3576 1462 3732 1518 Deus

2109 1553 2230 1594 esse
2282 1538 2532 1600 traditur,
2564 1538 2654 1606 qui
2697 1537 2948 1593 nimirum
2995 1552 3062 1590 ex
3111 1535 3305 1591 eodem
3352 1535 3465 1593 Deo
3511 1550 3624 1593 uno
3666 1538 3730 1593 iu

2108 1608 2361 1665 eumdem
2411 1608 2579 1663 Deum
2625 1609 2839 1678 genitus
2893 1615 3013 1663 est:
3047 1608 3190 1677 quod
3235 1607 3434 1665 clarius
3483 1608 3734 1677 explicat

2110 1690 2338 1736 tractatu
2371 1683 2614 1750 sequenti
2634 1680 2887 1747 inquiens
2921 1696 2934 1731 :
2970 1678 3196 1734 Ltetatur
3226 1678 3386 1735 Pater
3409 1679 3465 1734 in
3488 1680 3599 1737 alio
3623 1695 3681 1733 se
3710 1721 3729 1745 ,

2107 1769 2255 1824 quem
2284 1753 2454 1823 genuit
2481 1768 2545 1806 ea:
2579 1768 2651 1824 se.
2684 1752 2781 1807 llic
2807 1766 2936 1822 ergo
2961 1752 3097 1805 alius
3118 1751 3348 1824 ipsemet,
3374 1768 3525 1823 quem
3558 1750 3732 1806 Pater

2111 1823 2282 1892 genuit
2320 1841 2387 1879 ea;
2420 1841 2495 1891 se,
2541 1823 2631 1879 ille
2649 1834 2731 1879 est
2786 1840 2917 1877 unus
2964 1840 3024 1876 ac
3074 1823 3208 1877 idem
3255 1824 3385 1878 alter
3427 1839 3493 1878 ea:
3540 1831 3737 1877 semel—

2113 1897 2224 1967 ipso
2258 1897 2309 1952 in
2348 1895 2677 1967 semetipsum
2721 1894 3064 1967 Deus.cujus
3106 1895 3193 1967 hic
3222 1893 3425 1967 mentio
3462 1895 3736 1967 estuﬂuc

2114 1914 2130 1951 i
2171 1914 2224 1952 so
2258 1914 2309 1952 in
2348 1914 2677 1967 semetipsum
2721 1914 2883 1955 ueus.
2909 1914 3064 1964 cuius
3106 1914 3193 1950 nu:
3222 1914 3425 1950 menuo
3462 1914 3574 1950 est.
3612 1914 3736 1951 nuc

2114 1914 2253 2024 igne
2289 1975 2533 2038 spectant
2556 1968 2645 2022 illa
2689 1978 2845 2023 tract.
2874 1966 2910 2021 2
2942 1966 3295 2037 priecedentis
3326 1983 3341 2021 :
3374 1965 3536 2038 Solus
3583 1964 3739 2021 Deus

2115 2050 2189 2095 est
2236 2037 2406 2109 itaque
2452 2039 2781 2110 principium,
2806 2040 2893 2109 qui
2946 2054 3010 2092 ea:
3053 2054 3106 2093 se
3146 2039 3258 2108 ipso
3286 2037 3426 2092 dedit
3473 2037 3578 2092 sibi
3628 2038 3737 2108 ipsi

2115 2114 2450 2182 principium,
2473 2128 2594 2181 quae
2619 2127 2724 2165 non
2751 2123 2856 2165 tam
2881 2110 3120 2166 indicare
3148 2112 3573 2182 possuutlteunt
3604 2124 3739 2165 esse

2114 2181 2203 2238 ens
2227 2201 2259 2238 a
2283 2201 2355 2251 se,
2389 2194 2442 2237 ut
2474 2182 2675 2236 schola:
2723 2183 3035 2252 loquuntur.
3071 2181 3213 2249 quod
3241 2199 3271 2235 a
3304 2181 3453 2237 nullo
3484 2193 3736 2252 externo

2116 2248 2378 2325 principio
2407 2255 2666 2323 originem
2706 2248 2903 2317 ducat;
2932 2253 3030 2309 sed
3075 2248 3237 2311 etiam
3275 2254 3443 2310 Deum
3494 2248 3733 2311 Patrem

2115 2342 2180 2382 ex
2223 2342 2319 2383 sua
2365 2326 2661 2382 substantia
2694 2325 2892 2383 Filium
2932 2325 3342 2396 genuisse,qui
3387 2341 3497 2381 non
3542 2326 3742 2380 minus

2086 2399 2436 2470 ~prl|10lplllttl
2464 2407 2567 2463 est,
2593 2414 2755 2468 quant
2787 2398 2965 2455 Pater.
3002 2397 3470 2470 Praeclaraiporro
3505 2396 3635 2452 haec
3666 2397 3740 2452 de

2115 2467 2398 2527 divinitate
2429 2470 2549 2525 Filii
2586 2467 2844 2525 adversus
2886 2471 3117 2525 Ariaiios
3161 2467 3432 2524 confessio
3457 2478 3547 2523 est
3573 2508 3592 2532 ,
3630 2486 3741 2537 qua

2114 2541 2357 2599 divinum
2386 2541 2618 2597 Verbum
2648 2541 2791 2597 Patri
2814 2545 3040 2613 aequale,
3072 2549 3131 2613 ct
3151 2551 3275 2613 ante
3305 2540 3530 2604 sarcula,
3559 2544 3744 2595 immo

2114 2625 2405 2683 antequam
2436 2614 2727 2683 (prioritate
2752 2611 2959 2673 scilicet
2978 2611 3219 2682 rationis)
3235 2613 3303 2666 de
3324 2614 3567 2668 creando
3596 2613 3744 2666 urbe

2114 2686 2393 2743 decretum
2425 2685 2596 2747 ﬁeret,
2624 2696 2837 2741 secreto
2865 2684 3104 2754 genitum
3137 2685 3439 2739 iisreiiditur
3462 2702 3482 2747 ;
3516 2686 3612 2738 eui
3642 2700 3746 2737 iia—

2118 2758 2311 2813 tivitati
2340 2758 2474 2812 nihil
2500 2755 2667 2812 ol'tlcit
2695 2753 2889 2824 altera,
2920 2771 3080 2826 quam
3108 2755 3285 2811 eidem
3313 2755 3451 2811 Filio
3484 2754 3548 2812 S.
3580 2753 3747 2811 Zeno

2116 2844 2237 2886 cum
2267 2830 2389 2884 aliis
2418 2829 2665 2884 Patribus
2695 2830 2902 2894 tribuit,
2925 2844 3032 2897 qua
3062 2828 3114 2885 iii
3145 2826 3369 2883 decreto
3398 2827 3740 2894 creationis,

2117 2900 2312 2958 iterum
2345 2902 2576 2969 quodam
2608 2899 2768 2955 modo
2812 2900 3046 2969 genitus,
3072 2900 3125 2953 in
3168 2899 3283 2967 ipsn
3316 2898 3546 2955 subinde
3574 2914 3748 2954 crea-

2117 2975 2263 3031 tione
2292 2973 2523 3037 visibilis,
2549 2978 2604 3025 ιιι
2625 2972 2701 3025 illi
2730 2971 2898 3038 aiunt,
2930 2974 3070 3027 loras
3092 2972 3356 3039 processit
3380 2989 3393 3026 :
3416 2972 3485 3026 de
3503 2987 3613 3038 qua
3646 2987 3751 3025 na-

2118 3046 2321 3099 tiviiate
2353 3049 2406 3099 5.
2438 3044 2581 3099 Zeno
2622 3043 2846 3113 periodo
2881 3043 3048 3099 altera
3077 3043 3289 3112 plenius
3318 3043 3560 3109 loquitur
3594 3083 3612 3107 ,
3641 3058 3751 3098 nec

2116 3132 2225 3171 non
2256 3118 2406 3171 initio
2427 3122 2682 3171 tractatus
2699 3120 2992 3186 sequentis,
3016 3126 3069 3170 et
3090 3129 3190 3171 nos
3211 3116 3359 3182 plura
3378 3115 3513 3169 diss.
3534 3117 3593 3180 ὲ,
3624 3116 3747 3171 ed.

2123 3188 2196 3242 lix
2222 3188 2308 3243 bis
2332 3204 2491 3257 porro
2517 3188 2828 3256 intelligitur
2867 3202 3073 3245 sacram
3097 3186 3458 3255 Scripturam,
3478 3203 3609 3257 qua:
3634 3197 3753 3242 tes-

421 3254 613 3317 Crmco
629 3260 834 3315 reddita
863 3276 875 3310 :
905 3256 1156 3329 Dominus
1182 3258 1369 3310 creavit
1395 3254 1683 3329 magnifici
1704 3272 1925 3329 ps,qu
1949 3258 2018 3314 de
2047 3264 2093 3327 C
2130 3263 2224 3314 tari
2255 3254 2502 3322 traditur,
2526 3268 2633 3312 erat
2662 3254 2779 3311 ante
2802 3260 2974 3312 omnia
2997 3274 3207 3312 manens
3222 3254 3376 3324 unus,
3403 3254 3514 3313 etcf.
3534 3298 3549 3321 ,
3589 3271 3652 3312 ut
3676 3259 3752 3313 de

421 3331 607 3388 divino
628 3330 764 3385 Filio
788 3331 989 3402 prplata
1018 3326 1197 3402 plures
1220 3329 1457 3400 volucre.
1487 3328 1670 3402 Itaque
1692 3326 1886 3384 Sensus
1902 3341 2017 3402 est:

422 3402 584 3485 Pater
609 3397 802 3485 genuit:
820 3400 1013 3485 Filium
1030 3397 1295 3485 habentem
1321 3401 1469 3467 paria
1493 3443 1506 3463 ,
1536 3397 1741 3485 seilicet
1763 3401 2021 3485 onptibus,

423 3491 540 3546 qua:
566 3471 680 3546 ipse
711 3473 858 3528 habet
882 3489 900 3541 ;
929 3472 1017 3529 tibi
1044 3471 1433 3546 paria__di_ctum
1464 3482 1567 3546 est
1590 3471 1781 3546 eodem
1806 3471 1977 3546 Δεἶξιιειι
2004 3515 2019 3540 ,

464 3563 530 3601 uo
558 3541 725 3618 Filius
752 3562 851 3618 par
872 3586 884 3609 ,
916 3559 1007 3618 seu
1037 3541 1251 3618 aqualis
1285 3542 1427 3618 l’atri
1470 3544 1682 3618 dicitur.
1718 3541 1863 3618 lleic,
1893 3560 2024 3615 ergo

472 3618 594 3672 ilius
614 3613 798 3672 habere
826 3616 1021 3671 dicitur
1049 3616 1192 3681 paria
1214 3615 1445 3670 omnibus
1471 3655 1487 3677 ,
1516 3630 1631 3685 qua:
1653 3615 1801 3669 liabet
1830 3613 2021 3685 Pater,

426 3689 581 3743 sietiti
616 3689 772 3757 paulo
799 3699 921 3742 ante
944 3686 1117 3757 dictus
1148 3686 1245 3740 [ιιιι
1272 3687 1487 3756 a'qualis
1513 3687 1563 3741 in
1591 3685 1842 3741 omnibus.

500 3755 707 3815 Tum.
743 3756 829 3813 IV.
857 3788 928 3799 —
959 3758 1035 3827 (l)
1063 3755 1158 3811 Hic
1188 3755 1372 3812 titulus
1399 3767 1483 3813 est
1510 3760 1562 3813 in
1594 3760 1845 3814 omnibus
1888 3774 2020 3815 mss.

431 3841 629 3903 praeter
654 3828 783 3903 zen.
815 3829 866 3884 in
901 3845 1006 3903 qi_io
1028 3828 1496 3903 cum_editis_aller
1524 3829 1734 3903 legitur.

501 3902 582 3976 (2)
610 3902 685 3957 Ita
705 3897 1457 3976 in_‘iiiss:’ReIti_.,jl‘oluhVal.
1479 3941 1493 3965 ,
1526 3897 1712 3976 Urbin.
1735 3942 1748 3965 ,
1780 3900 2024 3976 Basilicas

433 3970 572 4030 νηὶ(
605 3983 658 4029 et
705 3973 833 4028 edit.
873 3971 1004 4027 Veii.
1064 3970 1166 4025 Alii
1213 3970 1427 4027 codices
1463 3970 1791 4026 recentiores
1846 3972 1978 4028 Zen.
2007 4013 2023 4040 ,

427 4047 617 4117 Pomp.
650 4055 704 4100 et
734 4045 829 4117 Sp.
874 4059 971 4114 pro
999 4052 1044 4096 et
1064 4042 1217 4117 idem
1244 4043 1373 4097 alter
1403 4042 1644 4117 sei-ibunt
1673 4046 2023 4117 wteriialiter;

431 4135 550 4189 qua!
567 4113 736 4172 lectio
763 4113 940 4189 minus
972 4113 1206 4189 arridet,
1229 4122 1339 4189 tum
1375 4114 1514 4189 quod
1538 4114 1667 4189 inec
1701 4130 1802 4189 vos
1834 4115 2026 4172 Latine

431 4183 539 4245 non
572 4189 727 4244 l'acile
759 4185 1080 4256 reperietur,
1109 4183 1209 4238 1ιὶςὶ
1233 4183 1405 4256 iapiid
1430 4185 1585 4239 valde
1627 4187 1896 4255 sequioris
1923 4189 2023 4242 aevi

429 4262 756 4332 scriptores,
804 4255 912 4313 tum
967 4256 1107 4332 quod
1162 4255 1771 4332 videturredundare,
1804 4275 1897 4328 per
1934 4260 2022 4313 illa

431 4328 574 4387 enim
603 4372 615 4394 ,
645 4340 753 4384 erat
779 4340 895 4384 ante
916 4328 1088 4382 omnia
1114 4343 1323 4382 manens
1350 4370 1364 4393 ,
1393 4330 1439 4382 iil
1473 4331 1645 4398 ipsum
1677 4329 1806 4384 satis
1846 4333 2027 4399 etpri-

433 4406 591 4458 mitur
625 4420 637 4455 :
668 4418 791 4458 cum
819 4400 1114 4469 prscserlim
1156 4416 1217 4454 ea
1245 4400 1448 4456 auctori
1494 4403 1565 4455 sit
1590 4416 1765 4464 mens,
1799 4403 2025 4459 innuere

434 4489 539 4529 non
571 4475 714 4528 illam
746 4473 1061 4529 aiternitatis
1086 4512 1098 4535 ,
1123 4472 1167 4525 si
1197 4472 1377 4527 dicere
1420 4473 1579 4526 liceat
1600 4513 1612 4535 ,
1644 4484 1875 4540 partem,
1903 4491 2024 4541 qiiie

432 4557 558 4601 ante
583 4545 730 4600 orbis
754 4544 1082 4602 creationem
1130 4542 1451 4613 concipitur,
1484 4543 1577 4598 sed
1608 4546 1750 4598 illam
1782 4546 2026 4613 priorita-

434 4630 554 4686 teni,
581 4629 635 4671 ιιι
669 4615 974 4673 scholastici
1002 4617 1293 4689 appellant,
1320 4616 1554 4689 rationis,
1580 4632 1682 4685 qua
1714 4616 1853 4670 licus
1875 4620 2025 4689 prius

434 4693 484 4744 in
519 4709 575 4743 su
614 4689 851 4742 cxi-lens
878 4697 995 4741 ante
1026 4688 1196 4740 omnia
1223 4687 1522 4757 cogitatur,
1546 4704 1704 4758 quam
1735 4687 2024 4758 quidquam

431 4763 501 4817 tle
526 4761 880 4816 creandarum
912 4774 1087 4812 rerum
1120 4768 1306 4812 natura
1339 4758 1406 4813 ab
1435 4770 1640 4813 interno
1669 4758 1987 4814 decerneret
2013 4779 2026 4815 :

431 4839 516 4888 eiii
548 4832 830 4888 sententiae
869 4830 1198 4898 explicandie
1246 4831 1377 4884 satis
1410 4839 1525 4884 erat
1554 4832 1822 4895 innuisse,
1859 4832 2023 4887 Deum

428 4904 595 4959 fuisse
622 4915 748 4957 ante
776 4902 953 4956 omnia
980 4943 993 4965 ,
1024 4918 1085 4953 ac
1108 4901 1403 4967 eitplieassi'
1428 4908 1548 4969 quis
1578 4900 1732 4955 fuerit
1761 4919 1775 4968 ;
1805 4912 2026 4957 a'tei'nu-

433 4976 497 5029 lis
528 4985 706 5028 autem
743 4973 1070 5035 (iurationis,
1104 4989 1222 5039 quin
1250 4970 1316 5024 ad
1363 4986 1661 5026 creaiaruni
1697 4990 1875 5028 rerum
1928 4977 2030 5029 ini-

432 5048 561 5100 tium
612 5046 800 5101 rel’eiri
849 5045 1005 5107 solet,
1059 5042 1369 5096 IllUlllllllS>e
1426 5043 1554 5095 nihil
1605 5044 1882 5099 intererat.
1936 5046 2030 5105 llis

429 5119 566 5172 adde
608 5132 735 5170 mss.
788 5114 1270 5169 ινιειιιηιίδςὶιιιυιιιιιιι
1313 5114 1686 5168 auctoritatem
1715 5156 1728 5182 ,
1754 5133 1873 5185 qiue
1920 5125 2028 5172 tota

430 5195 613 5243 nostra
636 5198 718 5241 est
746 5202 759 5252 ;
785 5195 839 5240 ct
862 5199 1116 5254 praeterea
1147 5186 1319 5255 cogita
1362 5185 1674 5239 credibilius
1706 5193 1872 5243 multo
1902 5204 2023 5245 esse

430 5278 495 5316 ex
541 5270 588 5315 et
638 5259 769 5313 idem
817 5257 947 5311 alter
974 5257 1038 5310 ab
1079 5256 1500 5325 exscriptoribus
1541 5258 1861 5313 sententiam
1917 5277 2021 5316 non

428 5331 843 5402 assequeiitibus
870 5329 1318 5402 scriptumliiisse
1349 5342 1456 5402 uno
1483 5329 1647 5402 verbo
1670 5333 1978 5402 teternah'ter
2005 5374 2020 5401 ,

424 5400 584 5476 quani
619 5417 685 5457 ex
714 5401 1299 5476 tctei'nalitersoriptum
1327 5411 1372 5452 et
1402 5400 1533 5476 idem
1564 5401 1710 5453 alter.
1742 5400 2022 5459 \‘eroneih

424 5468 501 5531 sis
529 5485 706 5530 autem
739 5473 903 5528 editio
937 5472 1081 5525 nullo
1128 5470 1311 5525 codice
1336 5468 1669 5544 sriﬂ'ragaiite
1698 5487 1764 5525 ex
1799 5482 2023 5544 utraque

424 5548 655 5603 lectione
699 5544 899 5614 aliquid
948 5558 1192 5605 Sumens,
1227 5541 1437 5596 tertiim
1486 5543 1788 5612 composuit
1829 5541 2022 5601 sicfet

318 5649 327 5657 ο
420 5620 557 5673 idem
587 5617 911 5672 mternaliter.
950 5614 1027 5669 Ad
1058 5615 1379 5687 si'ntentiaiu
1414 5628 1575 5687 porro
1616 5616 1851 5670 auctoris
1879 5619 2021 5687 quod

422 5700 672 5758 pertinet,
706 5705 838 5742 unus
859 5696 904 5741 ct
928 5687 1060 5741 idem
1092 5686 1220 5758 alter
1240 5701 1302 5738 ea;
1328 5685 1600 5758 sentietipso
1621 5689 1672 5738 in
1695 5685 2019 5756 semetipsum

424 5754 565 5814 Deus
593 5762 794 5815 dixisse
820 5760 1047 5823 videtur,
1074 5768 1125 5811 ut
1161 5757 1373 5810 l'atri-m
1415 5754 1716 5826 Filiumque
1745 5754 1880 5813 duas
1898 5775 2019 5828 pcr-

420 5845 582 5887 sonas
609 5833 912 5907 distinctas,
945 5840 999 5885 et
1035 5836 1199 5886 unum
1234 5828 1584 5884 nihilominus
1626 5830 1788 5885 Deum
1832 5840 2017 5893 contra

2127 3332 2311 3386 divino
2340 3331 2516 3387 Verbo
2546 3332 2684 3397 apud
2711 3332 2877 3384 Deum
2902 3329 3111 3383 Patrem
3145 3342 3396 3384 manente
3408 3329 3480 3383 sit
3506 3344 3707 3384 sei-mo
3730 3371 3747 3399 ,

2125 3419 2248 3460 esse
2275 3402 2633 3458 vel..lo.i.vel
2667 3400 3087 3465 Ecclesiastic.t,
3110 3400 3266 3465 i,vel
3295 3399 3498 3471 aliquid
3531 3402 3749 3456 simile.

2200 3472 2277 3547 (5)
2323 3476 2451 3529 Ιιυίο
2472 3473 2639 3529 Filius
2667 3472 2911 3547 profecto
2952 3474 3211 3547 inutilior,
3240 3489 3422 3547 quem,
3452 3480 3515 3547 ut
3537 3486 3745 3547 aperte

2124 3541 2386 3601 ait-tract.
2409 3547 2444 3601 5
2467 3562 2479 3598 :
2509 3554 2627 3599 ante
2645 3545 2817 3599 omnia
2840 3545 3031 3600 stecula
3054 3541 3241 3599 Parter
3266 3545 3320 3599 in
3340 3544 3608 3613 profundo
3636 3559 3755 3599 snite

2124 3634 2285 3672 sacris
2314 3619 2526 3680 utentis.
2576 3632 2767 3670 arcano
2813 3616 3200 3685 insuspicabili,
3234 3634 3296 3670 ac
3337 3614 3434 3670 sibi
3460 3616 3564 3671 soli
3614 3628 3751 3670 nota

2126 3690 2470 3753 conscientia,
2495 3687 2623 3742 Filii
2664 3705 2765 3743 non
2790 3690 2898 3742 sine
2926 3686 3137 3755 affectu,
3165 3689 3254 3741 sed
3281 3688 3393 3741 sine
3416 3686 3749 3742 revelamiue

2125 3762 2543 3832 amplectebatur.
2576 3759 2818 3814 Notanda
2842 3758 3139 3829 praesertim
3167 3761 3331 3815 verba
3358 3758 3454 3813 sibi
3481 3758 3585 3812 soli
3618 3770 3757 3814 uota

2124 3834 2435 3888 conscientia
2454 3874 2467 3897 ,
2495 3833 2689 3902 quibus
2714 3835 3004 3885 concinnat
3031 3832 3133 3885 alia
3168 3841 3324 3885 tract.
3351 3845 3465 3900 seq.
3504 3848 3668 3884 iinni.
3695 3833 3749 3901 1,

2127 3905 2297 3960 nescio
2324 3921 2427 3975 qna
2451 3921 2545 3958 sua
2574 3904 2881 3958 conscientia
2917 3903 3137 3957 velatum
3155 3943 3170 3968 ,
3215 3912 3272 3958 et
3297 3906 3425 3975 item
3449 3902 3558 3956 alia
3587 3907 3756 3971 ejus-

2128 3977 2249 4032 dem
2282 3974 2435 4046 genui
2453 3978 2496 4029 is
2535 3985 2703 4047 tractu
2724 3976 2777 4042 8,
2812 3975 2901 4029 lib.
2935 3991 3004 4037 ii,
3046 3990 3194 4029 num.
3227 3975 3278 4031 l.
3313 3974 3439 4029 Ilaec
3476 3986 3758 4031 constans

2127 4049 2380 4103 similium
2416 4048 2744 4101 locutionum
2777 4047 3057 4116 repetitio,
3095 4049 3411 4113 quibuscum
3443 4060 3581 4101 sane
3606 4062 3759 4102 con-

2127 4121 2303 4183 venit,
2339 4119 2479 4187 quod
2512 4118 2629 4173 heic
2655 4118 2927 4181 scribitur,
2967 4119 3151 4172 secreti
3186 4120 3266 4172 sui
3290 4118 3435 4171 solus
3456 4120 3714 4173 conscius
3735 4160 3754 4185 ,

2128 4193 2302 4261 palam
2335 4191 2562 4246 suadent
2601 4206 2903 4244 sermonem
2940 4193 3041 4244 lioc
3066 4190 3185 4243 loco
3206 4204 3329 4245 esse
3350 4188 3419 4244 de
3450 4187 3611 4254 Filio,
3650 4192 3757 4261 qui

2127 4260 2156 4317 ἐι
2193 4263 2347 4317 Patre
2381 4265 2431 4316 in
2473 4272 2665 4315 secreto
2685 4303 2699 4328 ,
2736 4276 2828 4315 seu
2861 4261 3120 4334 profundo
3144 4260 3325 4317 cordis
3354 4261 3555 4316 velatus
3579 4301 3592 4323 ,
3625 4260 3757 4317 sola

2126 4335 2224 4389 sibi
2254 4344 2373 4387 nota
2422 4334 2731 4387 conscientia
2779 4334 3191 4402 coquoscebatur.
3238 4344 3528 4403 antequam
3571 4335 3754 4403 quid-

2130 4408 2268 4475 piam
2283 4406 2350 4458 ile
2364 4407 2513 4471 urbe,
2532 4407 2616 4459 cui
2639 4406 3092 4472 inaniles‘iaretur,
3108 4404 3390 4460 condendo
3411 4404 3757 4460 decentes-e-

2128 4486 2233 4531 tur.
2264 4477 2446 4545 Neque
2470 4477 2629 4546 aliain
2660 4476 3093 4532 observatianiii
3134 4476 3758 4546 pncteribiinus,secreo

2128 4557 2235 4601 tuin
2264 4549 2381 4602 heic
2408 4551 2583 4602 Vocari
2631 4550 2800 4618 ipsam
2832 4548 2952 4621 Filii
2993 4550 3396 4619 generationem
3429 4546 3510 4621 (ut.
3553 4550 3751 4621 palam

2134 4622 2323 4691 lletrcx
2350 4631 2503 4674 Irat'l.
2541 4636 2657 4688 seq.
2691 4621 2873 4691 adnot.
2906 4620 3017 4691 l7),
3051 4622 3248 4689 quippe
3268 4636 3389 4689 qua:
3421 4620 3752 4677 hominibus

2053 4671 2107 4732 Ι)
2135 4671 2449 4755 asininis;
2485 4671 2692 4759 soiliq'ne
2718 4671 3751 4757 nea‘..;.tf.'a'nam;istiista;

2131 4778 2240 4833 quo
2271 4764 2391 4817 vide
2417 4763 2598 4817 adnot.
2651 4764 2704 4815 8.
2750 4762 3046 4827 Locutione
3094 4763 3418 4818 Zeiioniana:
3469 4766 3747 4833 persiinili

2132 4835 2222 4889 alii
2251 4850 2465 4903 quoque
2490 4834 2676 4888 Patres
2709 4834 2891 4889 loruii.
2924 4834 3262 4899 Ambrosius,
3293 4835 3385 4889 lib.
3418 4850 3436 4889 ι
3475 4837 3545 4889 de
3574 4834 3745 4900 Fide,

2134 4922 2284 4961 num.
2305 4904 2377 4961 64
2410 4923 2422 4957 :
2460 4904 2590 4959 Mihi
2621 4907 2755 4959 enim
2782 4906 3096 4977 impossibile
3117 4916 3194 4961 est
3218 4907 3567 4977 generationis
3600 4908 3749 4977 seire

2132 4988 2402 5032 secretum.
2436 4977 2753 5032 Prudentius
2784 4976 2836 5030 ίιΙ
2861 4980 3155 5044 ApotheOsi
3175 4976 3405 5032 ArianOs
3433 4976 3751 5047 reprehen-

2134 5050 2270 5104 dens
2301 5065 2312 5100 :
2341 5047 2573 5122 Pergunt
2613 5050 2826 5122 ulterius
2847 5060 3152 5114 scrutantes,
3191 5049 3315 5119 quid
3350 5051 3425 5122 _sit
3452 5051 3624 5118 ipsum
3656 5050 3753 5119 gi-

2133 5137 2380 5190 gnere....
2420 5119 2590 5189 usque
2648 5119 2713 5173 ad
2771 5134 3039 5175 secretam.
3091 5122 3283 5175 Petrus
3328 5119 3740 5191 Clii‘ysolugus.

2126 5206 2287 5246 scrin.
2325 5208 2441 5247 LXI:
2477 5192 2630 5258 Quod
2660 5200 2807 5247 natas
2835 5204 2928 5256 est,
2958 5194 3306 5260 confitendam
3326 5203 3399 5246 est
3430 5207 3450 5245 :
3473 5195 3747 5261 quomodo

2126 5274 2279 5317 natus
2318 5275 2389 5317 est
2412 5306 2426 5323 .
2460 5264 2731 5318 tacendum
2756 5275 2864 5329 est;
2888 5266 3007 5333 quia
3040 5264 3179 5333 quod
3209 5274 3457 5318 “cretum
3476 5276 3580 5328 est,
3606 5265 3744 5318 sciri

2128 5351 2231 5389 non
2270 5344 2450 5406 potest.
2500 5334 2650 5390 Adeo
2679 5350 2808 5389 vero
2838 5337 2995 5405 hujus
3023 5335 3201 5389 secreti
3241 5337 3388 5389 solus
3418 5333 3567 5389 Deus
3594 5350 3745 5390 wu-

2127 5410 2272 5460 scius
2311 5420 2342 5459 a
2383 5408 2594 5462 ceteris
2626 5408 2875 5478 Patribus
2921 5409 3170 5466 traditur.
3216 5417 3273 5461 ut
3304 5421 3483 5476 neque
3520 5409 3746 5478 angelis

2129 5479 2283 5546 plene
2305 5481 2515 5547 Cognita
2539 5479 2702 5532 divini
2729 5475 2887 5532 Verbi
2918 5478 3196 5548 generatio
3223 5475 3555 5532 allirtttetut'.
3586 5475 3745 5535 Grc-

2128 5550 2312 5618 geritis
2331 5548 2719 5614 Nazianzenus,
2751 5564 2891 5605 orat.
2922 5550 3030 5605 ide
3063 5550 3165 5607 Fil.
3193 5568 3207 5603 :
3242 5548 3357 5616 Quo
3382 5560 3559 5604 auum
3578 5552 3750 5606 modo

2163 5622 2327 5674 cuiius
2352 5622 2447 5683 sit,
2476 5637 2537 5674 ne
2558 5621 2684 5686 ipsis
2715 5623 2920 5689 quidem
2970 5624 3189 5693 angelis,
3222 5622 3413 5677 nedum
3452 5622 3546 5676 tibi
3576 5625 3747 5678 intel-

2151 5692 2287 5761 igere
2316 5693 2667 5746 concesserint.
2714 5694 2772 5748 ὃ.
2816 5692 3160 5761 Ambrosius,
3196 5693 3289 5747 lib.
3325 5710 3338 5746 I
3400 5694 3470 5749 de
3492 5693 3634 5748 Fide
3680 5711 3743 5748 ιι.

2129 5764 2219 5826 6i,
2253 5779 2423 5836 nuper
2454 5763 2682 5819 laudatis
2712 5768 2889 5819 verbis
2920 5770 3036 5820 haec
3062 5766 3278 5836 subjicit
3310 5781 3322 5817 :
3358 5764 3508 5822 Mens
3535 5765 3745 5832 delicis,

2127 5847 2224 5915 vos
2252 5835 2386 5902 silet,
2414 5851 2514 5890 non
2544 5851 2655 5892 mea
2700 5846 2920 5907 tantum,
2964 5837 3056 5893 sed
3097 5850 3143 5892 et
3164 5835 3486 5907 angelorum
3555 5836 3747 5905 δεμ-ο
