3838 6322
86 316 182 375 4011

1266 305 1471 365 LIBER
1509 305 1572 365 11.
1615 303 2033 365 TBACTATUS
2070 306 2161 365 Vl.

3260 306 3369 367 100

86 431 195 501 ejus
232 437 323 487 est
366 430 617 501 deputata
660 425 818 493 rebus
865 422 1169 495 dispositis,
1219 436 1327 478 non
1371 421 1504 487 Deo,
1549 434 1657 476 non
1689 425 1733 485 Α
1763 419 2051 487 Joannem,
2096 420 2214 489 ipso
2253 419 2469 476 dicente
2502 438 2515 475 :
2547 417 2783 491 Regnum
2833 433 3001 474 nisum
3040 434 3143 475 non
3186 430 3260 475 est
3298 419 3367 476 de

86 523 411 595 sempiterno
456 520 668 583 rectori,
719 518 954 573 maxime
998 530 1121 572 cum
1164 516 1216 570 in
1250 512 1546 584 Evangelia
1581 512 1665 568 sic

87 616 282 674 dicatur
314 632 331 671 :
357 614 519 669 Dabit
546 613 626 668 illi
658 610 907 667 Dominus
936 606 1078 664 Deus
1104 607 1342 663 thronum
1369 604 1540 660 Dauid
1571 620 1667 676 pa-

87 714 172 767 tris
189 710 285 775 sui,
330 718 378 766 et
403 708 627 780 regnabit
653 723 810 778 super
845 705 1055 760 domum
1083 702 1251 759 Iacob
1280 704 1333 758 in
1359 702 1571 770 secula,
1616 710 1667 758 et

86 805 219 877 regni
240 804 352 873 ejus
390 818 493 857 non
533 801 629 856 erit
655 799 776 869 ﬁnis
816 796 989 870 (Luc.
1030 812 1073 862 ι,
1123 796 1194 854 52
1224 796 1265 867 ).
1310 795 1564 853 Salomon
1608 794 1667 851 in

87 897 335 967 sapientia
376 894 626 950 similiter
651 892 806 959 dicit,
842 905 965 946 cum
992 890 1061 946 de
1088 890 1210 960 ejus
1245 890 1404 962 ια)
1430 890 1666 961 loquitur

87 991 246 1047 servis
273 986 377 1043 :Et
396 989 441 1043 si
458 1002 633 1042 coram
655 984 950 1040 hominibus
981 993 1231 1037 tormenta
1260 985 1398 1052 passi
1426 983 1541 1055 (11)
1554 986 1668 1053 fite-

88 1090 214 1145 runt,
235 1094 351 1151 spes
377 1094 558 1132 eorum
596 1076 982 1132 immortalitate
1006 1077 1162 1147 plena
1198 1086 1309 1141 est;
1337 1085 1385 1129 et
1409 1076 1462 1130 in
1488 1075 1671 1145 paucis

88 1176 259 1242 vexati,
288 1175 344 1228 in
367 1174 543 1228 multis
570 1172 695 1228 bene
717 1172 1095 1242 disponentur;
1123 1171 1370 1240 quoniam
1394 1166 1535 1224 Deus
1556 1181 1669 1225 ten-

88 1270 200 1324 tavit
223 1269 362 1335 illos,
387 1276 435 1322 et
465 1267 656 1322 inuenit
682 1265 803 1322 illos
840 1265 1025 1336 dignos
1063 1280 1136 1320 se.
1168 1262 1437 1336 Tanquam
1477 1280 1669 1319 aurum

88 1365 135 1419 in
175 1367 382 1434 fornace
408 1360 644 1434 probavit
671 1360 811 1426 illos,
845 1368 891 1413 et
917 1359 1071 1430 quasi
1100 1360 1545 1414 holocaustomata
1579 1374 1670 1412 ac-

89 1458 208 1524 cepit
232 1456 375 1522 illos,
405 1464 451 1509 et
477 1456 531 1510 in
570 1464 798 1522 tenipore
837 1453 933 1506 erit
962 1462 1220 1523 respectus
1249 1453 1481 1506 illorum.
1512 1450 1673 1506 ludi-

86 1552 257 1607 cabuttt
300 1550 556 1617 nationes,
586 1557 635 1606 et
669 1547 1074 1603 dominabuntur
1097 1546 1323 1617 populis,
1367 1555 1412 1600 et
1442 1547 1672 1618 regnabit

88 1646 327 1701 Dominus
380 1644 593 1700 illorum
645 1644 700 1696 in
754 1651 1055 1714 perpetuum
1095 1641 1251 1713 (Sap.
1272 1657 1352 1706 ιιι,
1379 1640 1485 1696 iet
1510 1639 1666 1712 seq.).

85 1743 211 1811 Quid
239 1741 341 1798 hoc
368 1744 485 1797 est?
511 1740 568 1796 Si
596 1739 652 1795 in
684 1748 999 1809 perpetuum
1032 1746 1254 1809 regnat,
1292 1736 1492 1792 Paulus
1512 1751 1669 1793 erra-

1768 517 1864 570 ltoe
1888 517 2084 569 mundo
2111 512 2236 587 (lo.
2264 530 2420 580 xvin,
2451 514 2523 570 56
2540 515 2584 586 ).
2608 514 2867 585 Apertius
2887 526 3065 571 autem
3099 516 3203 570 hoc
3223 515 3373 570 Pau-

1768 608 1855 666 lus
1878 608 2150 680 expressit
2172 607 2361 664 dicens
2386 626 2399 662 :
2428 607 2541 663 Hoc
2559 609 2700 664 enim
2724 610 2859 664 scire
2881 609 3093 677 debetis,
3114 610 3362 679 quoniam

1769 705 1935 758 omnis
1966 702 2293 775 fornicarius,
2324 712 2416 757 aut
2435 703 2753 772 impudicus,
2781 712 2872 757 aut
2901 702 3199 772 fraudator,
3226 702 3367 773 quod

1769 811 1842 857 est
1889 799 2145 854 idolorum
2192 798 2429 863 seruitus,
2459 815 2561 852 non
2585 797 2704 870 (19)
2742 796 2893 852 habet
2924 797 3274 853 hmeditotem
3314 797 3371 852 in

1769 912 1927 969 regno
1952 893 2053 950 Dei
2076 906 2122 950 et
2144 894 2336 949 Christi
2384 892 2618 965 (Ephes.
2646 909 2701 961 ν,
2739 891 2774 947 5
2799 893 2843 965 ),
2872 893 3170 950 ostendens
3196 906 3368 948 unum

1770 1007 1892 1048 esse
1921 1005 2144 1061 regnum
2173 988 2344 1044 Patris
2373 998 2427 1043 et
2457 986 2598 1042 Filii.

1844 1084 1932 1139 IV.
1959 1083 2125 1138 Recte
2156 1083 2316 1152 igitur
2336 1080 2482 1136 Patri
2505 1079 2681 1134 tradet
2704 1079 3056 1150 regnum,qui
3079 1078 3219 1134 dixit
3241 1078 3361 1149 (20)

1771 1178 1825 1233 in
1849 1176 2068 1231 monitis
2096 1189 2322 1245 regnum
2349 1187 2453 1228 non
2485 1183 2631 1228 stare
2658 1170 2898 1226 divisum
2946 1170 2965 1243 (
2994 1169 3125 1225 an.
3159 1187 3234 1237 xi,
3272 1172 3368 1238 17,

1773 1273 1840 1328 18
1869 1270 1911 1345 ).
1940 1269 2095 1328 Unde
2125 1285 2232 1325 non
2258 1270 2337 1324 sic
2373 1266 2717 1324 sentiendum
2741 1276 2845 1333 est,
2878 1268 3093 1332 fratres,
3117 1276 3177 1322 ut
3204 1267 3368 1322 Pater

1771 1373 2091 1435 accepturus
2135 1364 2222 1430 sit,
2275 1362 2418 1432 quod
2459 1376 2566 1417 non
2611 1361 2885 1429 habuerit,
2927 1367 3023 1415 aut.
3050 1359 3217 1416 Filius
3257 1370 3371 1414 tra-

1771 1458 1974 1524 dendo,
1997 1458 2147 1530 quod
2179 1456 2299 1529 (2i)
2339 1455 2555 1523 habeat,
2580 1455 2889 1527 perditurus
2911 1470 2926 1520 ;
2948 1468 3071 1510 cum
3105 1461 3161 1509 et
3185 1452 3370 1519 Pater,

1772 1550 1915 1623 quod
1928 1559 2247 1622 accepturus
2261 1560 2341 1605 est
2352 1591 2367 1616 ,
2383 1548 2611 1615 habeat;
2636 1546 2870 1603 etFilius
2888 1562 2996 1602 non
3010 1553 3212 1614 careat,
3226 1545 3372 1617 quod

1772 1645 2220 1702 daturus.’l‘otum
2234 1645 2413 1709 Pater,
2437 1652 2605 1700 totum
2622 1642 2861 1715 possidet
2877 1642 3067 1708 Filius;
3085 1640 3243 1697 unius
3262 1649 3368 1703 est.

1785 1737 1929 1809 quod
1959 1737 2242 1793 amborum
2274 1746 2381 1806 est,
2409 1735 2552 1807 quod
2576 1751 2717 1791 unus
2748 1735 3010 1807 possidet,
3039 1734 3374 1804 singulorum

87 1838 186 1902 vit;
210 1834 255 1891 si
283 1831 574 1890 traditurus
600 1840 684 1887 est
705 1846 952 1902 regnum,
983 1831 1072 1886 isti
1101 1831 1454 1886 mentiuntur.
1487 1830 1661 1886 Absit.
1698 1839 1745 1900 Β
1776 1831 1893 1904 (2‘2)
1924 1831 2267 1898 est,l)ouiino
2292 1829 2638 1900 ipsodicente
2662 1847 2674 1881 :
2698 1828 2889 1883 Omnia
2916 1843 3244 1899 quacumque
3270 1829 3372 1880 Im-

84 1928 257 1984 Nallus
283 1927 372 1982 hic
409 1940 584 1992 error,
620 1924 907 1981 diversitas
968 1922 1113 1979 nulla
1148 1930 1252 1978 est.
1286 1921 1485 1977 Paulus
1520 1922 1667 1977 enim

84 2021 145 2076 de
186 2018 417 2075 hominis
453 2018 713 2087 assumpti
758 2014 1038 2086 temporali
1090 2015 1301 2070 locutus
1347 2024 1432 2069 est
1475 2028 1669 2084 regno,

90 2113 231 2187 ιθι
253 2114 306 2168 in
335 2127 441 2183 quo
460 2121 720 2166 venturus
740 2120 795 2165 et
810 2109 1149 2179 judicaturus
1179 2116 1262 2162 est
1280 2107 1428 2162 vivos
1445 2115 1499 2162 et
1523 2121 1666 2161 mor-

90 2217 198 2261 tuos
227 2204 300 2277 (ll
317 2205 450 2260 Tini.
468 2218 549 2271 tv,
566 2202 648 2274 1),
671 2202 814 2260 sicut
825 2199 989 2257 lectio
1003 2200 1259 2256 universa
1278 2207 1525 2266 testatur,
1544 2212 1667 2269 qua

87 2297 328 2369 prmdicat
343 2298 614 2354 Christum
632 2305 885 2367 oportere
911 2309 1137 2365 regnare
1158 2308 1283 2349 cum
1302 2294 1503 2349 sanctis
1527 2293 1660 2363 suis,

86 2395 246 2449 donec
272 2390 386 2465 (l5)
412 2390 688 2448 evacuatis
718 2390 864 2444 omni
895 2388 1201 2459 piiocipatu
1227 2397 1282 2443 et
1315 2394 1582 2459 potestate
1611 2393 1668 2443 et

86 2486 269 2541 virtute
293 2493 349 2541 et
375 2484 770 2549 dominatione,
802 2491 1070 2553 ponantur
1093 2496 1285 2536 omnes
1315 2480 1517 2535 inimici
1543 2480 1666 2550 ejus

85 2578 178 2633 sub
230 2576 449 2649 pedibus
502 2577 644 2646 ejus,
698 2574 1023 2645 inimicaque
1071 2572 1384 2627 destruatur
1427 2587 1572 2627 mors
1602 2571 1665 2643 (1

86 2674 194 2728 Cor.
225 2690 308 2739 xv,
338 2673 405 2728 2-1
455 2671 588 2744 seq.)
636 2668 751 2743 (16)
783 2670 845 2724 lii
894 2680 1073 2723 autem
1094 2668 1159 2724 ad
1185 2666 1532 2738 principalem
1557 2667 1661 2721 vim

86 2769 393 2831 retulerunt,
420 2767 471 2821 in
500 2764 656 2836 cujus
680 2763 1038 2834 perpetuitate
1059 2776 1412 2818 commoneas
1433 2761 1485 2816 in
1509 2769 1667 2816 aiter-

88 2874 232 2925 num,
250 2873 277 2911 a
293 2856 632 2929 Patrelt‘ilius
650 2871 873 2926 regnum
897 2858 1016 2921 nec(
1030 2862 1046 2910 l
1059 2855 1332 2926 7)accepit
1351 2855 1663 2924 aliquando,

88 2966 177 3006 nec
193 2951 389 3024 posuit;
406 2964 621 3020 semper
649 2946 791 3005 enim
815 2962 935 3002 cum
967 2949 1085 3019 ipso
1111 2947 1375 3040 regnavit,
1402 2948 1514 3022 (18)
1546 2958 1666 3005 cata

1771 1927 1851 1981 bet
1875 1924 2033 1998 ιω
2064 1922 2240 1989 Pater,
2270 1925 2560 1994 measnnt(
2579 1920 2739 1977 loan.
2765 1936 2876 1989 xvr,
2903 1920 3023 1992 15);
3053 1929 3110 1977 et
3128 1920 3325 1975 iterum
3350 1937 3365 1974 :
3412 1938 3415 1941 λ

1777 2019 1952 2083 Pater,
1986 2018 2161 2072 omnia
2191 2032 2303 2070 mea
2329 2026 2417 2071 tua
2441 2025 2580 2080 sunt,
2609 2025 2657 2071 et
2691 2025 2781 2070 tua
2810 2015 2982 2070 omnia
3010 2030 3124 2069 mea
3167 2015 3350 2083 (Ionii.

1770 2128 1901 2179 xvn,
1931 2112 2007 2167 20
2035 2112 2089 2183 );
2139 2113 2261 2182 quia
2308 2111 2466 2167 Pater
2502 2110 2555 2165 in
2588 2109 2749 2177 Filio,
2789 2117 2846 2165 et
2887 2108 3056 2164 Filius
3094 2117 3277 2163 manet
3316 2107 3371 2161 in

1770 2205 1951 2271 Patre,
1983 2206 2069 2261 cui
2114 2205 2333 2271 παραυ,
2378 2219 2487 2259 non
2534 2203 2883 2271 conditione,
2922 2200 3221 2267 claritate,
3261 2215 3375 2256 non

1773 2299 2120 2367 necessitate,
2145 2298 2343 2354 decore
2374 2298 2819 2369 (23jsubjicitur,
2868 2312 2964 2368 per
3008 2312 3167 2368 quem
3210 2296 3371 2354 Pater

1772 2409 1990 2465 semper
2042 2393 2358 2449 honoratur.
2417 2394 2659 2464 Denique
2701 2393 2874 2463 inquit
2905 2409 2919 2447 :
2948 2391 3063 2464 Ego
3110 2402 3156 2449 et
3209 2391 3373 2449 Pater

1776 2503 1933 2541 unum
1963 2485 2172 2556 suinus(
2201 2483 2286 2538 Id.
2320 2501 2373 2553 x,
2402 2485 2470 2539 '50
2500 2486 2539 2556 ).
2563 2483 2721 2541 Unde
2751 2501 2857 2539 non
2888 2484 3230 2546 diminutiva.
3270 2484 3371 2541 sed

1777 2580 2053 2651 religiosa,
2082 2587 2139 2632 ut
2164 2576 2299 2642 dixi,
2334 2577 2668 2647 sulijectione
2689 2586 2775 2633 est
2803 2576 2973 2633 Filius
2990 2577 3133 2634 Patri
3157 2579 3373 2649 subjec-

1772 2678 1891 2737 tus;
1933 2686 2054 2726 cum
2087 2686 2196 2740 quo
2222 2670 2501 2741 originalis
2530 2671 2882 2741 perpetuique
2911 2671 3061 2742 regni
3093 2686 3200 2726 una
3236 2686 3370 2743 pos-

1771 2766 1964 2831 sessio,
1994 2765 2385 2822 eoaeternitatis
2422 2765 2940 2836 omnipotentiaeque
2972 2778 3077 2819 una
3105 2765 3365 2821 substan-

1772 2861 1974 2922 tia,una
1998 2856 2115 2932 (Ἠ)
2133 2859 2546 2928 aequalitasmna
2577 2859 2747 2914 virtus
2774 2857 3072 2929 majestatis
3099 2869 3366 2932 augustee,

1774 2951 1890 3027 (25)
1919 2954 2079 3008 unico
2109 2952 2162 3007 in
2200 2952 2403 3009 lumine
2429 2970 2535 3008 una
2557 2953 2790 3026 dignitas
2821 2955 3115 3021 retinetur;
3168 2956 3212 3011 si
3243 2954 3376 3027 quid

89 3134 151 3191 ad
180 3131 374 3191 Christi
405 3148 629 3204 regnum
658 3129 918 3204 accedere
948 3130 1169 3204 poterit,
1202 3129 1353 3204 idem
1381 3145 1663 3187 servorum
1689 3134 1735 3197 C
1771 3132 1996 3197 Veron..
2042 3136 2173 3190 κατά
2219 3137 2420 3191 Λούκαν
2448 3133 2654 3193 Graecis
2692 3135 2887 3191 litteris
2916 3135 3122 3191 editum
3151 3146 3255 3193 est.
3301 3140 3371 3196 At

92 3220 301 3263 suorum
339 3202 559 3276 regnum
596 3205 707 3275 jam
733 3203 1059 3276 completum
1091 3202 1335 3276 Christus
1362 3204 1541 3276 tradet
1565 3205 1664 3258 Pa-

95 3281 177 3342 tri.
197 3293 229 3330 ει
254 3292 359 3348 quo
380 3273 705 3348 perpetuum
725 3289 959 3348 regnum
978 3273 1051 3327 illi
1074 3275 1389 3348 suscipient.
1419 3275 1667 3331 Christus

1770 3206 2090 3261 Sirmondus
2124 3208 2173 3260 in
2204 3215 2479 3278 praecepto
2505 3207 2763 3277 Stephani
2796 3206 2840 3262 ll
2866 3206 2932 3261 de
2967 3207 3217 3275 hospitali
3255 3208 3368 3265 Ro-

1772 3292 1950 3349 mano,
1984 3286 2116 3333 tom.
2146 3294 2182 3332 ιι
2211 3276 2422 3334 Concil.
2452 3277 2570 3334 Gal.
2612 3276 2734 3349 pag.
2761 3281 2849 3342 58,
2882 3288 2997 3333 cata
3026 3278 3180 3333 Galla
3207 3283 3373 3342 patri-

96 3346 283 3414 autem,
310 3346 397 3419 qui
440 3346 492 3403 ut
530 3347 628 3403 Dei
667 3346 839 3401 Filius
860 3347 917 3399 in
946 3346 1120 3419 Patris
1151 3347 1487 3419 perpetuitate
1527 3363 1667 3400 com-
1769 3350 1851 3402 eia
1878 3348 2087 3403 Latinis
2137 3351 2330 3405 litteris
2375 3349 2566 3413 edidit,
2620 3346 2965 3404 'et'similitcr
3003 3350 3214 3405 illorum
3253 3363 3372 3408 cata

97 3437 312 3483 araneus.
329 3416 569 3492 'regnunt
605 3435 699 3492 nec
727 3420 921 3492 accepit
942 3416 1242 3492 aliquando,
1269 3432 1368 3492 nec
1391 3420 1583 3492 posuit,
1613 3420 1667 3473 iu

100 3494 198 3548 illis
223 3488 473 3562 perpetuo
497 3491 765 3559 regnabit,
793 3501 850 3544 ut
879 3488 1089 3544 duobus
1119 3488 1408 3562 Evangelii
1427 3499 1480 3544 et
1516 3490 1671 3545 Salo-

102 3559 265 3619 monis
305 3562 625 3619 testimoviiis
667 3564 1018 3631 exprimitur;
1059 3576 1125 3617 ac
1166 3560 1240 3614 ita
1288 3559 1503 3615 tandem
1546 3576 1671 3618 cum

102 3635 244 3690 Pauli
283 3650 431 3692 mens
477 3638 654 3705 palam
682 3637 881 3700 claret,
921 3646 1033 3691 tum
1065 3646 1331 3707 apparens
1372 3634 1524 3688 istius
1548 3647 1671 3689 cum

104 3708 207 3762 illis
248 3709 596 3764 contradictio
641 3708 940 3774 evanescit,
989 3706 1110 3762 cum
1163 3706 1252 3763 hic
1280 3707 1348 3759 de
1392 3707 1675 3777 temporali

104 3778 305 3835 Christi.
326 3796 511 3851 regno,
543 3781 623 3836 illi
653 3796 830 3836 autem
860 3781 929 3835 de
953 3791 1160 3834 a~terno
1182 3821 1197 3845 ,
1228 3779 1368 3850 quod
1403 3779 1565 3851 priori
1597 3780 1673 3834 illi

105 3862 217 3921 post
234 3850 485 3921 judicium
512 3856 792 3923 completo
816 3851 1089 3916 succedet,
1119 3851 1417 3922 accipiendi
1446 3850 1575 3906 sint.

173 3924 281 3995 (is)
303 3924 398 3980 Ils.
430 3925 622 3995 Pomp.
642 3936 693 3979 et
722 3925 851 3995 edit.
875 3924 1029 3986 Ven"
1063 3925 1271 3991 fuerint,
1312 3937 1411 3977 nec
1442 3937 1549 3995 non
1578 3924 1676 3976 im-

108 3994 416 4052 mortalitatis
437 4013 535 4068 pro
564 3994 970 4052 immortalitate.
998 3995 1130 4068 Dein
1163 4011 1258 4068 pro
1280 4005 1327 4048 et
1354 3994 1499 4063 quasi
1533 3996 1682 4048 holo-

108 4080 407 4124 caustontata
434 4066 568 4125 edit.
601 4068 735 4124 Ven.
768 4077 816 4121 et
839 4080 1082 4137 tanquam
1107 4066 1566 4137 holocaustoniata.
1602 4068 1679 4121 Ex

113 4140 207 4195 hac
232 4142 355 4196 edit.
394 4150 452 4197 et
489 4156 555 4197 es
605 4154 737 4195 mss.
781 4136 975 4209 Pomp.
1023 4150 1087 4192 ac
1125 4136 1255 4192 Zeti.
1292 4137 1609 4208 particulam
1634 4146 1685 4192 et

112 4212 478 4282 supplevimus.

182 4303 285 4380 (t5)
331 4306 634 4380 Legebatur
658 4306 867 4380 vocatis.
901 4303 1250 4380 correximus
1278 4318 1341 4359 ex
1372 4304 1491 4360 loco
1523 4304 1684 4380 epist.

115 4375 213 4431 lad
233 4376 349 4433 Cor.
380 4375 498 4449 cap.
531 4392 627 4442 xv,
654 4394 703 4431 v.
737 4379 829 4439 24,
867 4377 1006 4432 unde
1034 4375 1148 4431 lucc
1177 4384 1385 4444 sumpta
1419 4387 1561 4443 sunt,
1598 4376 1686 4431 ubi

121 4450 295 4519 legitur
321 4468 334 4505 :
364 4450 837 4529 Cuutevacnaverit
878 4463 1078 4529 omnem
1127 4449 1493 4529 prinfipatitni_
1518 4458 1688 4529 etpo-

1772 3435 2007 3474 normam
2028 3420 2218 3475 Latine
2239 3422 2449 3490 scripsit
2476 3423 2899 3476 sanctimonialis
2924 3421 3374 3479 Heidenlieimen-

1773 3492 1869 3558 sis,
1898 3492 1951 3546 in
1988 3492 2328 3563 llodeporico
2347 3492 2705 3557 S.Wilibaldi,
2736 3494 2872 3562 apud
2903 3491 3201 3561 Canisium,
3235 3506 3367 3551 tom.

1776 3579 1826 3618 tv
1852 3564 2035 3636 Autiq.
2069 3562 2217 3636 Leot.
2253 3578 2372 3635 pag,
2402 3564 2528 3633 δη,
2562 3562 2692 3619 edit.
2728 3563 3189 3636 lngolstadiensis.

1852 3633 1968 3703 (l9)
1994 3633 2090 3690 Ms.
2126 3633 2341 3706 Ponip.,
2371 3636 2574 3690 habent.

1848 3707 1966 3780 (20)
1996 3708 2150 3764 Sicut
2172 3705 2327 3781 ωσι.
2360 3712 2392 3761 4
2419 3709 2534 3773 ,ΙίΙι.
2568 3725 2604 3771 ι,
2626 3722 2774 3781 num.
2793 3709 2847 3774 5,
2868 3707 2925 3764 S.
2952 3705 3100 3763 Zeno
3127 3708 3370 3781 scripsit,

1778 3783 1830 3834 in
1862 3781 2130 3849 pra'ceptis
2162 3780 2414 3835 Dominus
2439 3782 2511 3836 ait
2532 3822 2546 3845 ,
2593 3783 2663 3835 ita
2690 3780 2810 3835 heic
2834 3781 2887 3834 in
2915 3781 3137 3835 monitis.
3169 3780 3377 3837 Simili-

1782 3862 1862 3908 ter
1902 3856 1959 3907 S.
2004 3852 2113 3907 Leo
2159 3868 2322 3908 serm.
2371 3853 2425 3909 9.
2483 3854 2550 3908 de
2612 3851 2882 3918 Quzidrag.
2915 3866 2963 3907 c.
3018 3850 3374 3907 lzDominus

1782 3867 1862 3908 ter
1902 3867 1959 3907 δ.
2004 3867 2113 3907 Leo
2159 3868 2322 3908 serm.
2371 3867 2425 3909 υ.
2483 3867 2550 3908 ae
2612 3867 2827 3918 Quaara
2870 3893 2882 3905 .
2915 3867 2963 3907 c.
3018 3867 3041 3907 ι
3073 3871 3087 3907 :
3116 3867 3374 3907 Dominus

1781 3925 1915 3997 enim
1944 3925 2015 3997 in,
2041 3923 2481 3997 exhortationibus
2522 3925 2629 3979 suis
2656 3923 2807 3979 dixit.
2832 3867 2939 3979 ﬁlis
2968 3931 3096 3997 ergo
3123 3923 3379 3980 formulis

1784 3995 2077 4065 Evangelia
2108 3996 2428 4067 quandoque
2453 3998 2771 4067 allegantur.

1858 4088 1971 4162 (21)
2002 4088 2056 4143 In
2086 4089 2242 4162 editis
2268 4104 2548 4162 perperam
2573 4106 2675 4144 non
2703 4089 2923 4156 habent;
2950 4089 3287 4146 correximus
3312 4103 3382 4145 ex

1786 4160 1915 4216 mss.
1940 4160 2128 4231 Pomp.
2158 4160 2255 4229 Sp.
2288 4172 2339 4215 et
2361 4160 2490 4215 Zen.

1862 4231 1976 4304 (ὶῖ)
2015 4232 2103 4304 list
2131 4248 2159 4286 a
2191 4232 2508 4303 quibusdam
2543 4244 2672 4287 mss.
2704 4231 2876 4288 abest.

1863 4303 1976 4375 (23)
1996 4303 2308 4377 iSubjicitur,
2340 4304 2655 4377 inquit,non_
2680 4304 2990 4377 conditione,
3021 4304 3072 4361 id
3095 4314 3177 4377 est
3216 4303 3391 4360 servi-

1792 4385 1905 4431 tute
1932 4376 2008 4447 (id
2060 4375 2204 4430 enim
2247 4377 2471 4430 conditio
2502 4375 2658 4447 apud
2703 4375 2977 4431 Zeuouetn
3009 4375 3296 4445 signiﬁcat,
3326 4383 3390 4431 ut

1796 4446 1979 4522 videre
2023 4456 2195 4503 estex
2226 4446 2411 4522 adnut.
2446 4446 2517 4522 25
2543 4447 2594 4522 in
2628 4456 2784 4501 tract.
2816 4448 2905 4522 to,
2935 4447 3113 4522 lib.t)
3143 4465 3261 4522 quae
3294 4463 3390 4504 ue-

120 4516 326 4576 tes'mtem
354 4530 399 4578 et
454 4523 714 4597 eirtutem,
762 4529 892 4597 etc.,
944 4520 995 4575 id
1029 4516 1135 4597 est
1178 4518 1370 4597 inferni
1417 4516 1686 4590 principa-
1717 4537 1767 4597 Ι)
1796 4520 2102 4597 cessitatem
2126 4518 2285 4590 parit,
2320 4519 2414 4573 sed
2446 4519 2695 4597 charitate
2724 4529 2777 4572 et
2800 4516 3034 4597 aﬁ'ectu;
3054 4516 3278 4597 respicit
3296 4535 3392 4574 au-

122 4600 242 4661 tum,
266 4604 365 4651 etc.
387 4638 400 4660 ,
429 4595 586 4665 plane
613 4593 910 4663 Sllbt'gCI'ii,
947 4608 995 4645 v.
1024 4590 1207 4645 aduot.
1242 4591 1328 4646 15.

190 4684 292 4758 (16)
316 4687 410 4755 Hi,
432 4688 643 4744 scilicet
682 4687 855 4742 Lucas
884 4695 937 4741 et
966 4683 1247 4743 Salomon.
1284 4699 1511 4754 quorum
1544 4685 1694 4738 lesli-

128 4757 287 4813 monia
331 4759 517 4824 Paulo,
552 4768 610 4813 ut
653 4758 992 4822 videbantur,
1035 4757 1306 4812 contraria
1359 4764 1693 4825 postremum

129 4830 445 4885 recitaverat.
480 4830 615 4886 Vide
643 4830 829 4884 adnot.
864 4828 949 4882 15.

194 4900 297 4982 (1-7)
325 4902 696 4982 Mss.__Pomp.,
729 4898 1036 4982 iisin-Urb.
1072 4908 1124 4955 et
1154 4898 1287 4962 Zen,
1313 4897 1389 4952 sic
1421 4896 1693 4963 scribunt;

134 4970 246 5027 editi
278 4970 393 5029 cum
417 4975 540 5029 aliis
568 4970 699 5028 mss.
724 4972 934 5038 occipit.

200 5065 305 5137 (I8)
332 5067 387 5123 ln
414 5070 545 5124 edit.
574 5066 771 5121 Veron.
803 5067 935 5121 κατὰ
965 5063 1154 5137 Cra-ce
1190 5064 1450 5137 scriptum
1495 5062 1592 5117 fuit
1620 5076 1710 5118 re-

140 5135 474 5206 pugnantibus
499 5153 629 5195 mss.
660 5148 713 5194 et
749 5138 989 5192 editione
1018 5135 1209 5199 prima.
1250 5135 1323 5189 Ita
1354 5137 1516 5188 etiam
1566 5145 1705 5200 cata,

139 5224 248 5284 cum
278 5209 981 5284 Evangelistreallegantur,
1005 5206 1210 5262 Latinis
1232 5206 1426 5284 litteris
1454 5206 1594 5284 apud
1629 5208 1706 5284 la-_

143 5281 269 5354 tinos
293 5276 581 5354 scriptores
594 5276 819 5337 eﬂertur
843 5283 895 5334 in
920 5294 1054 5354 mss.
1084 5293 1243 5354 quam
1274 5277 1598 5354 saepissime,
1633 5276 1709 5354 nti

144 5350 349 5430 demas.
380 5350 627 5430 Cypriani
660 5361 886 5430 testatur
919 5350 1190 5430 lialuzius,
1233 5353 1634 5430 etmitaquoqtte
1658 5350 1710 5402 in

146 5424 288 5499 editis
331 5420 584 5499 scriptum
631 5426 893 5499 reperies.
948 5421 1083 5478 Vide
1126 5432 1236 5476 tres
1286 5420 1710 5499 Testiinoniorum

150 5493 295 5549 libros
334 5492 569 5566 pluribus
600 5500 651 5551 in
685 5492 841 5555 locis.
876 5505 927 5549 et
965 5506 1241 5566 auctorem
1279 5493 1507 5566 catalogi
1542 5492 1713 5566 ha're-

152 5563 373 5639 ticorum,
403 5572 489 5639 qui
523 5576 643 5637 post
680 5566 997 5621 Tertulliani
1033 5564 1227 5639 librum
1258 5566 1323 5639 de
1351 5563 1716 5639 Prteseriptio-

153 5638 283 5711 nibtts
308 5635 534 5711 pmii’ttrr,
582 5640 672 5693 ubi
718 5639 1093 5711 haereticorum
1126 5637 1371 5711 doctrina
1418 5635 1488 5711 ab
1525 5635 1716 5711 iisdem

154 5712 223 5782 ad
255 5706 655 5782 Eiaugeliornm
686 5709 1101 5782 similitudinem
1126 5718 1243 5782 cata
1289 5706 1556 5769 Proetum,
1607 5707 1721 5759 cola

164 5777 445 5839 IEsehinem
479 5784 618 5839 dicta
664 5781 914 5837 traditur.
936 5781 1089 5847 Apud
1135 5780 1524 5850 Hieroiiymum
1570 5790 1720 5842 vero,

160 5851 243 5912 lib.
272 5870 327 5915 ιιι
356 5859 405 5913 in
434 5871 552 5932 cap.
584 5870 638 5913 vt
668 5854 829 5925 epist.
860 5855 924 5911 ad
954 5853 1221 5924 Ephesios
1253 5848 1374 5926 pag.
1423 5848 1550 5919 678,
1591 5849 1724 5906 edit.

1799 4600 1906 4646 tetu
1939 4588 2265 4646 creationem
2298 4588 2502 4663 mundi,
2534 4605 2672 4663 nam
2716 4592 3022 4663 omniaAper
3049 4588 3218 4661 ipsum
3252 4593 3395 4663 facta

1797 4672 1917 4716 sunt
1954 4679 1971 4716 :
2001 4664 2050 4716 in
2079 4678 2185 4732 quo
2220 4663 2319 4716 etsi
2349 4661 2508 4716 Pater
2531 4662 2817 4730 imperavit
2840 4703 2856 4727 ,
2888 4660 3056 4717 Filius
3083 4678 3213 4717 vero
3240 4660 3400 4717 exse-

1799 4746 1953 4789 cuius
1982 4750 2116 4804 Opus
2152 4734 2414 4799 traditur;
2453 4732 2689 4789 charitas
2730 4738 2908 4789 tamen
2940 4734 2990 4788 in
3021 4733 3263 4803 utrisque
3291 4749 3397 4790 una

1801 4805 1920 4871 fuit,
1949 4822 2066 4876 quas
2099 4807 2184 4859 vel
2218 4806 2269 4858 in
2320 4805 2474 4860 Patre
2512 4805 2801 4874 imperavit,
2833 4806 2915 4862 vel
2948 4804 3305 4874 obtemperavit
3342 4805 3399 4860 iit

1805 4876 1965 4943 Filio,
2016 4885 2075 4932 ut
2104 4876 2238 4931 scite
2266 4887 2450 4931 monet
2477 4887 2634 4931 tract.
2664 4876 2720 4941 2,
2754 4876 2848 4934 lib.
2887 4894 2926 4941 ι,
2957 4893 3104 4932 num.
3127 4876 3181 4932 9.
3218 4877 3289 4931 De
3315 4876 3402 4933 liis

1801 4949 1955 5019 plura
1986 4958 2138 5004 tract.
2176 4948 2228 5013 1,
2251 4949 2340 5002 Iil).
2371 4964 2407 5003 ιι
2443 4991 2458 5013 ,
2488 4949 2670 5003 ailnot.
2708 4948 2775 5003 ιε
2804 4960 2857 5005 et
2881 4950 2972 5015 15,
3000 4964 3209 5004 necnon
3243 4955 3404 5003 tract.

1809 5022 1863 5085 5,
1905 5021 2087 5075 adnot.
2144 5021 2229 5083 15,
2286 5021 2370 5091 ubi
2415 5021 2473 5089 S.
2502 5019 2651 5076 Zeno
2695 5020 2797 5076 hoc
2834 5021 2973 5075 idem
3024 5029 3407 5091 argumentum

1812 5101 2123 5162 pertractat,
2178 5109 2245 5147 ne
2286 5090 2405 5162 quis
2446 5088 2517 5163 ex,
2543 5092 2815 5148 creatione
2857 5091 3066 5157 mundi,
3094 5088 3225 5163 qua:
3269 5088 3409 5148 Filio

1814 5164 2085 5225 tribuitur,
2144 5163 2451 5218 inferiorum
2500 5162 2642 5217 Patri
2686 5163 2878 5217 Filium
2911 5162 3205 5220 existimet.
3261 5163 3412 5220 Hanc

1813 5251 1945 5289 vero
1990 5235 2109 5291 Filii
2159 5236 2574 5305 sulijectionetn.
2608 5251 2727 5305 qua:
2768 5251 2835 5289 ex
2874 5234 3159 5295 cliaritate.
3207 5251 3311 5290 non
3341 5251 3414 5291 ex

1813 5307 1995 5362 servili
2035 5310 2355 5362 necessitate
2384 5307 2619 5373 ducitur,
2656 5305 2974 5376 religiosam,
3006 5324 3108 5361 non
3140 5307 3413 5362 diminuti-

1815 5394 1930 5432 vam
1971 5393 2094 5433 mox
2128 5378 2385 5448 appellat.
2435 5379 2576 5447 quod
2608 5377 2740 5434 nihil
2783 5377 2906 5433 inde
2950 5376 3068 5433 Filii
3117 5376 3415 5448 aequalitati

1817 5450 2169 5520 dignitatique
2198 5450 2535 5505 detrahatur.

1895 5543 2009 5615 (2-1)
2059 5544 2157 5599 Ms.
2210 5542 2444 5612 Pomp.,
2474 5543 2813 5614 wquabilitas.
2841 5539 3103 5615 Similiter
3156 5547 3311 5594 tract.
3362 5540 3416 5608 1,

1824 5612 1916 5669 lili.
1967 5612 2026 5679 ti,
2057 5615 2379 5684 a’quabilitas
2425 5612 2681 5670 scribitur
2727 5614 2779 5667 in
2833 5628 2968 5668 mss.
3021 5612 3249 5683 aliquot,
3295 5625 3424 5668 cum

1825 5687 1951 5744 alibi
1980 5688 2246 5755 inqualitas
2271 5691 2494 5758 legatur.

1906 5779 2020 5851 (ἢεί)
2043 5780 2264 5846 Quidam
2285 5795 2415 5836 mss.
2436 5790 2491 5835 et
2512 5778 2641 5834 editi
2662 5778 2832 5843 unita;
2852 5776 3020 5851 editio
3045 5775 3217 5847 prima
3241 5776 3421 5849 unico,

1838 5850 2001 5925 idque
2033 5852 2316 5908 sententia:
2339 5854 2508 5923 magis
2535 5863 2837 5923 congruere
2862 5850 3034 5904 visum
3065 5858 3166 5903 est.
