3926 6328
372 327 473 384 Ml

1726 316 1972 378 SANCTI
2024 317 2314 378 ZENONIS

3572 320 3680 376 42

375 455 449 497 cst
482 440 621 497 Dens
651 449 844 507 noster,
896 447 942 493 et
997 454 1100 493 non
1128 435 1245 509 (l9)
1276 433 1608 509 deputabitur
1649 431 1793 489 Deus
1835 432 1975 487 alius
2002 436 2050 495 Α
2080 434 2310 490 mortuis
2339 434 2634 492 diceretur.
2669 433 2905 500 illoest,
2936 434 3186 506 inquam,
3218 433 3308 505 qui
3341 436 3395 489 in
3426 436 3682 492 ortmilnts

376 536 567 605 absque
586 534 700 606 ipso
721 548 741 587 :
767 530 855 602 qui
873 529 1134 585 adiuvenit
1158 529 1290 583 viam
1321 527 1628 598 prudentie,
1659 535 1707 581 et
1736 523 1977 580 reuelauit

376 645 489 685 eam
515 625 678 681 Iacob
705 640 865 696 puero
914 639 1031 691 suo,
1059 631 1109 678 et
1136 620 1302 676 Israel
1331 621 1519 676 dilecto
1554 619 1670 675 sibi.
1706 616 1832 673 Post
1865 615 1979 671 lucc

379 721 434 775 in
459 720 607 774 terris
635 719 770 773 visus
821 725 929 777 est.
957 726 1003 770 et
1031 732 1149 769 cum
1200 713 1491 769 hominibus
1535 719 1860 768 conversatus
1901 717 1979 765 est

380 811 630 885 (Bmclt.
682 825 763 876 tu,
815 808 1170 879 36.57.38).
1227 807 1343 875 Qua
1385 809 1436 862 in
1493 807 1675 878 specie
1706 846 1722 869 ,
1776 802 1979 874 Spiritu

378 913 566 961 salicto
595 903 873 973 loquente,
903 915 1190 956 noscamus
1218 917 1234 952 :
1267 897 1384 971 (20)
1412 898 1474 953 Et
1492 898 1643 952 homo
1665 906 1759 962 est,
1786 894 1975 965 inquit,

378 1006 426 1052 et
446 997 559 1065 quis
579 995 836 1067 cognoscit
859 1009 977 1049 eum
1005 991 1143 1064 (Jer.
1163 1008 1295 1057 xvu,
1324 990 1357 1045 9
1384 1007 1449 1046 ea:
1474 987 1676 1062 LXX)?
1695 988 1752 1046 Si
1782 990 1851 1042 ita
1874 994 1977 1051 est,

389 1088 667 1160 quomodo
682 1102 813 1158 ergo
837 1095 1019 1157 posset
1040 1086 1282 1158 agnosci,
1302 1083 1541 1154 prodidit
1566 1082 1730 1138 lsaias
1753 1080 1839 1136 bis
1860 1095 1983 1135 ver-

385 1182 467 1237 bis
500 1199 514 1235 :
545 1180 731 1235 Audite
757 1181 951 1250 itaque,
982 1180 1165 1233 domus
1193 1177 1356 1232 David
1384 1194 1402 1231 :
1432 1176 1555 1231 Non
1581 1175 1832 1247 pusillum
1846 1172 1982 1228 vobis

379 1283 637 1330 certamen
665 1290 782 1328 cum
809 1271 1138 1338 hominibus;
1160 1270 1400 1341 quoniam
1448 1268 1586 1324 Deus
1619 1276 1827 1336 incestat
1859 1283 1985 1337 ago—

380 1387 516 1426 nem.
551 1369 778 1440 Pr0pter
803 1369 898 1422 hoc
919 1366 1060 1422 dabit
1090 1365 1226 1421 Deus
1272 1365 1412 1420 vobis
1458 1365 1683 1438 signum.
1722 1360 1857 1417 Ecce
1883 1361 1984 1415 vir-

381 1484 445 1538 go
474 1467 527 1520 in
554 1476 698 1520 utero
720 1465 958 1533 accipiet,
989 1473 1034 1517 et
1063 1464 1228 1532 pariet
1253 1462 1445 1533 ﬁlium,
1472 1469 1522 1516 et
1565 1459 1687 1535 (21)
1715 1458 1986 1514 vocabitur

385 1573 571 1613 nomen
597 1560 711 1631 ejus
738 1555 1061 1610 Emmanuel.
1117 1553 1374 1625 Butyrttm
1427 1564 1474 1607 et
1521 1553 1619 1607 mel
1658 1550 1987 1606 mandttcabit

384 1651 528 1722 prius
550 1666 702 1722 quam
724 1658 999 1720 cognoscat
1025 1663 1151 1714 puer
1175 1647 1361 1701 bonum
1387 1688 1400 1711 ,
1434 1654 1522 1699 aut
1560 1643 1773 1698 malum.
1829 1641 1985 1711 Quod

390 1745 599 1814 signum
626 1740 1113 1813 ex(22)'prodromi
1144 1752 1359 1811 quoque
1380 1738 1496 1806 ejus
1517 1733 1984 1808 designatiouedi-

2079 527 2261 582 omnia
2285 538 2365 584 est
2394 546 2406 581 :
2437 527 2693 598 quoniam
2719 542 2816 598 per
2831 527 3007 600 ipsum
3029 536 3086 584 et
3112 530 3165 584 in
3189 529 3309 599 ipso
3329 534 3456 583 sunt
3476 530 3682 583 omnia.

2078 618 2190 676 Nec
2217 636 2315 675 vos
2343 630 2588 686 moveat,
2641 622 2864 685 fratres,
2894 621 3170 677 saecularis
3210 636 3276 678 ac
3305 636 3437 678 vere
3459 622 3687 692 puerilis

2079 713 2598 770 inconsideratorum
2630 712 2910 768 hominum
2942 713 3240 784 disputatio
3268 731 3284 768 :
3317 712 3539 786 (25)ρυί
3559 714 3689 770 ideo

2076 805 2280 875 justum
2333 807 2606 875 patiuntur
2649 821 2927 873 errorem,
2973 808 3101 875 quia
3142 806 3421 863 Christum
3464 822 3575 863 non
3618 822 3691 864 ex

2086 899 2194 953 Deo
2234 899 2584 956 considerant
2627 900 2903 955 hominem
2931 900 3167 968 factum,
3202 900 3297 957 sed
3323 916 3393 957 ex
3441 900 3687 956 homine.

2080 991 2348 1049 Caeterum
2378 994 2423 1048 si
2457 993 2772 1063 spiritaliter
2802 1003 3084 1063 saperent,
3117 995 3171 1049 in
3199 995 3336 1064 ipso,
3369 993 3513 1065 quod
3538 994 3695 1049 inﬁr—

2082 1086 2382 1142 missimum
2408 1095 2631 1157 putant,
2657 1086 2758 1141 hoc
2789 1086 3129 1156 potissimum
3160 1086 3540 1158 prwdicarent.
3594 1083 3695 1143 Et-

2082 1179 2224 1235 enim
2250 1194 2380 1235 vere
2408 1178 2679 1248 perfectus
2704 1179 2850 1234 Deus
2871 1194 2979 1235 non
3004 1190 3189 1247 esset,
3212 1181 3257 1234 si
3285 1188 3433 1236 esset
3455 1180 3692 1251 aliquid,

2083 1274 2225 1344 quod
2269 1289 2390 1329 esse
2422 1273 2615 1336 volens
2656 1288 2781 1329 esse
2823 1289 2931 1330 non
2980 1286 3182 1344 posset.
3238 1274 3477 1346 Denique
3523 1275 3701 1331 vultis

2084 1369 2225 1423 scire
2269 1368 2597 1438 compendio
2631 1369 2954 1424 veritatem?
2985 1368 3180 1424 Factus
3229 1377 3346 1436 est,
3387 1367 3532 1439 quod
3584 1383 3697 1424 non

2085 1471 2240 1519 erat:
2270 1477 2370 1518 nec
2401 1472 2579 1517 tamen
2606 1460 2720 1548 (26)
2752 1461 2912 1517 desiit
2939 1476 3087 1527 esse,
3119 1471 3247 1518 ante
3269 1462 3413 1533 quod
3437 1460 3640 1518 fuerat.

2585 1594 3004 1653 TRACTATUS
3042 1595 3177 1653 VIII.

2499 1710 2578 1766 De
2621 1710 2902 1768 Nativitate
2944 1712 3153 1769 Domini
3195 1713 3260 1769 ll.

392 1837 656 1893 lucidavit
694 1835 801 1890 alio
829 1836 949 1890 loco
974 1833 1058 1888 bis
1083 1832 1264 1889 verbis
1297 1849 1311 1887 :
1369 1829 1502 1885 Ecce
1534 1830 1682 1883 mitto
1728 1828 1982 1899 Angelum
2013 1833 2062 1894 Β
2158 1829 2201 1884 l.
2243 1828 2648 1899 Insuspicabilis
2688 1830 2771 1903 (1)
2801 1832 2994 1887 secreti
3028 1831 3449 1903 reverendasque
3498 1833 3710 1901 majes-

328 1934 329 1937 “
386 1946 562 1986 meum
589 1942 709 1985 ante
737 1928 923 2000 faciem
958 1938 1126 1992 tuam,
1161 1926 1251 1995 qui
1299 1923 1609 1996 preparnbit
1635 1922 1771 1977 uiam
1819 1931 1982 1975 tuam.

384 2026 515 2096 Quis
545 2037 627 2080 est
656 2026 762 2079 iste
790 2023 1049 2095 Angelus,
1075 2020 1291 2087 fratres,
1325 2018 1427 2074 nisi
1450 2017 1690 2073 Joannes
1721 2012 1987 2086 Baptista?

346 2119 540 2192 cujus
592 2127 677 2175 est
728 2116 1095 2188 prtcparatio:
1145 2112 1263 2168 Vox
1309 2112 1581 2168 clamantis
1633 2112 1685 2164 in
1738 2100 1987 2164 deserto:

390 2212 583 2267 Parate
608 2212 741 2265 ciam
772 2208 1003 2273 Domini,
1034 2217 1197 2262 rectas
1223 2206 1383 2277 facile
1401 2205 1610 2259 semitas
1636 2200 1734 2257 Dei
1765 2202 1948 2255 nostri.

462 2306 550 2360 IV.
592 2303 743 2359 Nunc
772 2302 1079 2368 videamus,
1107 2315 1228 2371 qua!
1254 2304 1681 2369 consequuntur.
1712 2294 1814 2350 Per
1842 2294 1988 2348 idem

392 2410 603 2470 tempus
634 2399 749 2454 dua:
800 2407 1040 2468 cognata:
1072 2394 1418 2464 concipiunt,
1453 2408 1557 2447 una
1587 2401 1773 2447 contra
1804 2405 1988 2461 spem,

388 2494 557 2547 altera
594 2492 779 2547 verbo.
816 2492 939 2545 llzec
986 2490 1214 2545 miratur
1239 2502 1299 2543 se
1331 2486 1562 2555 habere,
1592 2485 1735 2556 quod
1774 2484 1987 2540 nescit:

392 2586 865 2656 ltetatnrilla,quia
897 2583 1017 2657 (23)
1042 2584 1218 2639 discit.
1248 2581 1522 2637 Elisabetb
1555 2580 1757 2635 sterilis
1778 2578 1991 2635 ftecnn-

389 2679 558 2734 ditate
601 2686 767 2732 tumet
812 2675 1045 2732 feliciter
1086 2685 1296 2743 venter,
1341 2674 1517 2730 Maria:
1560 2674 1862 2743 majestate.
1895 2671 1990 2726 Illa

390 2750 697 2842 prteconem
741 2778 950 2841 portat,
985 2771 1098 2825 haec
1136 2767 1715 2839 judicenanxsultate,
1746 2765 1992 2833 feminae,

393 2865 901 2934 promotionemque
926 2861 1090 2918 vestri
1118 2876 1281 2917 sexus
1305 2862 1599 2928 agnoscite.
1622 2860 1788 2930 Culpa
1811 2859 1995 2914 deleta

391 2936 585 3026 veteri,
622 2972 748 3015 ecce
780 2973 872 3028 per
903 2970 1001 3011 vos
1028 2956 1301 3028 jungimur
1329 2954 1470 3011 cmlo
1502 2972 1515 3008 :
1548 2969 1684 3007 anus
1720 2953 1862 3008 enim
1896 2967 1993 3023 pe-

390 3052 531 3124 perit
559 3052 840 3122 angelum,
885 3061 940 3108 et
968 3051 1118 3121 virgo
1152 3049 1340 3105 Deum.
1373 3049 1468 3104 Hic
1498 3058 1582 3105 est
1618 3049 1758 3106 Deus
1789 3056 1997 3116 noster,

390 3148 482 3218 qui
513 3146 778 3216 dignitate
807 3146 1023 3201 interim
1046 3144 1282 3214 seposita
1304 3185 1318 3210 ,
1358 3160 1463 3200 non
1497 3151 1675 3200 tamen
1705 3151 1993 3214 potestate,

2089 1925 2216 1979 tatis
2245 1940 2368 1977 vera
2399 1925 2637 1995 cognitio
2665 1933 2767 1987 est,
2804 1925 2969 1980 Deum
3003 1940 3108 1979 non
3163 1939 3326 1981 nosse
3356 1925 3458 1980 nisi
3491 1925 3711 1993 Deum;

2092 2018 2333 2089 nihilque
2359 2033 2423 2072 ex
2459 2032 2525 2074 eo
2568 2017 2803 2088 amplius
2840 2018 3223 2089 requirendum
3245 2061 3259 2085 ,
3291 2036 3450 2091 quant
3481 2029 3543 2075 ut
3582 2012 3712 2089 quis

2090 2114 2208 2185 ejus
2239 2114 2451 2168 noverit
2498 2113 2865 2182 voluntatem,
2898 2115 3018 2170 sine
3058 2129 3160 2184 qua
3209 2114 3258 2168 ei
3310 2129 3409 2168 nec
3458 2114 3713 2185 legitime

2091 2209 2297 2262 servire
2325 2208 2549 2279 poterit,
2574 2223 2675 2263 nec
2709 2208 2943 2277 placere.
2965 2207 3234 2264 Cteterum
3254 2205 3335 2280 (2)
3357 2208 3706 2278 providentis

2097 2301 2189 2357 Dei
2222 2300 2289 2357 de
2316 2300 2430 2356 Deo
2444 2299 3001 2371 argumentationibus
3031 2302 3182 2355 vanis
3206 2302 3412 2378 opinari
3438 2301 3581 2356 velle
3613 2302 3702 2375 (ὅ)

2092 2396 2434 2466 dispositum,
2467 2414 2575 2453 non
2605 2397 2837 2454 colentis
2862 2408 2969 2464 est,
3000 2397 3096 2454 sed
3117 2398 3426 2453 dementis:
3458 2400 3713 2456 maxime

2094 2492 2139 2546 si
2166 2491 2328 2557 Dens,
2354 2503 2410 2547 ttt
2431 2491 2757 2548 cantentiosi
2778 2501 2991 2562 putant,
3018 2491 3180 2565 ιω
3199 2491 3545 2563 dispositioni
3576 2495 3715 2546 sub.

2088 2585 2299 2653 jaceat;
2341 2585 2565 2640 remotis
2613 2585 2758 2640 enim
2794 2586 3063 2657 paulisper
3102 2583 3415 2638 nominibus
3447 2582 3628 2639 Patris
3660 2588 3716 2639 et

2094 2678 2251 2742 Filii,
2287 2693 2390 2733 nou
2439 2689 2589 2748 potes
2630 2694 2791 2733 nosse
2836 2687 2954 2733 uter
3016 2677 3249 2747 patiatur
3279 2675 3566 2747 injuriam;
3605 2674 3716 2732 nisi

2094 2754 2237 2844 quod
2286 2772 2446 2828 ambo
2476 2772 2771 2843 patiuntur,
2818 2770 2943 2843 quia
2990 2769 3274 2826 amborum
3304 2785 3470 2825 unum
3504 2783 3717 2825 nomen

2096 2873 2179 2920 est
2210 2864 2367 2919 Deus.
2415 2864 2579 2935 Igitur
2606 2863 2743 2919 duas
2774 2864 3085 2919 nativitates
3116 2877 3238 2918 esse
3289 2862 3501 2917 Domini
3533 2862 3719 2918 nostri

2097 2958 2223 3015 Jesu
2251 2958 2451 3013 Christi
2476 2959 2644 3021 rudis,
2670 2968 2760 3013 aut
2779 2958 3061 3029 negligens
3077 2956 3249 3023 disce,
3273 2955 3609 3021 Christiane,
3642 2972 3717 3012 ne

2076 3068 2205 3123 -qno
2246 3051 2533 3121 decipiaris
2582 3067 2792 3112 ecrore.
2825 3050 3037 3118 Unam,
3083 3066 3242 3121 quam
3294 3049 3387 3104 tibi
3429 3065 3539 3104 non
3585 3050 3725 3106 licet

2099 3158 2363 3211 qurerere,
2394 3144 2637 3207 alterum:
2670 3158 2833 3213 quant
2863 3142 3100 3213 legitime
3122 3183 3135 3207 ,
3168 3140 3214 3196 si
3247 3141 3449 3212 possis,
3482 3142 3725 3210 permit-

393 3253 579 3294 amorc
611 3238 843 3294 hominis
880 3237 1038 3312 168
1066 3239 1171 3303 sui,
1202 3239 1356 3309 cujus
1388 3235 1613 3291 fortnam
1645 3234 1818 3293 fuerat
1851 3235 2000 3291 subi—
2025 3227 2070 3291 C
2108 3234 2239 3291 teris
2265 3235 2520 3289 edocere.
2554 3234 2732 3289 Prima
2767 3235 2947 3305 itaque
2970 3234 3263 3288 nativitatis
3292 3232 3501 3287 Domini
3537 3231 3725 3288 nostri

393 3341 580 3397 turus,
626 3342 679 3387 et
721 3340 1047 3398 creaturam,
1082 3339 1141 3385 ιιι
1170 3328 1283 3402 (24)
1310 3330 1566 3401 angelus,
1600 3328 1793 3394 homo,
1842 3344 1998 3399 puer,

391 3440 654 3497 sponsus,
686 3426 836 3499 gigas
856 3467 869 3493 ,
904 3424 1219 3492 crttcillsus,
1252 3424 1517 3495 sepultus,
1550 3422 1936 3494 primogenitus-
1963 3436 1993 3477 a

394 3594 451 3637 ιιι
484 3582 792 3653 observavit
841 3581 1200 3653 Hieronymus
1250 3580 1305 3635 in
1358 3580 1580 3653 prologo
1626 3578 1693 3633 ad
1732 3577 1991 3653 Jerqnjg

394 3652 845 3709 commentarium
892 3663 991 3707 :et
1033 3649 1233 3707 idcirco
1260 3667 1289 3706 a
1319 3649 1535 3718 multis,
1579 3653 1669 3721 qui
1720 3666 1785 3706 ex
1842 3649 1988 3705 LXX

395 3726 787 3795 lnterpretibus
810 3740 996 3780 sacros
1021 3723 1227 3779 Veteris
1250 3723 1580 3779 'l‘estumenti
1629 3723 1799 3777 libros
1849 3722 1986 3776 alle-

395 3807 545 3868 gant,
581 3811 675 3868 pro
704 3811 811 3849 uno
832 3796 1130 3868 eodemque
1177 3795 1425 3850 Jerentia:
1458 3795 1609 3868 _libro
1634 3795 1862 3868 ‘Baruclt
1892 3796 1991 3868 _li-

400 3865 572 3923 bellus
603 3867 813 3923 habitus
838 3877 941 3921 est.
979 3867 1072 3922 His
1102 3868 1169 3921 de
1197 3868 1405 3921 caussis
1448 3865 1736 3922 Jeremiam
1768 3880 1865 3933 pro
1890 3865 1991 3918 Ba-

357 3996 369 4008 ,
401 3940 531 3994 ruclt
564 3940 902 4011 appellarunt
944 3937 1265 4011 Cyprianus,
1299 3939 1350 3991 in
1385 3947 1539 4011 _orat.
1603 3939 1894 4011 Dominica
1932 3951 1987 4006 p.

398 4013 507 4066 416
535 4028 549 4076 ;
581 4008 835 4065 Clemens
864 4008 1282 4075 Alexandrinus,
1310 4012 1360 4063 itt
1384 4009 1684 4079 Pzedagogo
1713 4028 1765 4077 ιι.
1799 4008 1904 4063 129
1939 4016 1995 4063 et

400 4083 525 4147 {30;
553 4082 610 4137 S.
638 4081 889 4147 Hilarius,
905 4082 997 4137 lib.
1025 4097 1076 4135 tv
1097 4082 1166 4136 de
1183 4081 1359 4147 Trin.,
1382 4097 1435 4135 ιι.
1456 4080 1529 4135 42
1555 4091 1609 4135 et
1633 4082 1685 4133 in
1706 4095 1787 4149 ps.
1804 4094 1996 4145 Lttvm,

401 4169 548 4209 num.
581 4154 689 4217 l9;
723 4157 1097 4208 Auctortract.
1127 4154 1195 4207 de
1218 4151 1350 4207 Fide
1375 4152 1674 4207 orthodoxa
1704 4165 1824 4219 cap.
1859 4152 1911 4213 7.
1942 4152 1996 4205 in

402 4225 719 4295 Appendice
744 4226 1037 4291 Ambrosii;
1068 4225 1241 4281 Julius
1266 4224 1529 4279 Firmicus
1558 4225 1626 4295 de
1651 4223 1851 4278 Errare
1873 4236 2001 4295 pro-

403 4293 644 4352 l'anarum
673 4296 1017 4367 religionum,
1062 4312 1182 4365 cap.
1212 4298 1322 4361 29;
1358 4294 1676 4367 Ambrosius
1699 4337 1714 4359 ,
1738 4295 1884 4367 lib_._t
1931 4293 2003 4350 de

403 4367 536 4496 Clain
565 4379 621 4423 et
643 4364 923 4452 abel'cap.
951 4364 1009 4437 9,
1032 4383 1088 4427 et
1113 4364 1206 4424 lib.
1254 4371 1279 4426 1
1338 4369 1408 4426 de
1448 4366 1579 4424 Fide
1607 4381 1756 4423 num.
1800 4364 1893 4433 28,
1946 4372 2003 4420 et

405 4458 431 4493 a
462 4457 494 4494 ιι
525 4456 746 4496 οπςειιιι.

405 4456 494 4496 :llll
525 4456 746 4496 οπεειιιι.

770 4514 921 4569 Rem.
953 4513 1237 4586 putabitar.

498 4583 594 4655 20)
626 4585 727 4641 Hic
752 4586 902 4642 locus
932 4601 1033 4642 nec
1058 4586 1237 4643 iniere

410 4618 419 4627 -
476 4580 594 4656 (20)
626 4585 727 4641 Hic
752 4586 902 4642 locus
932 4580 1033 4642 nec
1058 4586 1393 4653 inieremire,
1411 4598 1511 4641 nec
1534 4586 1585 4640 in
1608 4583 1818 4656 Barnclt
1844 4580 2007 4656 libro,

2108 3329 2159 3382 in
2207 3328 2481 3382 Palris“'et
2528 3326 2648 3383 Filii
2698 3336 2904 3382 tantum
2954 3325 3287 3382 conscientia
3342 3335 3561 3391 manet,
3618 3337 3730 3379 nec

2103 3421 2392 3494 quidquam
2434 3421 2593 3477 habet
2634 3421 2997 3491 interjectnm,
3050 3433 3225 3493 neque
3273 3418 3553 3474 conscium
3580 3459 3599 3482 ,
3637 3416 3727 3491 (4)

2099 3578 2193 3645 47,
2228 3579 2532 3648 prodi-amas
2563 3578 2772 3633 vocavit
2800 3577 3102 3649 aquilones,
3128 3578 3216 3649 qui
3248 3575 3511 3633 canicula:
3533 3588 3726 3635 ortum

2101 3647 2233 3705 octo
2266 3651 2458 3706 diebus
2512 3647 2861 3719 prtecctlttnt.‘
2893 3647 3474 3704 lttl'erius‘dt'lncidacit
3526 3649 3731 3708 Latine

2098 3723 2302 3777 dictum
2337 3721 2641 3777 vindicatur
2679 3737 2746 3776 ex
2794 3730 3014 3776 auctore
3045 3719 3227 3789 operis
3269 3719 3335 3774 ad
3360 3721 3726 3791 Herennium,

2106 3796 2141 3848 Ι.
2177 3810 2256 3857 ιιι,
2278 3809 2407 3865 cap.
2437 3793 2493 3852 4.
2518 3794 2619 3865 qui
2638 3794 2711 3847 rei
2736 3793 3087 3865 dilucidandte
3109 3809 3269 3847 causa
3295 3792 3534 3862 scripsit.

2174 3864 2294 3937 (2‘))
2334 3863 2407 3919 Ita
2434 3863 2560 3919 mss.
2593 3864 2751 3920 Rem.
2776 3875 2828 3918 et
2856 3863 2979 3920 'l‘ol.
3013 3867 3192 3919 cmteri
3240 3878 3363 3918 cum
3408 3865 3571 3920 editis
3602 3867 3731 3922 scit.

2110 3938 2243 3992 Dein
2277 3938 2542 4008 majestate
2573 3954 2669 4004 pro
2691 3938 2880 3991 deinde
2900 3977 2914 4001 ,
2946 3952 3043 3991 seu
3069 3937 3245 3991 divina
3279 3937 3467 3991 virtute
3493 3953 3509 4003 ;
3544 3954 3597 3991 v.
3634 3937 3736 3993 ad-

2110 4020 2221 4063 not.
2259 4009 2282 4063 1
2320 4012 2370 4063 in
2403 4018 2560 4064 tract.
2593 4024 2668 4070 ιχ.
2705 4008 2740 4062 l.
2772 4023 2830 4063 tt.

2181 4078 2300 4153 (24)
2345 4079 2504 4153 liisce
2529 4078 2838 4153 nominibus
2866 4078 3116 4153 Christus
3140 4077 3472 4153 signiﬁcatur
3500 4080 3554 4134 in
3590 4080 3736 4153 locis

2111 4149 2321 4207 Veteris
2344 4150 2959 4223 Noviqtte'l‘estamenti.
2982 4167 3045 4205 es
3072 4151 3267 4221 quibus
3296 4149 3567 4223 praecipua
3589 4152 3740 4207 indi-

2109 4240 2232 4277 care
2254 4220 2511 4294 snl'liciat.
2542 4220 2720 4294 Magni
2742 4223 2946 4277 consilii
2979 4220 3201 4293 Angelus
3224 4224 3243 4291 (
3253 4220 3328 4279 Is.
3356 4238 3432 4283 Ix.
3463 4221 3548 4293 6),
3570 4223 3738 4294 juxta

2112 4294 2286 4366 LXX;
2342 4292 2511 4349 Homo
2550 4304 2599 4349 et
2636 4292 2775 4366 'ptter
2818 4292 3139 4364 saepissime.
3189 4294 3429 4365 Sponsas
3471 4292 3531 4349 et
3572 4292 3738 4366 gigas

2115 4364 2253 4439 (Ps.
2288 4381 2458 4439 svnt,
2509 4365 2617 4435 6);
2669 4364 2962 4439 Crociﬁxas
3021 4373 3075 4439 et
3125 4366 3354 4437 sepultus
3412 4364 3738 4439 passjt'n'iu

2114 4435 2264 4493 Novo
2308 4437 2682 4502 Testamento;
2734 4435 3115 4507 Primogenitus
3162 4435 3197 4491 a
3246 4439 3463 4492 mortuis
3491 4435 3735 4509 (Coloss.

2113 4526 2165 4575 t,
2198 4511 2310 4575 18).

2189 4510 2310 4653 (12%)).
2344 4580 2424 4636 Illi
2446 4580 2578 4653 lteic
2596 4578 3049 4652 perstringuntur,
3079 4578 3148 4637 de
3177 4579 3370 4652 quibus
3399 4578 3534 4635 satis
3561 4589 3735 4638 tract.

404 4650 844 4745 qttetn'leretnia:
874 4658 1127 4744 tributum
1160 4650 1605 4745 vli‘dintniadnot.
1638 4655 1727 4721 18,
1762 4654 2011 4745 invenire
2037 4683 2090 4745 Β
2114 4652 2148 4709 6
2181 4650 2483 4745 bttji‘ts'libri
2504 4650 2785 4745 adpetii.

407 4727 534 4781 licet
561 4746 585 4783 εδ
608 4729 702 4783 sed
726 4730 920 4800 legitur
942 4745 1074 4785 sane
1102 4732 1153 4785 in
1176 4730 1368 4786 Grtcco
1393 4729 1643 4786 Jeremitc
1671 4725 1813 4800 apud
1831 4727 2009 4800 inter-

409 4809 590 4868 pretes
618 4796 802 4865 LXXI
819 4811 874 4857 et
905 4803 1028 4857 hinc
1051 4804 1266 4871 quidem
1292 4801 1546 4871 Jeremite
1574 4798 1793 4871 nomine
1819 4796 2010 4854 Grarce

409 4872 664 4927 recitatur
693 4876 761 4928 ab
789 4870 1148 4944 Ephipbanio,
1179 4874 1492 4931 hreres.t.tv.
1526 4870 1556 4944 ᾗ
1586 4874 1620 4944 1
1646 4870 1857 4944 .Latine
1881 4870 2010 4944 item

408 4946 631 5001 totidem
657 4947 877 5001 verbisa
901 4941 1259 5010 Tertulliano,
1286 4941 1549 5001 adversus
1573 4942 1792 4998 Judteos
1821 4956 1873 4995 e.
1908 4941 2006 4996 ult.

408 5026 463 5070 et
508 5017 599 5071 lib.
628 5033 682 5072 tu
715 5018 976 5073 adversus
1022 5017 1345 5071 Mareionem
1366 5058 1381 5082 ,
1406 5030 1528 5085 cap.
1557 5016 1610 5079 7,
1642 5026 1690 5070 et
1738 5014 1806 5068 de
1831 5012 2012 5069 Carne

409 5086 613 5161 Christi
640 5104 760 5157 cap.
796 5091 883 5153 l5;
916 5104 946 5142 ει
976 5088 1269 5161 Cypriane,
1297 5086 1732 5161 eontraJudeos.
1766 5100 1885 5161 cap.
1920 5085 2010 5161 lt);

411 5172 438 5229 a
464 5156 761 5225 Lactantio,
790 5161 884 5215 lib.
911 5176 963 5213 tv
999 5156 1172 5216 Instit.
1194 5202 1208 5225 ,
1241 5176 1361 5229 cap.
1386 5162 1475 5223 t5;
1508 5161 1575 5213 ah
1601 5157 1912 5221 Ambrosio,
1943 5157 2013 5214 de

410 5228 585 5302 lustit.
618 5232 836 5302 virgin.,
867 5247 984 5301 cap.
1021 5232 1107 5290 16.
1139 5242 1193 5285 et
1219 5228 1379 5300 epist.
1414 5246 1569 5295 vat,
1606 5247 1659 5283 ιι.
1698 5232 1750 5294 7,
1781 5236 1912 5302 etc.,
1957 5237 2013 5302 et

415 5301 467 5354 hi
498 5300 724 5367 omnes,
779 5317 883 5357 una
913 5300 1031 5357 eum
1078 5303 1298 5358 Zenone
1345 5304 1485 5357 idem
1531 5301 1896 5356 testimonium
1945 5300 2012 5355 ad

413 5371 573 5430 Verbi
598 5375 1022 5429 incarnationem
1053 5375 1324 5437 referunt;
1353 5390 1454 5444 qna
1477 5374 1544 5426 de
1566 5374 2015 5439 interpretatione

413 5445 614 5501 videsis
644 5461 766 5514 quin
793 5447 844 5499 in
877 5447 1019 5501 hunc
1048 5447 1223 5500 locum
1252 5445 1611 5513 Hieronymus
1638 5454 1808 5499 nOtat.

2187 4722 2302 4796 (26)
2340 4724 2478 4780 Edit.
2504 4722 2667 4789 Vcn.,
2694 4722 2899 4778 desinit.
2925 4722 2984 4778 In
3016 4722 3121 4779 line
3152 4738 3255 4779 ms.
3286 4724 3475 4793 Pomp.
3507 4722 3741 4780 additur

2117 4798 2299 4850 Amen.

2174 4866 2423 4923 ’ΐιιλιοίλ⁷
2437 4864 2621 4936 lll.—(
2628 4865 2714 4936 1)1
2720 4867 3063 4937 nsuspicabile
3074 4875 3342 4921 secretum
3355 4865 3741 4937 dicitur,quod

2117 4954 2292 5009 neque
2317 4955 2411 5008 per
2436 4940 2773 5007 conjecturas
2793 4939 3019 4994 scrutari
3055 4939 3175 4994 licet
3199 4979 3213 5006 ,
3242 4938 3310 4992 de
3339 4953 3446 5008 quo
3479 4940 3608 4991 vide
3639 4939 3746 4992 ad-

2117 5022 2231 5065 not.
2274 5012 2308 5066 4
2340 5011 2391 5066 in
2424 5019 2577 5065 tract.
2613 5026 2690 5070 tn.
2725 5010 2819 5064 lib.
2850 5025 2908 5065 tt.
2946 5011 3266 5079 Pungnntur
3292 5018 3471 5064 autem
3505 5010 3741 5076 Ariani,

2116 5084 2205 5153 qui
2240 5082 2668 5153 argumentando
2702 5082 2793 5137 Dei
2824 5096 3019 5137 arcana
3053 5089 3337 5151 penetrare
3364 5082 3713 5137 nitebantur.

2189 5153 2289 5227 (2)
2309 5155 2631 5227 Sparaverio
2668 5155 2909 5227 placeret
2937 5154 3105 5209 scribi
3132 5155 3475 5227 procedentis,
3507 5167 3635 5208 cum
3671 5153 3746 5211 de

2122 5226 2293 5280 Divini
2328 5226 2485 5281 Verbi
2528 5226 2883 5293 generatione
2923 5228 2977 5279 in
3016 5227 3368 5293 sequentibus
3411 5226 3483 5280 sit
3528 5240 3744 5282 sermo.

2119 5297 2293 5353 Simili
2326 5297 2545 5369 quidem
2587 5299 2852 5353 sententia
2901 5306 3057 5352 tract.
3090 5298 3144 5364 5,
3179 5298 3383 5352 dictum
3430 5307 3560 5351 est:
3594 5297 3746 5364 Quo-

2118 5371 2275 5424 modo
2301 5381 2469 5423 autem
2498 5379 2772 5438 generatus
2812 5370 2909 5433 sit,
2940 5370 3026 5439 qui
3054 5371 3320 5437 processit,
3362 5369 3618 5423 dementis
3669 5375 3750 5422 est

2119 5442 2345 5509 opinari.
2375 5439 2481 5497 Sed
2514 5442 2637 5496 huic
2681 5441 3046 5497 emendatiOui
3098 5441 3233 5495 nulli
3276 5442 3496 5496 codices
3546 5440 3753 5495 suifra-

487 5516 604 5589 (21)
638 5506 764 5572 Mss.
798 5517 1436 5589 Pomp..Vat.etntriqne
1458 5506 1602 5571 °Zen.
1634 5516 1857 5570 vocabis.
1886 5515 2019 5571 Post
2119 5506 2265 5589 gittm
2313 5512 2487 5589 ierunt
2508 5555 2521 5575 .
2570 5521 2626 5589 et
2648 5510 2891 5589 aliunde
2926 5514 3244 5589 procidentis
3274 5513 3401 5570 Dei.
3436 5528 3556 5589 quze
3593 5512 3753 5573 in‘us

414 5588 742 5661 panca'ptter
771 5590 823 5643 in
856 5604 955 5643 ms.
994 5589 1182 5661 Poutp.
1218 5588 1574 5661 desideratur.

495 5659 612 5732 (22)
656 5659 935 5715 Prodromi
965 5678 1062 5730 pro
1095 5657 1433 5733 prernrsoris
1452 5700 1467 5720 ,
1488 5659 1747 5713 nimirum
1775 5657 2027 5733 SJoan.

2135 5585 2207 5640 ibi
2239 5596 2387 5649 sunt,
2415 5583 2825 5655 diSpositionem
2848 5583 3123 5655 appellare
3145 5583 3297 5640 Zeno
3322 5583 3516 5652 potuit.

2211 5659 2294 5728 ('5)
2336 5654 2635 5722 Disposittts
2664 5673 2723 5710 us
2770 5670 2869 5725 pro
2915 5654 3257 5719 dispositione
3302 5656 3554 5728 invenies
3597 5654 3753 5724 apud

426 5727 708 5801 Baptistae,
744 5733 812 5788 de
837 5747 945 5804 quo
968 5727 1023 5787 in
1072 5727 1429 5806 sequentibus
1470 5745 1652 5806 sermo
1694 5737 1808 5792 est.
1847 5731 2033 5806 Latine
2139 5727 2405 5806 Tacitum,
2435 5729 2556 5806 hist.
2585 5744 2653 5789 ιι,
2685 5728 2738 5791 5,
2764 5728 2820 5793 2,
2854 5729 3014 5806 paulo
3041 5738 3159 5798 post
3187 5744 3289 5783 ms.
3323 5727 3478 5784 Rem.
3506 5742 3601 5799 pro
3629 5736 3756 5782 uter

438 5806 654 5876 dicitur,
688 5808 820 5861 sicut
848 5801 901 5863 et
930 5801 1165 5876 Tullius,
1193 5810 1284 5865 lib.
1316 5823 1330 5860 ι
1359 5806 1423 5860 ad
1450 5803 1612 5860 Attio.
1644 5819 1731 5873 ep.
1765 5819 1865 5858 xu:
1902 5801 2035 5858 Mihi

447 5874 750 5947 Pompeiani
779 5881 1044 5951 prodromi
1070 5874 1309 5940 nuntiant
1328 5889 1414 5947 ;ct
1443 5877 1670 5944 Plinius,
1702 5876 1795 5934 lib.
1825 5891 1890 5955 tt,
1911 5889 2033 5949 cap.

2142 5801 2584 5874 patietut'iscriltit
2610 5810 2778 5874 utram
2799 5802 3047 5874 patiatur.

2215 5874 2294 5953 (ι)
2336 5873 2465 5932 Mss.
2493 5872 2637 5942 Tot,
2668 5871 2876 5934 Vat.'ct
2908 5871 3035 5932 Urb.
3060 5916 3075 5945 ,
3102 5871 3245 5946 quod
3273 5887 3375 5948 pro
3395 5872 3527 5947 quin
3549 5883 3762 5945 opport-
