3838 6322
76 311 164 368 117
1210 300 1417 359 LIBER
1474 298 1539 356 11.
1581 298 1656 356 ΤΡ

1819 300 2000 359 ATUS
2041 302 2109 360 Χ.

76 424 257 483 dolore,
287 417 375 473 sed
413 413 607 488 gaudio
636 431 652 470 :
681 413 925 471 nascitur
953 414 1074 473 sine
1123 425 1278 486 patre
1328 415 1517 478 Filius.
1543 413 1624 490 (6)
1652 423 1703 485 Α

76 534 165 572 non
207 524 339 568 totus
364 511 548 567 matris
568 553 585 578 ,
614 510 715 565 sibi
743 509 970 578 debens,
1016 509 1159 581 quod
1188 520 1486 580 conreptus
1507 520 1589 564 cst
1608 550 1624 575 ,

74 610 258 665 donans
286 605 433 660 matri
460 646 474 669 ,
506 602 648 675 quod
683 615 867 666 natus.
899 619 1020 674 qua:
1052 602 1424 673 principaliter
1445 611 1628 674 stupet

75 701 213 757 talem
241 698 336 755 sibi
382 695 572 753 Filium
617 693 933 767 provenisse
954 737 970 764 ,
1002 696 1093 766 qui
1130 710 1196 751 ex
1244 710 1303 751 se
1336 703 1492 749 natus
1520 709 1627 749 non

74 791 358 851 crederetur
382 832 395 855 ,
437 790 538 847 nisi
571 790 647 861 (7)
677 788 806 860 quia
832 789 970 844 sicut
1000 787 1096 844 fuit
1128 789 1277 860 virgo
1318 789 1629 856 incorrupta

76 894 180 958 post
196 895 524 954 conceptum,
551 892 834 954 permanet
856 881 978 937 talis
1001 896 1213 953 quoque
1245 891 1364 953 pest
1395 891 1627 950 partum.

102 998 107 999 ί
134 977 192 1033 11.
217 977 258 1034 0
296 992 425 1033 nova
454 975 591 1031 ratio
624 977 637 1031 !
675 978 873 1031 Amore
904 973 1154 1046 imaginis
1177 990 1288 1031 suae
1314 983 1534 1029 coactus
1576 973 1629 1028 in

77 1072 325 1133 infantem,
357 1068 495 1141 vagit
525 1069 671 1125 Deus
704 1086 716 1121 :
755 1068 1056 1139 patiturque
1086 1084 1147 1123 se
1182 1067 1375 1138 pannis
1402 1066 1630 1137 alligari,

76 1164 151 1236 qui
176 1161 323 1218 tutius
354 1159 433 1234 (8)
461 1159 609 1216 orbis
638 1160 820 1217 debita
853 1171 1073 1217 venerat
1100 1159 1394 1216 soluturus.
1440 1159 1497 1215 In
1526 1171 1635 1216 sta-

78 1257 170 1312 buli
200 1270 425 1328 praesepe
458 1254 773 1326 deponitur,
807 1256 1127 1326 populorum
1159 1263 1431 1325 pastorem
1464 1253 1634 1323 pabu-

75 1350 269 1422 lumque
308 1364 365 1405 se
398 1364 519 1405 esse
547 1348 629 1421 (9)
657 1359 985 1406 contestans.
1020 1348 1249 1416 Subjicit
1295 1362 1354 1402 se
1379 1347 1636 1418 gradibus

3218 308 3324 366 “8

2264 416 2678 478 TRACTATUS
2718 420 2782 477 Χ.

2232 551 2310 608 De
2337 554 2415 628 (1)
2446 554 2704 611 Abraham
2736 554 2773 611 1.

1798 686 1842 743 1.
1893 686 2191 763 Abraham,
2251 687 2448 746 fratres
2495 690 2868 761 dilectissimi,
2924 693 3085 765 quale
3131 694 3330 752 divina:

1733 782 1948 852 pietatis
1979 799 2177 840 munus
2207 784 2500 855 acceperit,
2532 799 2759 844 vetusta:
2791 787 2928 860 legis
2949 798 3101 859 gesta
3125 798 3332 847 testan-

1730 885 1841 932 tur.
1901 874 2034 932 Sara
2086 893 2220 934 uxor
2264 878 2383 949 ejus
2435 893 2540 935 non
2595 879 2840 947 inferior,
2873 881 2955 954 (9)
2990 882 3162 955 longze
3208 883 3335 939 vita:

1732 972 2021 1027 transactis
2061 971 2333 1039 cursibus,
2382 972 2599 1043 qualem
2647 973 2816 1029 lilium
2850 974 3110 1039 .ediderit.
3151 990 3336 1046 partus

1734 1067 1995 1123 elfusione
2041 1067 2304 1138 percepit.
2333 1067 2438 1124 Sed
2468 1067 2594 1139 quia
2622 1068 2868 1138 utrisque
2896 1080 3031 1125 tetas
3058 1070 3339 1126 ademerat

1735 1177 1888 1233 spem
1909 1162 2139 1227 sobolis,
2165 1163 2355 1233 pignus
2376 1160 2457 1235 (5)
2482 1161 2864 1218 succidaneum
2889 1174 3221 1219 meruerunt.
3245 1164 3339 1221 Sic

1740 1255 1935 1311 tneruit
1949 1254 2105 1323 ﬁdes,
2126 1254 2269 1327 quod
2283 1254 2558 1310 ademerat
2581 1256 2739 1329 175
2756 1265 2965 1326 tempus
2984 1273 2997 1309 :
3018 1256 3248 1313 extorsit
3262 1256 3340 1328 (4)

1737 1348 2063 1413 credulitas,
2106 1348 2251 1419 quod
2284 1358 2474 1404 natura
2514 1349 2900 1421 denegaverat.
2936 1350 3210 1408 Abraham
3240 1351 3342 1407 Pa—

75 1446 263 1509 mtatis,
312 1443 463 1516 cujus
512 1442 868 1501 artermtasin
899 1457 958 1498 se
1005 1457 1111 1497 non
1136 1440 1371 1495 admittit
1397 1449 1634 1494 aetatem.

77 1539 154 1613 (10
161 1539 369 1606 )Totum
395 1547 581 1593 contra
603 1535 991 1593 conscientiam
1016 1550 1193 1600 suam,
1223 1544 1278 1587 ut
1297 1533 1460 1589 homo
1490 1533 1639 1587 inlir-

77 1649 176 1686 mus
198 1631 406 1700 patitur,
434 1638 490 1684 ut
518 1629 723 1684 homini
766 1626 1102 1696 mortisTIege
1121 1636 1443 1697 consumpto
1478 1622 1639 1698 174

76 1723 416 1778 immortalitas
446 1721 732 1778 tribuatur.
757 1722 881 1775 “3:0
910 1727 995 1775 est
1010 1721 1153 1773 enim
1187 1729 1424 1788 potestas
1446 1719 1559 1784 Dei,
1581 1727 1642 1771 ut

1740 1441 1976 1497 triarcha
2016 1448 2203 1496 noster
2251 1439 2332 1512 (5)
2374 1442 2687 1512 exploratus
2725 1457 2757 1496 a
2797 1442 2930 1508 Deo,
2977 1442 3030 1498 in
3061 1452 3343 1499 senectute

1740 1536 1980 1604 suscepit
2007 1535 2226 1590 unicum
2250 1535 2441 1604 ﬁlium,
2470 1534 2603 1590 nihil
2639 1546 2817 1592 tamen
2844 1535 3139 1624 sollicitum
3170 1536 3342 1608 patri;

1741 1629 1897 1697 cujus
1939 1638 2072 1683 tetas
2116 1628 2168 1682 in
2214 1630 2374 1684 annis
2405 1628 2483 1701 (6)
2524 1631 2875 1701 vergentibus
2904 1630 2956 1684 in
2993 1645 3221 1687 occasus
3258 1632 3343 1688 sui

1745 1722 2035 1777 terminum
2069 1723 2407 1789 versabatur,
2438 1732 2492 1776 et
2534 1722 2873 1778 educationis
2904 1732 3119 1791 tempus
3147 1739 3344 1795 angus-

75 1820 224 1884 salvo,
249 1818 385 1888 quod
411 1829 516 1883 est,
549 1817 720 1887 possit
756 1831 901 1880 esse,
931 1815 1074 1885 quod
1122 1829 1228 1867 non
1270 1822 1374 1868 est.
1418 1811 1517 1866 Ηιο
1557 1820 1640 1866 est
1670 1821 1715 1881 Β
1746 1825 1879 1877 tum.
1928 1826 1984 1871 et
2021 1815 2289 1872 senectuti
2328 1818 2505 1871 exitus
2545 1814 2657 1887 jam
2702 1818 2936 1873 vicinus.
2985 1817 3126 1874 Ecce
3171 1819 3344 1889 prima

77 1914 197 1969 Deus
239 1924 418 1970 noster
463 1913 652 1969 a'terni
702 1910 798 1966 Dei
843 1920 1147 1966 coaeternus
1197 1907 1387 1963 Filius.
1442 1907 1539 1962 llic
1584 1916 1640 1962 et

78 2009 216 2063 homo
234 2017 287 2064 et
311 2008 468 2073 Deus,
491 2006 614 2079 quia
649 2005 791 2062 inter
817 2004 1031 2060 Patrem
1055 2002 1407 2073 hominesque
1433 2000 1641 2056 adstitit

74 2102 279 2167 medius,
303 2104 531 2173 probans
562 2098 967 2154 infirmitatibus
996 2112 1244 2163 carnem,
1274 2105 1328 2150 et
1351 2096 1641 2149 virtutibus

74 2194 404 2265 majesmtem.
435 2191 532 2249 Hic
555 2193 640 2249 sol
659 2203 863 2254 noster,
888 2191 969 2245 sol
993 2204 1173 2254 verus,
1197 2188 1285 2259 qui
1312 2187 1643 2242 clarissimos

75 2289 206 2360 ignes
230 2287 409 2343 mundi
436 2300 726 2357 germanos
751 2294 1018 2340 astrorum
1057 2283 1515 2353 candentiumque
1542 2295 1641 2351 pov

74 2381 228 2436 lorum
278 2380 537 2437 claritatis
575 2394 686 2434 sua:
733 2378 801 2434 de
848 2375 1178 2448 plenitudine
1226 2373 1493 2429 accendit.
1545 2371 1646 2428 llic

72 2478 150 2548 qui
193 2477 351 2533 semel
395 2475 613 2538 occidit.
642 2482 698 2529 et
736 2485 888 2528 ortus
933 2480 1015 2527 est
1055 2486 1294 2535 rursum,
1349 2484 1642 2538 numquam

74 2569 376 2638 repetiturus
415 2581 689 2623 occasum.
722 2564 838 2630 llic,
886 2564 1126 2635 inquam,
1170 2576 1329 2632 quem
1353 2559 1645 2616 duodecim

76 2667 350 2731 radiorum,
381 2664 432 2721 id
454 2674 539 2719 est
574 2662 957 2735 Apostolorum
986 2659 1295 2721 duodecim,
1324 2672 1524 2713 corona
1546 2658 1651 2711 cir-

77 2756 294 2823 cumdat,
342 2773 501 2828 quem
533 2772 630 2825 per
669 2754 927 2809 ambitum
975 2752 1141 2809 totius
1171 2752 1318 2808 orbis
1358 2766 1464 2805 tton
1506 2759 1650 2804 muta

79 2860 289 2919 quatuor
340 2848 624 2915 animalia,
679 2846 774 2902 sed
835 2845 1123 2901 salutiferis
1181 2842 1653 2914 praedicationibus

79 2952 290 3012 quatuor
339 2942 731 2999 circumferunt
778 2940 1092 3012 Evangelia.
1137 2938 1305 3010 Cujus
1334 2954 1494 3009 quam
1547 2938 1651 2991 vim

81 3036 258 3093 habeat
284 3039 508 3094 amictus
533 3047 589 3094 et
614 3052 831 3105 currus,
860 3035 943 3091 his
974 3036 1153 3090 verbis
1186 3035 1448 3106 propheta
1485 3042 1652 3088 testa-

84 3138 192 3185 tur:
226 3129 381 3199 Deus,
411 3138 544 3188 sicut
579 3132 716 3204 ignis
744 3132 926 3197 veniet,
972 3139 1017 3184 et
1054 3130 1185 3183 sicut
1220 3128 1448 3201 procella
1474 3143 1657 3183 currus

84 3224 201 3295 ejus,
227 3226 500 3282 retribuere
528 3226 583 3281 iu
602 3226 685 3280 ira
710 3223 986 3279 uindictam
1019 3222 1157 3293 (11).

150 3529 229 3601 (6)
266 3528 384 3585 Non
411 3539 572 3584 totum
601 3526 782 3601 matris
809 3523 1048 3580 afﬁrmat
1073 3522 1375 3583 Christum.
1402 3531 1458 3577 ut
1489 3521 1657 3601 signi-

88 3596 363 3658 ﬁcet'eum
405 3602 605 3657 virtute
661 3598 840 3653 divina
885 3610 1253 3666 conceptum:
1304 3610 1405 3661 qna
1451 3596 1660 3647 ratione

88 3675 238 3728 etiam
288 3675 539 3739 Ililarins,
596 3672 687 3725 lib.
737 3686 790 3724 ιι
840 3669 907 3723 de
932 3668 1086 3723 Trin.
1136 3683 1284 3722 nunt.
1317 3666 1373 3730 7,
1415 3666 1663 3739 eumdem

87 3743 340 3800 Christum
384 3762 447 3800 ea:
491 3736 545 3798 se
584 3754 758 3798 natum
802 3741 975 3807 dixit,
1050 3739 1249 3808 quippe
1290 3740 1380 3805 qui
1422 3737 1477 3790 id
1525 3736 1663 3806 quod

87 3817 300 3872 alienant
336 3834 366 3871 a
401 3834 454 3871 se
482 3825 623 3872 erat.
656 3815 703 3868 vi
732 3828 906 3871 suam:
950 3820 1197 3883 potestate
1225 3809 1572 3883 prtcstttttpsit,
1605 3819 1665 3863 ut

90 3889 254 3957 placet
274 3904 541 3958 exponere
563 3903 629 3942 ex
659 3887 793 3958 libro
814 3879 1055 3958 ejusdem
1084 3898 1141 3943 ιι.
1172 3898 1319 3935 ιιιιιη.
1350 3879 1441 3958 26.
1476 3882 1525 3933 in
1555 3896 1664 3951 quo

89 3953 181 4014 etsi
204 3964 268 4016 de
293 3953 494 4021 Spiritu
519 3969 707 4013 sancto
740 3957 791 4011 iu
837 3953 1054 4010 Mariam
1086 3953 1503 4023 superveniente
1548 3967 1664 4023 ser-

92 4048 294 4086 monem
320 4032 496 4094 iaciat,
528 4030 722 4084 similia
752 4039 933 4084 tamen
976 4021 1260 4098 perspicue
1290 4023 1451 4079 tradit
1477 4023 1545 4079 de
1575 4021 1666 4077 Fi-

92 4102 161 4157 lio
186 4104 274 4157 lib.
309 4120 359 4165 κ,
387 4117 538 4158 nutu.
576 4101 662 4157 15.

160 4175 240 4239 (7»
270 4173 385 4229 Nisi
412 4174 531 4241 quia
561 4171 885 4242 Sparaverio
912 4185 1016 4225 non
1046 4168 1242 4242 placet,
1282 4182 1380 4237 pro
1410 4182 1516 4237 quo
1545 4181 1671 4234 sup-

92 4262 287 4313 ponere
328 4247 513 4305 mallet
542 4260 659 4298 cum
680 4285 693 4302 .
740 4257 807 4305 et,
832 4241 1168 4314 permanserit
1210 4256 1304 4309 pro
1334 4246 1670 4308 permaneret.

97 4310 223 4383 Quia
249 4318 396 4373 deest
425 4318 476 4371 in
510 4332 641 4370 mss.
674 4310 890 4383 Pomp.,
918 4312 1066 4374 To|..
1098 4310 1671 4383 Zen.;ﬁ_perntanetau-

96 4380 196 4444 tem
228 4407 317 4459 pro
343 4380 1003 4459 permaneretscripsimus
1030 4400 1096 4439 ex
1124 4398 1227 4439 ms.
1254 4381 1374 4437 Vat.
1405 4398 1525 4437 cum
1554 4380 1670 4436 hinc

96 4456 249 4515 lectio
274 4456 606 4517 coitttnodior
634 4456 894 4513 videatur.

167 4531 246 4603 t8)
266 4531 437 4598 Orbis,
461 4529 603 4603 quod
629 4544 826 4603 nomen
847 4528 914 4603 a_b
930 4524 1204 4603 editNaa.
1230 4533 1284 4580 et
1307 4520 1667 4603 Ver._aberat,

1742 1907 1982 1971 derotio.
2028 1907 2260 1964 libenter
2311 1908 2597 1981 excipere,
2647 1908 2793 1979 quod
2824 1909 2941 1965 fero
2993 1910 3175 1978 datur,
3204 1911 3344 1967 etin

1745 2000 2053 2055 trisﬁssima
2117 2011 2399 2057 senectute
2453 2011 2705 2071 suscepta
2763 2002 3147 2058 sollicitudinis
3200 2003 3347 2061 mole

1744 2091 2003 2165 gaudere.
2037 2108 2163 2148 nam
2189 2102 2245 2150 et
2273 2094 2393 2149 risit
2421 2093 2555 2149 Sara
2582 2109 2778 2150 munus
2798 2095 3098 2164 jnventutis
3125 2096 3349 2154 subiens

1746 2192 1799 2245 in
1837 2201 2087 2255 senecta;
2120 2190 2261 2245 unde
2293 2188 2375 2263 (7)
2405 2206 2600 2246 nomen
2628 2191 2840 2262 accepit
2866 2192 3066 2257 infans,
3101 2194 3192 2265 qui
3224 2200 3349 2266 post

1748 2280 1864 2336 inec
1894 2280 2166 2336 Abraham
2208 2291 2474 2337 sacratam
2510 2282 2621 2338 Deo
2650 2284 2916 2353 approbat
2938 2294 3193 2340 mentem.

1820 2375 1883 2430 ll.
1911 2374 2114 2433 Unicus
2142 2376 2232 2432 ille
2260 2375 2399 2431 ﬁlius
2424 2377 2641 2435 solliciti
2665 2379 2833 2444 senis,
2862 2378 3040 2435 adhuc
3069 2380 3348 2449 parvulus,

1748 2467 1834 2523 cui
1866 2470 2038 2539 pietas
2065 2478 2122 2524 et
2162 2469 2438 2524 miseratio
2468 2470 2643 2540 major
2664 2471 2913 2538 debetur,
2950 2474 3253 2542 postulatur
3281 2472 3350 2529 ad

1750 2562 2058 2629 victimam;
2090 2565 2176 2617 cui
2209 2563 2255 2617 si
2287 2563 2367 2633 (8)
2403 2580 2500 2633 per
2540 2564 2832 2621 humanam
2879 2566 3222 2639 fragilitatem
3252 2569 3352 2623 ali-

1750 2670 1857 2725 qua
1884 2655 1935 2710 in
1967 2671 2196 2727 corpore
2246 2656 2531 2713 inﬁrmitas
2573 2669 2914 2728 nasceretur,
2955 2671 3048 2717 aut
3083 2662 3353 2718 humanus

1754 2749 1930 2804 exitus
1965 2751 2324 2821 contingeret,
2356 2753 2445 2807 vix
2486 2750 2541 2807 in
2583 2752 2701 2824 ejus
2723 2734 2942 2810 casibus
2989 2766 3143 2825 piter
3170 2758 3354 2815 vivere

1756 2843 2040 2913 potuisset.
2072 2845 2117 2897 si
2157 2844 2315 2898 annis
2340 2847 2549 2902 teneris
2580 2858 2901 2903 moreretur.
2938 2847 3032 2903 llic.
3073 2847 3237 2920 igitur
3272 2849 3358 2905 in-

1757 2935 1896 2996 fans.
1919 2931 1999 3006 (9)
2049 2949 2080 2991 e
2110 2935 2263 3006 cujus
2294 2936 2399 2991 vita
2447 2947 2701 3006 paternus
2726 2936 2950 2995 allectus
2981 2950 3037 2996 et
3080 2951 3358 2998 maternus

1760 3025 2050 3096 pendebat,
2083 3027 2150 3082 ad
2189 3028 2616 3097 explorationem
2670 3030 2793 3086 ﬁdei
2836 3048 2948 3087 sua:
2998 3032 3178 3089 divina
3223 3049 3360 3090 voce

1764 3123 2066 3191 postulatur
2107 3122 2173 3177 ad
2202 3123 2497 3178 victimam.
2534 3121 2691 3190 Volo,
2722 3123 2861 3180 dixit
2887 3125 3048 3191 Deus.
3081 3126 3209 3183 mihi
3242 3125 3359 3182 ﬁeri

1689 3215 1736 3280 C
1767 3214 2114 3279 sacriﬁcium.
2173 3217 2466 3283 Abraham,
2520 3219 2625 3273 tuis
2668 3220 2914 3275 manibus
2960 3220 3013 3275 in
3063 3230 3245 3277 monte
3292 3220 3362 3277 de
3418 3224 3421 3229 ’

1767 3309 1880 3363 ﬁlio
1912 3319 2002 3364 tuo
2033 3326 2044 3362 :
2079 3308 2194 3364 haec
2214 3309 2344 3364 mihi
2373 3311 2588 3366 victima
2620 3311 2816 3380 placet,
2851 3312 2953 3367 hoc
2985 3327 3071 3368 me
3098 3313 3362 3385 sanguine

1760 3402 2088 3474 deplacabis,
2116 3405 2217 3479 iste
2246 3404 2382 3459 meis
2425 3405 2592 3461 sacris
2623 3404 2851 3462 debetur
2894 3424 2906 3461 :
2941 3405 3056 3481 (l0)
3087 3405 3231 3463 hunc
3257 3407 3364 3464 im-

1770 3522 1938 3595 ﬁlinm
1971 3520 2293 3595 peperisset,
2330 3520 2532 3595 dixisse
2561 3522 2790 3579 traditur
2820 3538 2832 3577 :
2867 3522 3049 3578 Risum
3079 3524 3198 3595 fecit
3235 3524 3363 3583 mihi

1768 3591 1928 3656 Deus,
1969 3601 2073 3647 etc.
2119 3592 2295 3646 Pruna
2338 3593 2540 3649 Veneta
2582 3594 2751 3649 editio
2794 3596 2965 3650 solum
3002 3602 3051 3650 in
3079 3591 3302 3652 duobus
3331 3614 3360 3654 a

1770 3666 1983 3737 caeteris
2013 3665 2219 3737 variat.
2254 3665 2429 3733 prium
2469 3666 2611 3733 quod
2638 3667 2800 3721 ederit
2834 3683 2928 3736 pro
2956 3668 3208 3737 ediderit;
3235 3667 3361 3727 dein

1770 3736 1913 3807 quod
1961 3734 2241 3807 perciperet
2272 3753 2366 3801 pro
2389 3738 2609 3805 percepit
2636 3734 2842 3793 scribit.

1844 3807 1922 3879 (ὃ)
1966 3806 2182 3877 Optime
2221 3808 2573 3878 Sparaverius
2626 3812 2832 3865 monuit
2860 3811 3218 3867 succidaneum
3258 3811 3367 3870 dici

1774 3878 1978 3954 ﬁlium,
2008 3879 2098 3949 qui
2146 3880 2198 3932 in
2242 3880 2423 3954 locum
2467 3880 2584 3951 ejus
2632 3882 2968 3946 suecederet,
3013 3900 3171 3954 quem
3237 3884 3365 3940 olim

1773 3949 2008 4026 Abrahae
2036 3950 2349 4026 mtas,_dum
2381 3949 2579 4026 florens
2609 3962 2750 4026 erat.
2769 3970 2874 4008 non
2894 3949 3119 4010 dederat
3143 3974 3156 4010 :
3179 3971 3369 4026 quem-

1771 4023 2396 4095 admodumpuccidanete
2424 4023 2953 4091 Itostitvdichatttttr,
2985 4026 3158 4081 Gellio
3199 4023 3366 4095 icste,

1773 4092 1867 4147 lib.
1902 4108 1991 4166 tv,
2030 4092 2148 4162 cap.
2179 4094 2235 4159 6,
2265 4096 2504 4159 quoniam
2532 4097 2576 4149 si
2612 4098 2790 4166 primis
2821 4095 3003 4151 hostiis
3039 4098 3241 4157 litatum
3269 4092 3370 4154 non

1776 4174 1908 4226 erat,
1939 4165 2058 4220 alia:
2090 4175 2202 4232 post
2224 4171 2427 4220 easdem
2452 4165 2622 4222 ducta?
2649 4169 2830 4222 hostia:
2858 4168 3202 4224 ca’debantur.
3227 4170 3371 4227 Con-

1779 4236 1910 4309 ferri
1959 4245 2136 4309 potest
2175 4240 2339 4293 etiam
2388 4236 2598 4292 Festus.
2649 4238 2817 4294 Paulo
2860 4249 3002 4309 post,
3056 4258 3155 4295 ius.
3213 4242 3368 4298 lletn.

1780 4307 1909 4379 legit
1942 4326 1956 4364 :
1993 4307 2081 4363 Sic
2123 4310 2300 4363 merito
2343 4309 2609 4379 ﬁdelitatt’s
2657 4307 2871 4365 extorsit
2908 4312 3247 4378 credulitatis,
3281 4313 3375 4369 ubi

1779 4380 1996 4452 librarii
2013 4394 2180 4452 error
2197 4390 2253 4435 et
2296 4382 2464 4452 saltus
2509 4379 2827 4435 manifestus
2855 4394 2957 4438 (εει.
2984 4383 3110 4438 Mss.
3147 4385 3335 4448 Pomn.
3358 4426 3374 4452 ,

1778 4449 1923 4513 Tol..
1961 4449 2298 4523 VaLLUrlL,
2335 4450 2465 4507 Zen.
2498 4465 2561 4523 et
2600 4453 2719 4521 Sp.,
2749 4452 2840 4508 Sic
2869 4456 3049 4509 merito
3074 4449 3374 4523 ﬁdelitatis,

1777 4524 1936 4598 quod,
1967 4534 2069 4598 etc.
2097 4521 2239 4598 Tol._,
2276 4523 2477 4591 Vatia,
2519 4522 2679 4588 Urb.,
2708 4524 3027 4582 credulitatis
3058 4521 3156 4598 pro
3193 4521 3379 4583 credit;

98 4618 128 4657 e
156 4593 279 4659 mss.
325 4593 821 4687 supplevinmsz'in
867 4598 1121 4683 Batavina
1169 4609 1351 4687 autem
1394 4593 1631 4687 editione
1655 4637 1669 4660 ,
1702 4627 1756 4687 Β
1780 4595 1941 4687 Iitqs‘
1970 4596 2109 4687 ilt‘et‘tl‘
2130 4595 2294 4687 male.

100 4690 219 4749 cum
256 4676 376 4749 quid
393 4665 578 4749 simile
604 4672 903 4749 desiderari
935 4672 1360 4749 proSpiceretnr,
1392 4665 1581 4749 “mundi
1602 4682 1675 4749 ex

101 4738 307 4815 ingenio
343 4748 678 4817 suppositum
710 4754 813 4799 est.
848 4738 1013 4798 Paulo
1039 4738 1166 4797 ante
1208 4739 1403 4810 illigari
1435 4754 1530 4808 pro
1559 4738 1679 4792 alli-

101 4821 213 4887 gari
242 4820 291 4871 itt
319 4835 417 4873 ms.
446 4817 568 4874 Tol.

174 4887 250 4960 (9)
282 4890 371 4946 διε.
408 4890 618 4959 Pontp..
651 4887 961 4960 conjectum.

178 4954 285 5033 (lit)
318 4954 622 5033 Totumgpro
646 4954 989 5033 omniss-cpe
1018 4974 1047 5010 a
1066 4954 1298 5027 .Zenone
1338 4961 1677 5023 usurpatum.

103 5028 239 5085 Vide
266 5028 443 5087 adnot.
464 5030 538 5087 25
560 5033 611 5085 in
636 5039 792 5084 tract.
816 5030 868 5090 ιι,
908 5029 998 5085 ltb.
1030 5044 1066 5082 ι.

180 5108 226 5174 (1
244 5103 290 5176 1)
323 5107 477 5176 amen
496 5103 701 5176 addunt
736 5116 837 5176 ms.
864 5100 1054 5176 Ponth
1083 5097 1322 5176 etpedil.‘
1342 5096 1472 5176 Vc_n_.
1499 5095 1682 5176 Codex

109 5168 283 5229 atn‘eni
329 5174 480 5231 Rem.
534 5173 651 5229 lucc
696 5173 934 5239 subjicit.
1001 5168 1239 5241 'Explicit
1288 5170 1352 5224 de
1402 5168 1687 5225 Nativitnte

112 5245 297 5301 Christi
319 5258 366 5302 et
406 5248 669 5317 majestate
696 5252 942 5299 tractatus
973 5243 1154 5300 Sancti
1183 5241 1421 5317 Zenonis.

181 5311 797 5389 Tntcr.X.-;—(l)_lteie
828 5323 1089 5370 tractatus
1117 5328 1339 5370 recusus
1377 5311 1473 5369 fuit
1502 5328 1529 5366 a
1562 5312 1687 5384 Lip-

112 5404 362 5460 pomario,
399 5400 527 5444 tom.
560 5386 595 5443 lt
638 5386 742 5442 Vit.
770 5387 1108 5442 Sanctorum.

188 5460 261 5529 ('2)
304 5454 716 5528 COrrttptissinta
742 5460 861 5513 heic
882 5466 965 5513 est
988 5464 1037 5512 in
1058 5474 1189 5514 mss.
1214 5455 1395 5521 lectio,
1414 5457 1465 5508 in
1493 5454 1689 5529 quibus

119 5528 231 5585 tm
259 5535 556 5587 habentur:
590 5530 783 5599 Longa:
818 5531 933 5584 vim
968 5529 1239 5585 transactis
1275 5529 1505 5581 cursibus
1547 5528 1686 5599 pius,

118 5612 209 5655 aut
232 5603 362 5671 ﬁlius
386 5603 564 5667 ederit,
596 5598 769 5675 partus
794 5600 1040 5675 e/Iusicne
1065 5601 1368 5675 perciperet.
1402 5598 1507 5675 sed
1530 5598 1690 5652 utm-

119 5690 217 5741 que
241 5676 511 5734 ademerat.
551 5671 657 5728 etc.
688 5671 1026 5727 Retinutmus
1064 5672 1348 5727 lectionem
1386 5671 1691 5735 editorum,

119 5760 240 5814 qna-
264 5745 575 5801 sententiam
604 5761 727 5801 cum
767 5743 1060 5813 Scripturis
1086 5744 1455 5799 concinentem
1483 5743 1652 5797 refert
1676 5758 1689 5794 :

122 5816 474 5889 respiciuntur
504 5818 642 5872 enim
667 5816 757 5873 illa
785 5816 921 5873 Gen.
956 5831 1069 5883 xu,
1097 5814 1151 5884 6,
1179 5814 1372 5884 quibus
1392 5814 1544 5879 Sara,
1568 5828 1690 5870 cum

1855 4664 1935 4739 (4)
1975 4664 2265 4739 Credulitas
2293 4680 2392 4736 pro
2420 4665 2542 4736 ﬁde.
2574 4680 2694 4738 qoze
2721 4666 2840 4723 sine
2870 4669 3172 4727 rationibus
3206 4678 3260 4727 et
3285 4686 3377 4728 ar-

1781 4738 2062 4864 ‘giuitlt‘tqui;
2087 4738 2195 4864 Ι)ῗο
2212 4740 2471 4864 lritle)ve’lanti
2500 4739 2806 4805 adhibetur,
2830 4750 2885 4796 ut
2910 4741 3078 4814 liquet
3098 4758 3165 4799 ex
3187 4743 3375 4802 adnot.

1784 4808 1818 4865 6
1847 4808 1898 4863 in
1930 4818 2085 4863 tract.
2121 4810 2175 4874 1,
2212 4809 2304 4863 lib.
2337 4825 2375 4864 ι.

1856 4880 1935 4949 (5)
1960 4880 2087 4935 Heic
2110 4896 2326 4952 quoque
2355 4883 2550 4937 saltum
2579 4882 2784 4940 librarii
2815 4884 3155 4941 manifestum
3198 4885 3384 4943 videre

1787 4952 2137 5028 licet__in__ms.
2186 4956 2365 5028 lieno,
2406 4955 2703 5028 exploratur
2732 4972 2765 5010 a
2799 4955 2903 5011 Deo
2942 4958 3241 5020 sollicitum.
3272 4970 3383 5015 etc.

1862 5024 1941 5095 (6)
1989 5021 2296 5093 Urgentibus
2342 5021 2538 5081 habent
2573 5043 2705 5083 mss.
2735 5027 2860 5083 Tol.
2899 5038 2952 5083 et
2978 5028 3096 5085 Vat.
3142 5030 3385 5085 Termino

1792 5097 2203 5173 proterminum
2242 5104 2328 5151 est
2363 5099 2414 5152 in
2464 5115 2593 5156 mss.
2640 5099 3028 5168 Pomp.,Spar.
3060 5101 3208 5173 Elige
3235 5103 3389 5173 quith

1793 5165 1919 5241 quid
1956 5167 2125 5241 velis;
2159 5178 2449 5234 utrumque
2481 5182 2684 5226 ret-tam
2713 5165 3035 5228 sententiam
3071 5165 3309 5241 pri-fert.

1867 5239 1946 5310 (7)
1975 5237 2129 5292 Isaac
2159 5241 2302 5293 enim
2334 5256 2516 5295 nomen
2547 5241 2798 5299 hebraice
2827 5244 2990 5299 risum
3025 5237 3210 5308 sonat;
3246 5246 3388 5302 unde

1795 5320 1844 5366 et
1888 5309 2021 5365 Sara
2059 5313 2110 5365 in
2143 5326 2208 5367 eo
2227 5310 2498 5385 gignendo
2523 5328 2690 5371 risum
2719 5315 2820 5371 sibi
2851 5333 2879 5371 a
2915 5316 3025 5372 Deo
3054 5319 3255 5373 factum
3279 5325 3390 5373 tes-

1796 5390 1905 5437 tata
1930 5391 2035 5436 est.

1868 5453 1953 5532 (8)
1985 5454 2083 5532 με.
2116 5453 2296 5522 Rem.,
2324 5471 2416 5532 per
2442 5456 2670 5512 humana
2702 5458 3004 5532 fragilitate.

1864 5525 1945 5597 (9)
1994 5525 2137 5581 Idem
2167 5541 2304 5603 ms._.
2336 5530 2529 5603 infans
2569 5525 2721 5603 cujus
2763 5525 2865 5603 vita
2905 5541 3151 5603 paternus
3177 5528 3392 5603 allectus

1794 5609 1956 5651 mater
1993 5608 2125 5652 tenet
2164 5597 2446 5668 pendebat;
2473 5597 2787 5672 quod'tns's.
2819 5597 2966 5665 'l‘ol.,
3002 5601 3121 5656 Vat.
3165 5597 3231 5658 et,
3255 5601 3390 5659 Urb.

1796 5670 1924 5723 item
1974 5672 2195 5723 habent.

1796 5670 1924 5725 item
1974 5672 2195 5725 habent.

1868 5740 1985 5813 (10)
2017 5741 2144 5817 Mss.
2198 5750 2255 5797 et
2301 5742 2431 5817 editi
2460 5744 2617 5817 unde,
2647 5757 2746 5815 pro
2774 5742 2963 5817 quoin
2991 5744 3239 5817 margine
3267 5743 3392 5802 cod.

1798 5811 2201 5884 Rem.antiqna
2230 5813 2610 5870 emendatione
2641 5811 2775 5870 hunc
2792 5811 3066 5889 scriptum
3104 5811 3184 5874 est
3206 5859 3219 5885 ,
3251 5818 3398 5891 quod
