3926 6328
539 281 645 343 129

1852 283 2098 344 SANC'II
2134 276 2429 346 ZENONIS

3657 300 3736 366 110

536 402 725 457 molari
749 400 857 471 jam
882 399 1068 471 jubeo.
1096 398 1213 455 Non
1252 398 1539 455 contristat
1563 397 1796 455 frontem
1837 399 2128 456 devolissi-
2159 409 2205 466 Α
2235 398 2608 473 praemiaque
2621 407 2881 465 meretur;
2902 400 3019 472 (ιὸ)
3048 400 3245 458 divina:
3267 404 3400 461 enim
3420 412 3739 480 explorationis

531 484 650 548 mus
693 492 987 559 Abraham,
1018 507 1120 549 nec
1157 491 1317 548 dolor
1354 492 1492 563 patri
1524 493 1794 565 lacrymas
1825 495 2125 563 persuasit,

527 583 624 639 82d
650 585 886 640 exsultat
909 593 963 639 ct
1005 583 1219 654 gaudet.
1255 583 1365 640 Nec
1402 584 1614 651 timuit,
1660 601 1729 641 ne
1776 587 2125 657 parricidium

526 677 579 732 ei
632 678 1028 748 imputaretur,
1086 678 1183 733 sed
1229 679 1398 750 magis
1446 687 1503 732 ut
1545 677 1819 734 devotioni
1871 688 2124 748 pareret:

525 768 804 825 laetabatur
823 771 926 827 hoe
936 769 1167 841 iussisse
1182 767 1574 841 Dcuut.(it)De
1586 769 1701 827 ﬁlio
1717 772 1947 827 hostiam
1970 771 2130 844 116

525 871 677 933 parat
708 883 722 918 :
756 863 973 919 lcetinat
991 863 1226 932 denique
1245 862 1476 933 implere
1495 864 1846 931 sacriﬁcium,
1882 880 1949 919 ne
1971 881 2125 920 mora

521 952 685 1010 faciat
713 967 1015 1025 peccatum.
1041 956 1159 1028 (l2)
1180 948 1500 1012 Necessaria
1532 958 1888 1013 sacramentis
1920 972 2125 1027 praepa-

520 1060 710 1105 rantur
746 1049 1032 1120 protinus;
1059 1050 1371 1107 ascenditur
1396 1049 1451 1104 in
1492 1060 1750 1108 montem.
1778 1051 1939 1109 Omni
1980 1066 2129 1123 mys-

523 1140 662 1197 terio
688 1143 1065 1215 sacrificioque
1106 1144 1371 1214 disposito
1414 1144 1611 1199 ductus
1662 1143 1804 1200 illius
1838 1142 2081 1216 gaudetis
2106 1185 2122 1210 ,

518 1233 792 1303 gaudente
818 1243 994 1304 patre.
1029 1235 1200 1305 patris
1226 1234 1454 1295 dextera
1494 1234 1789 1293 feriendus.
1829 1235 1933 1305 Qui
1971 1245 2127 1292 ante-

518 1341 683 1395 quam
730 1329 938 1385 veniret
964 1329 1018 1384 in
1056 1339 1329 1398 mentem,
1360 1347 1483 1386 cum
1525 1330 1778 1401 depatre
1818 1339 2119 1402 quareret,

520 1420 609 1475 ubi
640 1429 787 1478 esset
817 1421 1063 1489 victima,
1114 1436 1278 1492 quam
1322 1423 1639 1493 disponeret
1675 1433 1734 1480 et
1774 1423 2119 1489 immolaret;

514 1528 742 1571 securus
782 1515 852 1572 de
895 1515 1003 1571 fide
1028 1518 1248 1586 generis
1288 1517 1373 1572 sui
1404 1526 1558 1588 pater
1598 1516 1736 1582 lilio,
1769 1517 1839 1573 de
1866 1532 1974 1587 quo
2012 1531 2121 1571 non

515 1608 816 1675 dubitabat,
870 1610 1145 1680 patefecit,
1189 1611 1315 1681 quia
1367 1612 1571 1683 se(13)
1602 1611 1864 1666 Dominus
1931 1622 2119 1682 postu-

513 1700 716 1771 lJSset;
749 1712 805 1760 et
841 1703 971 1775 quid
1012 1708 1129 1775 ipse
1173 1705 1405 1761 Domitio
1441 1706 1816 1777 promisisset,
1860 1705 2117 1761 ostendit.

2234 495 2528 550 tentamina
2576 494 2951 566 porriguntur;
2998 498 3199 552 exserit
3239 498 3438 567 quidem
3474 503 3669 579 ferrum,
3699 524 3741 568 ct

2228 599 2433 643 armata
2446 587 2634 667 dextra
2646 587 3121 645 sublevatmanttm
3140 607 3153 645 :
3185 590 3277 647 sed
3300 607 3390 648 rex
3420 595 3540 666 ejus,
3561 602 3635 670 qui
3653 602 3741 677 (16)

2228 679 2501 735 victimam
2527 680 2912 747 postulaverat,
2949 680 3102 753 177
3120 682 3446 741 contradicit.
3471 687 3742 755 Respieere-

2229 779 2339 835 tro,
2360 769 2499 826 dixit
2512 771 2656 828 Deus
2669 811 2686 838 ,
2706 780 2761 827 et
2784 782 3071 843 antequam
3094 774 3370 845 respicias,
3390 793 3553 848 parce.
3575 783 3685 840 Ecce
3703 797 3745 841 et

2229 864 2479 920 meritum
2519 866 2821 936 principale
2862 865 3100 921 divinam
3143 867 3505 940 indulgentiam
3533 876 3743 934 metuisse

2227 957 2327 1012 sub
2351 957 2572 1013 casibus
2599 977 2613 1014 :
2644 974 2769 1014 nam
2797 957 2916 1031 (l7)
2944 968 3002 1015 et
3029 970 3177 1015 retro
3220 964 3499 1032 respiciens
3526 966 3745 1025 Abraham

2229 1050 2438 1106 invenit
2484 1052 2793 1116 victimam,
2839 1066 2999 1119 quam
3048 1053 3307 1110 innocens
3361 1055 3647 1115 immolaret.
3687 1062 3746 1118 Eo

2227 1138 2371 1198 ferro
2414 1143 2675 1197 mactavit
2720 1143 2981 1210 arietem,
3025 1159 3134 1215 quo
3169 1144 3332 1201 tilium
3381 1160 3629 1217 percutere
3665 1152 3747 1223 jam

2228 1234 2470 1305 parabat.
2505 1238 2545 1290 A
2581 1234 2692 1291 tilio
2719 1234 2786 1291 ad
2807 1252 3005 1306 agnum
3037 1239 3311 1294 transtulit
3329 1238 3553 1297 dextram
3578 1258 3749 1314 semper

2226 1326 2442 1383 la-tatus
2493 1334 2552 1382 et
2577 1328 2839 1399 gaudens.
2892 1328 3004 1385 Nec
3046 1338 3283 1387 mutatus
3319 1342 3399 1388 est
3434 1334 3592 1389 vultus
3632 1336 3748 1406 eius.

2223 1435 2345 1475 cum
2399 1430 2548 1476 esset
2586 1420 2805 1476 victima
2852 1431 3203 1478 commutata.
3256 1421 3386 1479 Cum
3428 1434 3559 1485 tanta
3598 1428 3745 1484 latitia

2226 1514 2449 1569 arietem
2482 1513 2697 1580 obtulit,
2727 1529 2851 1569 cum
2876 1525 3078 1586 quanta
3105 1516 3374 1572 obtulerat
3399 1529 3452 1574 et
3478 1520 3656 1574 lilium:
3684 1524 3749 1577 ιιὶιι

2224 1608 2369 1667 enim
2401 1607 2535 1662 fides
2554 1607 2672 1675 fuit,
2704 1625 2810 1663 non
2830 1618 2947 1663 erat
2970 1609 3147 1665 dolor.
3179 1609 3238 1664 In
3266 1610 3355 1664 illo
3381 1612 3620 1667 sacriﬁcio
3636 1615 3750 1669 solus

2228 1700 2371 1755 Deus
2407 1699 2609 1764 doluit,
2643 1699 2767 1770 quia
2797 1698 2957 1754 aliam
2991 1699 3262 1756 victimam
3295 1706 3619 1771 procuravit:
3656 1722 3752 1760 nam

511 1791 754 1851 Lanatus
788 1806 876 1853 ert
909 1812 1036 1867 puer
1072 1809 1224 1867 patre
1250 1798 1430 1865 ﬁdele,
1465 1799 1580 1867 ipse
1614 1812 1833 1869 quoque
1860 1796 2112 1852 ﬁdelior:
2144 1796 2192 1858 Β
2220 1794 2492 1849 Abraham
2522 1808 2645 1849 cum
2686 1792 2801 1849 filio
2841 1796 2920 1849 sic
2964 1795 3226 1865 probatus
3252 1813 3282 1851 a
3314 1796 3423 1852 Deo
3455 1807 3558 1866 est,
3586 1808 3637 1859 ut
3670 1815 3751 1856 non
3836 1852 3841 1857 .

510 1904 615 1945 nec
657 1892 943 1946 recusabat
988 1902 1243 1955 mortem,
1272 1905 1433 1961 quam
1486 1892 1648 1958 Deus,
1693 1891 1785 1961 qui
1828 1890 1991 1944 vitam
2022 1891 2117 1946 de-

509 1980 686 2048 derat,
738 1983 1059 2053 imperabat.
1112 1984 1348 2039 Ltl'laltll'
1388 1993 1540 2055 pater
1583 1984 1696 2038 ﬁlio
1726 1999 1943 2054 quoque
1983 1998 2117 2054 gau-

510 2078 697 2144 dente,
727 2090 783 2135 et
810 2094 938 2134 cum
965 2078 1164 2150 gaudio
1205 2080 1350 2135 unici
1396 2080 1638 2150 pignoris
1672 2079 1861 2149 alligat
1890 2092 2111 2145 manus,

509 2185 646 2240 quas
677 2172 768 2228 ille
815 2172 1128 2228 vinciendas
1171 2173 1427 2228 libentius
1454 2172 1633 2229 offert.
1687 2172 1857 2228 Pedes
1898 2188 2115 2243 quoque

508 2266 853 2336 constringit,
916 2281 982 2321 ne
1037 2267 1089 2320 in
1137 2266 1285 2321 exitu
1344 2266 1533 2321 mortis
1586 2266 1851 2321 concitata
1897 2266 2111 2321 victima

508 2361 820 2417 calcitraret
850 2380 863 2417 :
903 2376 1131 2417 securus
1162 2362 1309 2416 enim
1339 2372 1498 2431 pater
1536 2361 1776 2432 Optimus
1803 2342 2011 2425 timuit,
2046 2374 2113 2415 ue

509 2454 686 2510 dolori
727 2454 932 2525 aliquid
967 2453 1156 2510 liceret
1180 2455 1235 2509 in
1265 2463 1518 2509 mortem.

578 2546 665 2601 111.
689 2545 756 2613 0,
789 2546 904 2620 (14)
938 2550 1154 2612 fratres.
1187 2561 1377 2603 secura
1408 2545 1664 2602 devotio!
1695 2542 1741 2602 Ο
1768 2552 1923 2616 pater
1951 2542 2114 2614 spiri-

508 2652 621 2699 tuni
651 2655 913 2717 captans:
945 2659 1144 2714 corpus
1174 2657 1305 2699 vero
1344 2653 1683 2714 mortemque
1708 2650 2065 2697 contemnens
2092 2639 2105 2694 l

503 2737 567 2793 0.
602 2739 693 2809 qui
733 2755 950 2795 servum
1005 2739 1213 2794 ltomini
1263 2738 1337 2793 ita
1384 2752 1446 2793 se
1487 2752 1611 2793 esse
1654 2738 2001 2802 meminerat,
2052 2744 2110 2812 ut

504 2840 718 2902 patrem
759 2845 820 2887 se
860 2847 984 2887 esse
1022 2831 1278 2887 nesciret.
1311 2830 1451 2897 Quid
1495 2842 1578 2884 cst
1607 2839 1760 2898 pater
1786 2829 1811 2882 ’ί
1838 2830 1976 2884 Ecce
2006 2828 2109 2884 sub

503 2925 678 2981 oculis
699 2924 845 2993 jacet
866 2924 1009 2978 ﬁlius
1030 2923 1258 2997 vinculis
1288 2923 1598 2978 adetrictus.
1636 2922 1735 2978 Ubi
1767 2932 1892 2976 sunt
1924 2921 2103 2993 larry-

505 3018 651 3072 uite?
700 3017 788 3072 ubi
837 3017 1014 3083 dolor,
1068 3017 1159 3086 qui
1206 3016 1257 3069 in
1303 3014 1555 3068 humanis
1603 3013 1854 3068 sensibus
1898 3013 2106 3068 versari

501 3111 830 3167 consuevit?
860 3111 915 3166 lu
959 3112 1122 3166 tantis
1165 3110 1256 3164 lilii
1284 3109 1499 3165 casibus
1534 3109 1752 3164 laetatur
1787 3119 1839 3163 et
1869 3109 2102 3179 gaudet;

500 3215 556 3260 et
587 3218 647 3260 se
677 3204 962 3260 Dominum
994 3202 1355 3274 promeruisse
1388 3201 1702 3272 triumphat.
1747 3201 1968 3271 Accepit
1988 3199 2102 3271 jam
2131 3191 2177 3255 C

498 3391 669 3473 textui
692 3391 848 3515 pen:
869 3390 1217 3448 inserendum
1243 3390 1364 3446 fuit.
1402 3390 1593 3445 Postea
1621 3389 1800 3445 uidebo
1825 3403 1921 3461 pro
1942 3389 2102 3462 jubeo

500 3479 554 3515 ιιι
587 3480 691 3515 IIIS.
774 3478 804 3515 a
836 3503 849 3515 .

500 3463 554 3519 in
587 3480 691 3520 ms.
728 3463 849 3518 Vat.

572 3532 688 3607 (11)
725 3535 857 3590 Mala
887 3535 1321 3605 iuterpunctionc
1363 3542 1420 3591 et
1455 3542 1644 3607 aperto
1674 3548 1863 3607 errore
1903 3542 2011 3586 tum
2045 3533 2098 3587 in

498 3605 703 3676 aliquot
735 3621 838 3661 ms.
872 3616 982 3660 tum
1011 3608 1062 3660 in
1089 3607 1249 3662 editis
1282 3618 1396 3662 erat
1428 3624 1440 3660 :
1477 3605 1553 3661 De
1590 3607 1700 3673 ﬁlio
1730 3605 1899 3676 hostio
1937 3620 2097 3676 prirn-

498 3674 649 3730 batur
676 3678 885 3748 festina.
924 3676 1177 3748 Denique,
1218 3688 1323 3733 etc.
1356 3678 1410 3733 In
1445 3693 1576 3732 mss.
1602 3677 1722 3748 Tol.
1757 3688 1809 3732 et
1840 3674 1974 3731 Urb.
2021 3674 2098 3730 De

498 3749 611 3823 [ilia
667 3746 888 3823 hostium
944 3746 1081 3822 ραι-ιι
1123 3752 1354 3823 festina:
1406 3751 1458 3803 in
1513 3749 1626 3823 Vat.
1672 3746 1921 3823 _De_ﬁlio
1979 3748 2098 3802 Itas-

499 3821 626 3877 tiam
671 3836 800 3887 para
842 3819 1028 3889 festina
1057 3837 1075 3874 :
1111 3819 1204 3877 sed
1238 3822 1376 3876 male
1422 3821 1622 3876 omnia.
1672 3819 1749 3873 Ex
1781 3819 1864 3873 bis
1914 3827 2093 3875 tamen

495 3891 747 3947 omnibus
780 3892 1066 3947 lectionem
1101 3903 1277 3964 textus
1320 3890 1713 3964 compegimus,
1747 3907 1865 3962 qum
1897 3892 2097 3960 mquio-

496 3979 611 4020 rem
638 3963 961 4019 sententiam
995 3963 1231 4032 prmfert.

570 4034 843 4107 (l2)llanc
862 4036 1182 4107 scripturam
1206 4035 1491 4107 sententi-.1:
1517 4032 1943 4090 commodiorem
1972 4047 2099 4104 sug-

494 4104 672 4177 geSsit'
712 4106 808 4162 Ms.
860 4104 987 4161 Vat.
1017 4120 1139 4161 cum
1192 4105 1315 4161 alibi
1364 4115 1486 4175 post
1533 4118 1797 4179 peccatum
1824 4117 2095 4179 enminate

495 4187 764 4248 Signatum
806 4180 1095 4248 legeretur,
1134 4180 1443 4233 necessariis‘
1478 4177 1814 4232 sacramentis
1859 4177 2095 4247 protinus

492 4261 856 4374 [imparatum
902 4250 1047 4320 quod
1088 4251 1187 4305 etsi
1231 4251 1299 4305 tie
1329 4249 1597 4305 sacrificio
1629 4249 1849 4319 intelligi
1892 4259 2090 4316 queat,

544 4321 869 4374 ennnianum
896 4331 1074 4374 tamen
1095 4321 1367 4374 inueniunt
1387 4323 1927 4374 nersn‘cuitatcmnuc
1949 4320 2090 4374 edita

544 4321 869 4374 enunianum
896 4331 1074 4376 tamen
1095 4321 1367 4392 ingenium
1387 4323 1927 4392 perspcuitatcmquc
1949 4320 2093 4375 edita

499 4392 660 4447 lectio
697 4393 925 4446 vividius
972 4393 1212 4448 exhibet.
1245 4392 1617 4461 Prwparantnr
1650 4393 1777 4447 item
1818 4393 2009 4459 legitur
2040 4393 2090 4446 in

497 4480 601 4518 ius.
628 4462 823 4528 Rem;
860 4466 910 4520 in
957 4465 1194 4521 editione
1234 4472 1413 4519 autem
1463 4463 1596 4520 Ven.
1633 4480 1665 4518 ιι
1710 4474 1915 4517 mutato
1953 4464 2003 4516 in
2038 4479 2094 4518 re

499 4545 898 4604 praeparantur.
934 4536 1101 4591 Porro
1126 4537 1432 4591 sacramenti
1451 4551 1550 4590 Vox
1579 4534 1720 4604 apud
1760 4535 2090 4591 christianos

2220 1887 2522 1957 postulans,
2556 1885 2984 1941 misericordiam
3016 1898 3343 1945 mereretur.

2290 1979 2375 2034 IV.
2419 1979 2703 2035 Videamus
2723 2023 2738 2049 ,
2771 1982 2961 2035 fratres
2986 1980 3364 2055 dilectissimi,
3395 1983 3520 2056 legis
3553 1999 3740 2041 arcana:

2216 2082 2273 2130 et
2298 2072 2632 2128 intellectum
2664 2071 2827 2129 altius
2858 2068 3219 2144 proferamus.
3269 2077 3530 2134 Abraham
3554 2080 3641 2136 sub
3666 2079 3757 2151 lege

2217 2182 2322 2223 non
2353 2179 2492 2232 erat,
2519 2166 2614 2223 sed
2648 2167 2822 2239 legem
2851 2168 3000 2225 solus
3033 2170 3314 2240 implevit;
3342 2180 3396 2228 et
3418 2176 3503 2242 qui
3526 2173 3757 2241 nullojure

2216 2260 2328 2332 (18)
2356 2261 2487 2332 legis
2509 2260 2819 2328 tenebatur,
2846 2270 3007 2318 omne
3026 2263 3115 2335 jus
3134 2265 3376 2322 divinum
3403 2267 3650 2337 precipue
3666 2283 3760 2325 cus-

2217 2352 2417 2409 todivit
2469 2372 2481 2408 :
2530 2354 2687 2423 cujus
2728 2354 3103 2412 immolatione
3149 2358 3245 2415 ille
3280 2375 3489 2430 quoque
3511 2361 3758 2431 gauderet,

2213 2446 2310 2517 qui
2336 2446 2401 2500 ad
2424 2446 2694 2501 victimam
2710 2448 3019 2517 parabatur.
3038 2450 3196 2507 Aries
3227 2452 3467 2509 haerebat
3492 2454 3541 2508 in
3566 2453 3668 2523 (lii)
3688 2468 3762 2509 ve-

2176 2538 2181 2543 ’
2215 2556 2309 2611 pre
2333 2582 2348 2607 ,
2381 2540 2672 2611 implicitus
2694 2540 2867 2610 spinis
2884 2583 2899 2609 ,
2929 2543 3104 2611 capite
3129 2543 3420 2617 obligatus.
3467 2545 3557 2602 llic
3580 2554 3670 2612 eat,
3691 2546 3763 2617 qui

2216 2651 2315 2707 pro
2343 2635 2492 2692 Isaae
2523 2636 2834 2691 immolatus
2861 2645 2946 2691 est
2970 2636 3101 2693 Deo.
3135 2638 3295 2697 Hunc
3310 2639 3495 2698 obtulit
3512 2636 3764 2697 Abraham:

2214 2729 2361 2785 hune
2387 2728 2570 2800 jussus
2598 2739 2686 2785 est
2706 2729 3009 2786 immolare.

2649 2899 2809 2973 ιτα
2834 2897 3255 2963 TRACTATUS
3295 2899 3387 2957 χι.

2523 3039 2603 3096 De
2634 3042 2893 3098 Abraham
2926 3043 2989 3100 ll.
3025 3042 3277 3114 (Initium
3309 3043 3495 3115 deest.)

2286 3202 2345 3274 1.,
2378 3200 2498 3258 Non
2555 3201 2632 3274 (1)
2689 3202 2835 3259 enim
2892 3210 3164 3274 precepto
3226 3170 3507 3275 virginitas
3550 3214 3768 3273 provoca-

2281 3390 2397 3462 (l5)
2430 3390 2525 3445 Ms.
2553 3390 2770 3462 Pomp.,
2792 3389 2950 3447 Deus.

2207 3460 2406 3587 (uigili?)
2426 3460 2781 3566 S'paraverius
2815 3462 3105 3536 legendum
3139 3474 3299 3536 putat
3328 3483 3343 3522 :
3381 3465 3427 3519 0
3449 3464 3600 3536 patris
3625 3478 3771 3517 secum

2244 3545 2406 3587 OvOIiO
2435 3545 2446 3587 .'

2275 3605 2393 3676 (15)
2425 3604 2481 3660 lu
2515 3604 2676 3660 editis
2704 3614 2758 3660 et
2790 3605 2974 3674 paucis
3004 3622 3159 3665 mss.
3198 3608 3381 3662 divina
3401 3607 3595 3662 etenim.

2276 3677 2393 3749 (ili)
2426 3676 2554 3749 Enni
2588 3679 2870 3741 victimam,
2906 3679 3121 3732 in'mss.
3150 3679 3372 3749 Pomp.,
3406 3679 3534 3736 Zeu.
3566 3688 3613 3734 et
3643 3677 3747 3734 Urb.

2282 3748 2397 3820 (17)
2434 3748 2497 3820 [it
2520 3750 2757 3803 additum
2787 3749 3068 3820 QXfOtiiCe
3098 3749 3296 3820 Pomp.

2282 3818 2330 3889 (l
2344 3818 2399 3893 tl)
2427 3818 2675 3893 Notauda
2704 3820 2819 3875 hate
2848 3818 3082 3892 duplicis
3107 3818 3254 3892 juris
3280 3824 3557 3878 distinctio
3582 3821 3707 3893 legis.
3730 3829 3771 3874 ct

2202 3890 2395 3967 divini._
2414 3891 2511 3947 Jus
2536 3890 2660 3967 legis
2693 3901 2914 3946 vocatur
2930 3890 3018 3967 jus
3039 3890 3334 3967 scriptum,
3357 3896 3505 3967 quod,
3524 3890 3643 3949 cuni
3661 3906 3771 3967 nun-

2202 3963 2331 4017 dnm
2365 3962 2547 4016 datum
2579 3962 2790 4027 fuisset,
2822 3978 2889 4016 eo
2914 3960 3188 4019 Abraham
3222 3983 3335 4021 non
3372 3960 3641 4021 ienebatur
3663 3980 3675 4017 :
3701 3960 3771 4032 ius

2202 4046 2379 4090 autem
2428 4034 2654 4088 diuinum
2704 4034 3019 4101 intelligitur
3064 4036 3150 4090 lex
3194 4038 3502 4101 naturalis,
3547 4045 3773 4106 quatenus

2207 4106 2315 4179 Deo
2372 4107 2702 4179 pnrcipienti
2761 4098 2982 4179 obedire
3033 4122 3143 4176 prae
3198 4109 3460 4165 omnibus
3490 4098 3687 4179 'jubelt,
3727 4114 3773 4159 ῦῑ
3822 4098 3831 4109 ’

2201 4176 2342 4232 hanc
2376 4176 2714 4244 potissimum
2758 4177 3030 4232 Abraham
3070 4182 3387 4234 custodisse
3420 4176 3626 4235 dicitur.
3671 4177 3773 4231 Post

2200 4247 2473 4303 custodiuit
2506 4265 2607 4303 ms.
2644 4249 2761 4304 Vat.
2799 4258 2843 4301 et
2865 4251 3013 4319 cujus
3034 4250 3412 4305 immolationis
3437 4253 3539 4310 ille.
3565 4261 3656 4306 etc.
3684 4248 3769 4319 lut-

2200 4320 2421 4375 niolatio
2449 4335 2612 4390 porro
2644 4320 2764 4375 hcie
2792 4317 2967 4375 active
2993 4324 3265 4387 sumitur,
3301 4332 3359 4377 et
3390 4323 3611 4377 Alirahze
3633 4317 3773 4374 actia-

2199 4407 2321 4447 nem
2345 4406 2412 4465 ac
2440 4392 2777 4465 sacriﬁcium
2800 4392 3063 4465 signiﬁcat
3093 4407 3108 4456 ;
3141 4404 3197 4448 et
3231 4395 3338 4449 hac
3368 4397 3484 4465 ipsa
3518 4393 3669 4464 patn‘s
3688 4394 3772 4442 vir-

2200 4463 2477 4587 tutgﬁlius
2509 4464 2623 4537 ipse
2646 4506 2661 4529 ,
2690 4464 2782 4534 qui
2825 4463 2892 4518 ad
2925 4463 3199 4520 victimam
3230 4463 3557 4539 petebatur,
3584 4464 3769 4536 gavisus

2200 4543 2274 4587 Ira
2321 4544 2444 4587 itur.

2197 4535 2444 4589 traditur.

495 4617 744 4691 auctores
799 4611 997 4675 passim
1050 4624 1145 4691 pro
1198 4608 1442 4691 mystcrio
1479 4607 1761 4691 accipitur,
1805 4616 1860 4661 ut
1908 4606 2089 4675 plures

2266 4604 2381 4691 (l9)
2416 4606 2750 4688 lletinnimus
2783 4606 3228 4691 mss.’l‘ol.;Urb.
3260 4619 3317 4665 et
3347 4611 3533 4681 prima:
3552 4605 3771 4691 editionis

493 4678 603 4748 jam
654 4677 1033 4753 observarunt.
1080 4678 1172 4734 Sic
1200 4677 1344 4753 quod
1383 4677 1680 4753 Zeno__beic
1717 4686 2091 4753 sacramentum

495 4760 651 4805 vocat
672 4791 687 4816 ,
724 4749 846 4818 post
874 4764 1041 4818 pauca
1071 4752 1368 4821 mysterium
1395 4750 1626 4819 appellat
1659 4768 1670 4803 :
1705 4749 1859 4803 Omni
1902 4759 2092 4819 myste-

493 4822 575 4877 rio
604 4822 961 4892 sacriﬁcioque
993 4820 1261 4891 disposito.
1295 4820 1557 4876 Similiter
1599 4829 1755 4876 tract.
1806 4822 1894 4889 12,
1937 4835 2088 4883 num,

480 4893 548 4958 '3,
575 4894 895 4967 mysterium
950 4893 1168 4967 ternarii
1219 4892 1427 4967 numeri
1471 4904 1843 4967 sacramentum
1894 4893 2092 4967 numeri

494 4962 796 5034 nuncupat,
840 4977 894 5021 et
929 4963 1059 5020 alibi
1106 4964 1326 5033 passim.
1372 4962 1681 5034 Mysterium
1734 4975 1914 5018 autem
1971 4963 2091 5034 beic

496 5033 844 5108 intelligimus
890 5036 974 5105 id,
1022 5035 1163 5108 quod
1182 5033 1981 5108 Amystice'aliquidgsigniﬁcat;
2014 5033 2088 5089 uti

496 5121 627 5163 ςαετθ
680 5106 978 5190 ᾖψδῑῇοειιη
1013 5106 1476 5190 _signilica‘t_ion‘e_m
1520 5106 1884 5190 _contineba_nt
1910 5120 2085 5190 "quae:

494 5194 726 5250 cumque
752 5175 806 5233 in
844 5175 1215 5233 immolatione
1244 5176 1339 5233 ﬁlii
1369 5177 1641 5231 Abraham
1690 5178 1875 5246 gessit.
1910 5175 2082 5231 Simili

493 5250 760 5305 sententia
788 5260 1131 5316 sacramenta,
1159 5250 1209 5303 id
1234 5256 1317 5304 est
1346 5250 1628 5320 mysteria,
1651 5263 1939 5320 munerum,
1962 5263 2084 5316 qua:

493 5320 629 5394 Magi
674 5321 891 5394 Christo
927 5331 1054 5394 nato
1084 5319 1680 5394 obtulerincippellavit
1730 5319 2083 5394 ljieronymus

492 5393 544 5448 in
583 5388 710 5466 cap.
749 5409 787 5449 ιι
820 5393 1008 5466 Matth.
1058 5408 1110 5458 v,
1143 5392 1231 5447 11.
1265 5388 1489 5466 Etine.
1540 5406 1706 5454 xxvii,
1737 5388 1829 5466 2],
1853 5388 2081 5466 loquens

489 5468 557 5520 de
582 5461 689 5531 bis,
714 5482 832 5534 qua:
873 5464 1091 5520 Christo
1129 5478 1158 5517 a
1187 5463 1527 5517 militibusin
1562 5461 1817 5534 [irmtorio
1845 5462 2080 5534 obvene-

487 5547 643 5603 runt,
705 5532 986 5609 postquam
1038 5536 1288 5609 tuonuit,
1338 5535 1449 5589 Iure
1501 5533 1674 5609 omnia
1731 5532 2079 5609 intelligamus

483 5603 721 5679 mystice;
754 5603 937 5664 subdit
968 5627 979 5662 :
1030 5605 1126 5660 Isti
1155 5621 1485 5679 qtttecumque
1529 5607 1787 5677 fecerunt,
1832 5603 2081 5679 licet-alia

483 5675 652 5734 incute
675 5681 911 5754 fecerint,
940 5675 1216 5754 nobis,qui
1244 5675 1889 5754 credimus,‘sacrmnenta,
1922 5675 1970 5730 id
1996 5684 2082 5754 est

486 5747 713 5820 mystice
738 5747 1167 5823 interpretanda,
1200 5750 1552 5823 tradiderunt,
1585 5756 1639 5802 et
1678 5747 2081 5823 interpretatio-

386 5876 389 5879 .
488 5816 609 5875 ιιιίιι
636 5820 852 5894 quidem
884 5816 1165 5893 mysticam
1192 5821 1489 5893 subiiciens
1515 5816 1879 5893 prosequitur.

2199 4674 2529 4741 lectionem,
2580 4680 2777 4749 quippe
2826 4691 2943 4748 quae
2994 4695 3116 4733 cum
3157 4674 3453 4737 Geneseos
3497 4674 3770 4736 testimmiio

2199 4750 2368 4818 magis
2402 4752 2688 4817 congruit,
2721 4751 2810 4803 ubi
2837 4764 2957 4819 cap.
2988 4766 3128 4815 χχιι,
3177 4768 3330 4808 vers.
3367 4754 3467 4817 15,
3510 4751 3642 4807 aries
3665 4750 3773 4803 inter

2197 4835 2373 4886 uepres
2412 4821 2481 4875 ab
2508 4819 2780 4877 Abraham
2824 4820 3075 4876 iuventus
3126 4826 3389 4880 traditur.
3432 4822 3593 4880 Favet
3636 4821 3769 4876 etiam

2198 4891 2356 4965 lectio
2388 4909 2488 4965 nis.
2526 4893 2678 4965 Item.
2713 4892 2800 4946 ubi
2837 4892 3001 4965 _verbe
3049 4908 3148 4964 pro
3176 4911 3338 4965 vepre
3366 4897 3643 4957 scribitur;
3672 4887 3771 4965 nsi

2193 4958 2334 5016 forte
2378 4963 2547 5017 verbes
2596 4964 2702 5016 sint
2746 4962 2971 5018 verbena:
3016 4958 3251 5034 species
3283 4968 3542 5033 vepribus
3569 4963 3769 5023 similis;

2196 5048 2318 5088 nam
2344 5033 2686 5106 uerbena‘non
2715 5044 2819 5088 tam
2852 5033 3160 5105 virgultum,
3196 5053 3371 5106 quam
3401 5053 3578 5093 ramos
3608 5045 3771 5089 omnes

2197 5106 2493 5179 universim
2522 5104 2785 5179 significat
2812 5146 2826 5171 ,
2876 5104 3145 5163 utvidcrc
3180 5104 3347 5179 potes
3375 5109 3520 5176 apud
3546 5106 3773 5179 Basiliam

2195 5174 2426 5251 Fabriun
2482 5178 2531 5231 in
2565 5175 2847 5251 'l‘ltesauro
2886 5180 3117 5251 antiquit
3260 5174 3428 5236 “'55.
3481 5181 3582 5238 Sed
3628 5176 3772 5231 tertias

2193 5249 2379 5302 nnllibi
2416 5249 2593 5319 legere
2625 5249 2916 5317 potuimus.
2946 5249 3125 5304 Editio
3146 5249 3339 5307 autem
3366 5253 3498 5308 Ver.
3522 5259 3575 5307 ct
3595 5251 3772 5318 aliquot

2190 5319 2317 5398 item
2349 5334 2476 5374 mss.
2512 5319 2710 5398 habent
2736 5336 2859 5375 ενιιο
2880 5336 3061 5398 ,Διιιιιε
3107 5333 3192 5378 est
3212 5326 3523 5398 leguminis
3548 5322 3736 5398 species
3756 5357 3768 5379 .

2191 5390 2386 5444 bovum
2420 5392 2719 5461 praasertim
2755 5393 2925 5461 pastui
2962 5390 3308 5458 commoda:
3337 5408 3397 5450 ut
3423 5390 3645 5451 Plinius.
3686 5390 3766 5461 lib.

2193 5460 2497 5539 suntcap.
2647 5471 2704 5518 et
2726 5460 3048 5532 Columella,
3082 5463 3283 5539 lih.vt,
3320 5482 3446 5539 cap.
3474 5466 3532 5535 2,
3563 5460 3773 5522 tradide-

2187 5546 2246 5586 re
2278 5549 2290 5585 :
2323 5533 2372 5587 id
2401 5533 2541 5603 quod
2568 5532 2620 5586 in
2651 5550 2763 5589 rem
2798 5545 3036 5590 nostram
3071 5536 3207 5591 nihil
3242 5532 3487 5594 confert.

2258 5604 2458 5660 Tutor.
2484 5603 2735 5676 XL—(i)
2755 5607 2896 5661 Inter
2917 5622 3107 5663 omnes
3124 5606 3647 5666 Zenonistracmtus
3670 5603 3775 5659 nul-

2187 5674 2268 5729 lus
2282 5677 2381 5729 hoc
2397 5674 2726 5749 corruptior,
2738 5677 2917 5733 nullus
2929 5679 3225 5749 cmendatu
3250 5682 3537 5740 difﬁcilior
3550 5684 3774 5737 inventus

2185 5755 2288 5811 est;
2313 5750 2510 5822 quippe
2532 5749 2617 5803 cui
2641 5750 2994 5822 manuscriptl
3021 5750 3139 5806 libri
3169 5752 3470 5809 minimum
3501 5752 3772 5822 suﬂ'mgau-

2188 5827 2292 5872 tur.
2325 5819 2457 5875 Cum
2490 5834 2652 5890 porro
2677 5819 2796 5878 sine
2834 5819 3157 5878 auctoritate
3205 5825 3467 5883 codicum
3508 5827 3561 5881 in
3591 5819 3773 5881 tritum
