3926 6328
191 282 270 348 ιιι

1305 274 1510 337 LIBER
1531 274 1598 337 il.
1641 275 2060 338 TRAC'I'A'I'US
2099 278 2238 336 Xlll.

3323 272 3437 333 «156

188 395 270 452 duli
291 391 680 459 desertoresque
709 387 1025 459 puniuntur.
1057 386 1206 443 Hanc
1234 389 1398 445 Isaias
1424 391 1476 443 in
1506 389 1724 446 modum
1752 398 1802 458 Α
1830 392 2092 446 scribunt.
2127 391 2205 464 (9)
2233 390 2364 458 Qure
2393 392 2509 445 sine
2551 403 2611 445 se
2651 387 2799 444 utilia
2843 401 2964 444 esse
3008 401 3117 444 non
3149 399 3375 460 possunt
3417 410 3430 444 :

188 485 358 554 forcipis
386 482 512 536 vidit
531 479 632 552 (ιε.
658 495 736 544 vt,
761 482 818 546 ti)
847 497 860 533 :
897 479 976 553 (7)
1008 479 1212 550 quibus
1241 479 1308 535 ad
1334 480 1619 537 conﬂanda
1648 481 1730 536 la-

187 581 250 635 liia
275 575 518 647 inquinata
551 573 620 628 ab
652 588 762 628 uno
790 572 860 628 dc
887 573 1178 646 Seraphint
1207 589 1270 628 ex
1311 590 1400 628 ara
1428 575 1519 629 Dei
1551 574 1735 629 subla-

187 684 272 728 tum
305 670 576 724 carbonem
614 667 960 724 vaticinando
1001 667 1293 737 perhibuit.
1334 669 1488 741 187
1520 669 1734 725 Etenim

185 766 293 821 labia
317 762 576 831 inquinata
607 760 744 816 duos
775 761 1004 830 populos
1030 759 1342 815 Judteorum
1373 760 1736 830 Gentiumque

188 858 394 914 debemus
431 853 677 924 accipere
710 871 723 906 :
768 853 1014 925 quicum
1055 862 1244 908 essent
1284 854 1572 910 anterioris
1612 855 1738 910 vita:

186 951 458 1006 facinoribus
491 948 754 1019 inquinati
780 963 795 1011 ;
833 962 974 1002 unus
1002 944 1280 1002 Christum
1311 947 1740 1018 blasphemando

186 1057 311 1114 atque
332 1042 713 1113 persequendo,
747 1041 890 1096 alios
911 1039 1044 1096 deos
1072 1040 1393 1106 asserenda,
1417 1053 1579 1111 atque
1607 1041 1734 1096 alio.

186 1139 390 1194 minaiida
413 1137 668 1206 figmenta
712 1133 946 1190 colendo
972 1176 986 1201 ,
1029 1143 1177 1189 tactu
1203 1134 1457 1190 carbonis
1489 1135 1542 1188 in
1573 1150 1742 1189 unum

184 1231 396 1302 populum
431 1244 530 1298 per
564 1227 968 1284 eontessionem
998 1226 1236 1281 nominis
1263 1223 1464 1280 Christi
1506 1240 1741 1281 noscun-

184 1335 364 1380 turesse
378 1321 614 1381 conﬂati.
642 1320 861 1378 Etenim
880 1320 1135 1375 collatio
1156 1329 1211 1374 et
1232 1319 1520 1389 puritatem
1548 1319 1629 1388 (8)
1649 1319 1745 1373 de-

184 1419 340 1488 signat,
365 1427 415 1472 et
443 1415 706 1472 unitatem
735 1429 749 1468 :
779 1413 944 1469 carbo
969 1412 1116 1470 enim
1137 1413 1363 1469 verbum
1391 1412 1490 1467 Dei
1513 1420 1616 1477 est,
1649 1427 1742 1468 ara

182 1511 268 1576 lci,
293 1510 497 1580 forceps
521 1509 630 1565 duo
655 1507 1027 1576 Testameta,
1056 1522 1176 1578 quae
1197 1507 1483 1564 credentes
1516 1517 1741 1575 tenent,

183 1619 267 1660 non
296 1602 570 1659 credentes
598 1599 865 1658 incidunt.

235 1696 290 1750 ll.
329 1695 428 1753 Sed
473 1706 532 1751 et
573 1693 742 1750 David
782 1692 925 1750 hunc
970 1691 1246 1748 calamum
1294 1691 1624 1760 nuncupavit
1665 1690 1746 1745 di-

1834 487 1956 556 quia
1990 487 2157 542 veteri
2189 486 2327 541 sicut
2356 501 2552 540 novum
2594 493 2809 555 priestat
2839 483 3023 552 ﬁdem,
3062 484 3134 539 ita
3165 499 3305 540 novo
3334 500 3431 540 ve-

1835 586 1922 632 tus
1949 577 2193 646 perhibet
2219 580 2585 634 testimoiiium
2614 597 2626 630 τ
2654 579 2792 632 sicut
2820 576 3078 648 scriptum
3105 585 3188 632 est
3221 595 3234 630 :
3264 577 3435 633 Semel

1835 671 2038 726 locutus
2066 682 2138 726 est
2165 671 2420 726 Dominus
2455 687 2472 726 :
2500 683 2544 725 et
2572 670 2682 726 lucc
2722 670 2826 723 duo
2853 670 3140 724 audiuimus
3173 667 3292 740 (Ps.
3316 684 3428 735 Litt,

1839 764 1952 832 η).
1989 763 2094 821 Sed
2138 775 2188 819 et
2223 765 2482 819 Dominus
2515 764 2629 834 ipse
2668 763 2722 818 in
2753 763 3047 834 Evangelio
3087 763 3227 818 hanc
3255 762 3440 832 expri-

1838 855 1936 911 mit
1968 857 2227 913 ratiouem
2251 900 2266 924 ,
2309 857 2497 913 dicens
2547 855 2613 911 ad
2646 856 2861 912 Petrum
2901 874 2914 911 ε
2957 855 3105 910 Hine
3134 856 3343 910 Itaan
3381 854 3438 908 in

1840 968 1980 1006 mare
2007 968 2027 1006 :
2053 961 2101 1006 et
2143 953 2371 1021 piscem,
2415 952 2501 1020 qui
2541 952 2737 1020 primus
2767 949 3089 1005 adscenderit
3113 991 3128 1015 ,
3177 949 3299 1004 tolle
3323 989 3338 1013 ,
3388 953 3439 1000 et

1841 1052 2019 1113 operto
2044 1059 2130 1099 ore
2143 1045 2253 1114 ejus
2269 1044 2385 1114 (10)
2402 1045 2625 1098 invenies
2650 1043 2776 1098 duos
2791 1043 3027 1097 denarios
3045 1086 3058 1110 ,
3074 1042 3140 1096 da
3167 1057 3262 1114 pro
3289 1057 3370 1095 me
3390 1049 3437 1094 et

1843 1137 2107 1211 “(Malm
2135 1153 2246 1194 xvii
2264 1181 2277 1204 ,
2299 1138 2414 1211 9.5).
2432 1138 2644 1193 Piscem
2668 1138 2900 1208 primum
2921 1152 2952 1191 a
2975 1135 3203 1192 mortuis
3214 1136 3444 1190 adscen-

1845 1230 2061 1284 dentem
2090 1230 2362 1285 Christum
2395 1229 2555 1302 188
2581 1229 2844 1285 debemus
2871 1229 3120 1300 accipere
3151 1248 3162 1281 :
3194 1228 3345 1298 cujus
3368 1242 3438 1280 ex

1845 1337 1942 1378 ore
1967 1322 2078 1378 duo
2099 1322 2344 1389 denarii,
2376 1323 2426 1377 id
2453 1334 2534 1379 est
2562 1322 2671 1378 duo
2689 1322 3037 1378 Testamenta
3058 1320 3264 1392 prolata
3295 1329 3442 1388 sunt,

1845 1434 1966 1490 qua:
1996 1419 2154 1476 saluti
2184 1433 2306 1474 cunt
2333 1417 2545 1473 Domini
2573 1417 2766 1489 gloria,
2796 1427 2850 1472 et
2877 1417 3019 1473 Petri
3052 1415 3332 1484 felicitate,
3362 1425 3450 1470 ut-

1849 1520 1978 1582 pote
2020 1525 2184 1580 super
2225 1524 2388 1582 quem
2416 1510 2711 1566 aediﬁcavit
2740 1509 3038 1564 Ecclesiam
3060 1552 3074 1577 ,
3109 1507 3322 1564 duobus
3353 1523 3448 1578 po-

1852 1603 1994 1674 pulis
2023 1605 2386 1675 profecerunt.
2420 1603 2565 1658 Mare
2597 1613 2774 1656 autem
2803 1600 3062 1656 mundum
3089 1602 3446 1672 significasse,

1851 1712 1960 1752 non
1983 1698 2206 1752 dubium
2244 1707 2348 1752 est.
2383 1695 2613 1753 ﬂamum
2639 1710 2776 1751 vero
2811 1695 3248 1766 praedicationem
3276 1737 3290 1761 ,
3323 1693 3450 1764 quia

182 1803 285 1844 cens
318 1806 331 1840 :
369 1786 576 1860 Lingua
603 1801 714 1840 mea
740 1785 970 1840 calam“!
1009 1782 1192 1839 σοι’ὶδω
1215 1783 1456 1838 υθιωὶιεν
1480 1782 1748 1838 man
1777 1804 1828 1866 ῃ
1854 1791 1992 1848 sicut
2022 1791 2214 1847 hamus
2242 1791 2444 1846 missus
2467 1791 2518 1846 in
2542 1805 2692 1846 mare
2721 1797 2954 1844 mortem
2983 1787 3146 1858 piscis
3175 1785 3448 1852 ostendit;

181 1882 274 1954 (Ps.
311 1898 444 1946 ων,
474 1883 559 1950 Ξ).
593 1879 852 1937 Calamus
877 1879 1036 1934 fissus
1076 1887 1160 1934 cst
1184 1921 1198 1944 ,
1232 1879 1427 1934 fratres
1451 1919 1466 1945 ,
1498 1879 1745 1950 duosque

182 1979 372 2034 vertices
405 1978 549 2047 gerit
590 1976 644 2030 in
673 1977 833 2030 unius
868 1972 1131 2028 acuminis
1159 1974 1420 2028 tenuitate
1460 1972 1702 2044 digestos
1726 2016 1741 2038 ,

182 2085 312 2124 uitam
350 2069 588 2124 litteram
610 2074 844 2137 utroque
867 2066 1160 2120 conﬁciens
1194 2082 1208 2118 :
1248 2065 1334 2120 cui
1362 2067 1406 2120 si
1431 2080 1595 2120 unum
1629 2066 1744 2120 adi-

181 2181 291 2231 utas,
315 2164 537 2220 ulterius
565 2162 737 2216 inanis
765 2169 851 2215 cst
877 2175 1026 2216 usus.
1047 2158 1202 2215 Unde
1231 2169 1379 2215 recte
1400 2158 1744 2215 Testamenta

180 2269 280 2314 sunt
301 2259 419 2325 duo,
454 2272 582 2330 quae
608 2256 861 2312 similiter
887 2255 1098 2310 duobus
1124 2254 1391 2324 capitibus
1412 2269 1570 2309 unam
1601 2255 1745 2310 litte-

181 2372 272 2409 ruu
297 2356 493 2423 lingunt
516 2393 532 2415 ,
563 2351 615 2406 id
647 2358 732 2408 est
761 2365 930 2406 sacrm
959 2349 1090 2420 legis
1118 2349 1332 2407 duobus
1358 2349 1550 2406 edictis
1581 2365 1748 2404 unum

180 2449 417 2506 Christum
466 2447 566 2504 Dei
613 2445 814 2501 Filium
862 2444 1092 2516 spiritali
1144 2453 1573 2515 temperamento
1619 2458 1748 2500 con-

237 2628 306 2700 (7)
333 2626 526 2695 Quibus
555 2625 625 2682 ad
661 2624 790 2696 quid
816 2622 1270 2700 refertur-ilione
1297 2621 1636 2700 subauditur,
1671 2623 1758 2700 vel.

184 2693 310 2768 plane
339 2693 714 2770 supplendum
740 2739 754 2763 ,
807 2696 934 2751 vidit
978 2712 1092 2770 cum
1140 2693 1336 2770 ductilis
1378 2693 1598 2770 cultris,
1640 2695 1754 2770 qui-

183 2763 274 2834 tus,
297 2763 586 2834 neten-unde
609 2769 709 2824 sub
733 2777 994 2824 traCtat-us
1020 2768 1178 2820 linem
1205 2763 1394 2837 (ωηατ,
1429 2765 1522 2829 ait,
1549 2766 1600 2819 in
1626 2767 1755 2820 duos

183 2843 444 2913 producitur
470 2843 694 2897 cultros.

239 2913 308 2986 (8)
343 2915 463 2970 Mss.
499 2915 660 2970 Rem.
680 2958 694 2981 ,
730 2910 878 2974 TDL,
908 2919 963 2967 et
993 2910 1122 2966 edit.
1153 2908 1292 2965 Ven.
1312 2950 1327 2973 ,
1361 2909 1678 2979 designabat.

241 3007 311 3078 (9)
361 3007 483 3075 Ome
533 3007 646 3061 sin‘e
672 3022 724 3061 se
749 3047 764 3071 ,
793 3005 861 3078 id
904 3013 991 3059 est
1031 3017 1260 3073 quorum
1309 3011 1754 3058 testtuttentorutn

186 3077 322 3135 unum
349 3081 461 3136 sine
499 3079 676 3134 altero
707 3077 842 3136 utile
870 3092 992 3131 esse
1023 3092 1130 3130 non
1161 3084 1356 3145 potest.

243 3174 340 3240 (l0)
355 3171 407 3224 In
426 3171 733 3242 Vulgalaex
759 3169 949 3242 Graeco
969 3167 1220 3242 habetur,
1240 3167 1712 3242 incertiesslaterem
1735 3185 1748 3222 :
1785 3194 1796 3207 ο

185 3239 330 3298 Stater
351 3239 762 3298 autent'dicilur
784 3283 798 3307 ,
829 3240 916 3311 qui
953 3241 1054 3292 duo
1099 3239 1460 3293 didrncluuota
1487 3239 1664 3304 habet,
1699 3250 1754 3293 ut

186 3317 380 3382 explicat
405 3315 774 3386 Hieronme
796 3313 860 3386 in
876 3313 1016 3386 hunc
1039 3311 1226 3386 locum
1245 3311 1658 3386 pag.‘7."6_tom._
1685 3327 1753 3367 vu

186 3388 291 3440 edit.
321 3387 517 3442 Veron.
557 3382 633 3440 Et
652 3400 784 3439 sane
810 3384 1113 3437 didraclmia
1136 3397 1167 3436 a
1188 3382 1414 3452 singulis
1435 3382 1752 3437 solvendum

185 3470 308 3522 erat,
335 3470 405 3531 ιιι⁵
429 3459 608 3530 liquet
641 3472 712 3512 ex
736 3454 1198 3531 eodeinblatthtci
1219 3469 1340 3523 Cilp.
1368 3469 1477 3531 xvu
1502 3494 1515 3518 ,
1553 3470 1618 3531 ιι.Δ
1642 3453 1715 3511 25
1739 3495 1754 3520 ,
1785 3487 1803 3495 υ

189 3531 304 3584 unde
344 3525 690 3586 recte'stater
719 3526 824 3582 duo
865 3525 1236 3581 didrachmata
1275 3527 1559 3586 continens
1607 3526 1759 3580 inve-

187 3602 385 3656 niendus
413 3613 557 3664 erat,
588 3609 643 3654 ut
673 3607 784 3652 tum
821 3614 914 3668 pro
939 3595 1177 3660 Christo,
1212 3606 1320 3650 tum
1357 3613 1452 3666 pro
1483 3598 1640 3652 Petro
1670 3613 1758 3650 so-

189 3672 300 3726 lutio
317 3675 487 3728 fieret.
506 3672 710 3728 Verum
733 3669 1042 3725 didrachma
1071 3668 1344 3737 quodlibet
1360 3669 1568 3724 duobus
1589 3669 1761 3724 dena-

189 3743 268 3800 riis
291 3745 681 3808 :csumabatur,
713 3753 882 3797 stater
907 3751 1088 3796 autem
1120 3751 1368 3810 quatitur,
1404 3750 1464 3796 ut
1488 3740 1759 3810 colligitur

189 3831 240 3870 cx
283 3815 685 3872 Commentario
733 3811 918 3866 llilarii
973 3813 1024 3866 in
1083 3811 1222 3866 hunc
1285 3811 1517 3866 Mulllld'i
1579 3812 1760 3867 locum

191 3902 314 3940 num.
346 3888 410 3942 12
433 3897 490 3942 et
523 3889 630 3952 15,
662 3894 717 3941 et
747 3885 845 3939 hac
875 3885 1081 3937 ratiooc
1108 3893 1294 3946 stater,
1329 3886 1416 3952 qui
1447 3885 1657 3938 duobus
1681 3883 1760 3936 di«

191 3959 516 4024 dracltmatis,
534 3974 633 4014 seu
649 3967 878 4027 quatuor
898 3955 1229 4009 drachmatis
1258 3955 1611 4023 pendebatur,
1631 3969 1761 4027 qua-

191 4039 290 4083 tttot’
313 4030 553 4088 denariis
581 4026 877 4098 computari
910 4027 1113 4082 debuit.
1145 4027 1281 4093 Quid
1315 4031 1491 4098 itaque
1525 4026 1762 4083 S.Zeno

190 4114 414 4158 statercm
458 4097 1073 4177 iu’Gra'caScriptura
1107 4098 1210 4177 hoc
1247 4097 1480 4152 Matthxi
1514 4100 1765 4177 locoex:

189 4187 406 4241 pressum
435 4176 572 4228 duos
600 4167 860 4237 denarios,
890 4167 944 4225 ct
976 4185 1080 4223 tton
1105 4172 1282 4239 potius
1311 4181 1550 4237 quatuor,
1575 4169 1658 4223 vel
1685 4167 1762 4292 ‘(si

189 4246 429 4292 allatam-is
466 4245 706 4292 (tralaticia
745 4243 953 4292 mtmeri
993 4241 1246 4292 insistere
1285 4242 1504 4292 ulncuitl
1545 4246 1646 4292 duo
1723 4241 1762 4292 i-

189 4246 432 4313 allegoria
466 4245 706 4314 duplicis
745 4243 953 4296 numeri
993 4241 1246 4314 insistere
1285 4242 1504 4311 placuit)
1545 4241 1764 4314 duoidi-

191 4317 466 4372 draduuatn
497 4313 776 4372 reddidit?
799 4316 856 4370 Si
882 4314 986 4368 hoc
1011 4313 1372 4384 Evattgelism:
1397 4313 1761 4367 testimonium

189 4387 246 4440 de
284 4391 476 4444 tributo
522 4386 728 4442 Caesari
772 4385 1032 4440 solvendo
1081 4385 1450 4453 accipiendum
1494 4395 1675 4450 esset,
1709 4393 1767 4437 ιιι.

190 4459 352 4526 plures
376 4460 603 4530 quidem
634 4459 960 4528 interpretes
1000 4463 1356 4530 censuerunt;
1400 4471 1520 4510 cum
1567 4456 1760 4530 singuli

191 4527 635 4586 tantum-denarii
684 4527 1026 4585 solverentur
1066 4539 1103 4580 a-
1133 4528 1358 4597 singulis
1392 4569 1405 4591 ,
1460 4539 1513 4581 ut
1561 4527 1766 4581 notavit

191 4600 388 4656 Grotius
417 4605 472 4657 in
521 4617 643 4671 cap.
675 4617 784 4656 uti
813 4601 998 4655 Matth.
1031 4613 1175 4654 vers.
1213 4599 1279 4654 19
1324 4598 1511 4671 (unde!
1526 4612 1645 4653 cum
1697 4598 1766 4652 de

193 4671 479 4729 Caesariano
524 4669 729 4728 tributo
773 4685 956 4728 sermo
982 4679 1066 4726 est
1090 4712 1104 4737 ,
1132 4685 1352 4732 semper
1387 4671 1441 4724 itt
1475 4669 1766 4740 Evangvlio

192 4746 334 4816 unius
376 4747 580 4799 denarii
613 4746 671 4799 fit
701 4743 957 4816 mentio),
990 4741 1100 4812 jam
1148 4743 1314 4816 probe
1351 4742 1410 4796 S.
1445 4741 1613 4816 Zeno
1640 4743 1768 4816 duos

193 4815 414 4871 denarios
435 4819 699 4886 potuisset
729 4812 968 4872 scribere
992 4844 1014 4876 ,-
1039 4824 1096 4866 ιιι
1133 4815 1409 4886 ιτίδιιῑιιιιι
1428 4828 1537 4886 pro
1556 4812 1774 4867 Christo

191 4893 238 4939 ct
263 4884 761 4944 Petro-solvendum
792 4886 1240 4958 signitle-tretht
1268 4887 1369 4939 hoc
1396 4884 1628 4958 Mattliaci
1659 4894 1771 4958 tes:

191 4961 457 5030 timenitm‘t
493 4962 674 5030 loqui,
708 4975 814 5014 non
845 4955 915 5013 de
946 4971 1130 5030 censu
1144 4956 1400 5011 Romanis
1428 4956 1605 5030 dando
1632 4997 1644 5019 ,
1678 4955 1772 5008 sed

193 5029 250 5083 de
277 5031 473 5085 tributo
507 5027 970 5086 ιη’διιιιοιιιηιιὶιιιῐι
1001 5027 1351 5090 conferendo,
1386 5029 1528 5097 quod
1571 5042 1774 5095 praece-

194 5110 322 5168 ptum
367 5101 549 5158 fuerat
581 5103 749 5158 Exod.
791 5118 925 5166 xxx,
967 5115 1112 5155 vers.
1148 5101 1236 5165 12,
1273 5098 1395 5168 et.”
1421 5100 1594 5154 Paral.
1630 5113 1774 5163 xxrv,

193 5188 318 5245 vers.
342 5173 396 5239 5,
427 5175 622 5245 plures.
637 5176 754 5244 jam
772 5175 1106 5245 eruditorum
1126 5171 1587 5245 demonstrarunt.
1613 5172 1780 5245 l’orr‘o

195 5242 322 5316 illud
343 5241 610 5300 tributum
639 5241 852 5316 templo
896 5243 1236 5316 pendendum
1271 5244 1322 5297 in
1370 5244 1597 5297 Hebraeo
1624 5241 1777 5316 dimi-

193 5315 318 5369 dium
343 5319 460 5371 sicli
493 5327 725 5372 vocatur
759 5312 778 5372 Ξ
806 5319 970 5372 siclus
1013 5325 1190 5369 autem
1219 5314 1364 5370 idem
1403 5329 1467 5368 ac
1500 5322 1657 5367 stater
1685 5312 1780 5366 ba-

195 5384 370 5459 botttr;
401 5390 554 5443 unde
597 5390 854 5459 vulgatos
892 5391 1159 5459 interpres
1205 5401 1302 5454 pro
1347 5402 1454 5459 eo,
1494 5385 1635 5454 quod
1670 5384 1775 5438 lle-

197 5455 368 5514 braice
386 5461 569 5515 siclos-
599 5455 796 5514 diei'tur
819 5503 833 5527 ,
868 5459 1030 5514 modo
1059 5458 1250 5512 siclum
1278 5500 1291 5524 ,
1335 5457 1494 5512 modo
1524 5463 1777 5511 sratcrcm

196 5532 490 5601 promiscue
527 5532 759 5586 reddidit
789 5550 801 5584 :
833 5544 894 5586 et-
917 5531 1167 5586 similitcr
1190 5529 1550 5601 Symmachus
1593 5528 1705 5583 Jos.
1724 5528 1779 5589 7,

195 5600 482 5680 autnatura
508 5610 714 5680 στιᾳτὴρ
738 5603 927 5680 Graece
970 5603 1187 5673 scripsit
1235 5600 1331 5671 pro
1380 5601 1784 5680 Hebraeo-2P?!

195 5673 313 5745 sicut
334 5717 347 5738 ,
389 5688 447 5730 et
478 5671 834 5745 Aquita'itetn
867 5671 1185 5744 plerumque
1206 5715 1219 5738 ,
1262 5684 1317 5726 ut
1347 5688 1411 5745 ex
1456 5671 1784 5742 Etaplls'vi-

196 5742 313 5799 dere
338 5747 487 5813 licet,
518 5741 972 5815 quemadmodum
995 5755 1050 5800 et
1075 5741 1352 5800 versiones
1378 5744 1599 5815 Syriaca
1625 5751 1784 5812 atque

198 5816 412 5872 Arabica
469 5838 482 5872 :
538 5820 678 5874 unde
725 5819 782 5876 S.
834 5818 1189 5888 l'licronymus
1235 5816 1325 5874 lib.
1372 5831 1410 5883 ι,
1469 5817 1520 5871 in
1563 5830 1683 5885 cap.
1733 5829 1783 5867 tv

1853 1883 1926 1939 ita
1965 1883 2283 1955 evangelica
2316 1883 2627 1955 praedicatio
2658 1883 2817 1938 missa
2849 1897 2944 1953 per
2974 1881 3236 1937 mundum
3260 1924 3275 1948 ,
3308 1895 3456 1935 mor-

1853 1984 1962 2035 tem
2000 1979 2212 2035 Domini
2252 1979 2654 2050 adventumque
2684 1986 2912 2034 testatur
2945 1994 2958 2030 :
2991 1976 3134 2031 sicut
3166 1974 3234 2032 ad
3262 1975 3452 2030 Corin-

1857 2073 2000 2127 thios
2026 2073 2286 2142 scriptum
2309 2082 2420 2128 est:
2445 2069 2962 2144 (l-annuutiabitis
2982 2077 3196 2123 mortem
3219 2067 3451 2133 Domini,

1856 2166 2016 2220 donec
2055 2167 2221 2220 veniat
2251 2165 2292 2233 (1
2326 2165 2443 2220 Cor.
2476 2166 2557 2234 tt).
2591 2164 2822 2234 Aperics
2879 2178 2940 2218 os
2977 2162 3142 2233 piscis
3168 2204 3182 2228 ,
3233 2161 3335 2215 hoc
3371 2170 3456 2216 est

1857 2259 1974 2330 (12)
1995 2268 2395 2316 sacramentum
2429 2277 2442 2312 :
2474 2259 2558 2313 vel
2587 2299 2600 2324 ,
2634 2273 2755 2329 quae
2797 2257 2848 2311 in
2895 2257 3221 2327 proverbiis
3242 2256 3456 2310 locutus

1857 2368 1975 2408 sum
2003 2395 2017 2419 ,
2059 2368 2164 2407 non
2208 2353 2636 2425 intelligentibus
2678 2351 3017 2422 ettplanabis.
3073 2348 3315 2420 Denique
3357 2348 3459 2404 hoc

1856 2446 1984 2502 alibi
2026 2445 2368 2504 manifestius
2403 2447 2469 2502 ad
2499 2459 2690 2501 omnes
2720 2444 3013 2516 discipulos
3052 2443 3128 2499 ait
3153 2461 3165 2496 :
3193 2442 3276 2498 Ite
3300 2459 3422 2516 ergo
3445 2483 3458 2508 ,

1870 2623 2069 2679 Ezeeh.
2091 2624 2278 2680 siclum
2305 2635 2530 2680 nontam
2545 2633 2800 2682 stateram
2818 2637 2940 2679 esse
2960 2622 3216 2690 aﬁlrmat,
3245 2625 3339 2680 sed
3367 2641 3460 2694 pe.

1860 2696 2015 2751 rinde
2057 2712 2117 2751 ac
2148 2707 2405 2752 stateram
2435 2697 2726 2753 drachmas
2751 2739 2766 2761 ,
2807 2711 2905 2751 seu
2932 2695 3188 2751 denarios
3226 2705 3459 2766 quatuor

1860 2770 2141 2822 continere
2172 2769 2502 2838 pronuntiat.
2537 2769 2712 2824 Siclus
2739 2777 2932 2832 autem,
2960 2767 3014 2820 id
3043 2778 3114 2822 est
3144 2777 3321 2834 stater,
3365 2769 3456 2823 lia-

1861 2839 1939 2916 bet
1975 2838 2250 2916 drachmns
2276 2850 2522 2916 quatuor.
2551 2841 2694 2916 Inter
2737 2840 2851 2894 haec
2891 2855 3028 2916 unus
3057 2839 3261 2916 Sedulii
3306 2841 3457 2895 locus

1862 2909 1928 2963 ad
1949 2981 1956 2982 γ
1975 2909 2294 2978 ριί-ωεθιιιριιι
2323 2911 2557 2967 Zenonis
2589 2909 3088 2982 interpretationem
3119 2909 3332 2965 videtur
3367 2927 3458 2982 ace

1862 2981 2056 3037 cedere
2087 3001 2098 3036 :
2130 2983 2222 3038 ille
2245 2984 2389 3038 enim
2421 2985 2512 3038 lib.
2553 2999 2636 3052 ut,
2680 2980 2823 3040 vers.
2855 2980 2959 3039 5t6
2983 3025 2997 3046 ,
3034 2982 3176 3040 idem
3201 2981 3469 3052 ,Mattltaci.

1862 3055 2228 3110 testimonium
2256 3051 2623 3125 expositurus,
2655 3072 2750 3123 pro
2777 3065 2978 3112 statere
3003 3051 3311 3111 didracltma
3338 3055 3462 3111 uni—

1861 3138 1982 3180 Cum
2012 3127 2208 3195 posuit,
2241 3125 2342 3181 hoc
2370 3133 2455 3182 est
2483 3127 2722 3182 denarios
2752 3130 2879 3182 duos
2909 3145 2920 3180 :

1954 3216 2160 3268 Hamum
2185 3215 2318 3268 ferre
2337 3219 2498 3281 jubet,
2512 3219 2740 3281 gerulum
2761 3219 3107 3268 didrachmatis
3131 3218 3306 3278 aurei;

1862 3316 1924 3355 ac
1966 3303 2192 3371 proinde
2236 3304 2735 3371 interpretationem
2768 3303 3091 3359 Zenonianm
3135 3314 3357 3372 prorsus
3387 3300 3459 3354 si-

1862 3374 2042 3428 milem
2073 3385 2292 3431 secutus
2316 3376 2546 3430 videtur.
2577 3376 2940 3430 Observamos
2971 3371 3149 3429 autem
3182 3371 3322 3428 LXX
3377 3372 3464 3427 In-

1863 3455 2132 3512 terpretes
2174 3447 2414 3515 pluribus
2465 3447 2516 3502 in
2561 3447 2694 3502 locis
2745 3447 2944 3502 veteris
3007 3445 3334 3500 Testamenti
3381 3445 3463 3497 di-

1863 3515 2168 3570 drnclmtum
2193 3535 2287 3586 pro
2301 3519 2426 3572 siclo
2444 3519 2767 3580 reddidisSe,
2787 3531 2833 3572 et
2863 3516 3132 3572 dimidimu
3147 3516 3463 3579 didraclrmi,

1863 3589 1946 3643 vel
1968 3589 2265 3642 drachmam
2286 3605 2382 3661 pro
2404 3591 2520 3645 sicli
2545 3590 2778 3644 dimidio.
2805 3588 2947 3661 AVide
2975 3588 3111 3645 Gen.
3147 3602 3266 3656 cap.
3303 3602 3459 3661 xxiv,

1864 3674 2013 3732 vers.
2034 3661 2121 3726 εει,
2148 3675 2266 3732 cap.
2287 3659 2453 3728 'xxtrt,
2479 3678 2619 3716 vers.
2650 3664 2745 3728 15;
2784 3659 2953 3716 Exod.
2975 3675 3095 3732 cap.
3117 3675 3255 3732 )5ng,
3283 3673 3332 3712 ν.
3362 3660 3460 3723 i3;

1863 3729 1977 3786 los.
2010 3747 2131 3802 cap.
2159 3729 2255 3800 vti,
2289 3749 2342 3788 v.
2375 3734 2466 3792 21.
2498 3747 2602 3790 etc.
2635 3735 2780 3789 lianc
2809 3735 2971 3804 igitur
3021 3729 3466 3804 Lxxilnterpre-

1867 3812 1978 3856 tum
2009 3810 2380 3860 auctoritatem
2410 3805 2662 3861 Sedulius
2685 3822 2747 3860 ac
2776 3802 2921 3861 leno
2944 3807 3112 3861 secuti
3145 3802 3310 3858 videri
3342 3817 3463 3869 pos-

1867 3884 2010 3938 sunt,
2058 3891 2178 3929 cum
2212 3894 2307 3943 pro
2335 3887 2538 3944 statere,
2583 3878 2670 3948 qui
2702 3879 2836 3948 siclo
2867 3877 3184 3938 restituatur,
3219 3873 3464 3948 didrach-

1867 3962 1952 4020 rita
1976 3948 2060 4020 vel
2080 3949 2208 4020 duos
2223 3948 2460 4002 denarios
2482 3946 2795 4020 posuerunt.
2815 3947 2983 4018 Hujus
3000 3946 3460 4020 interpretationis

1868 4016 2225 4091 defendenda:
2274 4015 2536 4075 rationein
2559 4022 2830 4091 inquirere
2851 4015 3286 4087 riderequenum
3320 4015 3462 4070 LXX

1867 4088 2213 4159 interpretes.
2253 4101 2307 4146 et
2352 4108 2474 4147 cum
2524 4093 2607 4146 his
2633 4088 2909 4148 Sedulius
2945 4100 3200 4146 statcrem
3250 4103 3466 4142 aui-eum

1869 4162 2185 4235 spectariut,
2222 4165 2308 4235 qtti
2339 4161 2537 4218 duabus
2567 4164 2828 4229 drachmis
2853 4163 3042 4235 Atticis
3070 4159 3460 4226 aestimabatur,

1870 4231 2088 4305 Polluce
2119 4231 2254 4289 testi?
2275 4235 2367 4290 lib.
2395 4252 2462 4302 iv,
2493 4251 2609 4305 cap.
2637 4236 2726 4300 51,
2754 4251 2898 4298 num.
2935 4234 3058 4302 175,
3084 4248 3203 4305 cum
3232 4246 3463 4305 praeser-

1869 4301 1966 4357 tim
2011 4304 2272 4360 tribntunt
2323 4301 2505 4366 templi
2546 4301 2574 4360 a
2615 4307 2817 4362 Judaeis
2865 4323 2998 4362 auro
3046 4301 3207 4375 pendi
3245 4303 3464 4358 solitum

1872 4377 2049 4430 tradat
2078 4377 2267 4432 Cicero
2301 4394 2396 4447 pro
2422 4378 2645 4444 Flaccn;
2683 4381 2797 4434 hmc
2823 4380 3342 4450 inquamqumret'c.
3376 4390 3468 4428 ηο-

1871 4455 2041 4501 strum
2075 4463 2179 4502 non
2204 4445 2312 4503 est.
2337 4451 2390 4505 Si
2425 4465 2553 4505 vero
2585 4453 2704 4506 illos
2726 4453 2792 4504 ah
2821 4445 3008 4504 errore
3034 4445 3329 4503 defendere
3357 4460 3463 4501 non

1874 4517 2072 4584 liceat;
2111 4522 2307 4592 quippe
2335 4523 2472 4592 quod
2511 4523 2653 4578 nulla
2681 4522 2886 4576 ratione
2919 4536 3095 4591 neque
3119 4519 3333 4592 siclum,
3374 4531 3467 4572 ne-

1876 4604 1980 4658 que
2001 4589 2255 4645 Statorem
2277 4589 2666 4647 addidrachma
2688 4593 2931 4649 revocari
2961 4589 3122 4660 queat
3147 4609 3160 4644 :
3191 4589 3464 4660 Zenonem

1879 4671 2056 4715 tamen
2088 4679 2190 4716 non
2219 4663 2350 4718 duas
2374 4663 2669 4731 dracltmns,
2693 4665 2787 4719 sed
2819 4665 2948 4718 duos
2976 4659 3216 4718 denarios
3229 4659 3464 4731 redden-

1883 4743 2025 4815 tem“,
2060 4734 2334 4819 vindicare
2363 4735 2538 4819 adhuc
2567 4730 2699 4793 satis
2729 4750 3014 4819 possumus
3036 4777 3050 4801 ,
3075 4749 3204 4817 cum
3237 4730 3464 4819 duode-

1880 4804 2213 4876 nnriiaccipi
2236 4807 2301 4861 ab
2328 4807 2515 4862 eodem
2541 4803 2829 4876 potuerint,
2861 4826 2965 4863 non
2990 4809 3177 4862 stricte
3207 4818 3307 4876 pro
3330 4803 3469 4876 duo-

1883 4876 1984 4953 bus
2011 4873 2304 4953 drachmis,
2332 4879 2427 4933 sed
2458 4873 2562 4953 late
2588 4875 3247 4953 proditoltusdidrachmis
3274 4873 3470 4953 {dena-

1882 4949 1996 5028 rius
2018 4949 2163 5004 enim
2204 4966 2298 5019 pro
2338 4951 2525 5019 quovis
2561 4944 2900 5028 n'uin'ntorum
2932 4966 3131 5028 genere
3161 4947 3304 5028 apud
3334 4944 3471 5000 alios

1881 5020 2187 5088 Scriptores
2219 5037 2324 5077 non
2359 5038 2478 5078 raro
2505 5023 2756 5078 sumitur.
2786 5020 2956 5080 Porro
2980 5026 3030 5077 in
3056 5020 3291 5077 Mullile
3319 5029 3468 5074 textu

1881 5105 1946 5146 ex
1976 5089 2226 5166 Auctoris
2267 5095 2711 5164 interpretatione
2741 5113 2835 5166 pro
2872 5108 2916 5149 et
2947 5105 2992 5148 te
3030 5109 3158 5149 mss.
3192 5091 3474 5166 Pompeia-

1885 5177 1985 5236 nus
1998 5162 2552 5221 etVaticartuslialtcitt
2574 5179 2620 5221 et
2644 5162 2816 5236 pro'te.
2841 5167 3006 5221 Paulo
3024 5179 3169 5230 ante,
3193 5165 3279 5219 illa
3307 5162 3470 5216 verba

1883 5235 2007 5289 tolle
2028 5249 2078 5291 et
2109 5240 2159 5292 in
2191 5254 2301 5291 tnss
2353 5237 2569 5306 Pomp.,
2604 5239 2722 5292 Tol.
2757 5251 2809 5294 et
2837 5237 2966 5294 Zeti.
2998 5237 3395 5306 desiderantur.

1957 5306 2006 5378 (Ι
2026 5311 2072 5373 Ι)
2097 5310 2222 5363 Mss.
2251 5309 2462 5380 POlnp.,
2494 5303 2616 5364 Vat.
2650 5321 2705 5367 et
2736 5311 2865 5366 edit.
2897 5311 3053 5377 Verr,
3084 5303 3418 5364 annuntians.

1961 5381 2076 5451 (12)
2110 5381 2240 5456 lleic
2267 5396 2498 5451 quoque,
2518 5390 2573 5436 ut
2598 5382 2723 5438 alibi
2755 5383 3475 5456 monuimus,sacramentum

1890 5465 1987 5520 pro
2016 5454 2314 5524 mysterium
2337 5455 2588 5521 sumitur,
2619 5456 2873 5510 nimirum
2908 5472 3004 5525 pro
3027 5469 3115 5517 re,
3154 5465 3273 5520 quae
3298 5454 3482 5518 mysti-

1888 5537 2006 5581 cam
2030 5526 2530 5594 iuterpretationctn
2555 5526 2748 5592 habet;
2773 5527 2913 5583 unde
2930 5525 3125 5581 Christi
3153 5529 3476 5593 princeptum

1889 5594 1958 5669 (Ῐθ
1994 5596 2288 5666 aperiendo
2325 5597 2488 5668 piscis
2516 5613 2611 5652 ore
2642 5608 2918 5669 tamquam
2940 5605 3347 5669 sacramentum,
3380 5605 3477 5644 seu

1891 5664 2063 5740 figura
2110 5664 2341 5740 mystica
2379 5664 2783 5739 pricdicationis'
2821 5669 3131 5740 apostolica:
3181 5664 3478 5740 accipitur,

1889 5735 1994 5809 qua
2015 5757 2116 5796 non
2141 5735 2537 5813 iirtell’gerilibus
2563 5735 2891 5810 explananda
2911 5748 3075 5807 erant,
3099 5754 3212 5808 qua:
3235 5735 3482 5793 Christus

1891 5812 1946 5866 in
1974 5813 2251 5884 proverbiis
2276 5812 2474 5867 locutus
2512 5817 2700 5882 fuerat.
