3926 6328
432 282 531 337 451
1803 273 1979 333 SANC

2130 274 2383 332 LNONIS
3596 289 3677 345 452

433 409 482 454 et
503 398 675 453 docete
689 411 862 451 omnes
882 400 1074 465 gentes,
1101 390 1213 464 (15)
1240 389 1546 462 intingentes
1561 404 1647 443 eos
1673 388 1727 442 in
1759 387 1920 463 189
1939 404 2031 444 no-
2056 391 2105 451 Α
2135 389 2581 461 praedicationum
2614 388 3063 447 medicaminibus
3103 403 3275 449 curat.

434 494 571 547 mine
595 490 766 545 Putris
781 498 826 543 et
850 485 979 541 Filii
1006 494 1054 539 et
1076 484 1307 557 Spiritus
1328 484 1512 548 sancti,
1545 482 1783 536 docentes
1811 500 1898 537 eos
1927 500 2027 537 ser-
2208 485 2298 540 1V.
2328 484 2483 552 Quod
2515 493 2692 540 autem
2724 486 2801 541 ait
2831 485 3065 557 Angelos
3107 487 3483 546 adscendentes
3528 504 3576 548 et
3609 497 3684 551 dc-

433 600 554 640 oare
572 583 1075 652 omniaquaicumque
1094 575 1463 650 pracepioobis
1481 574 1698 641 (Matth.
1730 591 1917 641 xxvm,
1940 576 2032 644 19,
2137 575 2487 645 sceudeutes,
2514 576 2627 648 (ΞΟ)
2654 577 2817 647 aliqui
2851 587 3042 648 putant
3071 581 3455 640 adscendentes
3477 601 3585 644 esse
3609 605 3686 645 au-

433 674 550 747 20).
596 673 752 747 Dabis
781 682 959 728 autem
993 684 1092 742 pro
1133 684 1221 725 me
1243 677 1302 726 et
1345 683 1441 740 pro
1474 677 1528 723 te
1549 708 1563 733 ,
1597 667 1698 722 hoc
1733 677 1819 723 est
1857 682 2031 722 meam
2136 668 2289 738 gelos
2331 669 2489 739 locis,
2522 668 2919 726 descendentes
2944 686 3074 727 vero
3111 674 3329 745 angelos
3365 678 3685 737 tenebrarum.

433 766 754 842 pnedicabis
792 778 1008 822 erucem
1035 804 1050 831 ,
1094 762 1190 820 sed
1233 773 1287 818 et
1339 771 1397 817 tu
1425 760 1604 819 crucis
1634 770 1742 816 tua:
1780 748 2033 816 similiter
2136 759 2242 816 Sed
2270 761 2373 816 hoc
2401 762 2534 817 satis
2556 762 2855 818 absurdum
2884 778 3007 820 esse
3027 774 3079 821 et
3106 765 3498 833 inconveniens,
3529 771 3691 830 fratres

433 861 695 934 dignitate
721 855 1003 928 gaudebis.
2138 852 2427 920 carissimi,
2461 853 2723 921 adverto;
2767 855 2891 927 quia
2935 871 3112 929 neque
3143 859 3342 932 refuga:
3371 862 3476 933 (2|)
3498 863 3691 923 descen-

505 955 592 1012 lll.
622 954 789 1025 Igitur
820 952 936 1007 haec
972 949 1114 1006 scala
1152 948 1309 1019 cujus
1342 956 1489 1006 esset
1536 948 1799 1017 materiae,
1844 948 1900 1003 in
1930 962 2035 1018 qua
2137 942 2318 1012 dunt,
2389 946 2480 1016 qui
2544 955 2669 1017 post
2727 958 3004 1018 peccatum
3062 952 3116 1005 in
3174 953 3368 1010 caelum
3434 972 3690 1028 numquam

432 1048 698 1106 Dominus
739 1042 1103 1106 incumbebat,
1137 1058 1207 1099 ex
1249 1042 1418 1098 David
1447 1040 1594 1099 dicto
1632 1041 2032 1113 cognoscimus,
2136 1037 2343 1107 recepti
2398 1049 2718 1105 noscuntur,
2763 1055 2939 1112 neque
2999 1040 3137 1099 lucis
3211 1044 3548 1116 adscendunt,
3587 1052 3692 1121 quia

431 1143 526 1215 qui
555 1142 665 1196 ait:
711 1138 869 1211 Virga
904 1148 993 1193 tua
1037 1146 1086 1194 ει
1112 1137 1323 1193 bacam
1346 1148 1465 1193 mu,
1498 1138 1615 1208 ερεα
1658 1154 1740 1193 ,ηε
1772 1138 2037 1192 cometam
2139 1145 2432 1200 numquam
2463 1132 2515 1186 in
2555 1132 2737 1198 terris,
2769 1134 2864 1191 sed
2893 1150 3115 1205 semper
3144 1137 3196 1192 in
3225 1138 3363 1195 coelo
3401 1153 3695 1200 manserunt.

430 1243 551 1292 sunt
580 1231 698 1304 (Ps.
729 1247 863 1297 χιιι,
893 1229 972 1301 ι).
1005 1229 1165 1300 Virga
1201 1238 1259 1286 et
1293 1230 1519 1286 baculus
1546 1229 1655 1286 duo
1698 1238 1825 1285 sunt
1854 1229 2038 1299 utique
2139 1222 2296 1280 Unde
2319 1225 2543 1295 angelos
2571 1234 2701 1295 puto
2740 1238 2889 1284 recte
2919 1227 3169 1286 homines
3205 1232 3508 1302 appellatos,
3530 1235 3696 1304 quibus

433 1327 948 1394 Testamenta,qua:
979 1323 1100 1380 ideo
1130 1323 1516 1394 materiteligni
1547 1332 1675 1380 sunt
1698 1332 2033 1395 comparata,
2138 1314 2398 1371 Dominus
2429 1327 2681 1376 sanctum.
2704 1332 2802 1387 per
2830 1319 3093 1389 Spiritum
3121 1320 3290 1377 dicit:
3323 1321 3433 1396 Ego
3469 1325 3588 1391 dixi,
3626 1326 3699 1382 Dii

436 1416 776 1489 sivequodiu
805 1413 921 1486 (14)
948 1416 1067 1485 ejus
1093 1429 1217 1485 usu,
1248 1427 1306 1472 et
1336 1425 1627 1486 perpetuo,
1648 1426 1706 1472 et
1732 1417 1902 1473 totius
1923 1432 1986 1471 m:

2147 1408 2277 1474 estis,
2308 1417 2357 1464 et
2391 1408 2493 1478 ﬁlii
2527 1410 2717 1465 excelsi
2756 1427 2967 1478 omnes;
3019 1428 3108 1468 vos
3150 1422 3321 1485 autern
3356 1417 3481 1471 sicut
3503 1416 3697 1475 homines

434 1519 563 1569 neat
592 1510 868 1567 testatoris
889 1510 1141 1566 Voluntas
1169 1510 1452 1579 inscripta,
1483 1524 1582 1565 seu
1606 1509 1753 1580 quod
1784 1509 1940 1580 quasi
1970 1524 2038 1566 ex
2140 1502 2432 1557 moriemini
2461 1500 2582 1575 (Ps.
2616 1519 2809 1569 Lxxxr,
2842 1506 2897 1571 6,
2932 1505 3010 1577 7).
3043 1506 3153 1564 Sed
3191 1516 3250 1564 et
3293 1508 3360 1565 de
3395 1509 3587 1567 Joanne
3620 1512 3701 1568 Ba-

443 1617 755 1664 trausverso
815 1606 869 1661 in
927 1620 1090 1660 uuam
1145 1603 1310 1660 tidem
1359 1604 1743 1661 concurrentia
1796 1602 2038 1675 crnriﬁgi
2140 1593 2301 1663 Plitta
2331 1592 2628 1659 Sicdicwm
2661 1609 2783 1651 esse
2812 1598 3199 1655 meminimus:
3232 1598 3368 1656 Ecce
3404 1604 3540 1658 mitto
3561 1604 3705 1675 Ange-

439 1703 533 1774 (l5
541 1700 913 1767 )habuisseDei
929 1699 1096 1755 illium
1109 1698 1450 1755 nuntiabant:
1463 1713 1626 1769 quem
1642 1697 1968 1753 conﬁrmant
1982 1696 2036 1751 iu
2141 1686 2249 1740 lum
2269 1702 2437 1742 meum
2457 1698 2576 1744 ante
2597 1689 2783 1759 [aciem
2810 1701 2974 1758 tuam,
2997 1694 3087 1764 qui
3113 1696 3425 1764 praeparabit
3439 1696 3561 1750 uiam
3587 1708 3704 1753 tuam

432 1795 578 1852 scala
606 1791 908 1849 rectissime
952 1791 1209 1861 positum,
1240 1790 1367 1862 quia
1417 1789 1645 1846 historia
1688 1790 1855 1844 tutius
1899 1789 1982 1846 Set

2153 1779 2407 1853 (Molach.
2431 1796 2523 1847 ut;
2553 1781 2683 1838 Luc.
2715 1800 2808 1847 vn,
2835 1785 2940 1848 27;
2973 1784 3197 1855 Horat,
3218 1787 3289 1855 2;
3323 1788 3507 1845 Matth.
3528 1790 3703 1862 sntit).

435 1897 609 1958 plura:
638 1892 697 1941 et
725 1895 948 1956 propter
971 1883 1149 1953 ipsqu
1176 1894 1232 1940 et
1268 1895 1550 1939 auctorem
1580 1897 1677 1953 per
1707 1883 1882 1952 ipsum
1936 1882 2037 1936 im-
2146 1873 2292 1945 Ergo
2318 1875 2663 1932 manifestum
2696 1887 2802 1944 εει,
2827 1876 3125 1950 prophetiae
3152 1895 3306 1937 more
3328 1883 3540 1953 angelos
3567 1883 3711 1937 homi-

434 1980 584 2051 pleta
643 1989 748 2034 est.
807 1977 1050 2048 Denique
1099 1977 1181 2033 sic
1228 1975 1296 2031 ad
1345 1975 1645 2045 discipulos
1690 1974 1809 2029 ait:
1861 1973 2043 2028 Omnis
2147 1982 2245 2024 nes
2269 1968 2448 2038 justus
2479 1981 2533 2025 et
2557 1967 2791 2039 injustas
2817 1972 3151 2042 generaliter
3171 1972 3371 2029 dictos.
3405 1962 3713 2031 Sed‘adsceu-

438 2072 611 2129 scriba
640 2072 819 2127 doctus
849 2070 914 2125 de
940 2086 1098 2142 regno
1128 2070 1373 2125 caelorum
1401 2069 1586 2124 similis
1598 2068 2043 2139 est(l6)patri[a—
2147 2058 2342 2115 dentes
2369 2068 2426 2117 et
2466 2060 2864 2119 descendentes
2905 2066 2995 2134 qui
3034 2066 3165 2133 sint,
3195 2067 3253 2121 in
3286 2067 3541 2139 exemplis
3572 2082 3714 2140 agno-

437 2165 611 2219 milias
657 2164 938 2238 proferenti
1004 2162 1069 2217 de
1121 2162 1376 2218 thesauris
1431 2162 1540 2217 suis
1586 2177 1717 2216 noua
1778 2169 1827 2215 et
1877 2168 2048 2215 vetera
2149 2154 2371 2211 scimus.
2399 2156 2803 2213 Descendentes
2840 2160 3090 2230 suntqui
3121 2161 3329 2217 smculo
3357 2161 3711 2229 renuntiantes,

442 2256 683 2329 (Matth.,
718 2271 834 2319 stu.
867 2254 987 2325 52).
1041 2256 1252 2317 Scriba.
1296 2252 1515 2317 fratres,
1561 2262 1645 2309 est
1675 2251 1999 2323 praedicator
2032 2266 2045 2303 :
2150 2263 2341 2303 rursus
2365 2256 2712 2304 revertuntur
2743 2251 2810 2305 ad
2842 2253 3123 2317 steculum,
3155 2252 3224 2308 de
3253 2255 3447 2325 quibus
3487 2254 3712 2310 Dominus

439 2349 833 2420 paterfamilias
854 2348 1128 2404 Christus:
1164 2346 1404 2403 thesauri
1417 2345 1535 2417 ejus
1559 2344 1674 2419 (17)
1694 2344 2048 2401 iudeminutte
2151 2340 2228 2395 ait
2252 2358 2265 2394 :
2286 2339 2453 2397 Nemo
2480 2351 2618 2397 retro
2646 2343 2998 2408 ottendens,et
3025 2345 3144 2419 (22)
3173 2364 3525 2421 superponetur
3543 2364 3719 2403 inanest

439 2441 661 2499 deitatis
714 2452 941 2513 paterna
998 2440 1303 2496 substantia
1364 2448 1695 2512 paterneque
1751 2438 1999 2494 voluntas
2033 2454 2048 2491 :
2152 2453 2300 2492 suam
2324 2453 2477 2509 super
2502 2446 2757 2505 aratrum,
2789 2448 2940 2511 aptus
2961 2450 3035 2496 est
3055 2457 3214 2515 regno
3240 2441 3337 2497 Dei
3364 2440 3513 2516 (Luc.
3538 2440 3718 2512 undi).

444 2551 585 2591 nova
628 2528 683 2591 et
724 2544 907 2591 vetera
938 2533 1046 2589 duo
1076 2534 1449 2599 Testamenta,
1481 2547 1605 2603 quae
1660 2529 1857 2586 videtis
1903 2537 2053 2585 recte
2156 2529 2226 2585 Et
2271 2529 2467 2586 iterum
2503 2547 2515 2584 :
2570 2529 2879 2587 Mementote
2920 2535 3099 2590 uxoris
3150 2532 3253 2589 Lot
3298 2532 3447 2609 (Luc.
3489 2533 3723 2607 "11,32).

439 2628 631 2686 eadem
661 2628 781 2684 sine
803 2628 1155 2700 ambiguitate
1181 2641 1210 2681 a
1243 2625 1471 2682 Domino
1502 2624 1624 2681 heic
1661 2639 1879 2696 quoque
1918 2623 2054 2680 duo-
2155 2622 2264 2681 Sed
2293 2635 2348 2681 et
2366 2624 2660 2694 Apostolus
2685 2626 2766 2681 sic
2791 2644 2805 2679 :
2839 2628 3291 2693 Quemadmodum
3319 2630 3611 2685 revertimini
3631 2645 3725 2683 rur-

439 2738 562 2779 rum
585 2720 936 2779 denariorum
963 2736 1087 2778 esse
1117 2720 1286 2791 ﬁgura
1314 2720 1533 2784 vestita,
1567 2719 1669 2775 hac
1692 2718 1945 2775 videlicet
1969 2734 2054 2773 ra-
2156 2735 2241 2774 sus
2271 2720 2340 2774 ad
2366 2736 2444 2786 ea,
2475 2737 2589 2792 qua:
2626 2719 2840 2791 'gtﬁrma
2868 2730 2916 2777 et
2960 2738 3123 2796 egena
3177 2734 3300 2778 sunt
3342 2723 3578 2779 elementa
3603 2721 3722 2792 (Gai.

447 2818 632 2887 tione,
686 2818 814 2889 quia
868 2804 921 2873 iu
978 2816 1254 2879 thesauris
1305 2814 1418 2872 suis
1470 2815 1607 2871 duos
1663 2814 1919 2872 denarios
1973 2814 2057 2869 iu-
2158 2829 2232 2882 ιν,
2261 2814 2339 2885 9).
2372 2813 2784 2871 Adsceudentes
2810 2831 2942 2872 vt-ro
2970 2826 3096 2872 sunt
3121 2817 3278 2887 justi,
3311 2819 3402 2889 qui
3433 2816 3605 2889 probis
3630 2829 3727 2870 mo-

448 2914 620 2986 telligi
687 2913 859 2969 voluit
932 2913 1172 2967 novitate
1243 2920 1300 2968 et
1368 2918 1641 2967 vetustate
1707 2910 1816 2965 duo
1868 2909 2057 2965 Testa-
2161 2910 2317 2966 ribus
2364 2924 2462 2979 per
2488 2910 2691 2981 gradus
2721 2910 3026 2969 divinorum
3068 2911 3433 2967 observantia:
3470 2918 3729 2982 praecepto-

451 3017 657 3064 meuta.
728 3006 842 3062 Hos
906 3006 1044 3062 duos
1114 3003 1367 3062 denarios
1440 3018 1471 3057 a
1532 3003 1876 3059 Samaritana
1942 3010 2056 3056 sta-
2158 3019 2279 3058 rum
2307 3002 2550 3072 quotidie
2580 3002 2837 3072 spiritalis
2861 3002 3078 3059 itineris
3103 3004 3281 3074 gloria
3312 3005 3547 3060 teruntur
3571 3002 3730 3057 inca:-

449 3103 664 3161 bulario
693 3117 789 3173 pro
816 3116 903 3171 eo,
959 3101 1049 3173 qui
1103 3115 1136 3156 a
1191 3098 1491 3156 latronibus
1529 3097 1645 3173 (18)
1672 3111 2050 3168 aggressurum
2161 3095 2293 3161 lum,
2327 3110 2464 3164 quos
2490 3093 2788 3166 Apostolus
2816 3095 3021 3152 Paulus
3050 3096 3380 3154 exhortatur
3419 3108 3472 3153 et
3504 3099 3732 3152 monstrat

445 3210 640 3266 passus
711 3194 885 3251 fuerat
928 3236 943 3261 ,
1009 3193 1269 3250 Dominus
1332 3191 1490 3247 datos
1546 3207 1668 3247 esse
1718 3204 2048 3248 commemo-
2081 3200 2129 3267 ς
2161 3188 2394 3245 dicens:
2440 3189 2503 3245 Si
2543 3191 2940 3247 consurrexistis
2979 3208 3095 3246 cum
3139 3191 3369 3257 Christo,
3407 3207 3517 3264 quae
3558 3203 3731 3246 sursum

445 3298 531 3345 rat
562 3287 714 3363 (an.
767 3305 823 3358 x,
855 3272 974 3360 35),
1003 3303 1124 3360 qur
1158 3285 1413 3358 parabola
1449 3285 1665 3340 sublata
1711 3282 2052 3340 dubitatione
2160 3291 2282 3338 sunt
2308 3285 2543 3354 quierite,
2575 3284 2661 3339 ubi
2700 3283 2935 3339 Christus
2962 3295 3037 3342 est
3067 3286 3137 3341 ad
3166 3286 3450 3357 dexteram
3470 3284 3559 3340 Dei
3582 3283 3732 3338 sedens

443 3383 606 3439 scala:
625 3390 1026 3439 sacramentum
1058 3377 1383 3450 spiritaliter
1407 3377 1744 3433 intuentibus
1765 3375 2048 3447 patefecit:
2161 3377 2386 3452 (Coloss.
2419 3394 2500 3447 ιιι,
2534 3377 2610 3450 1).
2634 3377 2932 3435 Possumus
2960 3391 3012 3436 et
3044 3381 3144 3445 sic,
3196 3380 3419 3448 fratres,
3468 3377 3733 3448 intelligere

443 3478 612 3533 homo
641 3476 788 3531 enim
820 3488 1200 3547 aggressuram
1231 3485 1444 3541 passus,
1474 3469 1649 3526 Adam
1679 3484 1805 3526 esse
1846 3484 2053 3541 coguo-
2161 3473 2266 3530 hoc
2294 3474 2364 3530 de
2394 3472 2661 3529 ministris
2692 3483 2746 3528 et
2766 3474 2833 3530 de
2861 3475 3069 3545 angelis
3099 3474 3333 3543 dictum,
3358 3489 3492 3545 quos
3520 3473 3730 3534 Domino,

444 3568 638 3635 scitur,
670 3568 910 3623 latrones
930 3565 1203 3631 diabolus,
1228 3563 1339 3620 Eva
1369 3561 1834 3645 concupiscentia,
1867 3560 2056 3617 Sama-
2163 3580 2285 3622 cum
2311 3572 2459 3621 essm
2483 3565 2537 3621 in
2581 3565 2764 3632 terris,
2798 3567 2991 3624 fecisse
3019 3567 3338 3624 invenimus
3367 3566 3612 3630 ofﬁcium,
3635 3564 3732 3634 ipso

444 3662 653 3718 ritanus
678 3661 960 3729 Dominus,
991 3660 1078 3716 cui
1104 3658 1275 3715 Judaei
1304 3658 1556 3713 dicebant
1595 3674 1607 3710 :
1640 3655 1740 3711 Hic
1768 3656 2056 3713 Samarita-
2165 3657 2380 3715 dicente
2410 3676 2423 3712 :
2457 3658 2571 3731 (25)
2601 3658 2787 3727 Amen,
2818 3675 2969 3714 amen
2992 3659 3108 3714 dico
3140 3659 3309 3727 vobis,
3328 3658 3559 3714 videbitis
3576 3653 3731 3711 calum

445 3772 544 3811 nus
569 3763 665 3825 est,
690 3763 739 3809 et
765 3753 1076 3809 daemonium
1096 3752 1245 3806 habet
1267 3750 1476 3821 (Joan.,
1505 3766 1619 3815 Vltl,
1648 3750 1767 3823 48).
1804 3750 2057 3807 Stabula—
2163 3760 2419 3820 apertum,
2456 3751 2609 3824 191
2637 3761 2687 3806 et
2714 3752 2923 3825 angelos
2949 3751 3049 3807 Dei
3073 3754 3443 3809 adscendentes
3477 3763 3524 3807 et
3552 3750 3729 3807 descen-

449 3849 566 3905 rius
593 3849 787 3903 doctor
814 3856 900 3903 est
946 3847 1101 3918 legis,
1139 3846 1232 3916 qui
1272 3845 1511 3915 acceptis
1555 3845 1767 3901 duobus
1797 3843 2055 3910 denariis,
2164 3841 2339 3897 dentes
2378 3860 2531 3915 super
2560 3845 2728 3915 ﬁlium
2763 3843 2987 3902 hominis
3024 3844 3209 3917 (Joau.
3260 3862 3300 3915 ι,
3350 3845 3481 3918 52);
3529 3845 3653 3900 sicut
3686 3845 3733 3896 et

452 3942 508 3999 id
533 3949 619 3999 est
644 3940 875 3998 duorum
910 3938 1025 4012 (l9)
1053 3940 1528 3996 Tealamentorum
1561 3938 1720 4011 ιω
1734 3937 2057 3993 salutaribus
2157 3930 2360 3988 factum
2399 3943 2506 4001 est,
2540 3933 2888 4006 Evangelista
2918 3936 3175 3994 dicente:
3221 3936 3370 3994 Tunc
3412 3936 3606 4009 reliquit
3638 3947 3734 3989 eum

451 4036 696 4104 monitis,
737 4048 1115 4107 aggressuram
1172 4032 1448 4088 hominem
1500 4046 1719 4101 passum
1772 4030 2058 4087 latrocinio
2160 4030 2422 4099 diabolus,
2450 4042 2499 4087 et
2528 4048 2642 4087 ecce
2677 4034 2849 4108 angeli
2874 4046 3216 4101 accesserunt,
3249 4048 3299 4092 et
3333 4035 3670 4111 ministrabant
3696 4023 3735 4085 ei

450 4127 657 4184 diaboli
704 4127 1132 4199 angelorumque
1165 4124 1285 4195 ejus
1326 4134 1381 4179 et
1410 4123 1570 4195 hujus
1602 4123 1812 4192 mundi,
1846 4124 1899 4178 in
1944 4131 2058 4180 sta-
2162 4122 2379 4196 (Matth.
2431 4140 2505 4195 tv,
2544 4127 2655 4197 ll).
2696 4125 2850 4184 Unde
2880 4127 3106 4184 dubiant
3150 4143 3259 4184 non
3306 4141 3392 4186 est
3436 4142 3593 4184 unum
3633 4137 3734 4182 esse

451 4219 603 4287 bulo,
633 4218 687 4273 id
729 4228 810 4273 est
850 4221 905 4272 iu
954 4216 1225 4285 Ecclesia,
1270 4230 1380 4287 quo
1432 4230 1627 4286 pecora
1657 4214 1838 4270 divina
1868 4231 2060 4273 succe—
2165 4218 2269 4274 iter
2298 4219 2444 4275 aerei
2471 4220 2723 4281 culminis
2751 4221 2960 4293 angelis
2986 4222 3122 4278 lucis
3155 4230 3213 4279 et
3257 4217 3731 4292 houtiuibusjustis.

452 4311 608 4379 dunt,
640 4311 937 4367 venerabili
984 4318 1327 4367 sacramento
1361 4318 1697 4380 susceptum,
1730 4309 2061 4380 quotidiauis
2242 4311 2306 4366 ν.
2340 4313 2468 4369 time
2488 4313 2653 4386 igitur
2679 4317 2858 4371 omnia
2890 4316 3337 4389 (24)combinata
3364 4320 3522 4373 unius
3561 4317 3735 4372 fruetus

531 4434 649 4508 (13)
672 4429 1272 4508 Tingereproboptizare
1297 4437 1509 4484 veteres
1536 4426 1726 4482 Patres
1750 4426 2051 4496 praesertim
2153 4427 2329 4498 gravit
2377 4428 2494 4486 sic:
2549 4431 2883 4508 indetninuta:
2929 4432 3158 4508 deitatis,
3214 4435 3479 4506 indeptus,
3524 4433 3730 4504 adeptus,

459 4503 696 4563 Africani
724 4503 923 4573 saepius
944 4503 1221 4559 dixerunt.
1385 4570 1395 4574 _
1459 4571 1468 4574 _
1929 4570 1938 4574 _
2157 4510 2462 4574 consecutus
2490 4511 2710 4574 paterna
2727 4505 3037 4572 substantia,
3072 4519 3179 4562 etc.

531 4570 1514 4651 (lt)Lignéretestamentornmtabulae
1534 4578 1905 4651 memorantur
1927 4570 2054 4626 item
2085 4633 2130 4651 ἢ
2231 4570 2348 4651 (l8)
2368 4570 2738 4651 Aggrasuram
2762 4570 3085 4651 inarumLtr.
3117 4578 3450 4651 161.1.Vide
3471 4578 3643 4633 adnot.
3663 4574 3734 4651 l9.

454 4633 928 4722 ab‘Ulitiatio,_lili.
956 4646 1250 4722 x_xxvnl).,
1274 4645 1367 4722 tit.
1403 4644 1490 4708 11,
1524 4643 1796 4722 dehortor.
1831 4657 2049 4713 possess.
2082 4633 2133 4695 D
2170 4711 2207 4722 _.
2232 4633 2350 4716 (t9)
2380 4633 2506 4700 dies.
2560 4646 2744 4710 item,
2778 4646 2945 4722 Τυ1.,Δ
2967 4633 3104 4704 Ζεη.
3135 4658 3190 4705 et
3226 4633 3443 4722 pomp.‘
3471 4666 3586 4706 cum
3623 4646 3735 4704 edit.

457 4711 733 4777 secundum
753 4718 952 4772 tabulas
979 4717 1102 4787 Leg.
1133 4721 1255 4780 l,et
1274 4714 1415 4787 idem
1432 4729 1554 4787 esse
1573 4711 1905 4787 videnturiac
1920 4730 2063 4787 cera-
2170 4711 2340 4777 νόει,
2359 4730 2829 4784 sacramentorum;
2854 4711 2948 4775 sed
2983 4725 3120 4775 male
3153 4739 3166 4774 :
3199 4738 3327 4777 nam
3355 4711 3565 4787 semper
3589 4722 3637 4775 in
3662 4732 3737 4773 suo

457 4804 523 4848 tae
569 4790 757 4847 tabultc
811 4790 934 4843 alibi
974 4784 1215 4860 celebres
1243 4804 1257 4860 ξ
1291 4785 1724 4860 inscribebantur
1761 4786 1904 4860 enim
1932 4784 2062 4860 (fere
2166 4787 2468 4860 periurihus
2490 4790 2749 4860 symbolis
2765 4789 3008 4847 binarius
3033 4807 3293 4848 numerus
3314 4792 3420 4847 duo
3444 4784 3735 4848 Testamenta

458 4872 777 4921 testamenta
806 4875 954 4925 cera,
984 4874 1087 4929 qua
1115 4858 1313 4912 tabulae
1339 4858 1528 4924 lignea:
1552 4856 2062 4929 circumvestiebau-
2164 4857 2492 4929 significasse
2521 4856 2778 4927 traditur,
2803 4873 2857 4916 et
2876 4873 3150 4929 praeterea
3184 4865 3443 4919 salutaria
3481 4863 3657 4917 monito
3693 4861 3736 4915 in

456 4946 564 5061 har,
610 4944 669 4989 ut
716 4948 812 5005 per
851 4927 1194 5000 illam'stylus
1226 4928 1281 4982 iu
1322 4928 1631 5003 scribendo.
1655 4929 1839 4984 lacites
1878 4928 2060 4983 sulcos
2165 4927 2377 5054 duobus
2405 4929 2764 4987 Testamentis
2794 4927 2963 4990 veteri
2992 4948 3056 4991 ac
3086 4949 3229 4991 novo
3258 4937 3596 5007 apertissime
3630 4946 3739 4988 con-

497 5017 699 5061 thOl‘ﬂl.
2188 5015 2308 5054 men
2341 5018 2420 5055 lll‘.

497 5017 699 5061 ιιςοιηηι.
2166 5008 2420 5055 tinentur.

388 5094 391 5095 ν
493 5069 1425 5151 (ιθ)μρςεξςεωιιε’άςὺξιὶξεεᾞ-ιιιη
1447 5068 1686 5151 habuisse
1708 5085 1805 5151 pro
1827 5070 2060 5126 debuisse
2237 5071 2355 5151 (20)
2383 5073 2669 5151 singulare
2692 5075 2861 5151 hocce
2884 5079 3252 5135 testimonium
3277 5089 3383 5148 est,
3417 5077 3556 5151 quod
3585 5075 3736 5151 inter-

461 5140 1139 5223 aliqn‘a'ndoidictuurfuit?
1167 5140 1432 5223 Similiter
1458 5142 1673 5209 quidem
1700 5150 1861 5223 tract.
1912 5157 2054 5213 seq.,
2164 5140 2519 5223 pretationem
2548 5148 2752 5223 antiqui
2783 5150 2951 5219 ἱειιοιὶ
2972 5153 3233 5219 auctoris,
3254 5140 3739 5223 cujus,'qund_s_cia-

458 5236 514 5276 n.
548 5212 633 5278 i3.
667 5233 765 5296 ms.
799 5218 951 5271 Item.
977 5214 1162 5296 habere
1190 5228 1288 5296 pro
1314 5212 1597 5296 debere,_at
1622 5212 1839 5296 nullunr
1864 5212 2050 5296 pr:_nte-
2160 5230 2305 5279 mus,
2325 5218 2540 5273 aliunde
2570 5212 2890 5296 non'liqu'et,
2917 5223 3106 5296 adnos
3129 5212 3451 5290 transmisit,
3469 5212 3535 5277 ad
3561 5218 3737 5276 idcirco

451 5308 546 5350 rea
590 5290 728 5362 apud
764 5297 973 5362 veteres
1007 5284 1284 5362 ejusmodi
1325 5284 1628 5362 ext-mplqu
1667 5285 1905 5362 reperire
1935 5286 1997 5338 ha

1557 5300 1628 5337 ιιιι
1667 5285 1905 5362 reperire
1935 5286 2059 5339 hac-
2165 5301 2433 5362 pra-cipue
2463 5284 2957 5362 notandum—Visum
2987 5292 3107 5348 fuit.

458 5355 812 5435 tenus-licuit.
848 5357 1172 5435 Nuntiabant
1205 5371 1305 5435 pro
1328 5355 1592 5435 nuntiabat
1623 5356 1960 5435 correximus
1989 5371 2055 5412 cx
2190 5429 2201 5435 _
2235 5355 2351 5431 (2|
2379 5359 2503 5435 MSS:
2525 5361 2738 5430 puum”
2765 5362 2894 5418 le”.
2922 5362 3108 5435 asp”
3135 5365 3497 5421 “scendum:
3534 5373 3586 5418 et
3618 5357 3736 5435 infe.

455 5434 870 5512 mssa-Pam)»,
911 5429 1221 5512 Vat.,.Sp.,
1265 5425 1587 5503 Confirmant
1633 5441 1733 5496 pro
1783 5428 2057 5497 confirmat
2159 5425 2279 5512 rius
2294 5425 2392 5512 pro
2419 5425 2737 5512 adscendunt
2767 5435 2927 5492 iidem
2951 5425 3166 5493 codices
3185 5438 3435 5503 scribunt
3454 5431 3738 5493 descendunt

454 5506 747 5563 emendare
773 5504 1034 5559 sententia
1061 5504 1242 5573 jussit.
2158 5506 2433 5557 cvntrario
2463 5504 2620 5573 plane
2643 5520 2828 5561 sensu.
3784 5540 3799 5552 ρ

526 5577 644 5652 (16)
675 5570 1461 5652 his._Potnp.‘,patrisfamilias.
1531 5649 1538 5652 Δ
1620 5648 1630 5652 Δ
1738 5639 1750 5652 .
1967 5642 1976 5652 .

2230 5572 2343 5645 (22)
2366 5570 2510 5630 Edlli
2531 5592 2821 5647 snpponens
2851 5595 2871 5634 :
2900 5581 3337 5637 emendatiOnem
3373 5596 3506 5637 mss.
3538 5585 3735 5647 sugges-

527 5639 643 5719 (17)
676 5639 1207 5719 Iis.Rem.',indeptte
1234 5640 1500 5719 scribit_in
1525 5648 1703 5707 textu;
1735 5639 1788 5697 itt
1812 5642 2055 5714 margine
2162 5639 2370 5719 serunt.

456 5712 637 5795 autem
660 5720 872 5795 antiqua
894 5732 1077 5795 manu,
1106 5712 1328 5795 ῖηιίίρξη
1358 5712 1568 5795 ,αάεριη
1590 5794 1595 5795 γ
1620 5722 1901 5795 consecut.,
1935 5712 2054 5795 qua:
2235 5715 2481 5795 (ξωιιξβ.
2499 5718 2715 5795 Po_tnp.,
2739 5721 3031 5795 zeu.,Sp.,
3049 5724 3261 5781 unicum
3286 5721 3731 5795 a‘menprmljsrunt.

457 5783 1010 5862 marginatis'notatio
1058 5790 1111 5846 in
1148 5783 1402 5845 editionis
1430 5783 1649 5844 Venetae
1698 5794 1899 5842 textum
1950 5783 2052 5842 mi-
2240 5783 2359 5861 (at)
2406 5783 2732 5864 Combindra,
2765 5793 2818 5851 id
2856 5783 3146 5853 e'st'simul
3199 5796 3410 5867 juncta,
3452 5783 3507 5849 'ut
3553 5791 3738 5848 Clusae:

3878 2468 3879 2489 1

3878 2544 3879 2561 1

3878 2586 3879 2595 l

3878 2736 3879 2743 1

3878 2808 3879 2821 1

3878 2902 3879 2921 1

3878 2924 3879 2943 1

3878 2960 3879 2979 1

3877 3178 3879 3187 ‹

3878 3284 3879 3295 1

3878 3308 3879 3321 1

3878 3368 3879 3383 1

3878 3394 3879 3401 1

3878 3430 3879 3451 1

3878 3456 3879 3477 1
