3838 6322
120 310 226 368 435

116 522 329 595 gemina
377 538 501 578 esse
544 530 853 581 noscantur,
886 531 1064 576 tamen
1114 536 1219 576 una
1252 520 1323 576 de
1369 520 1552 577 radice
1586 519 1707 578 fun-

114 616 338 672 duntur.
369 615 709 671 Testamenta
736 622 862 669 sunt
885 614 1015 679 duo,
1048 613 1143 673 sed
1181 622 1407 670 testator
1432 624 1517 671 est
1543 629 1704 671 unus.

114 710 183 765 Et
205 708 455 765 scribens
482 706 598 781 (ἐῢ)
626 722 800 763 canna
821 706 991 761 divisa
1014 714 1119 770 est,
1142 706 1239 762 sed
1270 722 1411 763 unus
1437 707 1703 763 calamus.

113 803 177 858 Et
199 800 373 857 forfex
398 801 451 854 in
481 800 618 854 duos
641 799 961 866 producitur
980 799 1205 860 cultros,
1233 799 1328 854 sed
1351 814 1537 855 eorum
1565 813 1708 854 unus

109 908 193 954 est
230 887 469 952 morsus.
512 895 581 950 Et
617 894 828 966 gladius
878 896 1009 949 duas
1048 893 1191 948 acies
1233 894 1389 963 gerit.
1439 894 1534 949 sed
1579 902 1708 950 sunt

111 988 557 1056 uniuscorporis
603 986 794 1041 latera.
851 985 923 1041 Et
976 985 1187 1041 denarii
1243 994 1370 1040 sunt
1412 985 1550 1049 duo,
1609 985 1704 1042 sed

110 1081 224 1155 (£6)
254 1096 359 1137 uua
386 1090 599 1137 moneta
611 1082 829 1151 signati.
851 1082 1075 1137 Etscala
1098 1082 1234 1137 duos
1254 1081 1374 1155 (27)
1394 1096 1585 1152 scapos
1614 1083 1708 1136 ha-

107 1177 216 1240 bet,
245 1187 303 1230 et
322 1174 523 1245 gradus
552 1175 848 1244 plurimos;
883 1173 978 1230 sed
1005 1174 1125 1244 ejus
1153 1189 1414 1231 ascensus
1437 1184 1519 1230 est
1542 1190 1702 1230 unus.

107 1268 316 1326 Gradus
330 1277 515 1324 autem
538 1268 679 1338 ejus,
698 1267 894 1323 fratres
914 1268 1274 1335 dilectissimi,
1293 1268 1336 1322 si
1357 1266 1518 1322 vultis
1544 1269 1703 1333 scire,

104 1362 227 1433 quid
256 1371 541 1427 vocentur,
571 1360 777 1417 audite.
798 1361 1122 1426 Conversio,
1145 1360 1442 1428 audientis,
1465 1360 1708 1417 intellec-

104 1463 208 1521 tus,
234 1453 556 1521 credulitas,
586 1455 771 1522 timor,
802 1454 1089 1526 sapientia,
1129 1456 1417 1521 sobrietas,
1451 1468 1706 1511 mansue-

104 1547 250 1614 tudo,
294 1550 681 1618 temperantia,
722 1549 968 1613 castitas,
1000 1549 1208 1619 'pietas,
1254 1547 1512 1613 cbaritas,
1549 1546 1705 1613 tldes,

102 1643 319 1707 veritas,
350 1641 652 1708 humilitas,
682 1642 882 1713 gratia,
915 1641 1192 1705 honestas,
1221 1641 1567 1706 verecundia,
1606 1653 1707 1710 pa-

103 1734 308 1798 tientia,
352 1732 786 1812 perseverantia,
824 1733 1245 1789 consummatio.
1270 1733 1569 1804 Scaporum
1604 1745 1704 1786 no-

1297 306 1500 366 LIBER
1540 308 1605 365 11.
1648 307 2068 367 TRAC'I'ATUS
2112 310 2248 368 XIV.

118 429 437 501 rediguntur
468 428 519 484 in
558 442 840 495 summam,
873 428 1129 498 quoniam
1168 427 1418 482 universa
1465 426 1713 498 quamvis
1739 430 1788 488 Α

3310 318 3417 375 134

2256 419 2267 431 ’
2320 428 2731 492 TBAC'I‘ATUS
2769 435 2909 492 XIV.

2428 526 2509 602 (1)
2534 525 2614 583 De
2636 529 2800 585 Juda.

1882 613 1921 670 l.
1953 614 2119 672 ludas
2150 625 2259 672 tres
2289 617 2489 675 liberos
2517 618 2725 687 habuit,
2768 620 2894 690 Her,
2939 621 3018 697 (2)
3055 626 3270 693 Aunan,
3309 624 3417 682 Se-

1813 708 1902 763 lon
1946 707 2100 779 (Gen.
2136 713 2390 781 XXXVIII).
2425 712 2522 769 llic
2557 714 2864 781 mulierem,
2909 717 3063 788 cujus
3094 732 3292 776 nomen
3334 727 3420 776 est

1811 799 2066 865 Thamar,
2121 803 2331 873 accepit
2394 819 2617 860 uxorem
2690 806 2882 876 majori
2950 808 3063 864 tilio
3124 826 3243 868 suo.
3313 812 3417 882 Qui

1811 890 1956 947 filius
1998 908 2121 948 cum
2169 895 2402 965 maligne
2447 896 2657 952 Domini
2688 908 2813 954 ante
2856 899 3048 957 faciem
3081 913 3416 972 versaretur,

1811 984 2090 1055 Scriptura
2123 995 2286 1053 teste,
2327 1004 2356 1043 a
2391 990 2502 1045 Deo
2531 992 2848 1061 perhibetur
2878 994 3112 1050 occisus.
3160 996 3417 1053 Secundo

1812 1077 2064 1149 imperat,
2111 1090 2170 1135 ιιι
2201 1081 2363 1137 intret
2399 1083 2463 1138 ad
2512 1082 2590 1156 (ὃ)
2620 1083 2805 1141 fratris
2832 1101 3076 1154 uxorem,
3132 1106 3195 1146 ac
3224 1107 3413 1148 semen

1810 1172 2012 1226 excitet
2051 1170 2256 1237 fratris,
2303 1176 2393 1245 qui
2427 1175 2705 1246 ingressus
2751 1192 2939 1234 semen
2986 1194 3143 1236 suum
3189 1182 3328 1238 fudit
3358 1185 3413 1239 in

1812 1271 2031 1319 terrain.
2065 1264 2219 1333 Quod
2247 1282 2371 1322 cum
2404 1266 2511 1323 Deo
2547 1268 2840 1340 malignum
2873 1286 3087 1342 quoque
3113 1274 3413 1343 videretur,

1786 1360 1924 1430 .pari
1976 1376 2098 1414 eum
2147 1373 2323 1418 morte
2375 1362 2670 1419 damnavit.
2726 1364 3182 1435 Conjunctionem
3231 1379 3410 1424 autem

1812 1452 1957 1512 tertii
1994 1454 2089 1510 lilii
2119 1457 2259 1527 apud
2292 1472 2487 1511 nurum
2533 1473 2632 1529 per
2667 1466 2880 1514 :ctatem
2925 1468 3169 1525 excusat,
3206 1459 3288 1533 (l)
3314 1462 3415 1517 de-

1812 1552 2054 1616 territus,
2103 1566 2170 1606 ne
2200 1553 2365 1608 etiam
2395 1551 2512 1623 ipse
2553 1552 2805 1609 similiter
2847 1564 3177 1623 moreretur,
3211 1573 3413 1628 pmice-

1812 1641 1996 1713 pitque
2026 1642 2265 1709 mulieri,
2297 1653 2356 1697 ut
2387 1644 2439 1697 in
2468 1643 2632 1698 domo
2649 1646 2824 1714 patris
2851 1648 2967 1702 suis
2992 1649 3151 1703 vidua
3194 1664 3411 1720 perma-

1811 1750 1967 1801 nens,
1998 1736 2215 1806 nuptias
2238 1745 2477 1793 maturas
2520 1738 2675 1811 193
2704 1750 3008 1812 exspectet.
3039 1740 3172 1797 Cum
3199 1758 3291 1799 res
3335 1742 3415 1799 sic

103 1831 241 1884 mina
271 1828 385 1883 duo
425 1827 796 1883 Testamenta.
827 1825 983 1884 Scala
1011 1839 1193 1881 autem
1236 1828 1460 1896 proprio
1478 1824 1700 1880 nomine
1729 1833 1779 1895 Β
1805 1843 1866 1884 se
1895 1828 2141 1895 haberet,
2182 1829 2300 1899 ejus
2336 1846 2477 1885 uxor
2502 1834 2753 1887 moritur.
2799 1834 2899 1901 Qui
2934 1834 3245 1889 consolatus
3290 1849 3415 1891 cum

98 1936 226 1977 crux
256 1933 509 1985 vocatur,
550 1920 674 1989 quia
720 1934 817 1990 per
849 1922 1016 1990 ipsam
1045 1918 1307 1973 Dominus
1343 1916 1502 1972 Jesus
1546 1916 1704 1972 Chri-

101 2025 210 2071 stus
246 2015 408 2088 192
439 2014 559 2087 (28)
587 2015 850 2085 mysteria
878 2014 1129 2070 universa
1173 2013 1469 2069 conﬁciens
1496 2020 1554 2067 et
1575 2025 1705 2066 con-

97 2110 337 2178 eludens,
370 2111 518 2167 Patri
544 2122 604 2165 et
631 2109 800 2165 Adam
831 2110 1145 2180 reportavit,
1173 2117 1229 2165 et
1270 2107 1375 2164 iter
1410 2106 1477 2163 ad
1504 2107 1702 2163 ctelum

100 2204 352 2261 omnibus
379 2220 443 2261 se
470 2203 829 2276 sequentibus
857 2202 1132 2275 patefecit.
1638 2186 1651 2195 ’

96 2391 487 2463 graeco-latium
513 2387 805 2463 explicant.
832 2385 957 2463 Βίης
985 2398 1095 2463 vos
1109 2383 1251 2455 apud
1273 2381 1614 2463 Diomedem,
1646 2388 1704 2436 et

99 2455 392 2517 Eombinans
418 2461 561 2533 apud
587 2455 885 2515 'Sidoniutn
918 2457 1313 2529 Apollinarem,
1354 2455 1449 2511 lib.
1484 2470 1560 2519 ix,
1608 2467 1697 2523 ep.

102 2551 205 2597 t'nt,
234 2532 483 2589 invenire
509 2532 657 2588 licet.

163 2596 279 2677 (25)
325 2605 535 2659 Calami
564 2602 635 2677 ad
687 2599 1034 2677 scribendum
1085 2614 1150 2655 ex
1200 2596 1701 2677 arutginibususeu

98 2667 275 2732 munis
307 2677 545 2731 maxime
571 2674 841 2744 ﬁgyptiis
870 2673 1092 2735 flebant,
1118 2682 1177 2725 ut
1215 2686 1284 2726 ex
1326 2669 1504 2744 Plinio
1539 2667 1703 2744 d_i_sci-

99 2765 231 2815 mus,
265 2748 363 2805 lilt.
400 2763 512 2811 ινι,
558 2761 609 2802 c.
637 2738 746 2802 ὅτι
779 2743 984 2800 Chartis
1024 2744 1251 2807 serviunt
1285 2742 1496 2815 colenti,
1527 2738 1700 2815 Αἰθυ-

100 2823 185 2888 ptii
208 2812 433 2875 nmium
459 2819 759 2891 cognatione
795 2818 1019 2888 quadam
1054 2817 1264 2941 papyri.
1295 2814 1358 2871 Et
1388 2812 1607 2870 Persius
1632 2817 1699 2868 de

100 2891 272 2941 caninis
300 2891 567 2941 apertius.
596 2890 709 2941 Sat.
735 2906 811 2941 ιιι.
845 2904 989 2941 vers.
1015 2890 1040 2941 l
1108 2904 1120 2941 :

97 2891 272 2947 cannis
300 2890 567 2963 apertius,
596 2890 709 2947 Sat.
735 2906 811 2956 ιιι,
845 2904 989 2944 vers.
1015 2890 1040 2942 1

184 2986 336 3050 [nque
358 2998 537 3035 manus
558 2985 761 3042 charta).
791 2983 1072 3050 nodosaque
1097 2980 1449 3050 venitarundo,‘

181 3044 305 3099 'l‘uin
324 3050 568 3113 quaeritur
590 3059 786 3098 crassus
804 3044 1003 3098 αιιιιηισ
1013 3044 1143 3109 quod
1168 3045 1383 3108 pendeat
1406 3044 1598 3093 humor.

167 3154 282 3226 (ΞΒ)
315 3153 530 3209 Moneta
546 3154 768 3224 proprie
792 3151 937 3222 apud
952 3153 1222 3206 lloutanos
1245 3150 1472 3226 iunonis
1499 3162 1697 3226 cogno-

1108 2930 1120 2943 0

99 3216 214 3283 men
241 3216 363 3281 erat
386 3241 420 3281 a
449 3216 725 3282 monendo
757 3216 1009 3290 inditum,
1038 3233 1095 3277 ut
1122 3221 1417 3295 tuytbologi
1446 3216 1695 3295 probant.
1728 3216 1774 3280 C

98 3300 218 3355 lude
239 3298 567 3353 translatum
595 3299 662 3356 ad
697 3297 1041 3359 nomismata,
1071 3291 1195 3349 sive
1214 3294 1359 3364 quod
1390 3294 1443 3349 in
1465 3291 1697 3349 lunonis

101 3372 209 3425 aede
234 3371 541 3441 Capitolina
570 3368 925 3435 cuderentur,
954 3375 1014 3421 ut
1038 3365 1206 3436 aliqui
1225 3364 1560 3441 existimant,
1584 3364 1698 3419 sive

102 3441 268 3513 potius
297 3436 442 3514 quod
474 3441 798 3503 numisuiata
830 3447 1007 3514 noset
1034 3438 1271 3493 auctoris
1296 3440 1352 3491 et
1382 3436 1538 3507 pretii
1581 3449 1697 3489 mo-

101 3510 252 3571 ineant
280 3532 292 3567 ε
316 3510 481 3569 notas
503 3514 646 3567 enim
674 3512 907 3567 nummis
950 3510 1251 3564 impressas
1280 3517 1550 3562 tnottetatn
1577 3521 1697 3561 esse

99 3602 158 3641 ex
186 3586 284 3640 hoc.
307 3585 551 3641 Zenonis
581 3583 703 3639 loco
735 3582 966 3637 Basilius
1014 3579 1187 3635 Faber
1233 3578 1589 3650 collegit,ita
1640 3583 1698 3630 ut

101 3659 195 3710 duo
222 3658 420 3711 denarii
459 3663 796 3710 unastnoncta
825 3653 1014 3725 signati
1043 3651 1177 3706 nihil
1211 3651 1340 3725 sint
1368 3649 1510 3704 aliud
1528 3663 1696 3725 quam

101 3728 198 3782 duo
219 3728 429 3783 denarii
463 3728 669 3783 eisdem
700 3739 749 3782 et
781 3718 947 3796 signis
978 3736 1031 3780 et
1060 3724 1203 3796 notis
1230 3723 1376 3796 ensi;
1399 3718 1542 3792 quod
1569 3732 1698 3796 con-

103 3799 291 3854 firmari
326 3809 504 3870 potest
533 3815 598 3855 ex
652 3792 948 3853 Prudeiitio
969 3838 983 3863 ,
1016 3794 1397 3870 quislmilitcr
1443 3792 1696 3847 nuntiante

102 3887 192 3941 pro
221 3869 393 3944 figura
421 3872 659 3926 nummis
686 3870 949 3939 impressa
982 3869 1180 3936 posuit.

462 3963 534 4014 En
558 3961 722 4015 Caesar
744 3962 963 4026 agnoscit
980 3974 1123 4026 suum

463 4026 711 4077 Numisma
731 4024 942 4075 nummis
964 4024 1187 4074 inditum.

106 4133 292 4189 Verum
346 4136 632 4191 enimvero
675 4148 798 4188 cum
831 4148 997 4187 unum
1040 4141 1309 4193 stateram,
1356 4131 1512 4200 cujus
1551 4131 1692 4203 apud

108 4205 407 4260 Mattbaeum
441 4214 526 4260 est
570 4206 807 4269 mentio,
857 4205 973 4257 huic
1018 4203 1073 4258 S.
1119 4204 1265 4257 Zeno
1315 4203 1600 4271 resliiciat,
1636 4213 1694 4257 ut

104 4287 235 4344 patet
260 4293 326 4333 ex
375 4279 559 4332 adnot.
608 4278 707 4341 l0,
740 4274 982 4344 proferto
1027 4290 1190 4329 unum
1238 4290 1549 4340 minimum,
1602 4276 1691 4345 qui

102 4348 302 4404 duobus
329 4349 569 4404 denariis
607 4349 955 4418 penderetur,
1011 4345 1316 4416 significare
1367 4345 1693 4412 probabilius

102 4423 284 4489 voluit,
311 4423 464 4476 idest
496 4421 604 4475 duo
628 4419 1018 4479 didraclnuata,
1048 4419 1229 4488 quanti
1248 4418 1469 4489 (quidem
1502 4420 1693 4472 unicus

101 4501 247 4547 sister
270 4488 664 4557 mstmtahatur,
711 4493 854 4556 quod
887 4505 951 4543 ιιι
979 4491 1166 4544 eadem
1193 4488 1543 4544 adnotatione
1572 4502 1689 4543 ma-

104 4562 342 4619 nifestum
378 4566 486 4620 ﬁet.
516 4562 858 4632 Lampridius
898 4562 948 4614 in
981 4560 1287 4615 Alexandro
1316 4560 1438 4615 Sev.
1477 4577 1528 4629 p.
1564 4557 1687 4626 127,

1811 1922 1878 1978 ad
1906 1937 2037 1978 oves
2073 1923 2377 1980 tondendas
2400 1935 2651 1995 pergeret
2677 1940 2825 1992 suas,
2850 1935 3011 1998 atque
3040 1924 3122 2001 (5)
3142 1926 3243 1983 hoc
3269 1927 3414 1983 Tha-

1805 2017 1942 2073 mari
1965 2018 2327 2084 nuntiaretur,
2354 2033 2475 2089 quae
2502 2020 2582 2088 (6)
2609 2019 2771 2075 Selou
2802 2019 3016 2075 viderat
3036 2029 3331 2086 maturum,
3359 2020 3414 2075 ei

1806 2125 1907 2167 nec
1942 2119 2123 2166 tamen
2171 2122 2451 2182 nupserat,
2480 2119 2685 2167 vestem
2718 2112 2996 2168 viduitatis
3031 2110 3110 2185 (7)
3164 2113 3411 2183 exponit,

1808 2207 1891 2279 (8)
1931 2206 2191 2264 :estivalia
2230 2205 2427 2271 induit,
2469 2214 2645 2262 semet
2691 2205 2889 2263 decore
2914 2206 3213 2278 componit,
3256 2205 3412 2273 loco-

1879 2371 1996 2442 (28)
2023 2370 2164 2427 Edit.
2197 2368 2362 2433 νειμ,
2386 2367 2698 2442 ministerio;
2725 2376 2782 2422 et
2808 2366 2948 2442 infra
2976 2383 3073 2434 pro
3099 2369 3411 2426 concludens

1804 2438 1995 2502 scribit
2030 2442 2351 2505 conducens,
2403 2441 2562 2493 male.
2591 2438 2865 2510 (Mysteria
2909 2450 3090 2496 autem
3138 2442 3319 2496 omnia
3350 2443 3406 2497 in

1805 2531 1965 2573 cruce
1996 2512 2235 2586 perfecta
2264 2521 2423 2580 atque
2450 2509 2703 2586 conclusa
2742 2520 2969 2586 eatenus
3011 2511 3405 2586 intelliguntur,

1805 2579 2074 2660 quatenus
2104 2584 2303 2660 ibidem
2333 2579 2513 2660 omnia
2539 2621 2553 2645 ,
2585 2595 2704 2650 qua:
2731 2580 2799 2635 de
2827 2579 3047 2636 Christo
3087 2579 3406 2655 praisiguitié

1801 2652 1922 2715 cata
1949 2667 1999 2713 et
2029 2654 2399 2727 prafnuntia‘ta
2408 2652 2647 2727 fuerant,
2676 2663 3047 2727 consummata
3078 2666 3221 2727 sunt:

1871 2724 2075 2787 Tasci.
2090 2725 2369 2795 XlV.-—(l)
2385 2724 2479 2778 llic
2490 2732 2750 2795 tractatus
2761 2732 2954 2792 quater
2965 2726 3187 2779 citatura
3201 2725 3406 2784 Ratbe-

1810 2804 1911 2869 rio,
1930 2793 2521 2871 episcoitoVeronensi,
2546 2798 2669 2850 ets.
2696 2793 2898 2871 Zenoni
2922 2795 3140 2871 quidetn
3162 2808 3409 2871 anteces-

1808 2867 1919 2930 sori
1942 2867 2040 2926 suo
2051 2870 2335 2941 explorare
2350 2868 2528 2941 tribui]
2540 2883 2623 2930 ιη’.
2644 2874 2701 2920 ιη
2718 2880 2784 2941 εδ
2809 2867 3092 2941 “ML—32
3112 2870 3401 2941 conmut'

1809 2946 1865 3001 In
1897 2946 2023 3000 edit.
2054 2938 2192 2999 ve...
2242 2941 2358 2995 lucc
2404 2938 2594 2994 titulus
2623 2939 2916 3009 prmligitur
2943 2957 2957 2993 :
2989 2938 3068 2994 De
3105 2939 3251 2994 Iuda
3298 2940 3406 2996 Pa-

1810 3018 2037 3074 triarclta
2060 3016 2170 3085 ﬁlio
2198 3013 2360 3069 Iacob
2382 3020 2428 3068 et
2454 3009 2792 3085 Thermarum
2839 3011 3192 3085 inscriptione
3220 3024 3403 3069 autent

1807 3106 1911 3146 ms.
1938 3081 2209 3146 Urbiuatis
2230 3087 2347 3140 lucc
2374 3085 2623 3157 leguntur
2655 3081 3037 3157 :_Dominicatn
3070 3085 3121 3157 in
3161 3085 3401 3150 Quadra-

1807 3163 2000 3234 gesima
2046 3159 2204 3234 lectio
2243 3160 2307 3225 1,
2428 3151 2491 3211 et
2545 3157 2608 3221 3,
2654 3151 2831 3209 Tract.
2890 3155 2953 3234 de
2981 3152 3123 3234 Iuda
3156 3156 3227 3234 Δ(Σ.
3268 3173 3399 3223 xm,

1805 3228 1891 3289 est
1917 3234 2169 3287 nimirum
2193 3231 2246 3284 in
2279 3228 2472 3284 ordine
2497 3236 2824 3282 tractatuum
2852 3229 2970 3295 ejus
2994 3228 3199 3282 codicis
3239 3238 3398 3284 tract.
3484 3228 3499 3235 ’

1801 3307 1870 3363 l5
1911 3304 2092 3359 hhrit.
2120 3301 2182 3357 C.
2224 3316 2386 3368 porro
2418 3300 2597 3355 littera
2647 3299 2932 3371 capitulm
2974 3300 3278 3369 significat;
3326 3302 3400 3355 ita

1797 3378 1944 3431 enim
1976 3375 2098 3430 libri
2134 3383 2457 3428 tractatuum
2504 3371 2614 3425 duo
2650 3386 2746 3437 pro
2796 3387 3024 3424 tmmero
3072 3379 3400 3427 tractatuum

1799 3448 2002 3504 ibidem
2036 3448 2086 3500 in
2120 3444 2354 3512 capitula
2404 3442 2628 3496 totidem
2659 3440 2992 3495 dividuntur.
3042 3440 3123 3495 Ex
3170 3444 3271 3495 hoc
3300 3458 3401 3497 au-

1796 3530 1907 3573 tem
1938 3525 2164 3573 tractatu
2189 3515 2257 3570 de
2283 3512 2419 3569 .lnda
2445 3524 2557 3567 tres
2582 3513 2937 3567 sumebantur
2968 3512 3253 3572 lectiones.
3279 3529 3401 3581 qua:

1798 3590 2076 3646 Dominica
2104 3587 2258 3643 tertia
2289 3584 2730 3653 Quadragesima:
2763 3583 2903 3639 inter
2932 3583 3404 3642 Ecclesiasticaoi-

1799 3660 1917 3717 licia
1948 3663 1999 3716 in
2029 3658 2326 3716 Veronensi
2368 3657 2554 3726 utique
2580 3653 2825 3711 Ecclesia
2845 3654 3237 3712 recitabantur.

1867 3752 1947 3828 (2)
1977 3754 2297 3828 Lectionum
2317 3750 2563 3828 codicum
2589 3760 2645 3805 et
2669 3748 2800 3828 edit.
2848 3748 2983 3828 V_en.
3029 3752 3398 3828 restituimus,

1798 3818 1894 3896 pro
1919 3818 2023 3895 qua
2044 3825 2304 3896 scriptqu
2331 3830 2449 3878 erat
2470 3818 2624 3896 Onan
2648 3820 2836 3896 ,_Scla.
2856 3818 3185 3896 ΔΖιθῐιοιιίιιιιει
3227 3818 3401 3896 scrip;

1798 3891 1872 3952 tio
1901 3891 1967 3953 ei:
1997 3896 2136 3952 LXX
2160 3891 2566 3962 interpretibus
2592 3891 2712 3947 fluit
2731 3934 2747 3961 ,
2779 3893 2868 3963 qui
2906 3893 3201 3947 secundum
3247 3891 3400 3949 Jndie

1797 3969 1964 4024 ﬁliuni
2009 3967 2274 4025 Hebraice
2321 3967 2523 4020 dictum
2572 3968 2776 4035 Onam,
2825 3965 3014 4020 Graece
3061 3967 3401 4035 scripserunt

1795 4043 1976 4107 Δυνὰν,
2008 4043 2217 4105 Annon;
2255 4053 2414 4110 quam
2432 4051 2636 4110 vocem
2676 4034 2890 4110 Philoni
2919 4039 3072 4110 item
3104 4034 3396 4110 restituen-

1795 4115 1920 4169 dam
1955 4116 2006 4168 in
2038 4113 2207 4173 libro,
2248 4107 2385 4175 quod
2420 4107 2557 4162 Deus
2581 4109 2646 4161 sit
2689 4107 3026 4160 immutabilis
3074 4108 3233 4176 paulo
3278 4121 3401 4179 post

1795 4186 2039 4251 initium,
2072 4186 2157 4238 ubi
2198 4183 2376 4238 Ἅνναν
2417 4179 3036 4251 corrupteimpressutn
3080 4188 3200 4251 est.
3247 4189 3397 4236 recte

1797 4260 1999 4312 monuit
2027 4249 2356 4311 Cotellertus
2386 4266 2535 4307 num.
2580 4251 2646 4306 17
2688 4249 2743 4304 in
2796 4251 3086 4320 epistolam
3134 4250 3396 4308 Barnabas

1796 4328 2064 4384 Apostoll.

1848 4345 2064 4396 poStou.

1867 4400 1948 4469 (5)
1979 4399 2075 4454 Ms.
2106 4399 2287 4464 Bem.,
2320 4398 2503 4469 patris.
2534 4394 2693 4469 male.

1893 4465 1947 4540 ι)
1974 4471 2065 4527 Sic
2094 4487 2161 4526 ex
2193 4465 2330 4524 mss.
2356 4468 2478 4523 Vat.
2512 4476 2570 4522 et
2599 4466 2732 4521 Urb.
2764 4465 3128 4540 qtiibus_ia_vet
3149 4465 3270 4523 Tol.
3297 4474 3393 4523 cd-

1794 4536 1938 4599 dicis'
1959 4544 2120 4598 lectio
2159 4541 2453 4607 deter-ritur,
2484 4557 2509 4593 s
2536 4545 2747 4594 mutatu
2776 4538 2827 4591 ιιι
2858 4554 2905 4591 r.
2953 4536 3097 4593 Editi
3140 4553 3265 4594 cum
3296 4540 3397 4596 ali-

104 4636 284 4705 formas
315 4636 574 4703 binorias,
609 4612 889 4694 lanarius,
938 4632 1330 4705 quaternarias,
1383 4612 1488 4705 etc:
1522 4612 1687 4705 com:

1868 4624 2078 4705 lllEnm'S’S.
2109 4614 2410 4705 deteratur.

105 4703 389 4774 memorat,
416 4719 471 4762 ut
505 4707 767 4761 indicaret
801 4720 1081 4771 nummos,
1106 4706 1194 4771 qui
1223 4703 1489 4758 Salinasio
1520 4704 1688 4758 inter-

105 4789 279 4844 prete,
325 4795 448 4848 pag.
473 4780 604 4843 218,
657 4778 796 4832 hiuis
816 4819 832 4844 ,
864 4776 1037 4848 tribus
1057 4818 1073 4840 ,
1104 4774 1188 4848 vel
1233 4782 1485 4848 quatuor.
1506 4775 1685 4830 aureis

105 4844 353 4903 valerent)
386 4844 508 4905 Haec
535 4854 716 4914 igitur,
745 4850 813 4903 de
850 4863 952 4916 qua
983 4846 1129 4903 Zeno
1176 4844 1433 4918 loquitur,
1469 4844 1683 4901 moneta

104 4919 327 4993 quodam
358 4922 517 4976 modo
543 4922 757 4975 uinaria:
786 4923 967 4993 forma!
998 4918 1125 4993 fuit,
1156 4917 1275 4989 quae
1311 4918 1518 4993 scilicet
1547 4917 1683 4972 duo-

108 4989 198 5043 h‘us
241 4993 477 5047 denariis
515 5009 611 5048 seu
658 4987 1051 5046 didrachmatis
1095 4987 1482 5055 :estunabatur,
1516 4998 1576 5043 ut
1620 5005 1688 5043 ex

110 5062 282 5135 adnot.
318 5065 543 5135 allegata
571 5077 891 5135 Cognosces.

171 5132 282 5208 (Ξῖ)
325 5130 524 5210 Scopas
563 5130 821 5210 seniorum
847 5132 983 5189 dixit
1007 5132 1169 5210 etiam
1190 5130 1464 5210 Vitruvius
1486 5132 1579 5189 lib.
1601 5151 1686 5210 ιι,

108 5221 217 5276 cap.
246 5204 303 5276 2,
331 5221 387 5264 et
412 5204 535 5264 sunt
557 5209 665 5263 duo
686 5207 760 5262 illi
789 5219 1019 5270 asseres,
1053 5205 1145 5276 qui
1174 5204 1439 5260 scalarum
1485 5204 1688 5274 gradus

109 5282 363 5336 sustinent
389 5323 403 5347 ,
432 5290 491 5337 ut
519 5295 585 5336 ex
613 5281 713 5335 hoc
756 5278 1069 5334 Zenoniano
1113 5278 1439 5349 testimonio,
1470 5277 1691 5349 collegit

110 5350 447 5429 Casaubonus
475 5355 529 5410 in
569 5352 897 5429 Trebellium
937 5350 1237 5408 Pollionem
1266 5348 1529 5429 pagi“)
1549 5390 1562 5414 ,
1596 5349 1687 5429 ubi

111 5421 271 5479 solum
295 5426 346 5480 in
377 5421 447 5480 eo'
467 5434 612 5482 errat
632 5462 657 5491 γ
680 5427 824 5495 quod
852 5439 947 5494 pro
975 5438 1225 5479 sermone
1247 5421 1314 5495 de
1343 5421 1569 5495 Somnio
1590 5422 1686 5495 Ala-

113 5496 205 5547 cob
227 5511 533 5553 sermonem
559 5497 594 5551 5
645 5493 713 5552 de
740 5493 1011 5553 Abraham
1045 5493 1319 5550 memoria:
1360 5493 1511 5561 lapsu
1554 5493 1686 5548 alle-

115 5574 213 5685 ἔτη,
247 5565 480 5633 Scaphas
509 5567 760 5651 scribitur
788 5571 838 5625 iu
881 5582 1010 5622 mss.
1040 5565 1231 5650 I’omp.
1273 5576 1327 5648 et
1358 5565 1492 5650 le":
1526 5575 1579 5650 et
1607 5567 1684 5620 in-

138 5652 271 5685 t'rms
295 5642 604 5685 scnnlmrum
630 5640 826 5685 ‘Pﬂ'lllll'
869 5653 988 5685 011111
1040 5638 1227 5685 ttsiiem
1275 5653 1325 5685 In
1367 5637 1684 5685 ροιῖιιιιὶιιις-

138 5636 271 5690 i-rius
295 5642 604 5709 scaphorum
630 5640 826 5708 legitur
869 5653 988 5692 cum
1040 5637 1227 5709 iisdem
1273 5637 1325 5690 in
1367 5637 1686 5698 codicibus.

117 5711 221 5757 tum
244 5722 373 5763 vero
386 5707 550 5763 etiam
574 5710 625 5781 iu
650 5707 803 5763 Rem.
832 5718 887 5781 et
912 5709 1040 5764 edit.
1060 5707 1219 5773 Ven.,
1246 5708 1337 5781 sed
1364 5725 1684 5781 perperam;

122 5789 233 5853 nam
263 5782 482 5849 scaphas
511 5780 649 5853 vasis
669 5824 682 5846 ,
706 5792 793 5835 aut
825 5780 1045 5853 alterius
1076 5781 1153 5835 rei
1174 5779 1381 5834 cavitas
1399 5779 1482 5836 est
1506 5780 1690 5836 Vitru—

120 5848 200 5901 vin
225 5848 389 5915 teste,
420 5866 540 5921 qua?
572 5852 621 5906 in
649 5848 969 5907 sententiain
1015 5860 1335 5922 praesentem
1379 5868 1483 5908 non
1520 5853 1685 5910 cadit.

1868 4685 1951 4757 (5)
1980 4685 2096 4739 Hoc
2120 4686 2273 4740 abest
2302 4698 2330 4737 a
2360 4699 2465 4757 ins.
2497 4682 2650 4757 Rem.

1868 4686 1930 4757 (5
1980 4685 2096 4739 Hoc
2120 4686 2273 4740 abest
2302 4698 2330 4737 a
2360 4699 2459 4736 ms.
2497 4685 2650 4737 Rem.

1866 4685 1951 4830 (6;
1975 4758 2065 4830 Sic
2089 4770 2221 4811 mss.
2250 4770 2371 4830 cum
2403 4756 2535 4809 edit.
2565 4751 3005 4830 Ven_.pt_'o_Sela.

1866 4822 1949 4903 (7)
1981 4829 2197 4899 Expone
2213 4841 2309 4897 pro
2334 4827 2531 4899 depono
2557 4834 2612 4903 et
2632 4826 2823 4903 abjicio
2851 4822 2969 4903 huic
2995 4826 3243 4903 sumitur,
3267 4840 3393 4883 cum

1794 4896 1939 4958 Gen.
1963 4896 2083 4972 cap.
2125 4896 2365 4972 xxxviii,
2396 4896 2538 4953 vers.
2586 4896 2968 4972 l_4,'drposita:
2993 4897 3257 4953 viduitatis
3282 4914 3395 4972 ees-

1794 4984 1869 5029 tes
1898 4968 2197 5027 tradantur.
2230 4970 2450 5025 Plautus
2489 4973 2543 5025 el
2586 4968 2871 5025 Terentius
2899 4983 3160 5041 apponere
3199 4970 3391 5025 eodem

1759 5049 1771 5064 '
1793 5059 1954 5099 sensu
1984 5052 2275 5113 usurpant.
2308 5057 2534 5112 quorum
2586 5041 2678 5096 ille
2721 5042 2870 5113 l’teu.
2920 5040 2986 5105 4,
3014 5040 3051 5093 2
3072 5084 3086 5104 ,
3129 5041 3231 5108 ‘55,
3263 5059 3394 5098 onus

1790 5132 1994 5190 appone
2015 5158 2029 5179 ,
2065 5110 2153 5171 hic
2179 5110 2358 5170 autuit
2390 5113 2580 5169 Heaut.
2619 5115 2668 5180 l,
2702 5114 2757 5180 1,
2786 5110 2859 5167 '56
2879 5154 2892 5177 ,
2933 5125 3129 5168 rastros
3156 5132 3355 5187 appone
3375 5158 3389 5181 ,

1794 5190 1933 5244 idest
1956 5188 2155 5257 depone
2175 5188 2511 5255 scripserunt
2543 5209 2556 5237 :
2594 5199 2692 5257 pro
2719 5199 2825 5255 quo
2862 5188 3196 5241 recentiores
3222 5188 3394 5257 scrip-

1791 5268 1938 5314 tores
1965 5261 2215 5315 dixerunt
2236 5257 2574 5330 frequentius
2602 5272 2889 5330 exponere,
2916 5267 2973 5311 ut
2993 5273 3245 5330 exponere
3263 5275 3393 5329 pon-

1789 5331 1890 5385 dus
1935 5332 2239 5403 Cyprianus
2268 5329 2605 5403 deLapsis,
2636 5344 2787 5384 nutu.
2815 5328 2888 5403 28
2913 5328 3095 5403 μνη.
3139 5328 3214 5403 58
3261 5328 3392 5400 (col.

1792 5403 1903 5459 488
1935 5401 2122 5459 nostrce
2150 5401 2447 5471 editionis),
2482 5416 2738 5473 exponere
2761 5401 3029 5473 episcopos
3054 5402 3112 5473 in
3132 5401 3395 5473 igne-rpre-

1797 5476 2002 5531 tatione
2046 5470 2446 5546 pseudosynodi
2499 5470 2879 5546 sardicensis'.
2929 5470 3391 5546 apud___ﬂi_larit_tm

1796 5555 1996 5673 torui."
2023 5541 2324 5620 {exponere
2351 5547 2575 5616 uigorem
2621 5542 2927 5605 Arnobius,
2958 5551 3015 5596 et
3043 5541 3135 5596 alii
3164 5542 3235 5597 de
3270 5542 3391 5597 aliis

1796 5633 1910 5673 sunt
1936 5631 2057 5673 iter.
2506 5628 2512 5641 '

1791 5628 2057 5673 Similiter.
2506 5628 2512 5641 '

1868 5700 2292 5785 (8)1‘heristrum
2320 5710 2566 5785 vulgatus
2612 5708 2884 5785 lnterpres
2924 5706 3136 5775 anuit,
3182 5709 3323 5785 quod
3358 5726 3389 5764 ει

1795 5778 1927 5839 voce
1956 5781 2148 5849 Graeca
2170 5785 2349 5856 σθέρρς
2378 5778 2618 5835 πέειίνιιιῐι
2664 5778 2948 5856 mulierum
2994 5785 3192 5856 vestem
3224 5780 3391 5856 signi-

1792 5856 1950 5921 li'cat,
1986 5864 2041 5910 ut
2080 5848 2236 5909 docet
2260 5848 2619 5918 Hieronymus
2663 5850 2716 5904 in
2748 5852 2868 5919 cap.
2893 5863 2948 5903 ιιι
3004 5848 3176 5912 Isaiae,
3234 5848 3294 5906 ιιςὲ
3324 5852 3393 5908 ex
