3926 6328
501 282 595 336 139

1833 291 1912 342 SA
1924 287 2076 343 NC'I‘I
2119 287 2412 348 ZENONIS
3632 308 3712 362 illi

489 402 698 472 quitur,
733 416 954 458 necesse
981 413 1064 456 est
1095 411 1151 456 ut
1179 402 1292 474 (59)
1317 402 1596 474 probetur.
1644 402 1882 474 Denique
1914 403 2081 460 forui-
2114 421 2164 481 Α
2194 419 2406 474 xerunt,
2441 419 2496 462 ιιι
2526 423 2650 480 pars
2681 411 2953 466 felicitatis
2982 413 3142 484 sit(2)
3175 429 3348 480 nosse,
3372 415 3485 486 quid
3513 420 3715 476 iecerint.

491 497 635 550 caria
684 494 940 566 requisita
991 508 1099 550 non
1139 505 1221 551 est
1272 497 1524 564 inventa;
1569 499 1693 568 quia
1726 507 1948 553 renatus
1997 513 2092 569 per

491 602 682 658 aquam
713 596 768 644 et
794 587 1051 659 Spiritum
1084 598 1328 645 sanctum
1377 589 1745 655 desinitessc,
1791 591 1936 662 quod
1984 591 2096 648 lue-

491 692 596 748 rat,
625 693 677 738 et
705 682 890 754 incipit
919 699 1061 749 esse,
1093 684 1234 753 quod
1262 700 1366 740 nou
1399 695 1535 741 erat.
1562 685 1820 756 Sequitur
1844 686 1987 756 quod
2010 686 2094 740 vi—

490 772 711 828 duitatis
742 785 944 832 vestem
970 792 1157 833 rursus
1186 779 1416 848 accepit,
1440 796 1546 833 non
1576 779 1759 851 utique
1784 787 1843 834 ut
1869 795 1986 850 qua:
2021 779 2095 834 fe-

489 875 671 930 cerat;
707 867 930 931 faceret,
965 869 1060 923 sed
1107 880 1165 924 ut
1193 870 1414 927 deﬁeret
1443 887 1503 928 se
1548 871 1740 928 fecisse
1777 872 1919 943 quod
1950 872 2097 928 lece-

492 969 610 1025 rat;
661 963 819 1018 aliter
865 965 1065 1019 etenim
1119 965 1240 1036 quis
1294 967 1474 1022 salvus
1523 983 1646 1024 esse
1710 983 1816 1022 non
1873 968 2092 1038 poterit,

491 1053 609 1125 (40)
632 1055 878 1124 quamvis
924 1056 997 1110 sit
1022 1056 1224 1126 justus,
1250 1058 1356 1113 nisi
1383 1059 1793 1129 exomologesin
1826 1059 2096 1114 faciensct

489 1147 778 1218 praesentia
808 1163 904 1202 sua
939 1160 1155 1217 peccata
1187 1149 1514 1221 exstinguat,
1550 1161 1602 1206 et
1639 1151 1813 1206 futura
1843 1150 2090 1219 repellat.

497 1241 657 1313 198
669 1241 904 1296 Thamar
929 1244 1189 1313 arguitur,
1212 1244 1353 1314 qttod
1368 1245 1435 1300 de
1457 1245 1812 1300 fornicatione
1828 1247 1910 1314 (41
1929 1249 1945 1314 )
1964 1261 2096 1300 con—

491 1336 718 1402 ceperit.
755 1335 819 1390 Et
849 1336 1090 1393 Ecclesia
1122 1339 1275 1407 quasi
1309 1339 1444 1409 legis
1481 1339 1748 1404 adultera,
1780 1339 2091 1395 Iudaeorum

491 1439 571 1484 est
618 1445 646 1484 a
688 1431 995 1486 senioribus
1040 1442 1324 1499 accusata,
1371 1433 1514 1506 quod
1551 1434 1831 1490 sabbatum
1864 1433 2091 1503 ruperit,

491 1523 634 1594 quod
668 1539 854 1580 eorum
907 1527 1226 1584 traditiones
1271 1527 1552 1598 abjecerit.
1585 1529 1822 1584 Thamar
1868 1527 2095 1597 protulit

493 1619 714 1686 monile,
745 1621 1006 1676 annulum
1034 1623 1262 1692 virgam,
1288 1637 1456 1693 seque
1488 1621 1734 1678 liberavit
1762 1621 1876 1694 (Ω)
1909 1636 2091 1676 sacra-

491 1722 678 1768 mento
700 1716 908 1770 numeri
937 1716 1005 1770 ab
1035 1715 1338 1771 imminenti
1383 1715 1664 1787 supplicio.
1701 1714 1937 1770 Ecclesia
1979 1714 2090 1782 ipsa

2199 497 2366 570 Igitur
2406 501 2508 556 Job
2549 503 2630 558 vir
2657 501 2948 573 fuitjustus
2972 516 3025 560 et
3052 520 3233 574 verax,
3262 506 3327 562 ab
3353 509 3591 566 universis
3613 527 3717 568 con-

2198 594 2544 662 cupiscentiis
2571 596 2732 667 hujus
2756 597 2937 653 tntmdi
2955 608 3212 666 secretus,
3240 606 3613 660 conversatione
3627 607 3722 661 litu-

2201 687 2376 756 pidus,
2421 699 2606 745 mente
2645 689 2942 760 limpidior,-
2981 707 3150 762 usque
3188 694 3322 750 adeo
3357 697 3725 768 circumspectus

2198 788 2359 850 atque
2401 781 2916 852 irreprelteustbilis,
2960 795 3019 840 ut
3045 787 3133 842 Dei
3159 790 3226 841 Sit
3251 790 3539 846 testimonio
3563 793 3728 848 collau-

2200 872 2361 928 datus
2407 873 2546 945 (Job.
2582 893 2618 940 t,
2665 878 2744 948 8).
2797 877 2953 934 Unde
2983 896 3088 934 non
3119 882 3380 936 immerito
3407 884 3576 940 beatus
3605 888 3727 944 beata

2198 968 2305 1021 vita
2345 967 2642 1023 fruebatur.
2685 970 2927 1041 Namque
2957 982 3075 1027 erat
3120 973 3197 1029 illi
3229 976 3626 1043 splendidissima
3653 981 3730 1035 do-

2201 1077 2342 1127 mus,
2366 1061 2522 1116 dives
2536 1079 2766 1129 census;
2795 1065 2944 1120 dives
2967 1081 3181 1138 quoque
3201 1084 3445 1123 numerus
3465 1070 3728 1140 liberorum,

2201 1168 2254 1210 ct
2321 1156 2486 1230 (quod
2523 1169 2606 1214 est
2638 1159 2954 1228 parentibus
2998 1164 3252 1233 gratum)
3294 1165 3552 1234 utriusque
3580 1181 3726 1232 sexus,

2195 1261 2252 1305 et
2299 1253 2527 1308 invicem
2583 1267 2642 1306 se
2681 1254 2978 1308 amantium
3014 1253 3176 1322 (Ibid.
3222 1271 3258 1318 I,
3288 1255 3341 1324 5)
3378 1271 3622 1326 :quoruut
3656 1275 3733 1328 pro

2200 1359 2428 1399 numero
2463 1345 2573 1399 Deo
2602 1345 2824 1399 diurnas
2855 1345 3060 1401 hostias
3091 1345 3353 1400 offerebat
3378 1347 3531 1418 (Ibid.
3561 1351 3648 1404 tot
3670 1351 3730 1421 5).

2199 1433 2374 1490 Tanto
2401 1448 2581 1492 autem
2612 1436 2860 1506 puritatis
2888 1453 2950 1494 ac
2982 1437 3104 1493 fidei
3131 1451 3246 1494 erat
3271 1455 3421 1496 muro
3450 1442 3674 1506 munitus,
3693 1457 3737 1498 ut

2201 1542 2306 1582 non
2335 1529 2560 1584 auderet
2597 1546 2722 1585 eum
2768 1539 3040 1586 attentare
3065 1532 3334 1596 diabolus,
3368 1534 3462 1587 nisi
3484 1549 3511 1587 a
3539 1534 3632 1589 Deo
3649 1536 3718 1604 jus

2198 1637 2291 1677 sus
2332 1621 2440 1692 (Ib.
2471 1622 2584 1693 ιε).
2615 1623 2731 1678 Jam
2761 1624 2846 1679 his
2875 1625 3239 1691 considerate,
3284 1626 3490 1690 fratres,
3523 1630 3736 1699 quemad-

2198 1715 2418 1770 modum
2460 1717 2697 1771 saevierit
2725 1717 3000 1784 incitatus,
3033 1720 3124 1790 qui
3154 1719 3282 1774 ferri
3311 1735 3413 1774 non
3441 1729 3601 1790 potest
3622 1723 3737 1776 blan-

491 1807 720 1861 Veritale
769 1807 822 1861 in
875 1807 1092 1863 nomine
1119 1807 1297 1869 Patris
1323 1817 1378 1863 et
1411 1807 1532 1862 Filii
1577 1816 1630 1862 et
1659 1805 1894 1878 Spiritus
1920 1805 2090 1859 sancti
2127 1825 2170 1884 Β
2201 1812 2324 1866 dus.
2378 1810 2545 1882 Igitur
2588 1812 2664 1883 (5)
2712 1811 3092 1884 famigerabile
3130 1818 3483 1870 committitur
3517 1817 3734 1885 praelium.

491 1913 597 1953 non
633 1909 836 1954 tantum
865 1899 1064 1956 diaboli
1100 1909 1396 1969 prtesentes
1433 1899 1586 1971 ignes
1622 1897 1952 1968 exatinguit,
1995 1895 2092 1951 sed

489 1992 651 2046 etiam
681 1991 844 2047 futuri
874 1993 982 2047 diei
1007 1992 1193 2063 judicii
1226 1991 1474 2048 incendia
1502 1991 1802 2062 superabit.
1848 1989 1942 2044 Illa
1971 1989 2092 2060 jus-

489 2084 690 2138 tilicata
720 2084 994 2147 discessit.
1039 2084 1157 2139 haec
1183 2085 1478 2156 glorificata
1507 2088 1625 2155 (15)
1645 2083 1986 2139 verinumeri
2007 2083 2092 2136 in-

489 2176 804 2238 crementis.
829 2191 892 2230 ac
911 2176 1032 2230 tidei
1051 2191 1176 2232 cum
1191 2175 1411 2231 Christo
1432 2175 1487 2231 in
1517 2186 1718 2231 teterna
1745 2176 1942 2230 saecula
1967 2188 2092 2242 per-

490 2267 750 2332 manebit,
801 2283 898 2339 per
941 2268 1226 2324 Dominum
1273 2278 1328 2323 et
1365 2276 1804 2324 conservatorem
1844 2276 2091 2322 nostrum

489 2359 988 2427 JesumChrtstum,
1013 2361 1103 2431 qui
1126 2371 1210 2417 est
1235 2360 1552 2418 benedictus
1580 2375 1704 2416 cum
1720 2357 2013 2432 (44)Patre
2035 2369 2091 2414 et

490 2450 695 2521 Spiritu
723 2461 913 2508 sancto
941 2461 1067 2508 ante
1097 2453 1294 2508 srecula
1321 2462 1374 2508 et
1402 2454 1452 2508 iu
1481 2451 1696 2508 smeulis
1723 2463 1777 2506 et
1823 2452 1876 2507 in
1909 2450 2088 2506 omnia

490 2545 686 2602 saecula
715 2545 1062 2601 szecttlorutn.
1097 2547 1290 2602 Arnen.

912 2651 1072 2724 199
1108 2650 1523 2708 TBACTATUS
1549 2649 1668 2707 xv.

1135 2765 1213 2836 (I)
1239 2763 1443 2821 Delob.

559 2855 600 2911 ι.
633 2855 814 2912 Sacra:
846 2857 1106 2925 historize,
1141 2857 1338 2924 fratres
1373 2858 1733 2925 dilectissimi,
1763 2858 1828 2913 ad
1861 2860 1961 2915 hoc
1991 2874 2092 2914 no-

489 2950 572 3008 bis
598 2959 681 3005 est
706 2949 900 3005 tradita
929 2949 1157 3022 legenda
1187 2953 1458 3020 narratio,
1481 2963 1539 3007 ut
1577 2952 1864 3020 majorum,
1897 2954 1940 3007 si
1975 2951 2090 3007 fieri

489 3051 690 3113 potest,
721 3043 912 3099 saltem
937 3043 1118 3116 aliqua
1133 3059 1198 3100 ex
1227 3053 1377 3114 parte
1399 3044 1888 3109 morcsimitemur,
1917 3045 1960 3100 si
1983 3059 2088 3100 non

490 3151 779 3206 possumus
816 3137 1015 3193 imitari
1049 3138 1273 3195 virtutes
1307 3147 1490 3194 :tauta
1522 3137 1668 3194 enim
1713 3138 1980 3210 probitate
2011 3140 2090 3195 vi-

559 3275 674 3345 (39)
709 3275 806 3330 Ms.
833 3275 958 3332 Tol.
990 3277 1184 3345 probet.

557 3347 675 3418 (40)
691 3349 745 3402 1η
770 3362 874 3404 ms.
898 3347 1340 3403 Retneusistextu
1359 3362 1456 3418 per
1468 3348 1662 3403 saltum
1675 3357 1861 3418 etcum
1874 3361 2081 3414 errore,

485 3417 638 3490 quam
651 3421 810 3492 jussit
823 3422 1035 3492 justus,
1062 3422 1165 3473 nisi
1193 3417 1478 3491 extinguat,
1511 3430 1616 3474 etc.
1649 3417 1878 3492 Inferius
1903 3429 2083 3492 autem

487 3492 709 3561 antiqua
736 3533 750 3557 ,
785 3491 1022 3546 secunda
1049 3503 1229 3546 tamen
1266 3506 1428 3545 manu
1451 3533 1464 3552 ,
1506 3491 1888 3561 emendatum,
1935 3499 1991 3544 ut
2032 3491 2084 3545 iu

487 3557 710 3631 reliquis
733 3572 787 3617 et
829 3578 960 3618 mss.
1012 3573 1068 3616 et
1106 3563 1265 3617 editis
1299 3563 1513 3632 legitur.
1544 3557 1943 3631 Exomologesin
1986 3562 2088 3616 La-

487 3633 615 3687 tinis
643 3633 837 3687 litteris
861 3635 1116 3690 Scribitur
1138 3635 1190 3689 in
1218 3636 1470 3690 omnibus
1502 3634 1813 3696 codicibus,
1845 3650 1949 3688 non
1993 3649 2088 3688 au-

489 3713 598 3758 tem
626 3703 847 3775 Gratcej,
881 3717 939 3760 ιιι
983 3705 1150 3776 editio
1195 3704 1323 3760 Ver.
1365 3717 1421 3761 et
1462 3721 1617 3776 seqq.
1655 3703 1969 3775 prmferuut.
2029 3703 2085 3758 Id

486 3790 618 3830 vero
641 3789 836 3830 nomen
881 3775 1277 3832 confessionem
1307 3789 1360 3832 et
1400 3775 1771 3847 paenitentiam
1821 3776 2089 3844 signiﬁcat

489 3857 853 3917 peccatorum.
889 3849 1268 3904 Paenitentiam
1306 3849 1525 3917 quidem
1577 3848 1882 3918 signiﬁcare
1912 3848 2084 3915 palam

485 3929 663 3974 estex
702 3918 926 3985 lrenaao,
960 3921 1049 3989 qui
1080 3933 1144 3974 ea
1175 3934 1308 3975 voce
1341 3921 1540 3989 pluries
1567 3926 1735 3973 utitur
1767 3936 1778 3972 :
1835 3918 1956 3973 vide
1989 3918 2082 3972 lib.

487 4005 525 4050 ι,
553 4005 673 4060 cap.
704 3990 855 4061 9,,ot
880 3992 974 4046 lib.
1009 4007 1090 4053 tu.
1136 4006 1256 4060 cap.
1287 3992 1340 4054 4;
1375 3991 1518 4061 quod
1565 4001 1894 4060 postremum
1931 3989 2085 4045 testi-

486 4064 726 4116 monium
752 4060 940 4118 Graece
977 4062 1206 4117 relatum
1238 4062 1308 4115 ab
1337 4060 1574 4117 Eusebio
1601 4061 1698 4116 lib.
1727 4076 1778 4116 tv
1801 4076 1922 4131 cap.
1971 4063 2028 4115 11
2067 4102 2082 4126 ,

484 4131 714 4204 Iiuiluus
749 4133 820 4187 ita
853 4133 1043 4188 Latine
1071 4133 1326 4199 reddidit,
1360 4143 1420 4189 ut
1449 4147 1548 4204 pro
1581 4147 1649 4188 eo
1673 4132 1816 4202 quod
1863 4135 2083 4200 antiqua

487 4203 677 4257 lrenzni
701 4205 882 4259 versio
909 4207 1068 4259 habet
1120 4205 1499 4274 aromologesin
1533 4207 1747 4273 faciens,
1805 4205 2086 4274 scripserit

485 4275 748 4345 pwtiitens.
783 4275 985 4332 Eodem
1010 4291 1170 4331 sensu
1202 4277 1567 4331 Tertullianus
1603 4276 1671 4330 de
1712 4275 1906 4330 Potuit.
1959 4290 2080 4344 cap.

485 4344 552 4417 9:
583 4344 991 4417 Exomologesis,
1011 4347 1220 4416 ginqua,
1253 4347 1608 4414 prosterncndi
1630 4357 1677 4400 et
1707 4346 2082 4415 httmiliﬁcandi

485 4415 710 4470 hominis
728 4415 1015 4490 disciplina
1043 4429 1116 4474 est
1139 4435 1158 4473 :
1187 4419 1497 4489 ibidemque
1514 4430 1780 4490 preterea
1806 4418 1857 4470 id
1886 4432 2082 4472 nomen

485 4502 586 4556 pro
614 4485 958 4545 confessione
988 4492 1121 4562 item
1155 4494 1371 4562 accipit,
1409 4485 1542 4561 quae
1574 4489 1921 4562 pteoiteutia;
1953 4504 2084 4562 sane

485 4569 767 4632 parsest;
816 4562 1012 4618 scribit
1040 4561 1184 4616 enim
1219 4581 1230 4616 :
1274 4559 1331 4616 Is
1376 4559 1522 4617 actus
1551 4559 1934 4632 (poenitentiae)
1996 4561 2084 4628 qui

485 4631 648 4706 magis
668 4631 846 4706 Grch
872 4633 1118 4706 vocabulo
1147 4634 1448 4706 exprimitur
1474 4643 1522 4688 et
1549 4631 1901 4706 frequentatur
1918 4673 1932 4697 9
1961 4648 2082 4685 θεοο

481 4699 758 4774 mologesis
773 4713 868 4767 est,
885 4720 986 4774 qua
1003 4699 1245 4758 delictum
1264 4702 1485 4759 Domino
1507 4699 1731 4759 nostrum
1749 4703 2074 4772 conﬁtemur,

484 4789 584 4847 non
611 4772 816 4847 quidem
845 4772 907 4847 nt
927 4776 1126 4847 ignaro,
1157 4775 1245 4830 sed
1264 4786 1512 4845 quatenus
1548 4776 1832 4846 satisfactio
1879 4778 2079 4846 confes-

483 4844 626 4918 sione
646 4844 963 4917 disponitur,
986 4844 1314 4918 (confessione
1355 4847 1648 4918 pwnitentia
1678 4844 1926 4910 nascitur,
1969 4844 2074 4899 etv.

483 4914 538 4987 S_.
565 4913 869 4987 Cyprianus
895 4917 1084 4971 eadem
1118 4933 1247 4970 voce
1277 4913 1472 4986 pasSim
1519 4921 1708 4982 utitur,
1761 4933 1899 4971 nunc
1959 4919 2079 4986 qni-

483 4985 623 5057 dem'
669 4989 1039 5054 pwttiteutiam
1086 4985 1504 5057 sigttittcaturus,
1552 5001 1693 5044 nunc
1721 5002 1902 5043 autem
1948 5003 2076 5043 cou-

483 5055 800 5128 fessiouetu,
825 5076 943 5126 qua:
975 5059 1082 5112 Deo
1113 5055 1252 5128 apud
1295 5055 1616 5116 Sacerdotes
1646 5060 1763 5128 ejus
1795 5061 1884 5124 ﬁt;
1934 5063 2076 5116 unde

482 5126 536 5180 in
579 5129 768 5203 lib.tle
800 5129 986 5203 Lapsis
1017 5126 1168 5203 nutu.
1195 5129 1286 5196 28,
1316 5146 1442 5203 pag.
1497 5126 1742 5201 582(col.
1796 5130 1902 5185 488
1951 5149 2074 5185 nos-

481 5206 576 5251 trw
623 5199 732 5269 ed.)
760 5219 774 5257 :
809 5201 962 5270 Apud
990 5202 1278 5256 sacerdotes
1306 5199 1413 5257 Dei
1435 5199 1663 5256 dolenter
1684 5214 1731 5254 et
1783 5203 2080 5268 simpliciter

483 5269 803 5343 conﬁtentes,
846 5269 1222 5342 exomOIOgesin
1251 5274 1525 5327 criminum
1557 5274 1778 5343 faciunt,
1809 5274 1968 5327 animi
1997 5277 2077 5328 sui

481 5341 686 5416 pondus
711 5353 994 5414 exponunt,
1019 5341 1143 5416 etc.
1160 5341 1852 5416 Exomologesin'criminum
1881 5345 2077 5416 faciunt

479 5413 669 5468 eadem
695 5413 960 5485 sententia
985 5415 1171 5469 scribit
1199 5416 1389 5470 itcrutu
1416 5413 1520 5485 'ep.
1546 5416 1616 5471 55
1653 5416 1719 5469 ad
1766 5413 2073 5470 Cornelium

478 5485 623 5538 unde
656 5486 706 5538 itt
732 5484 922 5541 codice
948 5485 1200 5540 chtiensi
1231 5484 1555 5542 observante
1588 5486 1802 5541 Balnzio
1833 5495 1944 5540 not.
1983 5486 2072 5552 60,

474 5569 654 5629 supra
698 5570 886 5610 vocem
933 5558 1312 5629 exomologesin
1359 5558 1577 5629 antiqua
1609 5572 1771 5612 manu
1813 5558 2071 5628 scriptum

475 5625 570 5698 fuit
601 5627 655 5680 id
680 5637 753 5681 est
784 5625 1185 5698 confessionum
1211 5629 1414 5684 Eodem
1448 5625 1590 5683 Itbro
1615 5629 1681 5681 tle
1710 5629 1899 5695 Lapsis
1919 5625 2068 5682 itum.

463 5696 558 5771 ibi.
595 5713 712 5771 pag.
741 5699 848 5752 584
887 5696 1068 5771 ’(ιιοει.
1101 5701 1184 5753 ed.
1212 5701 1315 5764 col,
1361 5698 1491 5766 490)
1548 5700 1823 5771 Danieleut
1853 5714 2066 5752 cmmo-

463 5767 657 5832 logtrsitt
687 5767 953 5842 facientem
981 5782 1030 5826 et
1056 5773 1305 5826 dicentem
1330 5773 1556 5842 inducit,
1581 5787 1643 5842 ac
1671 5770 1852 5842 statim
1883 5785 2073 5839 pecca-

463 5845 638 5891 torum
688 5835 1119 5898 confessionem
1175 5847 1294 5913 cap.
1335 5838 1386 5898 ix
1447 5835 1684 5898 Danielis
1737 5835 2065 5912 descriptam

2199 1904 2349 1959 Illinc
2386 1902 2634 1959 diabolus
2677 1905 3005 1962 horrendum
3039 1909 3166 1962 totis
3200 1909 3446 1964 intonaus
3475 1912 3638 1972 armis,
3659 1912 3738 1962 tui-

2199 1999 2494 2067 nistrisque
2524 1999 2746 2069 Insuper
2775 2002 2886 2054 suis
2923 2001 2973 2054 in
3003 2001 3268 2056 auxilium
3300 2001 3587 2066 concitatis,
3613 2001 3738 2056 terri-

2199 2089 2294 2144 bili
2342 2090 2630 2160 iucrepans
2678 2093 2839 2158 tuba,
2882 2091 2960 2166 (4)
2994 2097 3312 2164 praedonum
3356 2095 3511 2149 corda
3546 2095 3644 2149 lace
3673 2093 3742 2147 fu-

2199 2183 2314 2238 riali
2330 2198 2614 2250 succensa,
2632 2185 2922 2254 impetibus
2945 2187 3152 2243 crebris
3175 2190 3372 2258 passim
3402 2196 3532 2242 tutas
3553 2187 3739 2240 hominis

2201 2276 2293 2332 Dei
2323 2277 2608 2333 facultates
2635 2278 2841 2333 invadit
2875 2296 2889 2334 :
2923 2279 3102 2333 subito
3131 2281 3343 2350 rapina,
3375 2280 3511 2350 igne,
3538 2278 3741 2349 ferroque

2200 2375 2446 2429 universa
2474 2388 2583 2428 uno
2610 2385 2884 2428 momento
2907 2373 3173 2444 dispertiit
3199 2375 3271 2444 (υ.
3309 2373 3378 2429 15
3402 2383 3448 2428 et
3473 2370 3740 2443 seq.)_llinc

2199 2465 2301 2520 Job
2331 2466 2438 2519 alta
2471 2465 2593 2521 ﬁdei
2625 2465 2806 2520 radice
2835 2464 3093 2520 robnsuts
3129 2475 3206 2520 tot
3247 2466 3444 2520 nuntiis
3484 2464 3743 2533 lugubribus

2199 2560 2466 2624 tunditur,
2499 2575 2601 2616 nec
2629 2569 2878 2616 movetur
2909 2577 2922 2614 :
2952 2559 3047 2614 sed
3081 2568 3291 2614 tantum
3335 2559 3586 2614 benedicit
3613 2557 3741 2611 Deum

2202 2655 2487 2712 facultates
2529 2672 2634 2727 que
2672 2671 2799 2711 suas
2838 2656 3244 2711 contemnendo
3287 2655 3534 2712 custodit.
3579 2656 3635 2709 Αι
3676 2654 3742 2707 ubi

2203 2752 2452 2807 diabolus
2497 2751 2833 2823 aggressuris
2878 2751 3042 2805 tantis
3080 2750 3215 2806 nihil
3258 2766 3318 2805 se
3366 2750 3632 2821 profecisse
3670 2762 3741 2801 co-

2201 2848 2435 2917 gnoscit,
2471 2859 2686 2899 omnem
2713 2843 3008 2914 impietatis
3036 2857 3151 2897 stne
3181 2843 3389 2898 rabiem
3417 2843 3469 2898 in
3498 2842 3624 2898 filios
3653 2841 3745 2908 ejus

2200 2937 2447 2993 cll'undit.
2491 2935 2623 2992 Nam
2667 2952 2788 2991 cum
2820 2935 2979 2990 solito
3003 2951 3155 2990 more
3177 2936 3461 2991 unanimes
3483 2951 3576 2990 una
3601 2934 3745 3004 epula-

2200 3041 2390 3086 rentur
2427 3030 2480 3086 iu
2519 3031 2705 3094 domo,
2749 3028 2928 3085 subito
2965 3031 3253 3085 concussis
3281 3040 3395 3085 toto
3415 3031 3536 3085 nixu
3561 3038 3748 3100 quatuor

2201 3127 2412 3200 angulis
2449 3127 2590 3198 ejus,
2624 3124 2702 3199 (5)
2733 3126 2783 3180 in
2798 3124 3078 3181 confusam
3111 3124 3315 3182 molem
3346 3125 3634 3198 parietibus,
3663 3135 3746 3178 tec-

2118 3273 2164 3336 C
2200 3271 2411 3326 recitat.
2435 3265 2698 3322 Paciauus
2718 3261 3132 3336 Barcitmuensis
3154 3262 3318 3336 epist.
3343 3263 3590 3336 I,contra
3609 3259 3747 3336 Nova-

2200 3343 2392 3403 tianos,
2444 3346 2499 3393 et
2546 3336 2832 3391 Salvianus
2886 3335 2936 3388 in
2971 3334 3238 3403 protentio
3286 3335 3353 3387 ad
3398 3334 3588 3388 Ecclus.
3635 3332 3745 3386 idem

2195 3429 2389 3470 nomen
2411 3419 2660 3476 utroque,
2688 3408 2771 3460 vel
2789 3406 3053 3461 alterutro
3081 3418 3247 3460 sensu
3274 3419 3543 3476 usurpant.
3563 3403 3612 3459 S.
3631 3403 3748 3457 Zeno

2195 3487 2386 3542 iterum
2419 3474 2664 3535 adltihuit
2695 3487 2852 3532 tract.
2908 3476 2978 3531 10
3027 3477 3122 3530 lib.
3151 3493 3200 3541 I,
3237 3495 3385 3532 nutu.
3407 3474 3468 3532 73.
3501 3474 3746 3544 Utrobique

2194 3555 2565 3629 paenitentiam
2597 3548 3090 3629 certissimeinnuit
3122 3559 3184 3629 ὀι
3213 3552 3596 3629 confessionem
3617 3549 3746 3629 etiam

2193 3620 2851 3701 peccatorum,quatenus
2896 3620 2948 3674 in
2995 3620 3344 3701 ιιιιξιιίιειιιιίίῖεΔ
3375 3635 3468 3701 seu
3518 3620 3750 3674 exemtth-

2193 3692 2673 3772 gesensopetjbus
2703 3693 2938 3772 maxime
2960 3692 3552 3772 gemiti-eltettdebatttr.

2268 3769 2382 3844 (61)
2404 3760 2499 3822 ML.
2531 3764 2652 3844 Tol.
2685 3765 2936 3835 concepit.
2960 3760 3283 3833 Post'pauca
3311 3780 3411 3820 tns.
3445 3763 3620 3834 Poutp.
3639 3760 3748 3816 setti-

2192 3837 2285 3898 btts
2317 3837 2413 3912 pro
2437 3837 2733 3912 senioribus.

2263 3903 2381 3984 (ίῖ)
2411 3911 2510 3984 Ms.
2548 3907 2924 3984 l_Jrh.,sa_crato
2956 3923 3170 3984 numero
3220 3908 3478 3984 Solemne
3505 3903 3747 3984 porroZe-

2192 3977 2320 4042 noni
2351 3977 2434 4040 est
2459 3982 2516 4037 S.
2547 3980 2854 4040 Trinitatis,
2889 3980 2968 4031 vel
2995 3981 3220 4034 alterius
3252 3983 3330 4034 rei
3359 3995 3523 4035 saetae
3545 3977 3746 4050 sytttbola

2191 4063 2512 4113 sacramenta
2578 4050 2870 4121 appellare.
2924 4050 3189 4104 Situlliler
3245 4061 3404 4121 tract.
3463 4053 3556 4112 7l,
3617 4051 3744 4102 trium

2191 4144 2481 4200 puerorum
2545 4120 2828 4200 ntt’uterutu
2873 4132 3254 4200 sacramentum
3304 4120 3560 4200 Trinitatis
3603 4128 3742 4200 vocat,

2191 4191 2394 4270 eosque
2421 4196 2634 4270 nuth
2661 4195 3230 4270 sucrtnnentomunitos
3280 4196 3459 4250 tradit.
3499 4204 3639 4248 tract.
3674 4191 3741 4243 70.

2190 4265 2324 4328 Vide
2356 4272 2538 4336 adnot.
2568 4265 2642 4320 η
2671 4267 2722 4319 in
2753 4273 2908 4319 tract.
2948 4265 3013 4319 10
3041 4265 3135 4320 lib.
3172 4281 3230 4319 ιι.

2260 4341 2524 4414 (ωτως
2547 4353 2710 4414 mss,
2742 4340 2912 4414 vestri.

2261 4406 2375 4486 (tt)
2406 4413 2575 4486 ln_ms.
2606 4409 2795 4486 Pomp.
2817 4407 3336 4474 desuutPutrc,etc.
3356 4413 3395 4466 Δ
3424 4409 3571 4481 Spar.
3593 4406 3742 4463 etVal.

2187 4483 2424 4542 altest'itt
2457 4483 2560 4537 line
2593 4484 2770 4535 Amen.

2258 4559 2461 4613 Tnacr.
2482 4551 2769 4624 XV.—(I_)
2797 4552 2852 4607 In
2873 4567 2975 4607 ms.
2993 4551 3124 4624 Urb:
3146 4551 3264 4609 haec
3280 4551 3743 4624 inseriptiolegitur:

2195 4628 2529 4683 Tructatnsde
2558 4623 2679 4678 Job.
2712 4621 2889 4678 Lectio
2921 4625 3050 4698 beati
3080 4622 3306 4680 Zenonis
3333 4621 3488 4698 hujus
3516 4625 3636 4678 sedis
3663 4621 3747 4692 rpi-

2111 4676 2161 4736 D
2764 4676 2966 4751 autent
2992 4676 3748 4768 hictractatus-alippoma'uo

2183 4783 2219 4826 t.
2253 4769 2289 4826 Il
2328 4771 2436 4825 Vit.
2489 4769 2613 4834 88.,
2648 4785 2700 4840 p.
2747 4783 2802 4822 ιι.

2281 4842 2335 4912 Ξ)
2363 4842 2458 4896 Ms.
2488 4842 2705 4912 Pontp.,
2738 4850 2944 4906 nostra},
2979 4840 3141 4895 tnale.

2281 4843 2312 4895 Ξ
2363 4842 2458 4896 Ms.
2488 4842 2705 4912 Pontp.,
2738 4850 2944 4906 nostra},
2979 4842 3141 4895 tnale.

2255 4842 2335 4988 215i
2369 4913 2747 4988 Furnigernbile
2771 4912 3178 4988 itemlegiturjn
3200 4912 3570 4988 Appuleiolib.
3608 4908 3746 4988 _t__Mc-

2183 4983 2327 5040 tatitf
2358 5006 2410 5054 ιι.
2440 4986 2531 5048 67,
2563 4999 2610 5040 et
2648 4986 2741 5039 ιιι».
2769 4998 2827 5043 ιι,
2864 5002 2914 5053 p.
2949 4985 3074 5038 ‘27..
3111 4983 3256 5038 Idem
3291 4996 3466 5040 autem
3495 4983 3744 5054 siguilicat,

2179 5073 2244 5113 ac
2279 5051 2418 5127 apud
2439 5057 2690 5112 eumdem
2734 5057 2768 5108 Ι.
2801 5051 2874 5128 ξιιή
2908 5055 3114 5128 Florid.
3146 5067 3198 5108 et
3224 5057 3367 5128 apud
3397 5051 3677 5128 Melaniuﬂ,
3702 5051 3742 5113 7,

2181 5125 2542 5203 fumigerctus,
2587 5130 2635 5182 id
2677 5135 2764 5203 est
2793 5126 2931 5203 fama
2962 5127 3199 5203 inclytus
3225 5125 3280 5181 ei
3309 5140 3502 5203 notus;
3533 5125 3748 5203 [Ibide-Ili-

2181 5193 2452 5270 inigeratio
2483 5215 2580 5270 pro
2608 5197 2928 5254 celebritate
2954 5193 3111 5254 fama:
3138 5203 3279 5270 apud
3309 5200 3551 5256 Plautum
3577 5197 3624 5250 in
3650 5193 3746 5248 Tri-

2182 5287 2330 5326 nuut.
2366 5274 2418 5334 ‘5,
2447 5271 2503 5336 2,
2540 5271 2593 5325 6.

2281 5346 2330 5414 t)
2365 5343 2489 5397 Mss.
2526 5343 2739 5412 Potnp.,
2764 5342 2897 5397 Zen.
2928 5353 2982 5398 et
3009 5342 3140 5398 edit.
3179 5343 3337 5408 νου..
3367 5343 3743 5414 μνωάοιιιιιιιιιιις-

2281 5346 2330 5414 4)
2365 5345 2489 5397 Mss.
2526 5345 2739 5412 Potnp.,
2764 5345 2897 5397 Zen.
2928 5353 2982 5398 et
3009 5345 3140 5398 edit.
3179 5345 3337 5408 νου..
3367 5345 3743 5412 μναιάοιιιιιιιφισ.

2253 5345 2336 5486 i5)
2367 5414 2634 5474 Particula
2660 5415 2711 5467 in
2739 5431 2860 5469 cum
2887 5416 3198 5470 accusativo
3218 5416 3287 5470 ab
3316 5415 3543 5485 antiquis
3565 5407 3746 5486 quando

2179 5481 2285 5554 que
2319 5481 2562 5558 jungitur
2604 5487 2655 5540 itt
2698 5501 2816 5540 eam
2845 5485 3194 5553 sententiam,
3225 5503 3348 5557 qua:
3375 5481 3746 5558 tes-Vulgaribus

2179 5553 2382 5626 regulis
2424 5553 2720 5612 ablativum
2773 5559 3091 5628 postulat-et.
3137 5553 3359 5614 Plautus
3389 5553 3577 5613 Bacch;
3623 5555 3667 5617 1,
3698 5553 3742 5613 ’5.

2273 5647 2286 5702 ;
2322 5628 2528 5702 Ecquid
2551 5630 2603 5682 in
2636 5641 2852 5702 metuent
2878 5640 2951 5683 est
2982 5631 3113 5684 tibi?
3156 5647 3248 5700 pro
3273 5646 3340 5702 eo
3361 5631 3500 5700 quod
3530 5629 3580 5681 in
3606 5634 3744 5702 tuente

2179 5701 2281 5754 diei
2310 5695 2449 5754 solet
2475 5700 2666 5754 Cicero
2691 5701 2942 5755 similiter
2971 5717 3068 5771 pro
3096 5695 3212 5771 lege
3239 5695 3570 5769 Manil.,cap.
3602 5695 3677 5757 12,
3698 5695 3742 5770 it!

2178 5773 2479 5842 prtedonunt
2513 5773 3006 5844 potestatentlfuisse
3037 5772 3251 5844 scripsit
3282 5787 3380 5844 pro
3403 5775 3457 5844 in
3484 5776 3737 5844 potestate:

2178 5839 2337 5912 qtiatn
2364 5839 2649 5900 lectionem
2679 5839 2895 5916 egregie
2924 5839 3165 5900 vindicat
3191 5842 3365 5899 Aulus
3387 5841 3583 5899 Gellius
3602 5839 3683 5892 lib.
3705 5839 3737 5896 ι,
