3926 6328
516 256 621 317 467

515 393 643 433 nunt
691 383 974 447 augmenta
1001 417 1016 441 ,

514 470 647 527 mini
675 469 878 540 Deique
903 467 1193 525 consilium
1216 482 1274 521 se
1302 465 1729 537 deprehendisse
1752 464 2113 535 gloriabitur?

513 579 637 619 cum
671 562 963 633 Apostolus
988 560 1169 618 dicat:
1207 558 1252 616 0
1282 557 1497 615 altitudo
1519 558 1818 613 divitiarum
1848 557 2115 629 sapientia:

512 666 561 712 et
599 657 821 711 scientia:
867 654 996 709 Dei!
1032 671 1185 725 quant
1212 652 1329 726 (l0)
1366 650 1735 707 inetiarfabilia
1762 660 1878 704 sunt
1910 649 2114 721 judicia

514 749 650 821 ejus,
679 759 727 804 et
748 764 905 821 quant
926 747 1305 819 investigiibiles
1333 748 1429 801 via:
1446 746 1590 817 ejus!
1615 745 1743 815 Quis
1763 745 1901 800 enim
1929 760 2115 818 σοφισ-

515 842 585 896 υῑι
616 857 819 911 sensum
860 839 1070 896 Domini
1099 838 1278 913 (Rom.
1312 856 1372 905 ιι,
1404 840 1476 895 55
1500 880 1513 903 ,
1544 839 1674 911 54)Ὶ
1714 838 1830 895 Non
1871 837 2016 895 enim
2058 837 2111 892 in

517 933 710 990 ltornm
761 934 1105 1005 inquisitione
1143 942 1451 987 extestuans
1492 931 1758 1003 Propheta
1807 932 1980 986 dicit:
2038 930 2117 987 De

516 1026 789 1101 profundis
813 1026 1034 1080 clamavi
1064 1025 1134 1079 ad
1162 1034 1228 1091 te,
1257 1022 1477 1079 Domine
1514 1022 1630 1095 (Ps.
1663 1039 1844 1092 cxxrx,
1877 1022 1930 1096 1)
1957 1040 1972 1089 ;
2007 1024 2119 1078 cla-

524 1128 636 1172 mat
664 1133 893 1185 namque
923 1116 999 1172 de
1014 1115 1317 1187 profundis,
1341 1116 1390 1170 id
1420 1126 1501 1170 est
1522 1114 1590 1171 de
1612 1116 1736 1171 imis
1756 1116 2073 1188 praecordiis
2100 1134 2113 1169 :

521 1211 723 1266 clamat
748 1209 817 1265 de
846 1208 1145 1281 profundis,
1188 1209 1281 1264 sed
1307 1210 1501 1277 quibus
1529 1219 1717 1277 septus
1745 1218 1862 1262 erat
1890 1216 2118 1264 incestus

521 1316 585 1357 ac
612 1303 802 1366 tristis,
834 1301 1230 1356 calamitatibus
1263 1300 1549 1355 immanis:
1581 1309 1635 1355 et
1662 1299 1862 1355 clamat
1885 1316 1990 1353 non
2023 1316 2118 1354 vo-

521 1409 607 1457 ce.
638 1394 733 1450 scd
775 1394 980 1450 corde:
1034 1410 1140 1449 non
1189 1394 1449 1460 clamore,
1497 1393 1594 1450 sed
1646 1394 1771 1460 fide,
1816 1409 1975 1463 quam
2018 1393 2121 1447 scit

523 1486 691 1543 Deum
719 1486 952 1542 libenter
973 1486 1179 1552 audire.
1211 1486 1326 1540 lloc
1352 1487 1511 1556 igitur
1536 1502 1567 1542 e
1590 1485 1854 1557 profundo
1876 1486 2120 1541 clamans

520 1579 770 1634 similiter
812 1579 1002 1635 Petrus
1042 1578 1348 1648 impetravit
1392 1594 1420 1632 a
1469 1579 1722 1644 Domino,
1770 1589 1829 1634 ut
1868 1578 2119 1650 profundi

523 1672 690 1729 maris
718 1672 957 1729 lubricos
983 1673 1132 1728 sinus
1157 1671 1533 1743 insubditaqne
1559 1671 1810 1727 humanis
1840 1672 2118 1743 gressibus

1890 248 2133 307 SANC’I‘I
2176 247 2471 303 ZENllNIS
3657 253 3740 311 118

1074 375 1197 446 quis
1259 374 1490 445 denique
1544 372 1635 447 (9)
1682 372 1953 445 opificium
2010 372 2113 427 Do-
2143 376 2187 434 Α
2220 372 2334 426 lant
2362 371 2549 440 funes,
2596 380 2827 443 gemunt
2864 370 3183 429 cedentibus
3209 372 3341 429 velis
3384 384 3640 443 antennm,
3675 394 3741 436 re-

2222 476 2376 519 tunsa
2429 465 2664 536 undique
2714 464 2817 520 iter
2860 480 2966 520 non
3022 466 3223 522 invenit
3276 482 3448 539 prora.
3495 468 3745 541 Trepidant

2216 570 2428 626 natiue,
2472 557 2729 613 festinant
2761 560 3031 615 incassum
3075 559 3279 629 iaetura
3308 577 3543 618 vasorum
3585 581 3743 625 navem

2219 652 2398 707 levare
2423 650 2787 720 ponderibus,
2833 665 2954 719 qua:
2993 652 3269 721 prephcta:
3307 654 3531 723 pondere
3573 673 3748 726 preme-

2218 744 2393 798 batur.
2421 741 2558 798 Tum
2587 742 2751 798 Jonas
2775 785 2790 810 ,
2818 758 2974 813 quem
3006 744 3181 799 solum
3216 743 3327 817 (15)
3357 748 3619 816 expetebat
3637 750 3747 805 bona

2219 837 2306 891 illa
2358 846 2689 906 tempestas,
2740 848 2887 892 Sorte
2940 837 3133 892 ductus
3182 838 3465 909 naufragus
3508 842 3745 912 redditur,

2219 927 2326 983 imo
2385 946 2411 981 a
2457 929 2635 999 ligneo
2672 928 2738 982 ad
2766 929 3039 999 navigium
3071 930 3235 985 vitale
3262 930 3604 987 transfertur:
3651 936 3752 1005 qui,

2221 1028 2283 1075 ut
2311 1029 2388 1076 est
2415 1019 2671 1075 dimissus
2704 1022 2754 1073 in
2772 1018 3092 1093 (I4)altum,
3112 1019 3400 1091 ferinzeqne
3425 1024 3668 1094 voraginis
3688 1034 3755 1081 est

2221 1124 2472 1184 receptus
2500 1111 2769 1182 hospitio,
2804 1113 2992 1183 vigilat
3040 1114 3091 1167 in
3123 1124 3277 1181 ceto,
3322 1115 3409 1186 qui
3439 1118 3675 1174 stertebat
3711 1120 3753 1175 in

2220 1208 2363 1263 navi.
2399 1206 2525 1261 Mira
2571 1210 2691 1262 res!
2728 1216 2843 1275 post
2885 1208 3221 1277 naufragium
3246 1251 3263 1276 ,
3295 1219 3416 1279 post
3458 1211 3655 1265 natatile
3690 1225 3756 1268 se-

2222 1301 2467 1367 pulcrum
2496 1300 2784 1357 incolumis
2816 1301 2976 1356 tertio
3004 1310 3125 1370 post
3159 1300 3247 1356 die
3272 1300 3521 1356 Ninivitas
3540 1303 3755 1371 illustrat,

2232 1396 2566 1453 terribilibus
2600 1395 2835 1453 oraculis
2889 1396 3121 1453 salutem
3173 1396 3377 1452 civitati
3432 1397 3539 1469 (15)
3569 1398 3759 1454 credula:

2232 1499 2604 1560 praestaturus.

2295 1584 2380 1641 lli.
2424 1586 2696 1655 Quantum
2728 1586 2889 1642 datur
2912 1585 3134 1658 intelligi
3159 1629 3173 1653 ,
3219 1586 3446 1652 fratres,
3475 1574 3613 1643 navis
3637 1596 3761 1661 typus

2224 1689 2306 1733 eSt
2333 1692 2619 1750 synagoga:
2645 1696 2658 1733 :
2692 1677 2810 1748 ejus
2840 1679 2953 1751 (16)
2978 1687 3249 1749 proretam
3274 1680 3760 1751 sacerdotali-corpus

527 1765 717 1837 liquidi
749 1766 983 1836 aequoris
1013 1775 1158 1837 terga
1186 1807 1200 1830 ,
1232 1766 1426 1837 quibus
1456 1765 1633 1821 viator
1654 1765 1895 1833 trepidus
1919 1766 2112 1822 absor-
2148 1766 2192 1826 Β
2220 1771 2516 1840 accipimus
2537 1813 2553 1838 ,
2599 1781 2790 1826 nautas
2830 1772 3037 1851 scribas
3075 1781 3131 1827 et
3180 1773 3511 1842 pharisaeus,
3547 1774 3759 1841 iacturam

529 1860 778 1927 bebatur,
806 1869 861 1916 et
891 1862 1292 1932 perambularet
1318 1861 1515 1931 pariter
1536 1870 1593 1917 et
1612 1861 1870 1918 evaderet
1900 1861 2117 1935 (Matth.

527 1970 644 2019 xtv.
676 1954 769 2022 30,
794 1956 909 2031 3i).
939 1954 1152 2011 Clamat
1173 1956 1238 2011 de
1268 1954 1549 2027 profundis
1595 1963 1651 2009 et
1672 1955 1869 2012 Paulus
1895 1957 2123 2011 obrutus

528 2051 928 2107 calamitatibus
959 2052 1165 2120 beatis,
1193 2067 1315 2108 cum
1342 2068 1438 2120 pro
1470 2052 1689 2107 nomine
1718 2051 1927 2107 Domini
1953 2052 2121 2107 latro.

529 2159 626 2199 nes
657 2143 709 2199 in
735 2144 1042 2212 itineribus,
1067 2145 1306 2200 latrones
1324 2146 1377 2200 in
1403 2146 1711 2201 civitatibus
1739 2146 1975 2215 patitur:
2000 2160 2122 2201 cum

525 2252 554 2290 a
580 2235 783 2292 Judaeis
819 2238 985 2310 virgis
1026 2246 1109 2294 ter
1135 2252 1310 2315 cresns
1355 2237 1632 2310 naufragio
1671 2240 1819 2294 trino
1864 2238 2122 2296 diluitur:

524 2346 646 2385 cum
681 2331 854 2386 insani
896 2330 1081 2403 populi
1108 2331 1395 2388 furibunda
1429 2341 1748 2404 tempestate
1776 2331 2004 2403 lapideis
2033 2332 2128 2387 im-

527 2422 713 2477 bribus
759 2420 989 2478 feliciter
1024 2422 1138 2496 (11)
1166 2424 1556 2496 grandinatur:
1608 2441 1732 2481 cum
1760 2427 1815 2481 in
1852 2424 2127 2496 profundo

526 2516 692 2571 maris
740 2516 827 2571 die
867 2517 1033 2589 208
1055 2516 1367 2574 demoratus
1393 2532 1458 2575 ac
1506 2527 1684 2587 nocte,
1718 2517 1785 2572 ad
1817 2519 1981 2574 Deum
2021 2520 2123 2585 cla,

528 2625 686 2666 mans
716 2611 999 2666 incolumis
1024 2612 1149 2667 inde
1175 2612 1446 2684 respuitur
1474 2612 1541 2684 (Il
1570 2612 1690 2667 Cor.
1719 2610 1802 2685 ιι).

601 2707 662 2764 lt.
702 2707 868 2764 Jonas
907 2707 1132 2779 adaeque
1180 2707 1439 2779 propheta
1470 2708 1535 2762 ad
1564 2707 1827 2763 Ninivitas
1860 2709 2058 2763 missus
2097 2723 2124 2761 a

526 2801 640 2857 Deo
668 2812 785 2865 est,
813 2814 1001 2857 eorum
1031 2810 1089 2857 ut
1112 2801 1396 2856 imminere
1422 2801 1626 2855 civitati
1662 2800 1940 2856 interitum
1985 2815 2126 2854 nuu-

527 2897 688 2951 tiaret
712 2894 858 2968 (Jon.
892 2893 932 2968 1)
966 2913 979 2948 :
1015 2895 1321 2968 ingentibus
1344 2896 1485 2950 cnim
1523 2904 1866 2966 peccatorum
1898 2894 2127 2949 sarcinis

527 2989 937 3060 premebantur.
972 2988 1043 3044 At
1086 2987 1179 3043 ille
1220 2988 1327 3044 alio
1368 2986 1612 3043 deflexus
1660 2987 1890 3053 itinere,
1937 3003 2128 3042 navem

530 3080 730 3135 Tarsos
759 3084 1026 3149 petiturus
1054 3081 1334 3146 ascendit;
1368 3096 1491 3135 cum
1538 3080 1717 3135 subito
1758 3094 2130 3152 compugnan-

532 3176 665 3231 tium
698 3186 979 3231 ventorum
1012 3174 1139 3230 ﬂatu
1171 3175 1409 3230 violento
1443 3174 1756 3230 lacessitum
1791 3176 1971 3230 fremit
2012 3189 2122 3229 ma-

518 3270 623 3334 are',
662 3268 776 3342 (12)
824 3268 1154 3340 sollicitique
1178 3269 1408 3339 gurgitis
1437 3279 1835 3339 praaruptorum
1865 3270 2128 3324 montiuzn

529 3363 680 3418 canis
702 3363 1088 3431 voluminibus,
1117 3364 1526 3434 repugnantium
1560 3363 1796 3418 littorum
1826 3363 2129 3433 spumantia

531 3473 626 3513 ora
657 3458 996 3515 contundens
1016 3499 1033 3525 ,
1066 3459 1302 3513 minatur
1330 3473 1424 3529 per
1453 3468 1725 3513 momenta
1753 3455 2090 3529 naufragium
2115 3474 2128 3510 :

533 3552 786 3623 procellae
826 3552 1236 3609 crebrescentes
1277 3550 1590 3619 insaniunt,
1625 3550 1957 3607 horrendum
2002 3550 2127 3604 sibi-

539 3718 805 3787 tiquorum
836 3713 1099 3787 exemplis
1130 3715 1251 3771 licet
1280 3756 1296 3782 ,
1328 3729 1448 3785 qua:
1481 3713 1532 3768 in
1572 3713 1779 3770 Latinis
1823 3714 2014 3770 lexicis
2045 3729 2133 3770 re-

536 3797 756 3845 censent
769 3803 850 3841 lll’.

606 3859 684 3932 (9)
723 3858 1003 3932 Opiﬁcium
1032 3855 1241 3932 Domini
1272 3856 1420 3932 apud
1441 3857 1743 3932 scriptores
1780 3857 2129 3932 Ecclesiasti-

536 3929 631 3987 ros
667 3929 863 3986 mundi
911 3931 1241 3984 creationem
1286 3930 1592 3998 significat:
1628 3929 1771 3984 unde
1821 3929 2131 3983 Lactantius

538 4006 737 4059 librum
766 4046 781 4067 ,
812 4018 971 4073 quem
1004 4002 1073 4054 de
1100 4002 1377 4073 creatione
1408 4000 1591 4054 mundi
1619 4001 1684 4055 ad
1720 4000 2127 4055 Demetrianum

537 4078 720 4140 dedit,
761 4070 1073 4144 de'opiﬁcio
1124 4070 1221 4125 Dei
1265 4073 1574 4144 inscripsit,
1606 4074 1678 4144 uti
1719 4087 1749 4126 a
1801 4074 2131 4142 Hieronymo

538 4149 740 4220 pariter
760 4142 1074 4220 appellatur
1101 4144 1324 4220 iulier
1349 4145 1415 4197 de
1443 4143 1586 4220 Yiri_s
1614 4142 1935 4220 illustribus.

611 4217 730 4291 (l0)
759 4215 1029 4291 Hocidem
1059 4216 1421 4291 testimonium
1450 4215 1506 4270 S.
1536 4215 1691 4291 Zeno
1717 4219 1950 4291 re_ci_t_ans
1973 4223 2130 4291 tract.

543 4294 566 4346 1
622 4285 719 4345 lib.
750 4305 801 4351 ι.
833 4303 959 4343 ιιιιιιι
986 4286 1050 4353 5,
1075 4289 1383 4359 iuexquisita
1406 4304 1503 4358 pro
1526 4287 1893 4343 inenarrabilia
1914 4285 2133 4359 scribit,

538 4362 693 4431 Cujus
739 4360 902 4415 variae
948 4360 1193 4414 lectionis
1210 4358 1358 4415 ratio
1390 4377 1454 4415 ex
1498 4360 1772 4414 Hilariano
1797 4358 2092 4429 exemplari
2118 4400 2133 4424 ,

539 4449 647 4504 quo
685 4432 959 4488 Zenonem
988 4447 1156 4504 fusum
1199 4433 1545 4504 meminimus
1565 4473 1583 4504 ,ν
1622 4432 1882 4502 originem
1912 4431 2134 4504 duxisse

545 4501 761 4559 videtur
791 4522 804 4558 :
840 4503 1028 4558 habuit
1061 4505 1204 4558 enim
1231 4544 1246 4567 ,
1280 4516 1335 4557 nt
1364 4503 1625 4560 credibile
1666 4501 1750 4557 est
1773 4544 1788 4569 ,
1822 4516 1932 4574 prae
1963 4501 2132 4555 oculis

545 4576 726 4630 llilarii
758 4576 1192 4646 explanationem
1227 4578 1276 4630 in
1310 4576 1445 4645 psal.
1476 4589 1637 4629 cxxtx
1658 4615 1673 4639 ,
1720 4575 1911 4646 eodem
1940 4586 2129 4646 exem-

2228 1880 2478 1919 vasorum
2537 1866 2967 1935 repudiationem
3025 1870 3419 1938 prophetarum
3470 1867 3762 1939 omniumque

2224 1967 2571 2024 sanctorum,
2601 1973 2739 2029 quos
2772 1973 3044 2030 synagoga
3083 1961 3272 2030 pulsos
3302 1959 3470 2016 Judaei
3515 1962 3563 2017 in
3604 1962 3757 2016 damna

2224 2050 2413 2106 salutis
2440 2067 2550 2105 suae
2580 2051 2809 2122 indignis
2838 2052 3073 2108 czmlibus
3104 2063 3495 2110 mactaverunt.
3524 2054 3658 2111 Venti
3679 2069 3757 2110 sa:-

2228 2142 2437 2198 vientcs
2481 2141 2682 2198 diversi
2705 2154 2833 2199 sunt
2873 2145 3040 2218 209
3076 2146 3194 2218 (l7)
3228 2162 3420 2218 reges,
3466 2148 3551 2219 qui
3575 2146 3766 2202 Judzeata

2230 2233 2441 2305 lugubri
2485 2235 2744 2308 clangore
2777 2236 3025 2291 tubarum
3056 2250 3445 2311 armorumque
3478 2237 3668 2309 fragore
3687 2248 3769 2293 tero

2229 2327 2370 2384 ribili
2397 2372 2410 2395 ,
2444 2329 2767 2386 instantibus
2794 2329 3034 2402 undique
3059 2330 3373 2402 prarliorum
3404 2332 3666 2404 procellis,
3691 2333 3768 2387 mi-

2230 2421 2542 2477 serabiliter
2589 2438 2684 2493 per
2727 2432 2902 2479 totum
2948 2422 3139 2480 orbem
3181 2425 3492 2495 dispersere
3536 2436 3769 2482 terrarum.

2230 2517 2397 2574 Jonas
2426 2520 2480 2574 in
2525 2520 2645 2573 navi
2686 2517 2965 2575 dormiens
2992 2519 3324 2574 sacramenti
3356 2518 3600 2574 Dominici
3623 2518 3769 2589 imagi-

2235 2629 2356 2669 nem
2383 2613 2735 2684 prteferebat.
2786 2614 2993 2669 etenim
3032 2613 3382 2684 signiﬁcabat
3420 2616 3560 2670 navis
3597 2615 3772 2668 materia

2232 2723 2449 2763 crucem
2469 2751 2485 2775 ,
2518 2717 2752 2764 so‘tnnus
2772 2723 2902 2763 vero
2935 2709 3262 2775 passionem.
3295 2708 3439 2765 Mare
3472 2719 3633 2765 autem
3654 2723 3771 2763 mun-

2233 2802 2333 2855 dus
2357 2810 2439 2856 est
2463 2801 2566 2856 iste
2596 2801 2834 2855 tumidus
2858 2819 2871 2854 :
2904 2799 3099 2856 fluctus
3124 2801 3245 2871 ejus
3272 2800 3571 2857 Judreorum
3593 2800 3771 2873 populos

2234 2905 2288 2950 et
2329 2893 2533 2950 Gentes
2578 2894 2906 2964 accipimus,
2940 2894 3033 2965 qui
3075 2892 3340 2950 adversus
3388 2894 3544 2951 Deum
3593 2892 3773 2948 inaniter

2235 2985 2590 3043 fremuerunt.
2639 2986 2770 3042 Sors
2815 2985 3009 3042 Jonam
3056 2986 3498 3056 praecipitandum
3543 2984 3764 3059 prodidit,

2236 3080 2518 3149 prophetia
2551 3094 2831 3149 passurum
2860 3079 3149 3135 Dominum
3180 3079 3526 3148 praedicavit,
3556 3086 3762 3147 utrosque

2159 3152 2205 3215 (ἶ
2238 3175 2515 3243 volentes,
2569 3174 2717 3231 illum
2758 3174 3100 3242 conditione,
3151 3175 3439 3231 Dominum
3482 3170 3774 3245 pit-tate.Ce-
3872 3160 3873 3195 ³

2242 3275 2353 3322 tum
2384 3281 2506 3322 esse
2537 3281 2642 3323 neu
2673 3267 2952 3322 dubitatur
2983 3266 3258 3324 infernum
3286 3286 3299 3321 :
3332 3268 3472 3324 sicut
3494 3268 3623 3322 enim
3646 3264 3771 3321 Jonas

2237 3365 2406 3420 tribus
2431 3363 2623 3419 diebus
2647 3374 2701 3420 et
2749 3363 2921 3419 tribus
2948 3364 3195 3418 noctibus
3237 3363 3342 3419 fuit
3385 3364 3436 3418 in
3465 3372 3634 3419 ventre
3666 3361 3771 3419 ceti.

2237 3456 2614 3530 evomitusque
2643 3457 2756 3530 (18)
2782 3456 3003 3512 Ninives
3031 3472 3089 3512 se
3113 3456 3511 3513 iutulitcivitati
3529 3472 3543 3516 :
3562 3456 3623 3510 ita
3640 3451 3777 3507 Domi-

2238 3565 2343 3606 nus
2373 3548 2632 3620 postridie
2657 3549 2726 3605 ab
2756 3547 2974 3605 inferno
3000 3564 3295 3620 resurgens
3314 3591 3331 3617 ,
3358 3565 3418 3605 se
3443 3548 3632 3606 civitati
3657 3546 3775 3602 Jeru-

2237 3725 2358 3787 set,
2402 3716 2537 3770 nihil
2584 3717 2925 3787 ambigimus.
2967 3715 3178 3771 Glossze
3219 3714 3456 3785 antiqua:
3493 3708 3774 3784 grandinam

2238 3786 2441 3861 hab?!“
2463 3830 2477 3854 ν
2507 3788 2650 3856 «ιυοά
2682 3786 2903 3861 passive
2922 3789 3210 3861 χαλασθεὶς
3239 3790 3657 3861 interpretantur.

2306 3860 2425 3929 (ιε)
2460 3861 2696 3915 Adverte
2732 3859 3062 3931 singularem
3094 3859 3366 3929 syntaxim
3388 3899 3402 3922 ,
3427 3869 3576 3931 quam
3598 3863 3645 3906 ut
3675 3862 3774 3931 con-

2237 3923 2417 3985 struas
2437 3972 2451 3993 ,
2480 3932 2793 4001 retrograde
2820 3923 3226 3996 procedendum
3258 3940 3343 3987 est
3368 3923 3481 3983 sic:
3510 3923 3572 4002 Et
3595 3930 3771 4002 colligu-

2236 4003 2361 4055 drns
2378 3992 2466 4057 ora
2493 3992 2786 4073 spumvantia
2806 3992 3032 4057 (illorum
3061 4002 3464 4075 repugnantium
3490 3992 3770 4075 statuminibus

2235 4076 2377 4129 canis
2404 4068 2653 4128 montium
2681 4083 3061 4145 praenptorum
3089 4068 3311 4144 gurgitis
3337 4068 3538 4128 solliciti
3556 4110 3570 4133 ,
3595 4068 3772 4119 minatur

2236 4147 2597 4218 naufragium,
2627 4156 2756 4218 etc.-

2314 4203 2693 4288 (13)"Codices
2733 4217 2950 4281 Iolent.
2992 4229 3046 4272 et
3087 4216 3564 4288 Pompeianns_nec
3586 4222 3674 4262 non
3691 4203 3771 4259 duo

2238 4285 2533 4343 Zenoniani
2562 4288 2913 4360 exspectabat,
2944 4290 3087 4358 quod
3116 4289 3168 4343 in
3194 4285 3478 4360 marginali
3499 4292 3683 4352 quoque
3701 4289 3774 4331 no-

2240 4360 2443 4433 tatione
2470 4356 2730 4433 editionis
2761 4356 3088 4415 Veronensis
3106 4356 3356 4433 positum
3372 4356 3584 4433 legitur.
3616 4422 3627 4433 ο

2311 4430 2430 4501 (Μ)
2465 4431 2578 4486 Νίιη
2611 4443 2785 4500 metm
2799 4434 2995 4497 solum,
3024 4430 3118 4486 sed
3151 4440 3205 4485 et
3221 4430 3383 4486 soluti
3411 4430 3653 4501 sermonis
3676 4430 3773 4501 aut.

2240 4486 2386 4558 tores
2413 4486 2577 4556 ultum
2610 4486 2706 4568 pro
2734 4505 2867 4557 mari
2894 4486 3148 4558 dixerunt
3172 4544 3187 4565 ,
3220 4513 3278 4557 ut
3304 4502 3524 4563 Cicero,
3544 4495 3635 4568 lib;
3662 4505 3704 4545 IV
3721 4486 3773 4540 de

2238 4573 2361 4629 Fin.
2395 4589 2542 4629 num.
2576 4566 2648 4630 ‘23
2669 4617 2684 4639 ,
2716 4590 2972 4645 emergere
2996 4590 3063 4629 ea;
3089 4574 3228 4641 alto,
3262 4583 3321 4630 et
3344 4573 3439 4628 lib.
3471 4584 3505 4625 ιι
3523 4567 3585 4622 de
3606 4566 3770 4619 iuvent.

542 4649 631 4720 plo
651 4691 663 4710 .
700 4662 763 4720 ac
792 4643 875 4702 est
922 4647 1222 4720 Hilarianns
1249 4643 1509 4720 tractatus
1536 4648 1668 4701 olim
1695 4647 1835 4701 inter
1868 4643 2130 4720 Zenonia-
2162 4650 2212 4711 ι)
2240 4647 2513 4720 ιιιιιιιεμὸζ,
2543 4647 2597 4699 in
2623 4648 2729 4701 alio
2759 4643 3051 4720 tentpestas.

544 4716 642 4776 nos
669 4718 848 4775 editus
869 4760 883 4783 ,
913 4733 1073 4785 quem
1120 4718 1322 4773 Hilario
1357 4732 1498 4772 nunc
1531 4719 1703 4785 primo
1733 4719 2037 4772 restitutum
2080 4716 2131 4768 in

542 4790 909 4863 Appendicem
962 4790 1371 4863 transtulimus,
1406 4788 1889 4863 ubi__iuenarraltilia
1935 4786 2135 4863 pariter

544 4859 771 4931 legitur.
814 4860 1027 4916 tametsi
1077 4866 1128 4914 in
1170 4860 1356 4915 Hilarii
1402 4859 1681 4915 codicibus
1721 4861 1824 4914 alia
1853 4860 2014 4915 lectio
2030 4872 2134 4931 poc-

542 4929 725 4990 currat
767 4942 877 4989 tum
912 4933 963 4987 iu
1013 4932 1153 4998 hoc,
1182 4943 1292 4986 tum
1332 4933 1384 4987 in
1415 4932 1687 4986 nonnullis
1727 4931 1844 4986 aliis
1885 4929 2134 5000 ejusdem

543 5006 840 5061 testimmtii
873 5004 1084 5068 verbis,
1109 5012 1168 5058 ut
1196 5003 1249 5057 in
1281 5003 1594 5073 Appendice
1620 5004 2016 5056 annotabimns.
2049 5000 2135 5073 Si-

547 5078 748 5130 militer
787 5088 855 5130 tr.
900 5077 963 5143 l,
1000 5075 1129 5142 Quis
1176 5070 1585 5145 enimiognorit
1633 5074 1993 5145 coyitationem
2040 5070 2135 5145 Dei

544 5149 801 5205 scribitur
832 5162 927 5218 pro
957 5162 1043 5213 eo,
1090 5147 1229 5215 quod
1264 5145 1357 5218 hic
1378 5143 1484 5200 non
1516 5143 1715 5210 minus,
1744 5160 1903 5213 quam
1946 5144 1998 5198 in
2043 5143 2134 5198 lli—

545 5222 752 5276 lariano
785 5217 1013 5275 tractatu
1062 5220 1292 5290 legitur:
1328 5217 1455 5286 Quis
1484 5220 1619 5272 enim
1656 5217 1887 5285 cognovit
1929 5232 2133 5270 sensum

544 5294 643 5350 Dei
650 5335 661 5347 .

617 5370 636 5441 (
643 5369 730 5441 11)
748 5367 803 5422 lu
818 5363 1044 5441 LLatinis
1078 5361 1264 5441 [urticis
1290 5359 2133 5441 grandinat‘impersonaliterfpo:

546 5430 691 5497 nitur
712 5429 780 5495 cx
809 5438 1018 5495 Seneca
1039 5478 1053 5499 ,
1097 5435 1193 5489 lib.
1227 5429 1512 5488 tv'Natur.
1551 5429 1756 5498 Quzést.
1788 5445 1906 5499 cap.
1942 5429 1994 5483 ὁ.
2029 5431 2136 5487 Sed

545 5514 825 5579 grandinor
872 5511 1033 5565 etiam
1083 5507 1296 5579 passive
1342 5506 1688 5579 conjugatum
1733 5501 1896 5579 fuisse
1931 5517 1996 5579 ex
2037 5504 2139 5579 hoc

488 5617 499 5627 ~
544 5572 778 5640 Zenonis
805 5572 1116 5635 testimonio
1143 5578 1400 5632 discimus
1425 5572 1609 5646 {quod
1639 5577 1682 5628 si
1734 5573 2141 5646 animadvertis-

546 5669 627 5712 set
661 5654 890 5709 Basilius
918 5651 1091 5707 Faber
1111 5692 1126 5716 ,
1155 5648 1250 5720 qui
1272 5646 1374 5701 alia
1402 5643 1507 5702 non
1533 5660 1700 5718 pauca
1725 5645 1881 5720 unius
1908 5643 2141 5720 ZerLonis

547 5725 871 5781 auctoritate
899 5723 1093 5779 ductus
1114 5713 1616 5777 in'cclcberrintum
1646 5715 1971 5788 eruditionis
1997 5713 2141 5788 Tlte-

551 5812 766 5850 snnrum
800 5795 1029 5849 inseruit
1050 5835 1063 5857 ,
1095 5794 1221 5864 quin
1257 5793 1391 5845 hanc
1421 5790 1635 5860 quoque
1667 5788 1850 5843 voCem
1880 5784 2141 5841 inseruisa

2312 4716 2428 4789 (l5)
2460 4706 2610 4773 Sicut
2634 4706 2914 4772 credulitas
2944 4733 3042 4787 pro
3068 4717 3190 4786 ﬁde,
3209 4732 3334 4787 qua:
3350 4730 3454 4771 non
3482 4706 3687 4789 levitatis
3706 4706 3767 4789 vi:

2240 4781 2349 4849 tio‘.
2402 4781 2494 4844 sed
2541 4791 2736 4845 virtute
2773 4781 3094 4853 adhibetur,
3129 4781 3419 4857 usurpatur
3455 4800 3499 4857 ar
3521 4781 3706 4835 Zenone
3728 4782 3769 4857 et

2235 4842 2359 4914 aliis
2399 4842 3131 4924 p;.irmu.,';.tosonamss
3151 4842 3337 4914 sanat.
3387 4861 3447 4919 ιι,
3492 4856 3540 4908 in
3573 4858 3704 4924 ιιιιει.
3747 4842 3770 4894 7

2238 4931 2331 4986 lib.
2359 4947 2373 4985 ι
2398 4974 2412 4995 ,
2440 4933 2511 4986 ita
2538 4922 2779 4988 credulus
2806 4932 2859 4986 in
2889 4932 3080 4986 bonam
3110 4942 3317 5001 partem
3344 4930 3458 4982 lteic
3478 4922 3757 5001 adhibetur.

2312 4991 2426 5073 (16)
2457 5002 2678 5059 Proreta
2707 5004 2846 5073 apud
2876 4991 3125 5058 Plautum
3151 5001 3292 5056 Rud.
3319 5017 3389 5065 tv,
3411 4997 3540 5064 3,75
3562 5012 3589 5073 ρ
3614 4991 3767 5073 ςιιιιειέ

2234 5066 2424 5130 natoré
2471 5076 2622 5129 navis
2658 5066 3012 5145 distinguitur
3032 5117 3047 5142 ,
3077 5082 3241 5130 etest
3269 5074 3349 5140 is,
3390 5074 3477 5142 qui
3513 5066 3574 5122 ad
3599 5072 3769 5135 proram

2238 5145 2389 5201 sedet
2419 5188 2433 5212 ,
2466 5156 2523 5200 ut
2563 5158 2730 5218 regat.

2332 5248 2383 5300 Si
2411 5257 2462 5301 tu
2487 5256 2681 5314 proreta
2700 5252 2780 5301 isti
2806 5233 2925 5302 navi.
2941 5265 3015 5311 es,
3040 5264 3136 5316 ego
3158 5252 3457 5316 gubernator
3480 5234 3577 5297 ero.

2242 5355 2380 5411 Vide
2405 5354 2716 5412 Turnebum
2745 5355 3038 5412 Adversar.
3084 5357 3177 5413 lib.
3209 5371 3374 5413 xxvm
3393 5399 3408 5421 ,
3438 5346 3651 5423 αρε-52·
3707 5413 3715 5423 ,

2317 5428 2431 5500 (1⁷)
2459 5427 2629 5504 BQ“
2652 5427 2773 5482 hac
2797 5429 3135 5504 appellantur
3162 5421 3513 5504 Imperatores
3534 5421 3766 5504 Vespasia-

2244 5488 2344 5552 nus
2370 5488 2435 5554 ac
2458 5488 2613 5553 Titits
2634 5541 2648 5563 ,
2689 5514 2786 5555 nec
2830 5488 2938 5555 him
2969 5488 3258 5556 Adrianus.
3286 5508 3341 5556 et
3366 5496 3609 5554 Antonius
3632 5488 3732 5542 Pius
3749 5520 3761 5543 ι

2243 5586 2379 5641 quos
2406 5568 2607 5625 Juda-is
2635 5571 2858 5626 infestos
2885 5573 3218 5641 accepimus.
3490 5640 3493 5641 ν

2315 5641 2431 5715 (l8)
2459 5643 2531 5716 Ita
2560 5657 2627 5716 ex
2667 5658 2770 5716 m_s.
2799 5641 2990 5716 Poinp.
3009 5636 3253 5715 genitivo
3278 5640 3599 5716 graecanica:
3622 5636 3769 5716 εωξξξξξ

2242 5700 2459 5771 εοὶιιοέε
2474 5708 2680 5768 Nitriae.
2704 5713 2875 5783 sei-ibi
2896 5700 3060 5770 eiiaiii
3091 5700 3472 5784 potestatum,
3486 5716 3543 5765 υι
3558 5700 3766 5761 incudem

2243 5791 2344 5840 ms.
2382 5786 2567 5852 Pomp.
2594 5785 2876 5853 posteriori
2906 5800 3064 5841 manu
3091 5785 3423 5842 emendatum
3448 5790 3541 5835 est.
