3838 6322
64 277 156 334 ita

1194 280 1397 336 LIBER
1435 278 1499 335 ll.
1542 277 1961 338 TRACTATUS
1999 278 2189 336 XVIII.

3225 279 3332 338 450

59 395 215 449 saleni
243 391 417 446 intulit
440 399 564 447 ante
600 405 762 464 quam
792 391 957 449 caelo.
1009 393 1079 448 At
1107 408 1239 449 vero
1264 392 1457 449 Ninive
1484 392 1613 447 ima-
1647 396 1701 457 Α
1726 391 1907 447 sulunt
1937 391 2123 456 fibras.
2143 388 2371 464 nec(2l)
2399 404 2498 463 per
2528 392 2708 449 varios
2734 392 2920 449 avium
2952 392 3167 450 volatus
3196 408 3329 450 con-

53 488 216 557 ginem
261 492 430 554 portat
473 483 766 552 Ecclesia,
811 485 864 540 in
904 500 1007 556 qua
1044 485 1299 542 Gentium
1341 486 1453 555 jam
1501 486 1626 541 inde

56 589 224 635 noster
276 577 501 650 populus
555 579 902 646 morabatur,
952 595 1073 651 qua:
1122 594 1225 636 non
1276 581 1544 635 iiicaSsuni
1593 594 1621 633 a

59 673 159 729 Deo
184 687 370 742 magna
401 660 591 727 civitas
612 671 754 728 dicta
782 681 901 737 est;
933 683 1050 729 erat
1079 673 1223 728 enim
1254 673 1489 727 futurum
1516 712 1532 739 ,
1567 681 1623 727 ut

50 765 272 820 omnium
322 765 593 820 nationum
645 768 697 821 in
728 765 946 822 Christo
983 765 1334 822 credentibus
1365 765 1580 837 populis
1601 807 1617 830 .

50 868 178 914 totus
221 857 364 913 orbis
415 857 526 915 Deo
573 871 678 913 una
735 860 928 915 civitas
976 859 1322 916 redderetur.
1379 859 1621 930 Denique

46 954 479 1023 comparationem
509 954 766 1009 salutaria
812 964 963 1025 gesta
1005 954 1363 1021 conﬁrmant,
1405 971 1526 1027 qua:
1564 965 1623 1012 et

46 1049 95 1104 in
121 1050 265 1104 nobis
289 1057 524 1103 manent.
553 1047 626 1105 Ut
650 1057 769 1116 est,
803 1049 996 1106 fratres
1013 1092 1028 1117 ,
1052 1048 1307 1105 Ninivitis
1343 1051 1620 1105 nuntiatus

45 1143 310 1210 interitus,
349 1142 577 1198 credunt
603 1155 658 1198 et
686 1142 907 1210 timent;
953 1144 1163 1216 ct-(i9)
1205 1153 1409 1215 quanto
1437 1144 1619 1200 sciunt

44 1235 308 1291 Dominum
357 1249 461 1290 non
513 1249 638 1291 esse
688 1236 1003 1294 mendacem
1031 1277 1047 1303 ,
1098 1245 1248 1292 tanto
1293 1234 1619 1307 propensius

42 1330 143 1389 eius
169 1326 233 1382 de
263 1326 456 1397 pietate
498 1337 832 1398 praesumunt
852 1372 867 1396 ,
899 1328 1190 1399 statimque
1233 1338 1386 1384 actus
1413 1328 1612 1385 veteris

44 1420 152 1474 vitae
177 1418 521 1485 damnantes,
573 1436 669 1492 pro
715 1423 887 1476 salute
931 1420 1246 1476 redimenda
1299 1436 1406 1476 non
1448 1418 1611 1474 solito

43 1528 176 1568 inore
216 1511 280 1567 ad
331 1513 544 1582 stupida
593 1514 879 1569 simulacra
927 1522 1291 1579 concurrunt,
1342 1526 1449 1567 non
1503 1512 1614 1567 aris

41 1606 333 1663 timentibus
354 1605 594 1663 funestos
614 1608 854 1663 excitant
892 1608 1081 1679 ignes,
1129 1622 1238 1662 non
1285 1606 1440 1661 thura
1482 1620 1606 1660 cre-

40 1708 188 1765 mant,
219 1715 323 1756 non
352 1715 561 1756 merum
594 1701 940 1769 protuudunt,
982 1717 1081 1757 nec
1104 1700 1365 1772 pecudum
1396 1697 1511 1771 (20)
1536 1698 1616 1753 in-

1730 484 1959 554 jecturis
1989 484 2235 539 inanibus
2275 491 2471 539 statum
2520 485 2747 554 plumea:
2779 485 2970 541 salutis
3008 486 3330 556 inquirunt;

1732 577 1826 633 sed
1864 592 1894 631 a
1937 593 2036 632 suo
2064 576 2229 633 corde
2265 578 2562 634 remedium
2593 579 2828 634 salutare
2854 579 3185 650 deposcunt,
3217 579 3328 649 spi-

1730 669 2003 741 ritumque
2040 684 2197 725 suum
2232 678 2337 725 tota
2371 670 2671 726 humilitate
2691 672 3113 727 contribulatum
3154 672 3327 726 ambi-

1730 762 1869 817 tiose
1917 760 2270 817 sacriﬁcant:
2315 744 2500 832 sicque
2547 761 2786 835 legitime
2826 763 3096 820 celebrata
3154 763 3328 836 pinni-

1729 854 1930 918 tentia,
1971 853 2143 911 Deum
2187 853 2291 911 sibi
2339 854 2629 925 propitium
2673 856 3046 913 reddiderunt.
3090 855 3243 926 Quod
3272 865 3328 913 et.

1728 961 1828 1002 nos
1852 946 1970 1018 (22)
1995 946 2222 1002 iecimus
2243 990 2258 1014 ,
2288 958 2343 1003 et
2370 947 2550 1004 facere
2590 948 2908 1019 plerumque
2935 949 3199 1006 debemus
3218 991 3234 1014 ,
3269 958 3325 1004 ut

1727 1049 1784 1097 et
1820 1042 2101 1110 praesentis
2146 1042 2407 1110 temporis
2456 1042 2780 1098 teutatioues
2826 1050 2882 1098 et
2932 1042 3096 1097 futuri
3132 1042 3322 1112 judicii

1729 1132 1961 1191 evadere
1977 1133 2097 1206 (25)
2128 1148 2317 1205 pinnas
2360 1149 2676 1190 mereamur
2711 1150 2809 1206 per
2836 1133 3109 1190 Christum
3136 1134 3321 1191 Domi-

1727 1241 1856 1281 num
1884 1233 2151 1282 nostrum.

1932 1365 2092 1437 21],
2204 1363 2623 1423 TRACTATUS
2648 1365 2833 1422 XVIII.

2148 1478 2227 1535 De
2256 1480 2334 1553 (Ι)
2369 1482 2533 1536 natali
2564 1481 2625 1537 S.
2657 1481 2891 1542 Arcadii.

1825 1574 1916 1645 qui
1943 1573 2092 1628 liabet
2123 1576 2297 1629 natale
2324 1575 2491 1645 pridie
2519 1574 2636 1631 idus
2659 1575 2907 1630 Januarii
2929 1576 2980 1631 in
3010 1577 3213 1633 civitate

2210 1665 2442 1723 Cesarete
2467 1665 2819 1724 Mauritania.

37 1801 319 1862 exspectata
383 1794 548 1865 alo
601 1802 775 1850 morte
807 1794 941 1864 rapti
962 1792 1166 1865 jecoris
1193 1790 1449 1863 spirantis
1473 1804 1610 1846 con-
1644 1779 1693 1841 B
1791 1782 1831 1839 ι.
1876 1783 2006 1839 Dum
2059 1782 2200 1839 beati
2259 1783 2473 1839 Arcadii
2529 1786 2783 1854 martyris
2830 1797 2980 1858 gesta
3030 1788 3319 1846 annalibus

103 1930 386 2005 (litiEdit‘.
421 1932 555 1989 Ven.
586 1943 858 2005 quantum.

96 2002 309 2074 (20)Ms.
345 2002 536 2077 Pomp.
561 2002 883 2077 inspectata;
914 2004 1007 2062 sed
1040 2004 1256 2077 vulgata
1287 2004 1610 2074 lectio,qu:e

32 2073 237 2131 aliorum
264 2087 349 2132 est
380 2073 666 2141 codicum,
697 2080 905 2143 verior,
928 2092 1051 2133 cum
1079 2073 1262 2132 sermo
1287 2078 1358 2131 sit
1390 2077 1459 2133 de
1493 2073 1611 2130 ani-

34 2149 242 2201 malibus
271 2158 326 2203 et
359 2146 590 2202 victimis
615 2188 632 2213 ,
662 2165 782 2220 quae
813 2150 952 2204 viva:
980 2149 1274 2218 improviso
1301 2149 1610 2203 mactahaii-

35 2227 134 2282 tur,
162 2234 390 2290 quorum
421 2229 543 2275 exta
565 2260 581 2286 ,
613 2219 696 2276 vel
738 2222 898 2275 libras
924 2221 1102 2275 adhuc
1132 2220 1419 2289 spirantes,
1451 2219 1502 2273 id
1527 2226 1611 2272 est

32 2290 158 2346 vitali
187 2289 365 2345 adhuc
392 2302 542 2345 motu
572 2293 800 2361 agitatas
821 2333 836 2359 ,
869 2292 1223 2362 inspiciebant
1250 2290 1564 2360 barusiiices
1588 2331 1602 2356 ,

29 2370 76 2413 ct
98 2378 158 2416 ex
186 2363 247 2416 iis
278 2363 457 2434 futura
488 2363 875 2434 pratdicabant.
905 2363 1107 2420 Morem
1137 2376 1317 2418 autem
1364 2362 1610 2434 haruspi-

27 2448 135 2505 cum
173 2432 507 2489 consulendi
539 2438 809 2504 spirantes
840 2435 1102 2505 librasﬁet
1141 2441 1265 2489 exta
1305 2433 1611 2505 colligimus

26 2504 172 2560 etiam
200 2521 265 2561 ex
290 2505 385 2560 illo
415 2506 629 2576 vulgato
655 2506 861 2576 Virgilii
896 2523 943 2560 iv
972 2504 1189 2560 Aineid.
1212 2546 1227 2570 ,
1260 2506 1329 2560 64
1376 2521 1389 2559 :

601 2597 843 2661 Spirantia
866 2597 1075 2649 consulit
1101 2606 1217 2649 exta
1238 2612 1249 2647 :

26 2693 74 2739 et
98 2701 158 2741 ex
191 2684 401 2743 Seneca
432 2685 485 2741 in
512 2684 724 2755 (Εἀίρο
758 2702 772 2737 :

108 2780 306 2831 Grnitor
326 2780 446 2843 quid
471 2780 662 2832 bociest
677 2780 701 2829 ?
722 2778 945 2843 Nonrlevi
965 2784 1117 2837 motu,
1149 2785 1202 2829 ut
1218 2776 1400 2841 solent,

106 2843 295 2907 Agitata
319 2842 572 2906 trepidant
593 2849 728 2893 exta.
754 2842 844 2907 sed
865 2849 993 2893 totas
1014 2854 1184 2893 manus

107 2903 358 2966 Quadam,
384 2903 625 2969 novisque
649 2903 842 2969 prosilit
866 2906 1001 2957 venit
1022 2918 1188 2955 cruor.

26 2995 98 3051 Ex
134 2995 414 3068 disciplina
454 2996 763 3068 aruspicum
793 2996 1055 3068 solemnis
1096 2996 1210 3051 haec
1246 3004 1363 3068 erat
1402 2991 1606 3047 sacriﬁ-

24 3066 301 3123 i-andoruiii
352 3066 603 3123 extorum
646 3067 925 3123 formula:
963 3066 1099 3121 Exta
1148 3067 1503 3138 porricianto,
1550 3073 1608 3118 iit

26 3148 237 3195 testatur
259 3139 533 3196 Verunlus
569 3141 709 3208 apud
741 3139 1070 3194 Macrobium
1089 3183 1103 3206 ,
1141 3139 1237 3193 lib.
1266 3154 1320 3192 in
1350 3138 1567 3192 Saturn.
1588 3176 1602 3199 ,

23 3226 132 3282 Cap.
160 3212 227 3280 2,
253 3224 307 3267 et
339 3226 472 3266 sane
502 3212 726 3265 verbum
757 3211 1011 3281 pori'icere
1044 3224 1148 3264 non
1181 3210 1281 3264 nisi
1313 3225 1434 3262 cuni
1467 3208 1604 3262 extis

23 3284 358 3353 coujuuctum
424 3284 664 3352 reperire
723 3285 1019 3353 potuimus,
1052 3282 1190 3351 apud
1248 3282 1493 3353 Plautum
1547 3282 1599 3353 in

26 3349 206 3409 Pseud.
240 3371 296 3418 ι,
329 3354 400 3420 5,
443 3349 515 3411 52
539 3395 554 3418 ,
586 3349 868 3424 Virgilium
913 3369 944 3407 ν
977 3349 1197 3408 Eneid.
1242 3351 1361 3407 775.
1401 3349 1605 3404 Porrici

22 3439 188 3481 autem
235 3427 561 3482 dicebantur
605 3439 828 3494 proprie
870 3435 1033 3491 exta,
1082 3441 1203 3495 qua:
1250 3425 1428 3477 statim
1483 3432 1605 3492 post

22 3512 206 3552 czcsam
258 3499 537 3554 victimam
586 3498 767 3552 adhuc
810 3494 1109 3566 spirantem
1138 3494 1606 3566 «sacrilicabaiitur

26 3570 153 3633 iiiis;
181 3584 244 3625 ex
286 3584 397 3641 quo
441 3568 593 3623 ﬂuxit
621 3565 852 3641 elegans
880 3568 1007 3623 illud
1044 3569 1381 3641 proverbium
1414 3581 1427 3641 ς
1466 3565 1607 3641 Inter

21 3656 140 3693 ciesa
168 3649 217 3696 et
241 3635 479 3713 po'rrerta
498 3684 513 3705 ,
543 3641 686 3709 apud
714 3635 1070 3713 Ciceronem,
1104 3641 1196 3693 lib.
1223 3654 1267 3713 _v
1295 3638 1364 3693 ad
1391 3635 1563 3713 Attic.
1589 3679 1603 3701 ,

22 3713 166 3779 epist.
204 3709 306 3779 is,
356 3723 416 3767 ut
456 3712 792 3782 signiﬁcetur
837 3711 1008 3777 nihil,
1047 3722 1137 3764 aut
1185 3710 1269 3764 vix
1313 3709 1603 3782 quidquam

26 3786 269 3853 temporis
297 3799 424 3839 esse
453 3780 832 3838 intermedium
851 3828 863 3849 ,
898 3784 1039 3838 sicut
1071 3782 1204 3838 nihil
1234 3784 1493 3853 intererat
1522 3780 1605 3853 in.

24 3863 97 3908 ter
128 3851 304 3911 caesas
331 3854 579 3910 victimas
618 3864 674 3910 et
722 3857 958 3924 ipsorum
1003 3866 1124 3910 exta
1165 3865 1417 3924 porrecn
1460 3851 1602 3919 Diis,

23 3926 153 3980 unde
177 3927 389 3983 Gentes
415 3936 539 3981 exta
580 3926 887 3981 semicruda
917 3937 971 3981 et
1011 3926 1187 3981 leviter
1216 3926 1444 3979 animata
1476 3940 1602 3993 por-

22 3998 184 4054 ricere
210 4000 352 4053 dixit
382 3999 651 4053 Arnobius
673 4047 689 4067 ,
725 3996 820 4051 lib.
868 4012 924 4060 ι,
957 4013 1078 4068 pag.
1126 3998 1218 4053 91.
1248 3998 1403 4051 θεων
1443 4009 1604 4064 porro

21 4068 185 4126 adhuc
209 4071 420 4138 spirans
451 4072 589 4124 inter
618 4070 798 4124 omnia
840 4070 1151 4123 animalium
1182 4076 1303 4124 exta
1335 4072 1436 4121 hoc
1463 4081 1597 4134 quo-

20 4154 116 4209 que
142 4140 462 4197 Zenoniauo
492 4142 763 4213 praecipue
798 4154 917 4195 sevo
957 4142 1252 4213 inspectum
1294 4138 1472 4213 colligi
1507 4153 1603 4208 po-

20 4221 118 4268 test
140 4230 205 4268 ex
236 4213 528 4268 Ammiano
555 4211 894 4278 Marcellino,
925 4213 1017 4266 lib.
1046 4211 1168 4267 xxii
1189 4250 1205 4277 ,
1240 4211 1358 4265 init.

87 4286 201 4355 (2i)
228 4286 610 4349 Causabonus,
632 4298 753 4353 pag.
792 4288 917 4348 tos,
954 4285 1005 4337 in
1042 4297 1165 4339 eum
1196 4280 1491 4352 Lampridii
1521 4279 1602 4355 lu-

18 4352 288 4432 cum,'ttbi
329 4358 569 4432 severus
604 4352 1193 4432 apvsoaxiiiroguiagnus
1231 4356 1408 4432 fuisse
1438 4352 1603 4432 tradi-

16 4434 129 4497 tur,
156 4431 309 4482 vocis
348 4427 466 4494 eius
503 4423 679 4497 graece
705 4423 1120 4497 explicationem
1146 4427 1212 4480 ab
1243 4424 1344 4497 hoc
1373 4423 1605 4497 ZeMiiis

16 4496 129 4573 loco
158 4499 309 4573 petit
337 4517 351 4552 :
382 4496 716 4573 spumam
751 4496 892 4552 Zeno
922 4496 1242 4573 veronensis
1264 4496 1360 4550 hac
1386 4496 1606 4573 circuiu-

1715 1920 1969 1976 similiter
1997 1921 2171 1977 codex
2203 1921 2415 1977 Toleni.
2449 1920 2528 1978 De
2556 1926 2824 1985 nativitate
2849 1927 2909 1982 S.
2940 1928 3153 1983 Arcadii
3180 1946 3319 1985 mar-

1719 1992 1846 2065 tyris
1874 1993 1982 2047 nati
2024 1994 2081 2046 in
2120 1994 2321 2050 civitate
2363 1992 2622 2053 Ctesarea.
2676 1998 2829 2055 Hunc
2875 2008 3181 2064 tractatum,
3210 2001 3317 2064 ξηιιί

1715 2075 1996 2139 auctorum
2026 2065 2348 2139 S._AArcadii
2395 2067 2514 2122 loco
2540 2079 2622 2124 est
2653 2068 2867 2127 bahitus
2887 2112 2902 2137 ,
2942 2071 3138 2126 Pati-iis
3159 2072 3312 2139 Calo,

1714 2136 1922 2207 ordinis
1957 2134 2210 2202 Praedia,
2258 2139 2491 2207 scriptor
2527 2141 2714 2195 stt-coli
2757 2156 2849 2197 xiii
2869 2134 2897 2205 ,⁷
2917 2143 3217 2199 inseruerat
3263 2134 3316 2200 in

1714 2206 2053 2281 Collectaneis
2076 2223 2212 2281 mss.
2242 2223 2364 2277 quae
2391 2209 2694 2281 allegantur
2720 2216 2786 2267 ab
2809 2213 3154 2270 Henschenio
3181 2225 3312 2270 toni.

1714 2295 1771 2345 ii,
1800 2279 2007 2351 Aprilis
2054 2280 2251 2344 die”,
2281 2297 2398 2351 pag.
2429 2279 2577 2337 7i‘et
2602 2284 2690 2339 76.
2720 2286 2981 2340 Eiinidem
3006 2286 3147 2342 hunc
3176 2298 3319 2342 trac-

1716 2350 2739 2428 tattiiuuediilit_ctiani;[.ippomanus
2788 2367 2918 2411 tom.
2964 2374 2979 2411 l
3030 2358 3131 2411 Vit.
3186 2360 3309 2428 SS.,

1717 2437 1836 2492 pag.
1861 2422 1988 2476 262.
2021 2422 2211 2477 Surius
2245 2434 2300 2478 et
2327 2422 2615 2480 Bollandus
2646 2436 2777 2481 toni.
2806 2444 2843 2492 l,
2878 2428 2964 2483 die
3021 2429 3090 2484 12
3111 2422 3315 2487 ianua;

1718 2494 1803 2572 rit.
1837 2493 2026 2572 Petrus
2047 2494 2116 2549 de
2140 2494 2419 2572 Natalibus
2441 2511 2562 2572 cuin
2589 2496 2902 2572 Guillellino
2926 2498 3220 2572 Pastrcugo
3247 2519 3315 2558 ex

1717 2563 1942 2639 Joannis
1970 2564 2301 2639 Veronensis
2331 2565 2554 2623 historia
2592 2569 2726 2639 lmp.
2762 2571 2998 2627 nonduin
3033 2563 3180 2628 editi?
3214 2574 3317 2627 Ze-

1721 2636 1878 2713 nonis
1907 2635 2109 2713 scripta
2136 2652 2592 2713 commeiiioi‘ans,
2625 2635 2768 2695 hunc
2800 2650 3086 2698 tractatum
3107 2644 3316 2713 episto~

1720 2706 1786 2788 lae
1824 2706 2061 2788 nomine
2087 2710 2361 2788 appellat_,
2407 2721 2460 2764 et
2499 2725 2740 2766 coasvum
2781 2712 2981 2788 Zenoni
3022 2706 3312 2788 mariyrem

1715 2778 2003 2852 Arcadium
2037 2778 2205 2845 facit,
2251 2781 2343 2852 sed
2385 2794 2690 2852 perperam.
2737 2800 2857 2839 cum
2895 2778 2945 2839 id
2990 2800 3055 2840 ex
3086 2778 3316 2845 ea'lliiat

1716 2851 1993 2922 opinione,
2026 2866 2149 2919 quin
2170 2851 2373 2922 jamdiu
2397 2851 2641 2918 invaluit,
2667 2855 2937 2912 Zenonem
2962 2858 3161 2914 vixisse
3188 2860 3315 2916 Gal-

1716 2920 1841 2999 lieni
1866 2920 2218 2999 temporibus,
2245 2926 2651 2999 qua_in_dissert.
2684 2942 2722 2989 i.
2751 2928 2933 2985 multis
2957 2929 3310 2999 explosimus.

1716 2995 1846 3047 Acta
1872 2994 2111 3069 ejusdem
2136 2997 2388 3069 martyris
2410 2996 2531 3052 loco
2547 2996 2781 3069 alligato
2800 2999 2971 3055 edidit
2995 2994 3309 3067 Bollaiidus.

1715 3074 1770 3144 et
1798 3080 1862 3144 ex
1889 3081 1955 3121 eo
2001 3065 2317 3144 Ruina-nius
2357 3068 2408 3122 iii
2437 3070 2586 3124 Aetis
2615 3065 2843 3126 sinceris
2873 3080 2989 3144 pag.
3023 3072 3152 3129 466.
3185 3065 3313 3131 But?

1718 3136 1909 3191 tandus
1946 3148 2125 3192 autem
2152 3138 2298 3213 Acta,
2317 3154 2437 3193 cum
2460 3151 2689 3196 tractatu
2721 3136 2972 3212 praisenii
2998 3146 3307 3213 conferens,

1711 3217 1971 3278 utrosque
1996 3213 2153 3282 inter
2188 3227 2248 3264 se
2286 3211 2358 3265 ita
2398 3211 2761 3282 congruentes
2798 3223 2853 3270 et
2883 3216 3089 3273 similes
3119 3211 3309 3274 nactus

1707 3289 1813 3346 est,
1848 3291 1904 3333 ut
1926 3280 2003 3333 vel
2028 3291 2142 3333 acta
2171 3296 2199 3334 e
2227 3297 2459 3337 sermone
2478 3280 2806 3349 concinnata,
2840 3286 2919 3341 vel
2940 3288 3009 3340 ad
3031 3304 3091 3342 ea
3117 3290 3303 3345 adsitn-

1708 3351 1884 3404 bratas
1910 3367 2020 3405 esse
2056 3367 2223 3406 senno
2250 3354 2500 3420 videatur,
2547 3366 2603 3408 ut
2630 3356 2772 3410 idem
2815 3358 2887 3411 ait
2919 3357 2971 3413 in
3003 3361 3209 3421 pratlat.
3239 3361 3308 3417 atl

1709 3423 1924 3485 eadem,
1951 3436 2066 3492 pag.
2094 3423 2218 3485 722,
2255 3441 2402 3477 nunt.
2433 3427 2487 3479 4.
2515 3426 2645 3479 Acta
2661 3443 2705 3487 ,e
2735 3437 2963 3483 tractatu
2993 3429 3308 3487 Zeuoniaiio

1709 3495 2027 3574 concinnata
2056 3499 2355 3574 malumus;
2385 3512 2505 3550 cum
2526 3497 2672 3551 Zeno
2695 3498 2852 3574 huius
2877 3503 3129 3574 martyris
3153 3511 3306 3573 gesta

1709 3566 1981 3640 quiuiltbus
2000 3582 2055 3620 se
2079 3568 2323 3640 mandare
2351 3576 2597 3640 testetur,
2628 3585 2691 3624 ac
2717 3566 2984 3640 si'scripta
3006 3566 3305 3632 antca'non

1710 3635 1939 3710 fuerint,
1958 3638 2098 3710 quod
2141 3653 2245 3692 non
2273 3638 2502 3694 dixisset
2526 3655 2678 3704 sane,
2709 3644 2752 3696 si
2780 3635 2908 3710 ipse
2924 3660 2989 3698 ex
3029 3644 3183 3701 Actis
3209 3663 3307 3703 an-

1712 3717 1790 3762 tea
1836 3709 2053 3783 scriptis
2092 3710 2429 3779 profecisset.
2485 3709 2850 3783 Praeterquam
2883 3716 3025 3782 quod
3083 3716 3306 3776 nitidior

1709 3794 1853 3854 saapc
1893 3790 1978 3834 est
2017 3780 2276 3854 Actorum
2318 3783 2613 3849 sententis;
2661 3780 3014 3854 improbabile
3051 3804 3182 3846 vero
3220 3800 3306 3848 est

1711 3850 1982 3930 Z_i3ii0iieiii
2019 3867 2104 3930 ex»
2132 3852 2367 3907 uitidiori
2402 3850 2767 3930 obscurioreiii
2812 3858 3002 3930 iecisse
3031 3875 3045 3913 :
3075 3865 3203 3930 quin
3235 3878 3301 3919 ex

1709 3923 1995 4002 ali_is,_qiiaa
2018 3923 2256 4002 imitatus
2279 3933 2388 4002 est,
2414 3926 2626 3993 eadem;
2655 3928 2737 3982 vel
2766 3929 2967 3998 majore
2992 3923 3152 3987 etiam
3181 3950 3301 4002 per-

1709 3996 1994 4065 spicuitate
2042 3997 2094 4050 in
2150 3999 2422 4065 exi-crinis
2471 4012 2599 4052 usus
2648 3996 2960 4055 constanter
3005 3996 3296 4061 invenitur.

1710 4064 2027 4143 Adilequuil
2056 4073 2187 4143 Acta
2214 4064 2500 4143 Arcadium
2535 4070 2587 4124 in
2617 4070 2816 4126 Achaia
2848 4088 3066 4142 passum
3096 4075 3295 4143 ferunt,

1710 4139 1848 4219 quod
1876 4139 1927 4192 iii
1946 4138 2173 4193 sinceris
2197 4140 2453 4219 actis__legi
2476 4156 2584 4194 non
2611 4144 2781 4219 potuit
2802 4158 2817 4219 ς
2848 4138 2953 4198 non
2978 4147 3149 4202 solum
3175 4138 3299 4219 quia

1711 4208 2214 4288 iil_Zeuiimanoruiu
2236 4208 2482 4288 codicum
2506 4208 2811 4288 auctoritati
2839 4219 3172 4288 refragatur;
3192 4208 3301 4278 'sed

1710 4283 2044 4356 etiamquod
2085 4296 2297 4346 omnes,
2329 4284 2418 4353 qui
2457 4286 2698 4355 martyrii
2729 4286 2847 4356 ejus
2876 4283 3050 4343 locu'm
3092 4283 3302 4348 memo-

1710 4360 1850 4415 rant,
1884 4356 2283 4420 Mauritaniam,
2332 4370 2438 4407 non
2476 4357 2759 4421 Achaiam,
2799 4372 2923 4412 cum
2950 4359 3183 4419 Zenonis
3211 4379 3306 4419 co.

1708 4422 1919 4496 dicibus
1953 4424 2356 4481 consentientes
2403 4426 2717 4496 praeferunt.
2746 4428 3018 4485 Usuarilus
3043 4433 3097 4487 in
3126 4434 3303 4490 (ἰηπα-

1710 4509 1798 4547 rea
1845 4495 2209 4562 Mauritaniae,
2259 4495 2562 4552 Galcsinius
2601 4500 2656 4552 in
2702 4498 3045 4557 Mauritania.
3082 4507 3305 4563 Accedit

16 4566 267 4646 locutione
302 4566 542 4638 expiinnt
581 4571 871 4640 eleganter,
899 4571 985 4646 qui
1016 4586 1105 4640 per
1134 4567 1303 4623 varios
1325 4575 1474 4646 ,_et_c.
1629 4578 1682 4638 ι)
1711 4566 1851 4635 quod
1876 4568 2319 4646 hujusniartyris
2346 4569 2682 4646 mentionem
2708 4569 2912 4627 faciunt
2935 4572 3076 4629 Beda
3118 4579 3304 4646 vulga-

16 4639 174 4696 lutem
202 4654 385 4697 autem
417 4652 607 4698 ltOleI‘
628 4639 829 4696 Auctor
858 4642 1109 4710 plumeam
1142 4647 1298 4694 vocat
1315 4640 1385 4693 ob
1415 4639 1604 4694 levita-

18 4720 156 4779 tem,
214 4724 270 4768 et
312 4715 531 4782 respicit
570 4714 877 4782 aruspicum
925 4729 1169 4778 morem,
1198 4711 1289 4782 qui
1320 4726 1384 4764 ex
1425 4713 1602 4764 avium

14 4782 489 4853 prieteriiolantibus
533 4786 704 4854 pinnis
755 4782 957 4839 turbido
999 4793 1201 4852 meatu,
1238 4782 1313 4836 vel
1361 4782 1458 4835 levi
1502 4782 1606 4854 (ut

15 4860 331 4911 Ammianus
373 4853 717 4912 Marcellinus
762 4858 1001 4925 notavit,
1045 4856 1138 4912 lib.
1173 4869 1295 4920 xxt,
1340 4864 1460 4925 post
1498 4853 1606 4908 ini-

17 4925 168 4998 tium)
197 4927 377 4982 futura
403 4927 785 4998 conjiciebant.

83 4998 197 5071 t2!)
227 5001 359 5071 Mss.
378 5001 579 5069 ,l’omp.
603 5007 661 5053 et
682 5002 789 5053 duo
815 4998 949 5055 Zen.
970 5009 1057 5065 ,ιρι
1084 5000 1318 5071 fecimus.

83 5065 440 5143 (‘23)7Piznas
488 5065 794 5126 addidimus
851 5065 1173 5143 auctet-nate
1198 5067 1406 5124 codicis
1433 5065 1610 5143 Zeno-

12 5140 188 5212 niani.
208 5142 460 5200 Subinde
507 5151 735 5212 uterque
776 5144 947 5198 codex
978 5142 1111 5196 Zen.
1158 5156 1256 5196 nec
1307 5155 1412 5212 non
1444 5140 1564 5193 'l‘ol.
1590 5179 1603 5203 ,

12 5211 196 5277 Ponip.
219 5256 236 5279 ,
271 5214 390 5269 Vat.
421 5222 476 5270 et
501 5210 665 5279 Urb.,
701 5212 807 5269 Per
831 5213 1011 5270 Jesuni
1042 5212 1302 5267 Christum
1329 5210 1606 5267 Dominum

12 5294 256 5343 nostrum.

80 5356 294 5415 ΤιιΑοτ.
314 5356 574 5423 XVllr.-(
592 5356 640 5428 Ι)
655 5356 1013 5415 Hictitulusin
1029 5372 1158 5413 mss.
1177 5358 1331 5413 Rem.
1347 5363 1399 5410 et
1412 5354 1599 5428 Pomp.

10 5425 235 5500 lfgimt‘;
269 5446 391 5485 cum
420 5431 470 5483 in
494 5425 653 5500 editis
678 5441 851 5500 etius.
880 5430 1011 5485 Zeti.
1044 5433 1506 5500 legaturtaniuin;
1526 5425 1605 5480 De

11 5496 49 5551 S
60 5496 75 5551 ,⁷
92 5502 324 5556 Arcadio
335 5511 575 5571 martyre.
591 5499 688 5555 Ms.
708 5499 893 5571 Urbin,
910 5503 1051 5557 idem
1064 5496 1127 5558 ac
1141 5505 1191 5556 in
1205 5500 1448 5571 allegatis
1460 5497 1597 5571 duo-

10 5571 108 5627 bus
131 5574 417 5645 codicibus
435 5570 666 5645 praefert,
681 5588 876 5643 praeter
895 5591 1055 5645 quam
1076 5574 1217 5645 quod
1241 5570 1370 5645 ldus
1383 5585 1479 5645 pro
1489 5570 1596 5645 pri—

10 5646 91 5696 die
118 5642 254 5699 ldus
267 5644 472 5700 librarii
486 5643 624 5698 saltu
644 5641 927 5715 perperam
943 5641 1182 5713 exhibet,
1201 5654 1256 5701 et
1272 5641 1600 5715 Mauritania:

10 5718 347 5772 mentionem
378 5715 591 5770 omittit.
617 5712 798 5774 Codex
828 5730 1010 5773 autem
1032 5712 1258 5772 Vat.sic
1288 5734 1300 5769 :
1330 5712 1596 5768 Tractatus

11 5788 71 5843 δ.
92 5789 313 5844 Arcadii
337 5805 515 5857 xxxix,
542 5792 649 5845 nati
669 5791 935 5847 incivitate
947 5789 1207 5853 Cesiireic;
1237 5794 1290 5843 ct
1316 5786 1475 5857 paulo
1495 5784 1589 5840 ab-

1711 4652 1826 4704 ius,
1859 4639 1995 4703 Ado,
2029 4638 2328 4703 Nolkerus,
2377 4650 2428 4694 et
2455 4639 2543 4693 alii
2571 4640 2742 4696 Latini
2768 4653 3053 4710 auctores,
3080 4638 3304 4707 Graecus

1708 4719 1885 4764 autem
1913 4726 2109 4775 nemo;
2139 4710 2283 4778 quod
2315 4727 2421 4765 non
2444 4713 2746 4778 accidisset,
2777 4714 2821 4768 si
2851 4715 2903 4769 in
2933 4716 3136 4774 Achaia
3161 4736 3304 4776 mar-

1711 4780 1905 4861 tyrium
1936 4797 2127 4861 paSsus
2390 4782 2647 4861 Equidem
2667 4784 2719 4861 iii
2745 4786 3019 4861 Hispania,
3047 4794 3113 4844 ad
3142 4806 3302 4861 quam

1710 4868 1776 4907 ex
1806 4854 2122 4909 Mauritania
2155 4854 2326 4910 facilis
2357 4855 2724 4911 transfretatio
2766 4854 2882 4922 est.
2916 4858 2973 4916 S.
3009 4854 3299 4919 Arcadium

1710 4926 1915 4979 cultum
1945 4925 2237 4981 Bollandus
2262 4927 2449 4995 probat
2478 4927 2530 4981 iii
2562 4927 2772 4983 laudata
2802 4932 3117 4996 praefatione
3148 4950 3299 4990 iiiiin.

1714 5011 1773 5059 ii,
1815 5008 1869 5051 et
1895 5000 2185 5071 conlirmat
2223 4996 2276 5052 in
2306 4997 2729 5071 Append.,pag.
2762 5000 2940 5065 “09;
2989 5003 3301 5063 liuinartins

1714 5083 1844 5147 vero
1888 5070 2270 5147 ciinjecturam
2318 5073 2447 5147 satis
2490 5070 2818 5147 probabilem
2864 5077 3055 5141 all‘ert,
3103 5093 3204 5147 qua
3245 5078 3301 5135 in

1710 5138 1844 5195 Acta
1874 5140 2093 5196 Achaia:
2120 5155 2316 5197 nomen
2345 5138 2519 5196 aliena
2553 5157 2712 5198 manu
2750 5145 3014 5202 intrusum
3041 5138 3302 5207 credibile

1712 5212 1788 5265 lit.
1824 5212 2029 5269 Praeter
2057 5223 2265 5284 septem
2303 5228 2433 5269 mss.
2476 5212 2818 5271 Zenonianos
2860 5219 2909 5272 in
2942 5220 3047 5276 hoc
3072 5231 3301 5277 tractatu

1709 5284 2293 5360 emeiidaiidoutemur
2320 5287 2560 5360 editione
2586 5285 2851 5350 Bollaiidi.
2885 5293 2975 5360 qui
3007 5309 3122 5347 cum
3147 5294 3303 5348 veteri

1707 5358 1883 5432 codice
1915 5358 1975 5432 S.
2016 5357 2199 5411 Maria!
2232 5357 2296 5410 de
2324 5354 2594 5432 Ripatorio
2636 5360 2852 5432 aliisque
2888 5354 3009 5417 mss.
3049 5366 3299 5420 eumdem

1707 5431 1804 5483 abs
1820 5445 1878 5482 se
1895 5430 2148 5484 collatum
2172 5437 2417 5484 testatur.
2433 5427 2641 5499 Gaspar
2655 5427 2902 5486 Barthius
2917 5434 3007 5488 lib.
3029 5450 3150 5490 xuii
3191 5436 3303 5490 Ad-

1710 5504 2067 5557 versariorum
2098 5514 2217 5571 cap.
2252 5500 2307 5565 7,
2338 5501 2478 5555 hunc
2504 5508 2791 5573 tractatum
2818 5504 3010 5559 alicubi
3044 5508 3294 5573 illustrat,

1706 5587 1771 5627 ex
1806 5587 1980 5656 eoque
2015 5575 2058 5656 si
2089 5573 2219 5656 quid
2264 5587 2564 5656 s_uiiieinus,
2607 5572 2661 5627 iii
2708 5575 3299 5656 ipsis_aduotatiouibus

1706 5641 1911 5699 auctori
1958 5641 2238 5699 referetur.
2278 5641 2695 5712 Nonnumquam
2730 5641 2946 5699 tandem
2993 5648 3045 5700 in
3105 5646 3297 5705 iisdem

1704 5717 2145 5771 annotationibus
2178 5714 2243 5769 ad
2287 5723 2464 5770 textus
2493 5714 2903 5783 explicationem
2948 5726 3226 5774 auctorum
3265 5736 3295 5776 a

1707 5788 1966 5843 Bollaiiilo
2014 5798 2062 5838 ι¹1
2125 5785 2403 5843 lluiiiartio
2447 5785 2715 5840 editorqu
2756 5786 3007 5855 praesidio
3048 5799 3293 5863 utemur,
