3926 6328
564 284 670 341 4ιῦ

1918 286 2165 345 SANCTI
2205 287 2499 346 ZENONIS
2552 292 2577 307 "

3700 309 3781 364 £56

564 417 651 458 ras
680 403 919 473 corporis
958 400 1120 472 rupit.
1147 399 1501 474 :Exsilierttut
1548 412 1782 460 exsecta:
1839 419 2050 469 manus,
2104 414 2158 461 et
2185 420 2234 482 Α
2265 405 2565 475 prehendi,
2616 420 2776 478 quant
2827 420 2987 464 nemo
3036 409 3216 476 novit,
3252 412 3351 469 nisi
3389 414 3500 486 ipse
3538 419 3790 495 solus,qui

563 492 676 565 (55)
708 510 959 548 venarum
993 494 1043 547 iu
1073 508 1134 550 se
1160 493 1432 564 paululum
1449 507 1670 566 stupore
1691 512 1879 552 rursus
1907 500 1959 552 in
1988 515 2046 552 se
2077 497 2151 552 ri-

562 602 661 641 rus
682 586 955 659 sanguinis
972 602 1154 643 ruens.
1185 588 1391 645 Dehinc
1420 589 1712 660 poplitibus
1736 591 1990 661 eurisque
2021 606 2148 661 por-

557 677 738 742 rectis,
767 693 1073 748 agcrmatta
1102 681 1484 751 conjunctione
1536 689 1744 737 natura:
1791 682 1970 753 gladio
2017 684 2148 737 εωνί

552 769 776 825 latronis
806 769 1107 842 plantarum
1138 773 1296 828 limes
1328 772 1603 839 inciditur,
1658 783 1713 830 et
1762 773 2026 844 obsequio
2057 788 2149 845 pe-

554 859 681 916 dutn
708 876 907 933 corpus
929 864 1185 936 martyris
1215 864 1486 921 vidttatur.
1535 864 1834 922 Numerent
1864 868 2145 938 martyria,

553 961 644 1030 qui
678 968 905 1031 possunt
934 976 1224 1017 numerare
1250 960 1513 1031 supplicia
1539 978 1556 1029 ;
1597 971 1650 1018 et
1674 960 1729 1017 in
1760 978 1867 1018 uno
1916 977 2149 1034 corpore

551 1062 814 1123 quantum
867 1051 1117 1110 diabolus
1175 1054 1480 1123 publicatus
1528 1063 1613 1111 est
1665 1054 1885 1123 furere,
1935 1063 2144 1110 tantum

550 1156 879 1215 agnoscatur
913 1145 1170 1201 Dominus
1199 1148 1584 1218 triumphasse.
1641 1147 1747 1204 Sed
1801 1147 1963 1203 durat
2006 1149 2147 1203 inter

551 1234 670 1291 haec
728 1236 983 1309 martyris
1027 1237 1271 1305 spiritus,
1324 1247 1398 1294 et.
1428 1253 1705 1294 morarum
1757 1240 2145 1295 numerositate

550 1337 800 1385 servatus
832 1338 1036 1400 perstat
1060 1330 1237 1393 virus,
1262 1341 1415 1401 parte
1442 1331 1521 1385 sui
1545 1330 1798 1400 corporis
1816 1330 1930 1401 jam
1958 1330 2143 1401 sepul-

551 1431 655 1479 tus.
685 1423 799 1497 (56)
829 1423 874 1482 Ο
899 1424 1092 1496 dignus
1106 1424 1332 1497 gloriosi
1362 1425 1538 1481 exitus
1581 1424 1735 1480 linis!
1759 1425 2142 1482 Adseensurus

545 1518 885 1574 altitudinem
909 1517 1055 1583 ςωιί,
1083 1518 1333 1589 corporis
1359 1516 1443 1574 sui
1471 1516 1860 1588 impedimenta
1902 1518 2140 1588 praemit-

548 1611 627 1681 tit,
656 1621 712 1668 et
737 1611 1010 1684 exsequiis
1041 1608 1252 1667 funeris
1292 1611 1408 1682 (57)
1437 1611 1519 1665 sui
1551 1610 1668 1682 ipse
1717 1609 1998 1681 praecedit.
2039 1609 2137 1665 Cui

544 1704 661 1760 haec
687 1702 1159 1774 estcomparauda
1208 1702 1522 1759 cottlessio?
1570 1701 2002 1768 Machabieorum
2054 1710 2140 1759 est

2261 499 2407 554 fecit.
2459 501 2675 572 Itaque,
2726 502 2870 593 quod
2913 504 3222 571 specialiter
3245 507 3311 563 ad
3354 521 3552 567 nostras
3597 519 3790 585 pertinet

2256 601 2439 660 partes
2460 632 2475 659 ,
2506 592 2787 648 videamus
2812 635 2824 656 .
2850 595 2979 666 quid
3023 595 3129 664 sit,
3162 599 3304 668 quod
3350 600 3482 658 Deus
3508 606 3611 659 ait:
3638 606 3793 665 Facia-

2255 701 2369 738 mus
2387 685 2642 742 hominem
2664 686 2734 740 ad
2748 687 3024 761 imaginem
3045 700 3095 744 et
3109 672 3486 749 similitudinem
3503 709 3715 755 nostram.
3737 701 3791 757 Et

2253 777 2394 847 fecit,
2425 778 2619 850 inquit,
2648 777 2790 834 Deus
2808 778 3068 835 hominem
3094 783 3163 837 ad
3191 785 3455 857 imaginem
3480 799 3523 843 et
3540 791 3790 847 similitudi-

2252 886 2368 925 nem
2415 870 2516 927 Dei
2549 871 2703 949 (Gen.
2739 890 2793 938 t,
2821 874 2931 943 26,
2954 876 3086 946 27);
3115 887 3172 933 et
3198 880 3303 934 alio
3328 880 3448 936 loco
3473 882 3605 939 dicat
3649 903 3661 938 :
3700 886 3789 961 Ego

2250 980 2366 1017 sum
2394 1006 2412 1033 ,
2459 966 2549 1036 qui
2593 982 2750 1033 sum,
2797 979 2843 1021 et
2892 983 2997 1022 non
3049 969 3284 1025 demutor
3323 971 3551 1044 (Malae.
3603 992 3682 1043 ιιι,
3724 980 3787 1050 6).

2248 1053 2383 1111 Cum
2405 1055 2509 1113 hoc
2535 1056 2607 1113 ita
2629 1059 2736 1121 sit,
2771 1058 2935 1115 homo
2965 1063 3416 1132 quemadmodum
3439 1066 3526 1122 Dei
3550 1068 3786 1140 imaginem

2250 1149 2465 1219 portat?
2493 1152 2649 1222 cujus
2671 1152 2752 1226 (5)
2781 1153 2960 1209 vultus
2989 1154 3263 1223 passibilis
3282 1199 3295 1221 ,
3331 1161 3470 1214 omni
3494 1163 3788 1221 conversioni

2246 1244 2565 1314 subjectus,
2615 1249 2907 1303 momentis
2957 1249 3213 1306 omnibus
3264 1251 3557 1310 detnutatur
3601 1257 3785 1325 labore,

2248 1344 2437 1404 aetate,
2488 1338 2746 1410 languore
2768 1382 2782 1405 ,
2814 1340 2892 1395 ira
2919 1382 2932 1405 ,
2981 1343 3180 1412 gaudio
3202 1385 3217 1408 ,
3265 1345 3609 1416 tristitudine,
3639 1348 3788 1422 toﬁpte

2246 1427 2422 1484 induit
2444 1431 2655 1498 vultus,
2687 1444 2819 1500 quot
2858 1434 3025 1489 animi
3076 1434 3280 1492 fuerint
3317 1450 3518 1506 motus;
3549 1443 3787 1515 nullusque

2243 1536 2468 1593 prorsus
2506 1522 2624 1580 dies
2650 1565 2666 1591 ,
2697 1540 2805 1597 quo
2828 1525 3033 1598 jugiter
3070 1528 3170 1585 sibi
3198 1529 3389 1587 similis
3411 1547 3526 1590 esse
3561 1535 3782 1592 videatur.

2244 1616 2409 1688 218
2434 1616 2564 1673 Cum
2598 1616 2713 1673 bare
2745 1618 2826 1692 (4)
2856 1620 3018 1676 aliter
3039 1636 3145 1677 non
3174 1622 3318 1692 sint,
3349 1640 3539 1697 ergone
3566 1627 3648 1684 Dei
3682 1633 3784 1685 ima.

2241 1710 2424 1779 ginem
2479 1726 2585 1766 non
2637 1710 2946 1769 habemus?
2990 1713 3267 1772 Habemus
3305 1718 3570 1789 plane,et
3609 1721 3782 1792 quidem

536 1795 813 1868 jungeuda
845 1810 1110 1852 numero:
1140 1794 1389 1851 Eleazari
1435 1804 1522 1851 est
1572 1794 1907 1866 aquuanda
1939 1809 2139 1888 propo-
2167 1828 2215 1888 Β
2246 1801 2589 1859 manifestam
2614 1819 2679 1860 ex
2710 1820 2776 1861 eo
2797 1806 2915 1877 ipso
2934 1849 2949 1873 ,
2981 1808 3124 1879 quod
3150 1824 3259 1864 non
3294 1822 3377 1866 est
3402 1813 3548 1869 nobis
3572 1816 3783 1884 portanti-

538 1891 644 1946 sito
678 1931 694 1956 ,
750 1890 1115 1961 comparanda
1160 1888 1415 1945 consilio.
1477 1887 1741 1944 Arcadius
1790 1887 2138 1944 beatissimus

539 1995 745 2057 martyr
771 1983 947 2040 adhuc
972 1982 1285 2040 demoratur
1317 1983 1369 2037 in
1398 1981 1625 2047 sacculo,
1671 1989 1728 2037 et
1759 1979 1873 2052 jam
1924 1986 2136 2051 martyr

541 2076 804 2133 recitatur
830 2074 883 2131 in
908 2076 1069 2133 creto.
1096 2076 1216 2147 (58)

933 2169 1094 2244 317
1122 2166 1540 2225 macrinus
1591 2166 1737 2224 XIX.

538 2258 605 2316 In
630 2260 765 2316 illud
790 2257 870 2334 (t)
897 2259 1148 2316 Geneseos
1171 2277 1192 2316 :
1220 2258 1505 2316 Faciamus
1535 2260 1808 2316 hominem
1847 2258 1915 2316 ad
1946 2259 2136 2332 imagi-

590 2365 599 2373 ‘
866 2370 990 2412 nem
1020 2363 1074 2411 et
1106 2353 1514 2410 similitudinem
1537 2362 1799 2410 nostram.

607 2449 751 2507 Nihil
780 2460 863 2506 est
885 2491 902 2514 ,
928 2448 1129 2506 fratres
1157 2448 1534 2517 dilectissimi,
1562 2457 1693 2504 ante
1715 2447 1896 2506 omnia
1926 2447 2130 2504 homini

535 2546 747 2603 timenti
779 2545 947 2603 Deum
992 2555 1099 2600 tam
1143 2545 1515 2601 necessarium
1559 2553 1722 2615 atque
1762 2546 2129 2610 conveniens,

531 2656 694 2714 quam
731 2651 787 2697 ut
835 2655 895 2698 se
932 2640 1106 2712 ipsum
1155 2638 1370 2695 noverit
1397 2657 1412 2694 :
1439 2639 1641 2695 etenim
1688 2653 1859 2711 genus
1904 2639 2133 2695 insanire

532 2735 736 2808 cst,(2)
765 2751 889 2793 eum
918 2735 1187 2792 rationem
1209 2732 1409 2790 secreti
1439 2742 1647 2789 natura:
1677 2732 2006 2805 disquirere,
2036 2736 2132 2806 qui

532 2827 656 2882 vita:
681 2843 796 2883 sua:
826 2841 932 2883 non
962 2827 1134 2897 possit
1172 2825 1403 2882 reddere
1431 2843 1444 2890 ;
1479 2840 1586 2880 non
1619 2825 1764 2880 enim
1815 2825 1929 2881 ullo
1972 2836 2131 2895 pacto

531 2932 713 2990 potest
734 2919 985 2976 humanis
1007 2918 1406 2991 opinationibus
1427 2917 1730 2974 subStatttia
1756 2928 1962 2976 natura:
1977 2935 2130 2976 com-

2243 1895 2344 1952 bus
2375 1906 2522 1953 nota.
2548 1897 3119 1969 lncomprebensibilis
3160 1902 3306 1958 enim
3333 1903 3427 1961 Dei
3459 1906 3620 1978 imago
3637 1906 3782 1963 inrisi-

2242 1987 2370 2045 bilis
2411 1990 2480 2046 sit
2507 2005 2733 2047 necesse
2754 2001 2857 2048 est.
2896 1994 3133 2065 Denique
3157 1997 3335 2053 oculis
3361 2014 3465 2054 non
3492 2010 3565 2055 est
3589 2001 3779 2070 subjecta

2244 2081 2577 2139 carnalibus.
2627 2083 2761 2140 Nam
2807 2101 2982 2158 neque
3009 2104 3130 2143 cum
3168 2088 3464 2159 ingreditur
3481 2106 3657 2163 corpus
3682 2109 3778 2149 nos-

2241 2181 2385 2230 trum
2411 2217 2427 2243 ,
2452 2191 2628 2248 neque
2656 2192 2779 2233 eum
2809 2179 2876 2235 de
2902 2195 3133 2250 corpore
3159 2181 3436 2253 egreditur
3459 2226 3473 2251 ,
3511 2201 3538 2239 a
3560 2202 3777 2258 quoquam

2242 2266 2576 2339 deprehendi
2601 2279 2814 2341 potest;
2844 2282 3157 2346 tantumque
3185 2279 3465 2348 potestatis
3498 2279 3677 2347 habet,
3701 2290 3775 2345 ut,

2242 2376 2364 2416 cum
2402 2362 2487 2417 sui
2527 2361 2786 2419 domicilii
2835 2375 2991 2436 septo
3040 2377 3290 2425 teneatur
3314 2412 3329 2439 ,
3360 2381 3531 2426 tamen
3571 2371 3775 2442 quidquid

2238 2455 2510 2520 voluerit,
2544 2457 2798 2513 omnibus
2824 2462 3112 2517 momentis
3144 2461 3397 2520 illustret.
3428 2463 3538 2519 Non
3559 2479 3673 2535 ergo
3687 2478 3776 2519 car-

2241 2549 2363 2605 nale
2402 2550 2505 2606 hoc
2543 2550 2879 2607 domicilium
2928 2551 3219 2625 imaginem
3271 2555 3365 2611 Dei
3391 2556 3630 2612 debemus
3662 2555 3773 2610 acci-

2234 2657 2364 2714 pere
2391 2685 2405 2709 ,
2438 2644 2532 2700 sed
2564 2644 2805 2701 ctelestis
2837 2646 3072 2701 hominis
3100 2646 3180 2720 (5)
3225 2651 3516 2721 spiritalem
3537 2691 3551 2718 ,
3579 2665 3710 2722 quam
3734 2650 3773 2705 in

2235 2752 2294 2793 se
2318 2738 2672 2795 credentibus
2696 2739 2957 2796 Dominus
2982 2741 3063 2813 (6)
3091 2743 3334 2801 :etherea
3361 2744 3627 2800 nativitate
3647 2760 3771 2800 reno-

2233 2830 2374 2888 vatis
2402 2833 2752 2903 plenitudinis
2783 2849 2897 2889 sua:
2924 2836 3017 2907 pio
3042 2836 3109 2892 de
3152 2836 3303 2894 fonte
3342 2838 3555 2909 largitur
3582 2852 3662 2910 per
3692 2836 3771 2891 Do-

2235 2928 2439 2981 minum
2471 2936 2718 2983 nostrum
2749 2927 2934 2985 Jesum
2961 2927 3263 2986 Christum.

605 3039 723 3111 (55)
753 3037 1000 3097 Bollantl.
1023 3048 1071 3094 et
1098 3036 1342 3114 redeunte
1367 3036 1423 3090 in
1452 3051 1509 3114 se
1537 3050 1781 3114 uenarum
1826 3044 1963 3089 metu
1992 3053 2123 3114 puu-
2151 3043 2197 3107 C
2231 3044 2413 3099 nasius
2443 3054 2582 3101 orat.
2618 3056 2805 3100 contra
2833 3044 3035 3102 Gentes
3069 3063 3122 3101 ιι.
3153 3047 3223 3103 54
3252 3091 3267 3114 ,
3298 3057 3351 3104 et
3380 3047 3564 3103 Marius
3584 3047 3770 3104 Victori-

532 3108 713 3172 lulumj
758 3123 963 3184 stupore
1010 3111 1457 3185 fugitiuoﬂrutgns
1493 3108 1547 3161 in
1590 3124 1645 3162 se
1674 3109 1818 3185 riuos
1861 3110 2126 3185 sanguinis

528 3200 683 3240 ruens
708 3176 1295 3250 tmda'cruoris'elfudii.
1326 3177 1563 3245 Dehinc,
1593 3191 1702 3234 etc.
1735 3176 1986 3250 Barthius
2026 3196 2125 3235 att-

531 3265 637 3311 tem
663 3266 866 3312 textum
914 3256 994 3311 sic
1033 3248 1415 3325 corrigendum
1462 3253 1596 3307 satis
1653 3248 2007 3319 Probabiliter
2033 3252 2120 3320 ju-

528 3329 690 3383 dicat.
724 3326 774 3381 lt
803 3344 1049 3383 uenarum
1088 3328 1145 3382 in
1172 3343 1226 3380 se
1246 3325 1518 3393 paululum
1547 3333 1747 3392 stupor,
1776 3330 1823 3375 et
1845 3338 2024 3378 rursus
2069 3325 2124 3378 in

526 3416 583 3455 os
616 3399 719 3471 (vel
752 3400 867 3525 ora:
895 3400 1035 3453 riuus
1062 3397 1331 3469 sanguinis
1363 3411 1538 3451 ruens.

598 3474 642 3525 (Γ
659 3469 716 3525 6)
747 3471 845 3525 Adt
869 3472 909 3525 it
936 3470 1074 3525 Boil.
1110 3468 1418 3524 Remoratur
1454 3467 1510 3521 in

598 3463 642 3544 (ῗ
659 3469 716 3541 6)
747 3463 909 3526 Addit
936 3470 1074 3544 Boil.
1110 3463 1418 3544 REmoratur
1454 3465 1652 3544 in‘iuee
1677 3463 1931 3533 detentus,
1963 3466 2114 3537 cujus

525 3536 897 3629 join
925 3541 1108 3629 pleiius
1132 3552 1203 3596 est
1235 3536 1556 3629 titt'i‘tu'lus.n
1576 3536 1767 3629 (lignus
1786 3576 1807 3629 τ
1826 3545 1932 3629 etq.

599 3616 714 3685 (57)
755 3608 851 3685 Sui
871 3608 1173 3685 addidimus
1202 3626 1269 3668 ex
1295 3611 1436 3668 Boil.
1470 3608 1639 3685 Paulo
1690 3618 1837 3685 pust,
1879 3608 2127 3685 («Benest

526 3678 881 3755 comparanda
908 3684 1239 3739 restituimus
1283 3699 1361 3755 ex,
1381 3698 1513 3755 mss.
1548 3678 1842 3755 Bernensi,
1876 3678 2121 3755 Basilica:

525 3750 822 3822 Vaticanis,
849 3755 1198 3827 Pompeiano,
1220 3766 1275 3811 et
1300 3754 1537 3811 editione
1562 3750 1758 3808 Veneta
1776 3792 1792 3818 ,
1816 3766 1940 3806 cum
1965 3751 2023 3807 τό
2047 3761 2123 3808 est

526 3829 579 3883 in
625 3828 847 3884 reliuttis
872 3826 1033 3882 absit.

598 3900 715 3973 (58)
745 3891 880 3954 Boll.
915 3898 1031 3973 haec
1052 3896 1104 3951 itt
1127 3898 1233 3973 line
1286 3895 1454 3973 addit.
1489 3892 1560 3950 Ut
1598 3894 1855 3973 si_nomen
1885 3891 2124 3973 _Domini

526 3966 861 4035 benedictum,
895 3971 979 4041 qui
1000 3980 1190 4041 regnat
1207 3968 1262 4022 in
1285 3968 1474 4023 uacula
1502 3966 1830 4041 scutatorum.
1863 3966 2046 4021 Amen.

596 3988 861 4035 meatorum,
963 3988 1179 4041 tregmu
1207 3988 1262 4022 tu
1285 3988 1474 4023 “Et:th
1502 3988 1830 4021 swcuwrum.
1863 3988 2046 4021 auten.

596 4044 802 4100 'l‘nitc'r.
819 3988 1123 4111 Χιῗ-(ι)
1149 4039 1435 4108 Hie,etqui
1449 4037 1691 4111 sequitur
1706 4045 2121 4111 tractatus,_pau-

523 4114 601 4170 eis
620 4117 839 4180 additis,
858 4107 1580 4184 quibusdammutatis,sunt
1601 4110 1764 4184 plane,
1775 4108 1963 4184 iidem.
1983 4107 2124 4184 Uirif

522 4203 627 4255 que
655 4188 707 4242 in
736 4179 951 4241 mss.'et
978 4184 1110 4255 edit.
1147 4182 1271 4240 Ver.
1302 4182 1364 4236 de
1399 4179 1581 4236 Genesi
1609 4179 2120 4255 ittscribunturirsed‘

521 4251 648 4314 eum
671 4265 937 4313 tractatus
956 4255 1024 4311 de
1051 4253 1248 4311 Genesi
1270 4264 1523 4325 quatuor,
1539 4254 1630 4325 qui
1650 4251 1932 4325 deteterua
1956 4252 2121 4307 divini

524 4327 687 4401 Verbi
718 4328 1069 4401 generatione
1093 4322 1393 4401 disserunt,
1426 4322 1578 4380 initio
1609 4324 1771 4393 hujus
1800 4322 1918 4401 libri
1961 4325 2122 4392 positi

522 4400 664 4455 inter
687 4395 783 4455 eos
811 4399 948 4462 sint,
980 4397 1069 4468 qui
1096 4398 1163 4454 de
1190 4398 1381 4453 eodem
1426 4404 1745 4468 argumento
1766 4395 2069 4468 disputant
2098 4413 2111 4461 ;

2229 3131 2333 3171 nus
2367 3117 2461 3171 lib.
2494 3132 2509 3171 ι
2550 3117 2809 3173 adversus
2840 3118 3071 3189 Λιίιιιιι,
3101 3120 3192 3188 qui
3246 3120 3386 3177 idem
3417 3120 3624 3176 Zenonis
3649 3135 3769 3189 argu-

2231 3196 2469 3262 mentum
2501 3188 3297 3262 eamdemqueioci_Getteseos
3337 3188 3768 3262 interpretationem

2229 3260 2463 3334 inculcat
2491 3274 2653 3331 atque
2686 3260 2948 3334 defendit.
2995 3260 3133 3316 Nutu
3183 3262 3237 3317 lti
3276 3278 3463 3319 omnes
3480 3260 3771 3334 'oppunantur

2230 3331 2513 3405 sententiae
2538 3333 2895 3405 quorumdam
2923 3334 3275 3405 antiquorum
3309 3331 3537 3391 Patrutu'
3558 3331 3643 3389 Dei
3670 3337 3768 3387 inia-

2228 3401 2405 3473 ginem
2438 3404 2491 3477 i_u
2516 3401 3158 3477 curporecollocanii’utu
3183 3447 3201 3470 ,
3246 3423 3385 3477 quos
3426 3406 3687 3461 luculenter
3704 3418 3766 3477 re-

2227 3484 2417 3547 censet
2444 3474 2825 3547 l’etaviusiib.
2858 3490 2896 3530 ιι
2926 3475 2993 3530 tle
3020 3475 3213 3540 Opilic.
3246 3474 3338 3535 sex
3368 3478 3561 3533 dierum
3588 3493 3685 3547 cap.
3710 3475 3764 3547 2,

2226 3547 2316 3620 alii
2347 3545 2662 3616 dijudicent.
2696 3545 2862 3620 Nobis
2893 3547 3025 3601 satis
3048 3558 3132 3602 est
3163 3549 3456 3620 plerosque
3485 3544 3671 3604 Patrum
3695 3544 3767 3600 Dei

2228 3616 2515 3689 imaginem
2559 3635 2624 3674 ex
2658 3617 2837 3672 attitua
2880 3616 3239 3689 repetentium
3281 3616 3400 3676 cunt
3451 3620 3642 3676 Zenone
3672 3634 3766 3672 sen-

2229 3692 2351 3756 tire,
2384 3704 2521 3761 quos
2546 3689 2743 3745 ibidem
2766 3689 2906 3761 apud
2933 3690 3212 3747 Petaviuut
3244 3691 3422 3764 legere
3450 3693 3645 3764 poteris.

2300 3782 2382 3853 (i)
2413 3781 2510 3836 Ms.
2550 3782 2734 3837 Urbin.
2771 3782 2939 3836 (aliter
2965 3782 3087 3838 sint.

2300 3871 2379 3945 (3)
2402 3872 2678 3946 Frequens
2706 3875 2845 3945 apud
2897 3874 3082 3930 Patres
3108 3886 3194 3932 est
3220 3919 3235 3945 ,
3280 3893 3385 3934 non
3430 3880 3573 3934 aliter
3591 3890 3672 3932 nos
3696 3872 3763 3928 [ιυί

2227 3945 2776 4016 ἰιιιιιειιιοιηςετριιρ,
2825 3962 2988 4018 quam
3049 3948 3191 4015 qttod
3244 3949 3300 4004 in
3350 3949 3762 4018 sacrstnentis,ac

2227 4021 2525 4091 praesertim
2570 4021 2620 4071 itt
2664 4016 2984 4091 baptismate
3014 4018 3254 4091 Spit-itus
3281 4025 3451 4077 sstitrti
3488 4022 3636 4091 gratia
3661 4016 3762 4071 obti-

2260 4090 2379 4163 nrtti
2397 4104 2607 4155 sumus,
2631 4104 2733 4163 qua
2767 4087 3208 4163 i_tttagiuent'lt‘ilit
3233 4134 3247 4157 ,
3270 4096 3361 4163 qui
3390 4087 3513 4147 veni
3539 4094 3685 4159 imago
3700 4097 3760 4142 est

2225 4106 2367 4214 ἵῖιαιι
2397 4106 2607 4155 sumus,
2631 4106 2733 4157 qua
2767 4106 3054 4160 tmagtuent
3080 4106 3208 4145 rint
3233 4134 3247 4157 ,
3270 4110 3361 4163 qut
3390 4110 3506 4147 vera
3539 4107 3685 4159 imago
3700 4106 3759 4142 est

2268 4162 2325 4233 ei
2347 4159 2543 4233 Patris,
2568 4159 2941 4233 exprimimus.
2991 4162 3122 4217 \‘ide
3145 4165 3307 4233 plura
3337 4165 3543 4220 Patrum
3568 4166 3759 4217 testiino—

2226 4232 2311 4285 nia
2334 4232 2475 4300 apud
2508 4232 2779 4286 laudatum
2808 4231 3083 4288 Petaviutu
3128 4231 3263 4289 tom.
3300 4250 3359 4302 ιι,
3383 4237 3472 4291 lib.
3500 4233 3756 4302 vacari-5.

2226 4318 2379 4358 num.
2414 4306 2481 4359 10
2508 4313 2562 4359 et
2591 4319 2708 4374 seq.

2302 4397 2385 4469 (6)
2407 4398 2693 4467 l’erspicue
2721 4398 2808 4453 hic
2838 4398 3135 4469 baptizatos
3160 4399 3369 4468 ittuuit,
3396 4415 3522 4471 quos
3543 4400 3757 4453 (eriterunt

522 4470 628 4525 huc
657 4483 836 4527 autem
865 4457 1211 4541 rejec'erimtts
1238 4470 1379 4537 illos,
1407 4457 1635 4542 qui'nnu
1674 4466 1779 4542 nisi
1808 4457 1982 4521 locum
2008 4457 2113 4521 ali;
2140 4457 2195 4518 D
2218 4457 2419 4540 geu‘te'm
2438 4511 2452 4534 ,
2485 4457 2703 4542 (cinereo
2732 4480 2865 4524 veste
2905 4457 3124 4526 indutos
3160 4472 3292 4526 alibi
3320 4457 3573 4542 appellat;
3600 4479 3643 4542 et
3662 4482 3756 4542 ειη·

520 4557 678 4613 quem
701 4540 993 4607 Scriptura:
1037 4546 1493 4613 interpretantur;
1525 4540 1931 4609 inscriptionem
1977 4552 2114 4593 tton-

521 4614 747 4669 nihilum
779 4614 1167 4669 itnmutandatn
1193 4613 1541 4668 credidimus.

595 4685 673 4757 (2)
699 4684 759 4739 In
784 4684 919 4757 edit.
950 4683 1086 4739 Ven.
1132 4702 1251 4757 eum
1276 4700 1378 4739 vos
1408 4682 1766 4757 desideratur.
1804 4680 1893 4757 5th
1919 4679 2111 4757 eadem

519 4752 684 4828 porro
710 4756 839 4812 edit.
872 4766 1008 4828 eta
1027 4770 1155 4810 mss.
1186 4756 1406 4821 'l‘oleut,
1437 4753 1580 4820 Vat.,
1614 4752 1774 4828 Zeu.,
1801 4752 1989 4821 Potnp.
2016 4755 2113 4807 ab-

516 4826 643 4883 sunt
672 4832 789 4883 haec
814 4844 826 4879 :
854 4827 942 4897 qui
962 4826 1078 4880 uitae
1101 4842 1211 4899 sua:
1243 4843 1344 4899 non
1374 4829 1534 4899 possit
1556 4826 1753 4890 rodere,
1784 4838 1906 4899 quae
1933 4831 2112 4880 tamen

515 4901 682 4957 verba
710 4900 966 4970 leguntur
989 4899 1040 4951 itt
1066 4898 1188 4952 aliis
1213 4897 1508 4970 codicibus.
1539 4911 1637 4951 nec
1663 4912 1769 4970 non
1804 4897 1856 4970 in
1884 4904 2115 4970 tractatu

516 4966 791 5041 Sequenti:
818 4971 1141 5038 Punguntur
1166 4981 1345 5041 autem
1372 4967 1474 5023 hoc
1504 4970 1625 5023 loco
1649 4968 1872 5035 curiosi,
1901 4966 1953 5020 in
1985 4981 2122 5037 quos

519 5039 642 5097 vide
674 5050 830 5097 tract.
867 5042 934 5097 to
957 5082 974 5108 ,
1016 5055 1167 5095 nutu.
1198 5039 1256 5095 2.

593 5113 674 5185 (5)
709 5115 833 5170 llaec
852 5153 869 5180 ,
892 5126 949 5168 et
977 5126 1098 5182 qua:
1128 5111 1507 5182 subjiciuntur,
1531 5121 1721 5165 contra
1750 5109 2007 5185 All_(llilm,
2033 5113 2118 5167 vel

512 5182 774 5240 Audaeuut
822 5186 963 5240 dicta
987 5184 1158 5237 Videri
1190 5192 1435 5254 possunt,
1458 5184 1572 5254 qui,
1603 5191 1660 5254 ιιι
1703 5198 1769 5237 ex
1813 5182 2119 5253 Epiphanio

513 5255 886 5327 intelligimus,
916 5259 1091 5327 Ita-res
1121 5251 1229 5317 70';
1264 5251 1576 5327 testittionio
1622 5251 2120 5327 Getteseosabute-

509 5324 777 5397 batur,'ttt
808 5328 903 5383 Dei
931 5325 1215 5397 imaginem
1243 5342 1350 5380 non
1372 5325 1426 5379 in
1460 5325 1657 5388 anima,
1682 5324 1778 5379 sed
1805 5326 1858 5379 in
1882 5341 2112 5394 corpore

511 5396 685 5454 sitam
706 5396 1057 5457 ostendereti
1087 5414 1246 5468 quam
1276 5397 1526 5468 lta'resim
1554 5396 1872 5468 l’ltilastrius
1898 5413 2111 5468 quoque

510 5483 872 5529 commerorat
903 5470 1037 5525 liter.
1066 5467 1156 5524 97.
1201 5467 1544 5524 Probabilius
1576 5480 1752 5522 tamen
1792 5467 1918 5523 illos
1957 5467 2105 5523 Zeno

506 5543 674 5600 ferire
705 5544 941 5599 voluisse
983 5540 1289 5597 credendus
1318 5549 1400 5594 est
1425 5579 1439 5604 ,
1471 5554 1608 5610 quos
1642 5554 1855 5595 coaevus
1898 5538 2103 5595 Zeuotti

505 5628 696 5671 auctor
724 5615 783 5672 S.
818 5614 1049 5671 Hilarius
1088 5611 1288 5669 refellit
1317 5612 1369 5665 itt
1414 5625 1496 5678 ps.
1539 5625 1702 5666 cm:
1723 5651 1739 5677 ,
1766 5611 1923 5681 cujus
1950 5626 2101 5666 eom-

508 5690 830 5743 tuentarium
854 5685 1071 5756 quidem
1086 5695 1328 5739 nostrum
1344 5686 1382 5756 Λ
1394 5688 1634 5737 actorem
1655 5683 1878 5756 yidisse,
1892 5692 1948 5738 et
1969 5699 2106 5756 tton-

509 5759 646 5811 nulla
695 5753 888 5813 exinde
943 5758 1068 5812 altbi
1113 5755 1446 5825 tleccrpsissc
1488 5753 1824 5825 ostendimus
1851 5755 2101 5825 tract.”

506 5828 599 5888 lib.
630 5843 686 5885 ιι.
711 5828 820 5885 llos
844 5829 1304 5901 CUbdelll‘\ldCiUf
1326 5828 1643 5899 impugnare
1664 5824 1825 5883 etiam
1851 5828 1908 5883 ὃ.
1934 5824 2102 5883 Atha-

2220 4537 2374 4616 iiam,
2407 4556 2527 4616 qua:
2557 4543 2609 4616 in
2653 4541 2921 4616 baptismo
2954 4558 3051 4612 per
3077 4537 3602 4616 ὃρὶτιιιιηιέεδιιςιιιιιι
3624 4537 3757 4616 inlun-

2221 4614 2387 4677 ditur,
2410 4611 2700 4683 imaginem
2732 4614 2822 4686 Dei
2853 4611 3160 4686 exprimere
3185 4629 3292 4668 nOn
3317 4615 3533 4686 obscure
3555 4611 3751 4686 credidit.

2223 4678 2703 4755 Epiphanius-ham.
2739 4683 2807 4740 70
2827 4726 2840 4743 .
2882 4678 3032 4739 nutn.
3059 4685 3114 4748 5.
3137 4694 3193 4740 et
3229 4686 3282 4741 itt
3316 4684 3509 4740 Ancor.
3541 4698 3664 4736 nunt.
3686 4678 3752 4737 55.

2223 4755 2523 4829 imaginem
2558 4756 2649 4829 Dei
2681 4758 2733 4810 in
2776 4756 3046 4826 baptismo
3086 4756 3228 4829 haud
3279 4756 3566 4829 ponendam
3608 4756 3751 4829 (nihil,

2222 4820 2391 4882 immo
2440 4827 2581 4899 nulla
2615 4828 2666 4881 in
2719 4842 2799 4887 re,
2841 4820 2962 4897 qua:
3009 4828 3165 4882 nobis
3215 4820 3428 4899 cognita
3470 4820 3623 4891 siuet
3655 4820 3751 4899 illud

2226 4914 2388 4953 unum
2419 4897 2676 4953 Ecclesia:
2707 4892 2995 4953 traditione
3029 4899 3185 4953 nobis
3213 4892 3335 4954 esse
3374 4906 3672 4967 compertum
3692 4892 3752 4943 al-

2227 4972 2433 5036 lirmat,
2469 4968 2739 5042 hominem
2781 4970 2848 5024 ad
2894 4972 3179 5042 imaginem
3224 4970 3319 5026 Dei
3349 4986 3465 5026 esse
3488 4968 3753 5042 laetaniam

2227 5058 2295 5096 tte
2321 5051 2498 5096 tamen
2529 5040 2690 5095 ullattt
2711 5043 2762 5095 in
2792 5036 3063 5097 hominem
3094 5044 3332 5108 rem,vel
3362 5050 3551 5111 partem
3574 5036 3750 5111 delinire

2224 5114 2403 5184 iiccat,
2441 5111 2495 5166 itt
2532 5126 2636 5182 qua
2663 5128 2724 5167 ea
2764 5113 2940 5184 imago
2976 5106 3291 5169 collocanda
3319 5106 3406 5167 sit.
3448 5116 3511 5167 At
3551 5123 3652 5164 cum
3683 5106 3747 5156 alii

2222 5183 2409 5238 Patres
2439 5184 2536 5256 Dei
2561 5185 2851 5256 imaginem
2882 5183 3157 5256 explicare
3192 5200 3300 5239 non
3324 5186 3639 5238 dubitarunt:
3667 5184 3746 5229 tum

2221 5270 2353 5311 vero
2377 5271 2443 5310 ex
2472 5255 2536 5310 iis
2565 5271 2670 5310 non
2705 5255 2858 5326 pauci
2886 5258 2937 5311 in
2958 5255 3134 5328 'gratta
3163 5256 3543 5328 sanctiﬁcante2
3562 5267 3662 5328 quer
3680 5260 3749 5314 βυτ

2218 5340 2576 5393 sacramenta,
2608 5321 3021 5399 acir'prtrsertit'tt
3055 5343 3151 5394 per
3192 5329 3449 5397 baptisma
3471 5321 3744 5399 infunditur.

2218 5399 2518 5463 collocant;
2551 5414 2581 5452 a
2609 5394 2803 5469 quibus
2827 5394 2931 5453 non
2964 5401 3189 5454 multum
3220 5394 3536 5469 discrepanti,
3557 5394 3632 5469 qui
3653 5399 3745 5465 cunt

2214 5469 2381 5543 Paulo
2404 5466 2649 5543 apostolo
2678 5470 2753 5543 ad
2784 5470 2996 5543 coless.
3028 5486 3104 5537 ιιι,
3135 5487 3184 5524 v.
3220 5468 3307 5535 lO,
3339 5466 3470 5523 hanc
3493 5466 3573 5520 Dei
3596 5466 3740 5543 imagi-

2212 5557 2334 5596 ttetn
2364 5542 2417 5596 itt
2446 5542 2690 5597 interiori
2719 5541 2939 5597 homine
2965 5552 3021 5597 et
3046 5556 3176 5596 novo
3216 5546 3533 5596 constituunt
3553 5579 3565 5601 ,
3592 5541 3661 5602 qut
3684 5542 3745 5581 re-

2211 5623 2451 5680 nouatur,
2484 5616 2669 5682 utique
2693 5615 2745 5668 in
2775 5616 3131 5669 sacramentis
3155 5623 3212 5668 et
3234 5628 3331 5683 per
3354 5611 3583 5683 gratiam,
3604 5615 3744 5683 sefmj'

2208 5685 2332 5737 dum
2358 5669 2766 5757 imbgineinDei’,
2789 5687 2876 5755 qui
2902 5686 3091 5740 creavit
3128 5669 3298 5739 illum.
3329 5669 3455 5738 Vide
3470 5669 3742 5757 quie‘sttliﬁ-

2209 5771 2330 5810 ttcut
2352 5744 2965 5826 traciatusscqu'urtor
2993 5758 3046 5810 itt
3077 5757 3320 5811 eamdem
3343 5744 3630 5826 sententiam
3645 5744 3739 5826 dig-

2209 5828 2360 5883 serit.
2392 5827 2672 5898 Legendus
2694 5812 2853 5885 etiam
2878 5828 3196 5886 l’lttlastrius
3233 5828 3449 5883 lta'rese.
3469 5821 3555 5879 154
3569 5828 3616 5875 et
3641 5812 3735 5871 H7.
