3926 6328
192 292 284 349 457

566 411 731 486 219
768 409 1184 470 rnscrarus
1223 413 1344 470 xx.

502 504 581 577 (Ι)
610 505 675 560 1η
697 509 931 563 eumdem
961 509 1129 565 locum
1155 509 1428 568 Geneseos.

187 604 237 661 lu
262 615 358 675 quo
379 602 561 672 paucis
589 601 807 671 additis,
837 606 1159 675 quibusdam
1194 612 1437 678 mutatis,
1469 613 1754 669 continen-

573 705 749 786 tur'ea
796 713 919 766 quae
951 698 1003 754 in
1036 702 1339 770 superiore.

244 784 372 842 Nihil
401 793 505 854 est,
536 784 730 844 fratres
776 788 1140 861 dilectissimi,
1167 804 1294 849 ante
1323 797 1502 851 omnia
1550 798 1752 853 homini

187 889 296 934 nato
348 888 448 933 tam
502 880 871 936 necessarium
915 889 1078 953 atque
1120 886 1469 954 conveniens,
1506 903 1666 958 quam
1699 899 1758 945 ut

186 987 236 1028 se
277 970 437 1043 ipsum
470 973 725 1029 noverit:
758 976 959 1030 etenim
1003 991 1176 1048 genus
1218 978 1442 1034 insaniae
1489 988 1599 1045 est,
1630 995 1753 1037 eum

185 1066 420 1122 rationem
466 1067 665 1124 secreti
713 1079 920 1125 natura:
969 1069 1294 1142 disquirere,
1328 1073 1423 1144 qui
1472 1074 1596 1128 vita:
1642 1089 1755 1129 sme

184 1178 274 1218 non
300 1162 460 1233 possit
505 1162 783 1219 reddere:
831 1179 938 1220 non
984 1166 1126 1221 enim
1176 1166 1444 1223 elementa
1477 1167 1756 1239 pulchrius

184 1261 262 1309 aut
291 1257 462 1310 verius
510 1255 692 1310 verbis
733 1256 981 1312 humanis
1026 1258 1203 1314 adseri
1250 1270 1498 1329 posunt,
1529 1276 1689 1331 quam
1724 1278 1753 1317 a

182 1346 280 1401 Deo
306 1343 437 1400 facta
489 1355 640 1409 sunt,
675 1348 757 1403 vel
804 1348 1076 1405 videntur.
1125 1349 1310 1420 Itaque
1350 1353 1492 1423 qu'od
1539 1353 1606 1408 ad
1657 1369 1757 1429 nos

183 1440 409 1511 pertinet,
438 1439 741 1509 videamus,
775 1440 903 1512 quid
932 1443 1034 1509 sit,
1064 1442 1208 1513 quod
1241 1443 1383 1501 Deus
1414 1446 1489 1500 ait
1514 1462 1527 1498 :
1558 1443 1755 1500 Faciu-

184 1549 279 1587 stus
303 1532 559 1587 hominem
582 1534 649 1586 ad
681 1534 956 1603 imaginem
997 1544 1046 1588 et
1082 1536 1473 1593 similitudinem
1503 1550 1751 1593 nostram.

183 1623 238 1679 Et
255 1624 383 1697 fecit,
417 1623 615 1693 inquit,
651 1623 790 1680 Deus
811 1626 1071 1681 hominem
1105 1628 1174 1681 ad
1202 1628 1477 1701 imaginem
1497 1640 1544 1685 et
1572 1632 1759 1686 simili-

179 1716 378 1772 tudinem
422 1714 531 1772 Dei
590 1715 743 1788 (Gen.
770 1733 807 1785 t,
854 1717 988 1787 26);
1030 1718 1218 1774 etalio
1262 1720 1384 1776 loco
1420 1722 1564 1777 dicat
1598 1741 1610 1778 :
1644 1721 1758 1795 Ego

178 1824 293 1874 sttui,
319 1808 401 1875 qui
428 1825 587 1872 sum;
621 1818 665 1863 et
698 1825 799 1863 non
822 1808 1053 1864 demutar
1082 1808 1301 1882 (Malae.
1331 1826 1409 1879 nt,
1442 1830 1490 1867 υ.
1512 1815 1588 1887 6).
1615 1816 1747 1870 Cum
1785 1810 1830 1872 Β

180 1899 263 1957 hoc
287 1901 356 1956 ita
383 1902 478 1967 sit,
513 1900 676 1956 homo
701 1903 1158 1973 quemadmodum
1184 1905 1279 1961 Dei
1305 1908 1593 1978 imaginem
1631 1926 1727 1979 por
1744 1940 1756 1948 -

179 1994 274 2049 tat?
290 1994 439 2065 cujus
468 1995 656 2051 vultus
676 1996 823 2050 omni
843 1998 1183 2053 conversioni
1208 1999 1486 2070 subjectus
1508 2016 1754 2060 momen-

180 2089 237 2144 tis
282 2088 532 2145 omnibus
591 2090 906 2146 immutatur
962 2091 1170 2158 labore,
1227 2101 1406 2155 aet-ite,
1469 2094 1754 2167 languore,

176 2181 367 2252 gaudio,
420 2182 757 2238 tristitudine
789 2201 803 2238 :
837 2198 981 2238 utine
1041 2185 1521 2253 maciedefortnis
1547 2228 1563 2254 ,
1614 2203 1759 2245 nunc

177 2277 358 2331 enormi
401 2275 737 2347 pinguedine
767 2294 781 2330 :
811 2291 982 2348 usque
1025 2277 1163 2333 adeo
1217 2277 1496 2347 incertus,
1528 2290 1585 2336 ut
1614 2281 1757 2343 idem

178 2374 220 2428 in
246 2373 446 2431 duobus
498 2388 597 2444 per
624 2373 815 2430 orbem
845 2381 1018 2430 totum
1049 2390 1161 2430 non
1195 2376 1363 2445 possit
1391 2376 1620 2432 inveniri
1652 2386 1760 2434 ter-

176 2482 353 2523 rarum.
383 2467 557 2540 Igitur
599 2467 654 2523 in
677 2467 848 2524 Deum
895 2483 1020 2524 cum
1056 2468 1170 2524 haec
1217 2485 1325 2525 non
1373 2469 1634 2538 incidant,
1665 2471 1759 2527 Dei

176 2558 243 2630 (Ξ)
263 2561 548 2631 imaginem
602 2575 708 2616 non
735 2560 1037 2617 habemus?
1059 2562 1213 2617 Absit
1244 2562 1460 2619 fratres.
1489 2564 1761 2621 Habemus

177 2652 332 2721 plane,
365 2663 421 2708 et.
445 2652 670 2722 quidem
702 2651 1047 2709 manifestam
1095 2669 1162 2709 ex
1191 2669 1259 2711 eo
1299 2656 1437 2725 ipso,
1470 2656 1614 2727 quod
1650 2674 1755 2712 non

177 2756 244 2800 est
270 2745 614 2817 portantibus
643 2744 727 2818 (3)
778 2754 951 2801 nota:
996 2746 1561 2817 incomprehensibilis
1612 2750 1756 2805 enim

178 2835 256 2892 Dei
301 2838 476 2908 imago
528 2837 818 2893 invisibilis
847 2837 919 2892 sit
958 2852 1185 2894 necesse
1210 2850 1312 2893 est.
1352 2839 1594 2911 Denique
1621 2857 1756 2895 ocu-

177 2929 233 2984 lis
259 2945 357 2985 non
388 2942 473 2987 est
506 2930 751 3001 subjecta
782 2930 1140 2997 mortalibus;
1168 2948 1288 2987 nam
1318 2949 1494 3005 neque
1524 2949 1646 2990 cum
1679 2935 1758 2989 in-

175 3023 391 3093 greditur
419 3039 648 3094 corpus,
681 3039 859 3095 neque
883 3040 1009 3080 cum
1040 3024 1109 3080 de
1138 3039 1373 3096 corpore
1400 3027 1694 3097 egreditur,
1728 3042 1759 3083 a

1327 298 1531 358 LIBER
1573 300 1639 360 ll.
1684 304 2101 369 'l'llAC'l'ATUS
2143 310 2281 369 XXI.

3347 334 3457 395 458

1782 428 1827 482 Λ
1858 439 2127 496 quoquam
2173 432 2473 502 conspicari
2520 445 2696 504 potest
2733 456 2745 491 :
2798 447 3115 513 tantumque
3172 451 3455 515 potestatis

1859 515 2041 584 habet,
2093 530 2148 574 ut
2191 536 2312 577 cum
2364 526 2445 580 sui
2493 527 2749 585 domicilii
2786 542 2943 601 septo
2975 544 3239 605 teneatur,
3276 550 3452 597 tamen

1856 608 2113 680 quidquid
2144 614 2395 682 voluerit,
2438 620 2689 675 omnibus
2718 625 3005 681 u:omen:is
3033 627 3288 688 illuSIret.
3334 632 3452 689 Non

1856 716 1987 774 ergo
2018 706 2235 762 carnale
2246 710 2409 782 220
2422 710 2912 771 hocindumentum
2935 717 3224 790 imaginem
3246 724 3339 780 Dei
3354 725 3453 782 de-

1855 795 2047 851 bemus
2057 798 2327 871 accipere,
2340 802 2438 858 sed
2452 804 2692 861 caelestis
2706 806 2938 865 hominis
2951 812 3268 881 spiritalem,
3291 832 3451 888 quam

1859 885 2013 943 nobis
2044 889 2394 960 plenitudinis
2421 907 2537 949 sua:
2569 895 2657 965 pio
2705 897 2773 953 de
2817 899 2964 956 fonte
3005 903 3248 974 largitur.
3280 885 3453 975 Quam

1857 978 2124 1035 rationem
2147 981 2347 1038 Paulus
2371 985 2650 1042 evidenter
2678 989 2913 1057 prodidit
2932 992 3122 1050 dicens
3148 1014 3161 1050 :
3192 998 3455 1066 Quemad-

1857 1070 2068 1125 modum
2116 1076 2430 1143 portavimus
2474 1079 2747 1151 imaginem
2792 1084 2901 1153 ejus
2929 1126 2942 1148 ,
2980 1088 3069 1157 qui
3096 1089 3160 1143 de
3187 1090 3310 1145 limo
3340 1104 3415 1148 est
3438 1136 3452 1157 ,

1857 1176 2114 1233 portemus
2162 1177 2209 1221 et
2259 1172 2371 1242 ejus
2413 1171 2710 1244 imaginem,
2741 1178 2827 1247 qui
2876 1178 2940 1232 de
2984 1181 3109 1235 caelo
3147 1193 3220 1237 est
3247 1201 3264 1239 :
3294 1202 3454 1256 quam

1856 1258 1948 1326 qui
2002 1266 2189 1314 sancte
2247 1263 2617 1339 portaverint,
2664 1266 2803 1321 sicut
2860 1270 3108 1339 Apostoli
3160 1289 3457 1348 omnesque

1851 1346 2013 1417 justi,
2048 1365 2154 1404 non
2186 1359 2394 1409 tantum
2428 1354 2748 1427 imaginem,
2778 1361 2873 1417 sed
2920 1363 3096 1432 ipsum
3126 1368 3295 1423 Deum
3325 1346 3459 1440 quo-

1857 1455 1962 1509 que
1995 1443 2303 1510 portabunt,
2336 1445 2479 1501 sicut
2505 1457 2561 1503 et
2587 1451 2849 1522 scriptum
2895 1465 2978 1511 est
3009 1475 3021 1509 :
3063 1457 3162 1513 Vos
3187 1461 3305 1516 estis
3335 1473 3460 1517 tem—

1859 1534 2002 1601 plum
2033 1533 2150 1603 Dei,
2163 1548 2209 1592 et
2226 1539 2440 1608 spiritus
2460 1539 2555 1595 Dei
2582 1542 2780 1599 habitat
2804 1547 2854 1600 in
2885 1549 3024 1604 vobis
3052 1550 3097 1623 (Ι
3109 1550 3230 1610 Cor.
3250 1554 3459 1627 xv,l9).

2359 1629 2776 1693 TRACTATUS
2813 1636 2958 1695 XXI.

2280 1722 2359 1780 De
2396 1724 2473 1798 (ί)
2505 1725 2718 1783 Psalmo
2743 1733 3036 1789 centesimo.

1932 1813 1972 1869 Ι.
2002 1814 2348 1887 Negligcntes
2378 1816 2456 1890 (2)
2486 1819 2618 1891 legis
2644 1837 2812 1879 sacra:
2833 1827 3074 1885 cultores
3094 1845 3240 1902 saepe
3267 1849 3464 1907 magno

1863 1906 2211 1976 implicantur
2237 1924 2445 1976 errore,
2477 1927 2599 1994 cum
2629 1924 2723 1968 aut
2764 1915 2903 1972 dicta
2937 1935 3043 1975 non
3077 1938 3174 1992 pro
3220 1906 3464 1983 locisin-

1864 1999 2133 2070 telligunt,
2181 2013 2273 2056 aut
2304 2001 2571 2059 dictorum
2620 2006 2843 2065 minime
2884 2014 3122 2070 rationes
3157 2016 3462 2089 inquirunt.

1861 2091 2029 2163 Igitur
2080 2094 2133 2148 in
2192 2100 2441 2164 przrsenti
2500 2100 2705 2166 psalmo
2753 2100 3020 2173 Propheta
3074 2122 3197 2163 cum
3261 2110 3462 2167 dicat:

1862 2183 2277 2241 Misericordiam
2299 2199 2345 2243 et
2363 2189 2622 2261 judicium
2646 2194 2860 2249 cantabo
2883 2197 2990 2261 tibi,
3023 2197 3244 2257 Domine
3267 2203 3379 2275 (Ps.
3409 2222 3464 2267 c.

1861 2295 1909 2333 υ.
1950 2278 2023 2345 l),
2058 2279 2333 2350 quomodo
2378 2281 2639 2338 Dominus
2679 2286 2731 2341 in
2778 2288 3068 2359 Evangelia
3115 2294 3245 2350 dicit
3294 2313 3307 2350 :
3367 2300 3471 2366 Qui

1861 2373 2020 2427 credit
2043 2372 2211 2439 inme,
2255 2389 2359 2427 non
2384 2373 2746 2447 judicabitur;
2790 2381 2879 2451 qui
2905 2392 3078 2438 autent
3120 2403 3223 2441 non
3271 2392 3465 2457 credit,

1852 2466 1968 2535 jam
1978 2465 2251 2539 judicatus
2282 2475 2354 2521 est
2394 2466 2576 2537 (Joan.
2613 2486 2777 2538 χχιι,
2806 2471 2862 2544 8)
2890 2474 2913 2527 ?
2953 2476 3066 2532 lloc
3091 2478 3322 2535 dicendo
3350 2485 3467 2539 exi-

1864 2556 2181 2626 mitjudicio
2207 2556 2414 2621 fideles,
2441 2573 2547 2614 non
2569 2559 2790 2617 admisit
2810 2564 2875 2618 ad
2899 2566 3166 2633 judicium
3200 2571 3468 2629 inﬁdeles.

1863 2649 1933 2705 At
1965 2649 2009 2704 si
2037 2659 2275 2721 utraeque
2313 2662 2493 2720 partes
2522 2651 2730 2721 judicio
2760 2668 2973 2722 vacant,
3006 2663 3167 2733 221
3200 2666 3473 2734 quomodo

1864 2741 2153 2813 unicuique
2184 2758 2391 2798 merces
2442 2759 2542 2815 pro
2586 2759 2685 2799 suo
2731 2758 2853 2801 actu
2893 2749 2973 2820 (ὅ)
3021 2753 3322 2810 reddetur?
3354 2759 3473 2814 sine

1860 2850 2019 2893 causa
2066 2835 2266 2890 etenim
2320 2834 2568 2890 laborare
2615 2837 2886 2894 videbitur
2921 2840 3135 2911 justus,
3191 2847 3291 2901 nisi
3325 2849 3469 2903 reci-

1862 2929 1973 2999 piat
2040 2928 2338 2983 secundum
2413 2927 2553 2983 facta
2600 2944 2730 2997 sua,
2794 2948 2915 3002 quae
2968 2935 3160 3005 gessit.
3217 2938 3472 3007 injustus.

1864 3023 1943 3099 (4)
1975 3023 2088 3078 Non
2118 3037 2249 3095 ergo
2269 3022 2346 3077 sic
2373 3022 2748 3094 accipiendum
2777 3035 2890 3094 est,
2916 3028 3374 3099 quemadmodum
3405 3033 3474 3089 ab

235 3182 432 3261 Tutor.
475 3182 700 3261 XX._—
724 3180 803 3253 (Ι)
833 3182 929 3237 llic
958 3191 1118 3240 tract.
1151 3183 1202 3238 in
1235 3183 1656 3261 ontnibits_mss.
1683 3193 1765 3240 est
1791 3183 1836 3246 C
1874 3182 2079 3261 Hilario
2102 3182 2317 3261 auctori
2348 3184 2710 3261 restit_uimus,
2757 3193 2812 3240 et
2841 3186 2905 3261 in
2926 3187 3296 3261 Appendicem
3327 3194 3475 3261 reje-

178 3256 461 3326 trigesimus
489 3254 616 3310 libri
638 3270 676 3309 ιι
702 3263 759 3310 et
783 3263 1088 3325 postremus
1111 3253 1472 3326 omnium,qui
1490 3254 1763 3311 Zenonem

175 3338 426 3391 auctorem
460 3326 687 3381 habent:
718 3327 900 3380 atatim
933 3328 1076 3382 enim
1109 3326 1380 3397 adduntur
1410 3327 1596 3393 alieni,
1626 3339 1679 3382 et
1710 3329 1763 3383 in

179 3414 265 3454 ins.
314 3398 541 3468 quidem
589 3397 971 3466 antiquissimo
1005 3398 1259 3454 “emensi
1289 3399 1607 3453 charactere
1655 3399 1763 3455 alio

176 3469 365 3539 aliaque
387 3486 560 3524 manu
595 3469 876 3534 descripti,
911 3485 1046 3537 quos
1088 3469 1138 3523 in
1172 3469 1538 3537 Appendicem
1573 3470 1767 3537 reieci-

179 3556 299 3596 ious.
332 3541 387 3596 In
414 3540 618 3599 eodem
652 3556 752 3596 ms.
799 3540 953 3595 Rem.
990 3557 1091 3595 nec
1115 3557 1222 3594 non
1263 3543 1314 3594 in
1343 3539 1585 3603 Tolcnt.,
1620 3542 1765 3607 νειμ,

179 3611 344 3670 Urbin.
379 3612 469 3668 hic
504 3610 696 3666 titulus
718 3610 1063 3683 AlegiturgDe
1092 3610 1283 3683 Genesi
1308 3614 1459 3683 cujus
1488 3627 1683 3682 supra;
1712 3624 1769 3669 et

179 3684 220 3737 iu
266 3683 365 3739 line
407 3694 679 3739 tractatus
718 3681 831 3737 huic
858 3681 1207 3737 Scribuntur:
1239 3681 1470 3745 Explica
1497 3681 1561 3735 de
1582 3683 1768 3752 Genesi

179 3757 305 3827 cujus
331 3773 532 3825 supra,
564 3754 655 3810 ubi
695 3769 854 3827 voces
892 3757 1044 3827 cujus
1082 3771 1241 3824 supra
1282 3756 1347 3807 ad
1381 3754 1437 3810 S.
1489 3753 1765 3811 Zenonem

179 3825 416 3885 tractatus
448 3836 730 3882 auctorem
754 3825 1115 3897 adserendum
1141 3827 1434 3895 pertinent,
1467 3831 1622 3891 cuius
1649 3828 1768 3897 qui-

178 3898 282 3953 dem
312 3914 515 3954 nomen
563 3897 685 3953 aliis
714 3895 1076 3953 anterioribus
1108 3897 1428 3952 tractatibus
1472 3897 1524 3952 in
1568 3895 1760 3965 titulo,

178 3971 249 4024 rel
287 3972 335 4026 in
371 3971 481 4026 line
514 3981 778 4038 expresse
814 3978 1053 4023 notatur.
1102 3966 1158 4023 lu
1204 3986 1306 4023 nis.
1346 3977 1524 4023 autem
1572 3969 1764 4038 Pomp.

179 4041 250 4096 hic
276 4051 542 4099 tractatus
561 4039 795 4095 Zenonis
822 4055 1018 4094 nomen
1048 4040 1317 4110 praecipue
1343 4040 1576 4109 appellat
1595 4082 1610 4105 ,
1640 4057 1761 4096 cum

178 4113 285 4171 alibi
303 4115 463 4169 sileat
490 4130 505 4166 :
547 4112 609 4166 S.
641 4110 785 4167 Zeno
816 4110 1121 4166 Veronensis
1146 4111 1212 4165 de
1240 4110 1426 4167 Genesi
1451 4153 1467 4177 ,
1501 4120 1559 4167 nt
1598 4129 1665 4168 ne
1696 4112 1766 4168 de

178 4183 277 4253 ejus
306 4186 551 4240 Auctore
576 4183 826 4239 dubitare
852 4184 1137 4253 quispiam
1148 4183 1340 4253 possit.

237 4254 457 4324 (3)8155.
489 4256 679 4320 liem.,
704 4254 848 4317 Tol.,
885 4251 1001 4308 Vat.
1033 4265 1089 4309 et
1118 4252 1251 4311 Urb.
1281 4270 1402 4324 ergo
1432 4252 1551 4310 Dei.

240 4325 313 4397 (5)
341 4327 458 4383 Duo
483 4326 706 4381 codices
732 4326 879 4391 Tol.,
908 4325 1028 4382 Vat.
1054 4335 1177 4380 nota
1196 4326 1249 4380 in
1281 4341 1497 4397 corpore
1526 4343 1544 4380 :
1570 4327 1769 4381 incom-

179 4398 552 4467 prehensibilis.
576 4408 681 4452 etc.

239 4470 435 4542 Inscr.
458 4467 613 4542 XXI.
628 4466 787 4542 -έ-(ί)
803 4467 918 4524 lloc
941 4469 992 4542 in
1018 4478 1172 4523 traei.
1188 4467 1243 4523 S.
1275 4468 1421 4524 Zeno
1442 4475 1568 4524 ante
1583 4469 1772 4542 oculos

1873 3254 2049 3330 cimus
2102 3254 2165 3330 iis
2211 3257 2547 3330 argumentis
2572 3297 2585 3314 .
2620 3258 2966 3330 quaepartim
3011 3259 3142 3330 diss.
3177 3276 3228 3326 t,
3264 3254 3402 3330 Cap:
3427 3268 3475 3329 t,

1874 3324 1984 3398 §2.
2015 3325 2292 3398 partimin
2339 3324 2655 3394 prmfatione
2705 3328 2770 3382 ad
2814 3328 3059 3384 eamdem
3107 3324 3475 3398 Appendiceui

1875 3396 2266 3470 consideranda
2309 3398 2689 3470 proposuimus
2744 3399 2958 3453 Interim
2991 3396 3273 3470 prtescniis
3302 3404 3478 3461 Zeno.

1873 3469 2022 3546 niani
2052 3477 2311 3546 tractatus
2337 3466 2790 3546 inscriptionem.
2820 3484 2942 3546 cum
2991 3466 3047 3523 in
3076 3488 3207 3546 nhs.
3260 3476 3474 3546 legitur.

1872 3539 2307 3615 animadvertere
2337 3539 2526 3615 liceat,
2578 3541 3048 3615 antesicelfertur
3079 3561 3092 3598 :
3124 3539 3476 3615 Iucipitvtraré

1874 3621 2008 3665 tatus
2045 3610 2234 3683 psalmi
2258 3612 2542 3683 centesjmi,
2572 3611 2731 3665 simili
2762 3613 2917 3680 plane
2963 3611 3193 3670 formula
3216 3610 3324 3681 {ac
3359 3623 3477 3676 aliis

1875 3680 2191 3760 tractatibus
2232 3698 2359 3760 vere
2385 3680 2740 3760 _Ze‘nonianis
2801 3683 3121 3760 pra-figitur,
3163 3690 3236 3741 uti
3284 3688 3476 3760 Incipit

1870 3763 2115 3808 tractatus
2149 3750 2341 3808 Isaiae:
2377 3751 2570 3822 Incipit
2620 3763 2868 3808 tractatus
2916 3750 3173 3818 Drmielis.
3204 3768 3338 3821 etc.,
3385 3750 3476 3819 tibi

1873 3825 2129 3880 llilariaui
2168 3825 2405 3895 quinque
2437 3824 2536 3880 alia
2572 3824 2799 3880 formula
2832 3826 2912 3880 sic
2942 3844 3130 3882 omnes
3157 3829 3470 3888 inscribun-

1869 3907 1959 3952 tur
1989 3914 2002 3950 :
2035 3894 2402 3972 Interpretatio
2447 3897 2633 3972 psalmi
2661 3912 2856 3972 cxsvr,
2896 3896 3192 3968 de'psalmo
3241 3917 3431 3959 cxxvn
3455 3949 3471 3972 ,

1869 3979 1973 4024 etc.
2004 4009 2019 4034 ,
2069 3979 2130 4023 ut
2160 3967 2462 4045 conferenti
2495 3967 3277 4045 niauuscriptorumtabulam,
3302 3967 3473 4045 quam

1869 4047 2379 4111 postgtnonumi-nAta
2408 4037 2680 4103 dedimus,
2710 4040 2959 4111 patebit.
3016 4066 3019 4069 λ

1942 4109 2023 4193 (9)
2063 4110 2270 4164 Primus
2300 4108 2535 4193 Zenonis
2574 4108 2875 4193 sententias
2913 4109 2996 4193 bis
3019 4112 3208 4193 verbis
3242 4114 3476 4193 Ililarius

1870 4180 2089 4237 brevius
2122 4182 2371 4249 exposuit
2402 4197 2548 4236 num.
2567 4182 2632 4237 l6
2651 4200 2661 4234 :
2682 4180 3063 4253 Negligentiam
3079 4186 3397 4242 audientium
3426 4199 3474 4244 et

1869 4254 2180 4309 incuriosam
2198 4253 2481 4323 legentium
2518 4251 2817 4323 facilitatem
2844 4251 2975 4308 dicti
3006 4251 3269 4311 Dominici
3307 4277 3474 4313 sermo

1872 4325 2152 4399 perturbat.
2177 4322 2307 4399 Cum
2334 4324 2471 4399 enim
2494 4322 2775 4399 dicit_:_Qui
2800 4326 2980 4381 credit
3002 4326 3054 4380 in
3076 4343 3191 4399 me,
3208 4332 3476 4399 noiijudi-

1871 4395 2105 4461 cabitur,
2132 4396 2317 4478 excutit
2329 4395 2535 4478 judicio
2548 4395 2762 4478 ﬁdeles;
2796 4406 2842 4450 et
2860 4412 2978 4478 cum
3005 4395 3473 4478 subiecinuiau-j

1876 4480 1981 4523 tem
2016 4483 2121 4522 non
2173 4465 2367 4530 credit,
2404 4466 2513 4536 jam
2541 4465 2814 4536 judicatus
2855 4477 2967 4535 est,
3014 4478 3123 4524 nan
3149 4465 3358 4528 admisit
3404 4476 3474 4529 ad

181 4540 345 4614 habuit
381 4539 579 4614 llilarii
631 4537 938 4614 Comment.
972 4541 1023 4594 in
1079 4555 1157 4614 ps.
1188 4554 1242 4603 ι,
1272 4556 1337 4614 ac
1361 4556 1428 4594 ex
1451 4541 1763 4614 eognonnul
1796 4541 1852 4601 D
1866 4537 2409 4614 judiciitntin/ideles.

179 4610 219 4663 la
248 4611 504 4666 imitamla
540 4615 801 4681 sumpsit;
849 4612 922 4666 ita
969 4619 1028 4664 ut
1058 4610 1161 4665 alia
1210 4611 1427 4681 quidem
1472 4609 1631 4677 aliis,
1664 4611 1766 4666 alia

180 4697 295 4753 vero
317 4683 549 4743 totidem
591 4683 913 4752 quandoque
943 4682 1120 4736 verbis
1143 4681 1497 4753 expresserit,
1529 4681 1681 4752 quod
1702 4698 1767 4737 ex

179 4750 517 4824 subjiciendis
560 4750 1002 4809 adnotationibus
1051 4750 1341 4807 constabit.
1375 4750 1557 4823 Stylus
1590 4764 1768 4808 tamen

179 4831 444 4893 presentis
478 4834 741 4880 tractatus
774 4824 1048 4880 Zenonem
1083 4832 1269 4893 aperte
1309 4824 1516 4895 prodit;
1551 4833 1605 4879 et
1635 4839 1768 4893 pra:-

183 4906 309 4969 terea
356 4906 508 4969 recte
557 4898 617 4969 in
663 4898 918 4969 psalmum
965 4896 1296 4969 centesimum
1342 4896 1654 4969 inscribitur
1701 4912 1766 4951 ex

181 4966 340 5041 verbis
359 4986 373 5022 :
396 4968 425 5021 Ι
432 4969 577 5039 gitur
602 4965 920 5041 in'pra’seuti
938 4968 1133 5036 psalmo
1163 4965 1421 5039 Propheta
1448 4983 1563 5041 cum
1585 4966 1723 5021 dicat
1746 4983 1765 5021 :

182 5036 649 5094 Misericordiamrt
666 5036 949 5111 judicium,
980 5048 1111 5104 etc.,
1132 5036 1359 5111 Aquas-de
1403 5039 1611 5111 psalmo
1641 5053 1771 5111 cen-

184 5112 355 5163 tesimo
381 5121 602 5179 sumpta
650 5108 774 5165 sunt
798 5151 813 5175 ,
863 5125 925 5164 ac
956 5108 1182 5179 proinde
1209 5110 1454 5164 diversus
1478 5109 1565 5163 hic
1591 5118 1676 5163 est
1703 5110 1772 5164 ab

182 5178 440 5237 llilariano
463 5178 718 5248 tractatu,
749 5197 909 5248 quem
952 5178 1001 5235 in
1037 5183 1268 5247 primum
1308 5182 1579 5251 psalmum
1606 5179 1772 5237 fuisse

182 5253 409 5308 habitum
443 5255 643 5324 liquet.
671 5253 769 5324 Hic
795 5262 974 5307 autem
1006 5252 1197 5307 unicus
1226 5262 1309 5306 est
1338 5253 1586 5324 Auctoris
1627 5260 1769 5308 trac-

182 5332 305 5380 tatus
333 5323 387 5380 in
422 5322 667 5396 psalmos
723 5323 836 5396 (qui
874 5326 1018 5379 enim
1050 5324 1266 5396 duode
1292 5322 1493 5393 psalmo
1545 5338 1652 5396 xu_
1687 5324 1772 5378 in-

182 5340 305 5380 lllllS
333 5340 387 5380 in
422 5340 667 5396 psalmos
723 5340 739 5394 (
785 5340 836 5377 ιιι
874 5340 1018 5379 enim
1050 5340 1157 5377 uno
1203 5340 1493 5393 aepsamio
1545 5340 1635 5378 xu
1687 5340 1770 5378 in-

180 5399 477 5451 scribuntur
502 5395 559 5450 in
588 5410 717 5450 mss.
743 5340 1108 5459 Zenonianis,
1155 5394 1191 5449 ii
1215 5396 1573 5464 suutproprie
1623 5392 1770 5449 Invi-

180 5467 374 5522 tetiones
407 5467 482 5521 ad
539 5466 736 5537 fontes,
786 5482 893 5521 non
944 5467 1069 5537 ejus
1125 5466 1313 5536 psalmi
1375 5468 1778 5536 interpretatio-

182 5553 287 5601 nes,
311 5549 371 5594 ιιι
393 5538 786 5594 adntiltthimlls
813 5553 912 5593 suo
940 5536 1061 5594 loco
1092 5538 1143 5591 iu
1184 5547 1343 5593 tract.
1384 5536 1456 5593 55
1494 5548 1549 5592 et
1575 5537 1691 5606 56),
1724 5546 1779 5592 et

185 5611 381 5665 habitus
430 5618 667 5681 apparet
718 5610 1007 5681 occasione
1058 5609 1256 5681 psalmi
1307 5608 1591 5681 centesimi
1639 5611 1781 5664 inter

184 5693 322 5736 sacra
351 5678 536 5737 cilicia
568 5681 779 5736 recitati
808 5722 823 5747 ,
863 5680 916 5735 in
946 5678 1106 5751 quem
1155 5679 1394 5736 Hilarius
1435 5678 1782 5735 Commenta-

184 5752 308 5807 rium
334 5769 441 5808 non
484 5752 676 5808 edidit.
709 5752 902 5807 Caeteri
934 5762 1114 5808 autem
1148 5762 1407 5808 tractatus
1434 5753 1672 5822 quinque
1725 5752 1779 5806 in

187 5826 452 5901 psalmos,
513 5826 604 5896 qui
662 5822 901 5879 Zenonis
955 5824 1174 5880 nomine
1226 5822 1777 5895 circumferebantur,

707 5919 977 5983 Ps'raoL.
1016 5917 1129 5981 XI.

1974 4612 2029 4678 5)
2048 4609 2189 4664 Edit.
2214 4607 2359 4661 'Ven.
2386 4607 2655 4663 reddatur.

1973 4679 2030 4754 4)
2069 4680 2186 4754 Alia
2241 4679 2496 4754 Hilarius,
2528 4679 2846 4736 difﬁcultate
2899 4683 3177 4751 proposita
3238 4701 3304 4741 ex
3346 4689 3471 4744 .alio

1878 4751 2203 4828 Evangelico
2227 4751 2536 4828 testimonio
2555 4793 2578 4828 _,
2607 4754 2686 4807 sic
2717 4753 2837 4808 aliis
2865 4754 3416 4828 verbiswprosequitur
3448 4801 3465 4825 ,

1876 4841 1996 4895 quas
2024 4824 2294 4897 Zenonem
2319 4821 2440 4897 heic
2477 4823 2740 4897 imitatum
2756 4840 3005 4897 apparet.
3040 4821 3104 4880 Et
3133 4821 3467 4897 hwcguidem

1876 4892 1949 4949 ita
1973 4913 2081 4950 esse
2102 4892 2425 4966 auditoribus
2466 4892 2909 4966 negligentibus'et
2936 4898 3207 4953 lectoribus
3243 4892 3469 4957 incuria-

1878 4967 1947 5022 sis
1978 4966 2300 5039 videbuntur.
2353 4962 2623 5039 Ca’terum'
2648 4968 2701 5019 in
2746 4984 2799 5021 se
2833 4971 2992 5021 virtus
3042 4970 3154 5039 ipsa
3202 4971 3470 5029 uerborum

1878 5041 2242 5111 proprietatem
2258 5036 2410 5111 dicti,
2441 5048 2489 5092 et
2510 5039 2902 5111 intelligentiam
2933 5036 3172 5095 continet.
3210 5041 3346 5096 Tum
3379 5044 3472 5101 iis.

1877 5106 1997 5165 dem
2029 5111 2140 5185 fere
2165 5106 2607 5185 ac_Zeno‘ve_r_bis
2628 5106 2781 5185 num.
2809 5110 2874 5164 l7
2897 5130 2907 5163 :
2933 5112 3031 5176 Qui
3058 5113 3239 5185 credit,
3270 5118 3464 5185 inquit,

1875 5198 1978 5258 non
2020 5178 2354 5258 iudicabitur.
2390 5180 2529 5245 Quid
2555 5183 2692 5258 enim
2716 5197 2922 5258 necesse
2959 5192 3031 5258 est
3075 5184 3318 5258 judicare
3347 5178 3471 5243 'cre;

1877 5248 2122 5327 dentem?
2159 5248 2435 5327 ‘Judicium
2485 5253 2623 5327 enim
2654 5252 3007 5327 carambiguis
3038 5248 3190 5311 ribus
3237 5259 3473 5327 exsistit,

1879 5334 1926 5395 et
1945 5323 2275 5395 ambiguitate
2295 5321 2553 5395 adempta,
2562 5323 2751 5395 judicii
2763 5340 2866 5377 non
2885 5321 3209 5381 desideratur
3228 5321 3461 5384 exameer

1879 5394 1963 5451 Ea:
1990 5410 2101 5470 quo
2118 5409 2208 5447 nec
2234 5393 2471 5470 inﬁdeles
2494 5394 2697 5470 quidem
2722 5411 2923 5450 necesse
2962 5407 3037 5451 est
3056 5399 3323 5470 judicari;
3347 5402 3470 5468 quia

1879 5467 2204 5538 ambiguitas,
2229 5468 2351 5536 quin
2379 5465 2611 5537 inﬁdeles
2636 5466 2739 5520 sint
2765 5507 2780 5531 ,
2822 5482 2925 5522 non
2969 5465 3201 5523 resedit.-
3232 5470 3314 5523 Ex
3359 5465 3474 5529 hac

1883 5537 2154 5612 llilariana
2180 5537 2411 5612 lectione
2450 5538 2858 5612 emendavimns
2894 5540 3167 5612 judicari,
3217 5555 3316 5609 pro
3363 5558 3471 5610 quo

1882 5609 2022 5680 apud
2050 5608 2324 5664 Zenonem
2356 5609 2630 5680 legebatur
2656 5608 3162 5683 iudicareIJenonis
3185 5625 3348 5679 porro
3371 5608 3472 5669 hac

1884 5696 2046 5751 super
2094 5694 2154 5735 re
2194 5685 2498 5747 sententia,
2550 5696 2777 5750 quacum
2837 5680 3038 5735 Hilario
3082 5682 3367 5738 nonnullos
3406 5686 3477 5741 ab

1884 5753 2112 5809 extremi
2136 5752 2241 5807 diei
2263 5752 2468 5821 judicio
2490 5754 2728 5808 eximere
2762 5752 2995 5819 videtur,
3023 5751 3291 5811 vindicata
3319 5757 3475 5816 nobis

1885 5824 1988 5883 luit
2023 5824 2244 5883 dissert.
2268 5824 2304 5880 9.
2330 5866 2343 5891 ,
2372 5837 2491 5898 cap.
2517 5823 2572 5881 9.
