3926 6328
195 341 270 400 liii
1262 331 1470 391 LIBER
1508 332 1572 390 II.
1614 327 2034 388 TRAC'I‘ATUS
2073 326 2240 388 XXII.
3331 326 3438 395 462

194 461 290 532 quia
314 458 522 513 timent:
556 462 803 527 peccant,
836 454 959 527 quia
981 453 1192 510 volunt.
1229 453 1382 512 Unde
1412 471 1517 511 non
1542 464 1623 511 est
1645 453 1745 508 ab-
1772 450 1825 514 Α
1849 448 2019 517 mini,
2048 458 2105 505 ut
2128 450 2438 521 ponderatis
2469 448 2680 506 damnis
2714 450 2984 523 rebusque
3023 452 3285 523 servatis,
3316 468 3444 510 sen-

191 553 358 611 solutns
381 559 579 615 reatus,
607 548 697 603 ubi
726 546 794 604 de
821 546 1023 603 amoris
1066 549 1473 620 comparatione
1509 548 1736 605 duarum
1849 550 2014 601 tentia
2044 544 2099 600 in
2133 562 2257 601 cum
2280 588 2294 612 ,
2342 557 2500 616 prout
2535 545 2748 603 debitor
2774 547 3066 617 exstiterit,
3107 547 3230 620 jure
3275 550 3450 621 possit

196 642 287 716 (l2)
306 639 680 697 contrariarum
698 637 1431 709 sibimetpartiumjndicium
1450 638 1743 710 ﬂagitator;
1848 636 2112 709 expromi.
2141 638 2216 694 Ita
2246 639 2385 705 erit,
2418 651 2477 695 ut
2504 639 2665 710 justis
2687 654 2887 695 corona
2906 683 2920 708 ,
2953 640 3329 712 peccatoribus
3350 650 3446 697 aut

192 734 464 806 ambiguitas
490 733 636 789 enim
678 732 780 788 nisi
812 728 975 787 fuerit
1010 729 1257 787 discussa
1291 774 1305 798 ,
1330 731 1453 802 jure
1509 745 1616 786 non
1651 744 1747 799 po-
1850 730 2119 786 excusatis
2142 772 2156 798 ,
2190 738 2282 785 aut
2306 731 2607 787 emendatis
2638 731 3005 804 indulgentia,
3056 733 3234 807 impiis
3265 745 3446 790 autem

194 834 276 886 test
299 826 477 883 mereri
508 824 857 882 sententiam.
890 821 959 879 Et
1003 824 1094 894 qui
1128 834 1253 879 sunt
1301 824 1386 879 isti
1413 837 1591 895 ,quos
1633 836 1748 877 am-
1850 831 2055 880 acterna
2100 838 2258 896 ptena
2312 824 2597 880 tribuatur.
2644 822 2750 881 Per
2780 826 2897 901 (l8)
2927 825 3213 882 Dominum
3263 826 3447 884 Jesum

191 920 384 992 bigultas
425 918 543 990 (13)
588 916 792 989 judicio
841 914 1177 973 reservavit?
1222 914 1417 988 Utique
1463 914 1561 983 illi,
1611 916 1752 972 sicut
1851 914 2162 985 Christum,
2191 916 2281 988 qui
2313 923 2401 975 est
2423 916 2735 974 benedictus
2761 933 2882 976 cum
2914 918 3117 990 Spiritu
3163 928 3351 979 saneto
3401 920 3455 979 in

195 1010 443 1083 Apostolus
473 1024 691 1085 quoque
722 1008 816 1074 ait,
848 1008 937 1079 qui
965 1008 1225 1081 cognitum
1260 1006 1428 1063 Deum
1458 1024 1562 1063 non
1603 1007 1752 1080 quasi
1852 1018 2056 1069 aeterna
2087 1006 2283 1065 szecula
2315 1008 2661 1068 saeculorum.

194 1103 433 1159 Dominum
463 1101 860 1170 honorauerunt,
890 1116 1053 1172 neque
1074 1101 1120 1155 ei
1148 1101 1342 1173 gratias
1371 1111 1581 1176 egerunt
1601 1143 1617 1169 ,
1662 1099 1752 1157 sed
2343 1098 2759 1159 TRACTATUS
2797 1100 2965 1159 XXII.

194 1199 307 1255 venit
338 1196 757 1268 persuasionibus
785 1195 1117 1268 cogitationes
1143 1211 1319 1252 eorum
1340 1193 1575 1251 abductis
1608 1203 1750 1261 sunt,
2464 1194 2533 1250 In
2565 1195 2762 1250 Isaiam
2811 1193 2847 1250 Ι.
3048 1270 3051 1275 η

193 1289 436 1348 ettenebris
458 1301 692 1360 opertum
716 1286 831 1361 (14)
862 1299 932 1345 est
950 1306 1037 1345 cor
1063 1304 1242 1346 eorum
1273 1286 1449 1364 (Rom.
1481 1305 1520 1356 ι,
1548 1288 1666 1361 21),
1698 1295 1757 1344 ιιι
1930 1287 1972 1343 l.
2015 1286 2153 1344 Audi
2181 1289 2395 1354 caelum,
2428 1297 2477 1344 et
2518 1289 2724 1364 percipe
2762 1287 2975 1343 auribus
3018 1298 3152 1344 terra
3173 1330 3189 1359 ,
3219 1293 3462 1361 quoniam

194 1384 441 1455 diligerent
485 1381 657 1453 magis
697 1381 949 1438 tenebras
994 1397 1156 1453 quam
1200 1381 1398 1449 lucem,
1448 1392 1753 1439 creaturam
1857 1381 2116 1437 Dominus
2145 1381 2346 1437 locutus
2373 1390 2448 1437 est
2476 1398 2495 1437 :
2526 1378 2694 1437 Filios
2714 1382 2865 1455 genui
2894 1380 2977 1456 (i)
3001 1392 3047 1437 et
3079 1382 3329 1449 exeltavi,
3362 1383 3464 1454 ipsi

195 1476 340 1548 potius
366 1489 528 1546 quam
559 1480 889 1530 creatorem.
1860 1485 2031 1529 autent
2076 1490 2158 1528 me
2200 1482 2498 1545 spreverunt
2542 1456 2748 1547 (Is.,'t,
2779 1471 2859 1546 2).
2909 1472 3182 1530 Grandem
3226 1472 3464 1531 Iudaica:

248 1566 323 1623 Ill.
352 1565 538 1637 Itaque
562 1564 662 1621 tria
684 1566 944 1645 convenit
969 1578 1092 1622 esse
1109 1563 1334 1636 judicia.
1369 1563 1543 1622 Unum
1577 1564 1757 1638 justo-
1860 1568 2038 1640 gentis
2066 1566 2327 1624 offensam
2356 1568 2481 1624 libri
2512 1568 2667 1627 istius
2709 1570 2930 1626 exordia
2962 1570 3377 1642 proloqunntur,
3410 1579 3467 1626 et

194 1656 429 1728 rum,qui
462 1671 573 1711 non
603 1665 851 1721 tantum,
897 1662 956 1713 ut
994 1656 1199 1713 dictum
1230 1666 1345 1725 est,
1396 1673 1502 1712 non
1552 1657 1763 1729 judica-
1864 1661 2201 1717 iracundiam
2260 1660 2459 1716 divina:
2511 1661 2898 1735 indignationis
2961 1663 3289 1733 ostendunt,
3344 1680 3465 1736 qua:

191 1751 517 1824 buutur,(15)
539 1750 633 1807 sed
665 1752 828 1807 istum
860 1750 1121 1807 mundum
1143 1750 1762 1824 judicabunt,Apostolo
1865 1753 2000 1809 alias
2027 1768 2286 1825 personas
2309 1795 2323 1821 ,
2358 1763 2414 1808 ut
2436 1754 2663 1811 verbum
2694 1754 2789 1810 Dei
2817 1755 2885 1811 ab
2915 1754 3045 1827 ipsis
3076 1757 3258 1833 potius
3281 1756 3466 1813 audia-

193 1844 410 1901 dicente:
468 1842 551 1899 Au
596 1844 804 1900 nescitis
855 1845 979 1916 quia
1022 1847 1189 1900 sancti
1232 1845 1297 1901 de
1322 1849 1418 1901 hoc
1456 1846 1651 1902 mundo
1670 1850 1761 1922 ju-
1790 1842 1839 1907 B
1867 1854 1975 1916 tur,
2012 1848 2295 1903 hortatur:
2334 1847 2415 1921 (2)
2442 1863 2548 1904 non
2578 1857 2664 1905 est
2708 1848 2856 1906 enim
2889 1865 3076 1923 parum
3103 1849 3382 1914 criminis,
3411 1858 3471 1904 ut

192 1938 398 1994 dicebant
421 1937 467 2010 (Ι
499 1937 645 2003 Cor.,
673 1953 725 1993 vi
746 1981 761 2006 ,
791 1932 887 2012 2)?
910 1938 1155 1995 Alterum
1183 1938 1473 2012 impiorum
1496 1983 1511 2009 ,
1542 1939 1634 2011 qui
1657 1956 1761 1997 non
1870 1955 2087 2009 semper
2114 1939 2255 2009 apud
2287 1941 2433 2011 ipsos
2461 1939 2677 1995 divinus
2706 1940 2776 1995 sit
2804 1954 2985 1995 sermo
3013 1941 3254 2011 prolutus
3276 1983 3291 2009 ,
3323 1954 3467 1995 nunc

194 2042 292 2087 sunt
322 2032 634 2111 iudicandi,
658 2034 780 2104 quia
814 2032 1167 2104 jamjndicati
1194 2044 1354 2102 sunt,
1386 2034 1483 2091 sed
1514 2035 1761 2106 perituri,
1868 2031 2055 2088 alteris
2086 2030 2334 2085 videatur
2376 2031 2635 2101 ingestus.
2683 2026 2841 2087 Unde
2890 2030 3114 2105 rejectio
3156 2030 3467 2111 Judzeorum

193 2126 435 2196 Scriptura
456 2104 681 2180 dicente
707 2141 719 2176 ε
748 2124 855 2180 lter
888 2125 1169 2192 impiorum
1198 2125 1382 2197 peribit
1427 2104 1546 2197 (Ps.
1596 2142 1645 2194 ι,
1682 2124 1761 2199 6).
1870 2133 1954 2181 est
1983 2125 2209 2181 aliarum
2242 2124 2437 2181 electio
2463 2126 2625 2201 225
2657 2104 3045 2194 personarum;
3092 2127 3213 2196 quia
3237 2104 3358 2181 cum
3392 2126 3469 2181 al-

192 2218 396 2273 Tertium
426 2225 781 2288 peccatorum
804 2255 819 2281 ,
862 2231 1091 2286 quorum
1137 2215 1370 2286 obliquae
1408 2218 1767 2289 ancipitisque
1873 2217 2040 2280 teris,
2070 2227 2129 2272 ut
2153 2216 2375 2274 verbum
2399 2216 2494 2273 Dei
2524 2217 2711 2274 audire
2758 2218 2996 2273 debeant
3034 2217 3251 2287 dicitur,
3302 2216 3471 2274 Israel

191 2312 296 2365 vita:
316 2317 436 2365 sunt
478 2309 796 2365 necessario
823 2308 1160 2365 discutienda
1209 2317 1457 2376 secreta,
1504 2310 1768 2381 Apostolo
1871 2308 1952 2363 sic
1978 2310 2246 2381 reprobus
2290 2309 2599 2375 invenitur;
2650 2318 2706 2366 et
2744 2309 2872 2365 dum
2921 2310 3120 2366 clamat
3164 2310 3473 2383 propheta:

194 2411 447 2471 utrumque
476 2412 868 2473 prosequente,
921 2416 1044 2456 nam
1091 2403 1178 2475 qui
1222 2403 1334 2458 sine
1383 2403 1514 2475 lege,
1574 2404 1764 2473 inquit,
1874 2400 2035 2469 Audi,
2071 2405 2276 2472 caelum,
2324 2414 2369 2461 et
2409 2414 2576 2474 terra,
2628 2405 2931 2481 signiﬁcat,
2979 2406 3122 2479 quod
3168 2407 3246 2462 illi
3293 2404 3482 2465 audire

194 2493 288 2564 (i6)
313 2495 655 2564 peccaverint,
675 2495 784 2549 sine
796 2493 906 2566 lege
918 2496 1173 2565 peribunt.
1192 2496 1255 2550 At
1269 2497 1355 2569 qui
1377 2488 1437 2551 in”
1458 2494 1567 2570 lege
1585 2513 1772 2566 pecca-
1874 2498 2325 2571 contempserint.

194 2596 491 2673 uerunt,.per
527 2587 690 2657 legem
714 2586 1081 2655 iudicabuntur
1107 2585 1286 2658 (Rom.
1330 2603 1405 2654 ιι,
1440 2588 1552 2661 12).
1604 2588 1768 2645 Vide-

195 2679 338 2743 tisnc,
365 2679 567 2735 fratres
591 2719 608 2746 ,
643 2680 870 2735 multum
898 2682 1163 2735 interesse
1190 2678 1353 2753 225
1385 2680 1526 2736 inter
1549 2681 1771 2735 damna—

196 2779 286 2825 tum
309 2780 357 2828 et
377 2772 773 2844 judicandum?
802 2772 971 2842 Quam
990 2771 1179 2842 jndicii
1206 2772 1434 2827 fortnam
1469 2774 1628 2829 etiam
1659 2772 1773 2843 ipsa

197 2867 472 2923 humanitas
497 2909 515 2935 ,
556 2867 805 2938 quamvis
837 2864 1034 2938 injusta
1066 2866 1171 2933 sit,
1204 2875 1404 2921 servat.
1432 2866 1600 2921 Nemo
1626 2881 1777 2921 nam-

195 2974 283 3027 que
307 2958 690 3029 paterfamilias
714 2957 941 3013 honesta
989 2955 1266 3012 fidelitatis
1307 2971 1418 3012 sum
1463 2957 1612 3011 lucra
1642 2954 1778 3012 olle-

193 3060 375 3108 tentem
418 3053 528 3109 sibi
557 3067 714 3108 suum
743 3065 959 3108 servum
987 3050 1191 3121 judicat
1212 3093 1229 3117 ,
1261 3050 1355 3106 sed
1390 3050 1662 3118 honorat,
1718 3058 1777 3104 ut

196 3143 363 3200 ﬁliuni.
395 3147 648 3201 Alterum
694 3160 861 3207 vero,
904 3159 1063 3216 quem
1105 3157 1314 3198 venena
1363 3152 1774 3210 conterentem,

1947 2590 2012 2649 Il.
2046 2591 2214 2657 Audi,
2244 2591 2452 2663 inquit,
2486 2592 2671 2649 caelum
2693 2633 2708 2659 ,
2735 2602 2782 2646 et
2819 2593 3025 2666 percipe
3054 2591 3287 2657 auribus,
3319 2602 3480 2650 terra.

1877 2680 1960 2756 (5)
2016 2683 2091 2738 De
2130 2685 2271 2740 caelo
2309 2694 2361 2740 et
2407 2694 2552 2740 terra
2594 2684 2915 2759 prophetam
2968 2683 3133 2740 fuisse
3185 2694 3441 2741 testatum
3467 2726 3484 2753 ,

1877 2774 2033 2846 quasi
2063 2776 2131 2832 de
2161 2778 2341 2849 aliqua
2365 2792 2421 2833 re
2448 2792 2570 2832 esse
2596 2777 2987 2849 conquestum?
3019 2775 3140 2845 Vel,
3165 2792 3286 2832 cum
3313 2774 3447 2832 dicit
3473 2794 3486 2830 :

1881 2868 2262 2937 Audi,caelum,
2288 2878 2336 2924 et
2364 2879 2520 2936 terra,
2555 2880 2828 2939 tamquam
2860 2884 3151 2939 numquam
3178 2879 3273 2925 aut
3293 2871 3489 2928 malum

1878 2962 2143 3027 audierit,
2177 2971 2269 3017 aut
2300 2972 2473 3029 terra,
2507 2977 2629 3018 cum
2662 2961 2742 3037 (4)
2766 2962 2939 3035 jussui
2965 2962 3059 3020 Dei
3085 2972 3140 3021 et
3168 2965 3365 3020 coelum
3395 2964 3492 3020 ob—

1881 3053 2175 3124 secundct,
2219 3064 2275 3111 et
2326 3063 2509 3122 terra,
2542 3056 2665 3127 quia
2693 3055 2891 3111 coelum
2918 3055 3163 3131 pluvias,
3210 3067 3264 3113 et
3311 3057 3496 3129 fruges

1883 3156 2029 3204 terra
2062 3165 2168 3204 non
2195 3148 2461 3219 denegat?
2483 3147 2590 3205 Sed
2632 3149 2757 3220 quia
2790 3150 2907 3205 haec
2940 3149 3224 3221 prophetia
3256 3151 3495 3208 novissi-

196 3236 241 3293 in
267 3239 550 3306 adulterio,
585 3239 640 3295 in
671 3237 986 3300 homicidio,
1022 3237 1140 3310 (17)
1160 3238 1213 3292 in
1242 3236 1400 3305 falso,
1431 3239 1483 3293 in
1514 3236 1783 3293 maleﬁcio
1812 3243 1857 3305 C
1890 3242 1993 3297 mis
2014 3252 2131 3296 erat
2162 3241 2484 3312 complenda
2517 3242 2851 3313 temporibus
2882 3242 2984 3298 sub
3014 3241 3227 3298 Domini
3264 3243 3499 3299 salvato-

198 3331 634 3402 deprehenderit,
671 3332 915 3388 carnillei
944 3332 1180 3387 destinat
1202 3334 1382 3387 statim
1418 3348 1523 3388 non
1553 3333 1780 3388 audien-

197 3425 306 3480 dum
326 3470 339 3494 ,
369 3427 463 3484 sed
492 3426 934 3496 competentibus
977 3427 1154 3497 poenis
1179 3427 1622 3482 excruciandum.
1652 3426 1786 3482 Ter-

199 3521 311 3575 tium
337 3535 556 3591 quoque
579 3560 594 3585 ,
630 3534 788 3590 quem
828 3518 1125 3574 adverterit
1155 3516 1554 3575 fraudulentum
1577 3561 1591 3586 ,
1636 3520 1785 3575 colo-

198 3612 311 3668 ratis
339 3611 642 3669 ratiociniis
671 3624 768 3665 sua
799 3609 942 3666 furta
968 3622 1319 3667 excusantem
1345 3652 1361 3679 ,
1393 3621 1634 3667 reservat
1659 3626 1786 3668 exa-

260 3732 667 3807 (l2)‘Ms.iTol..
699 3733 1014 3807 contrarium
1034 3733 1230 3807 sibimet
1260 3732 1483 3805 partium
1502 3732 1786 3807 judicium.

204 3803 320 3861 Dein
348 3803 446 3871 pro
473 3806 718 3862 discussa
749 3821 850 3861 ms.
883 3803 1042 3871 Urb.,
1078 3803 1333 3863 discursu.

264 3875 369 3947 (15)
398 3877 544 3937 Tres
573 3878 794 3932 codices
823 3878 1027 3933 etedit.
1069 3877 1198 3931 Ven.
1250 3875 1452 3931 addunt
1497 3892 1608 3931 suo.
1661 3876 1793 3931 Post

205 3964 353 4018 rauca
374 3952 426 4005 in
449 3948 701 4018 Apostoli
730 3958 1005 4020 testugms.
1031 3947 1219 4020 Ijomp.
1243 3963 1343 4020 pro
1353 3964 1467 4020 _non
1490 3948 1638 4017 quasi
1659 3951 1793 4003 scri-

203 4016 270 4074 bit
295 4016 577 4089 numquam
598 4062 612 4084 ,
655 4030 705 4073 et
741 4037 842 4074 ms.
875 4018 994 4077 Tol.
1024 4016 1191 4075 Deum
1221 4016 1316 4089 pro
1342 4016 1645 4075 Dominum.

266 4092 371 4161 (11)
398 4088 497 4149 Est
527 4090 839 4146 addidimus
859 4106 925 4147 ex
949 4104 1080 4146 mss.
1110 4090 1328 4157 Pomp.,
1364 4089 1494 4147 Urb.
1524 4102 1579 4147 et
1604 4088 1736 4149 Zeti.

264 4162 370 4235 (15)
400 4163 589 4220 Verba
616 4161 711 4235 sed
730 4163 882 4235 istum
912 4161 1163 4217 mundum
1178 4160 1487 4233 judicabant
1518 4163 1794 4233 supplevi-

207 4232 313 4293 nttis
338 4232 370 4290 ε
400 4251 539 4291 mss.
573 4245 629 4289 et
650 4232 780 4291 edit.
821 4233 951 4290 Ven.

298 4307 379 4376 16)
404 4307 543 4364 Mss.
575 4304 723 4370 Tol.,
754 4305 941 4376 Pomp.
976 4303 1202 4369 etllrl).,
1229 4313 1583 4375 peccaverunt.

298 4308 379 4376 16)
404 4308 543 4364 Mss.
575 4308 723 4370 Tol.,
754 4308 941 4371 Pomp.
976 4308 1202 4369 etllrb.,
1229 4313 1583 4375 peccaverunt.

267 4308 376 4451 (17)
405 4376 795 4451 Legebaturin
829 4375 963 4446 [also
981 4376 1234 4451 maleﬁcio
1263 4392 1283 4451 _:
1307 4377 1647 4451 correximus
1675 4390 1802 4435 auc-

209 4446 406 4506 torita'te
435 4446 604 4507 trium
632 4446 883 4503 codicum
910 4456 963 4503 et
994 4448 1182 4515 prima:
1210 4448 1488 4502 editionis.

271 4521 379 4593 (l8)
411 4519 514 4575 Ms.
552 4516 682 4593 130m
690 4537 769 4593 p.,
794 4535 884 4588 per
913 4517 1189 4593 Dominum
1219 4530 1450 4593 nostrum
1478 4517 1509 4575 J
1517 4534 1694 4593 esum,
1695 4529 1800 4593 etc.

212 4589 374 4652 Verba
396 4608 519 4647 cum
554 4589 760 4654 Spiritu
792 4598 969 4645 sancto
1010 4589 1387 4647 desiderantur
1430 4590 1482 4645 in
1516 4608 1617 4644 ms.
1654 4590 1800 4657 Tol.,

211 4660 466 4726 Ed.,Ven.
494 4678 645 4715 cum.
667 4660 790 4717 Mss.
809 4661 1013 4718 Urb.et
1036 4661 1250 4731 Pomp.,
1277 4663 1328 4716 in
1356 4661 1460 4717 line
1480 4661 1604 4717 add.
1624 4662 1805 4717 Arnen.

274 4734 482 4794 Inscr.
513 4731 689 4806 XXII.
720 4762 792 4775 -—-
815 4730 894 4806 (1)
923 4730 1059 4806 Cod.
1105 4734 1260 4806 liem.
1291 4742 1348 4790 et
1375 4732 1496 4788 Tol.
1521 4734 1804 4806 exsultavi.

214 4804 317 4865 Iloc
366 4804 944 4878 porroisaiaetestim.
979 4805 1291 4878 Lactantius
1330 4804 1617 4878 tltitttrAlib.
1636 4821 1698 4878 iv
1728 4805 1814 4860 In-

215 4882 315 4932 stit.
345 4874 467 4949 cap.
502 4876 602 4942 11,
643 4874 1006 4949 eodem,_quo
1038 4876 1098 4949 S.
1130 4875 1279 4933 Zeno
1299 4918 1313 4942 ,
1348 4875 1601 4949 consilio,
1624 4874 1814 4932 Chris—

214 4957 315 5005 tum
342 4947 555 5005 idcirco
581 4962 798 5003 carnem
826 4947 1199 5017 adsumpsisse
1225 4948 1521 5004 ostendens
1547 4988 1563 5015 ,
1597 4961 1652 5002 ut
1682 4950 1811 5003 reli-

248 5021 417 5079 ionem
451 5027 704 5090 sanctam
737 5018 831 5074 Dei
860 5035 890 5075 a
915 5017 1142 5075 Judaico
1187 5020 1388 5090 populo
1437 5018 1813 5089 abjectam‘ad

259 5103 408 5151 entes
441 5089 786 5149 transferret.

283 5162 359 5235 (2)
381 5162 518 5220 Mss.
555 5169 613 5216 et
630 5160 760 5217 edit.
779 5160 1362 5235 _Yen.,_hortatur_no§;
1384 5162 1479 5219 sed
1505 5177 1814 5233 perperam,

219 5232 423 5306 cum'ad
452 5248 705 5306 personas
732 5232 865 5288 alios
890 5232 1176 5289 referatur.
1210 5232 1265 5288 In
1290 5233 1397 5291 ﬁne
1417 5232 1698 5304 praesentis
1719 5251 1819 5288 nu-

219 5305 342 5361 meri
368 5304 422 5371 1,
453 5302 570 5359 ins.
601 5302 763 5370 Urb.,
806 5314 1217 5374 contempserunt
1250 5321 1346 5375 pro
1393 5302 1815 5375 contempserint.

307 5379 363 5449 Ξ)
390 5377 450 5434 In
483 5377 873 5449 meliuscriptis
893 5376 1061 5449 variis
1078 5386 1134 5435 et
1155 5377 1705 5449 contaminatissimns
1728 5376 1817 5449 hic

222 5444 366 5521 {9613s
390 5458 518 5521 gest.
574 5444 840 5521 Primo'in
861 5462 1004 5521 mss.
1038 5446 1252 5521 Pontp.,
1283 5448 1497 5505 Tolent.
1547 5460 1609 5521 et
1640 5447 1812 5521 Basil.

220 5517 336 5573 Vat.
366 5518 578 5575 desunt
603 5520 765 5574 verba
797 5536 810 5573 :
851 5514 932 5572 De
952 5520 1077 5574 ctelo
1099 5532 1145 5574 et
1172 5514 1311 5575 'terra
1336 5562 1351 5586 ,
1379 5536 1499 5591 quae
1525 5519 1652 5578 alibi
1684 5518 1813 5577 etin

224 5591 374 5662 editis
400 5594 680 5662 leguntur.
718 5591 849 5647 Dein
879 5599 1081 5645 tantum
1103 5607 1200 5660 pro
1228 5601 1463 5648 testatum
1493 5592 1682 5647 scribit
1709 5606 1812 5649 ms.

224 5658 371 5717 Bern.
405 5658 771 5736 Quocumque
792 5672 979 5736 autem
1006 5658 1170 5718 modo
1201 5664 1376 5736 legas,
1428 5661 1668 5736 difﬁcilis
1690 5678 1819 5719 sen-

224 5735 383 5791 tentia
414 5732 657 5791 elicitur.
680 5732 1047 5804 ‘Reliqnimus
1074 5732 1278 5793 tantum
1299 5778 1314 5803 ,
1349 5744 1408 5793 ut
1452 5736 1503 5789 in
1533 5734 1718 5803 editis,
1766 5744 1822 5791 ct

227 5805 425 5877 aliquot
458 5820 602 5860 mss.
629 5807 914 5875 reperitur.
949 5806 1308 5874 Sparaverius
1338 5806 1683 5865 scribendum
1724 5822 1823 5877 pth

233 5886 302 5933 tat
331 5875 577 5936 :Caslum
603 5887 645 5932 et
670 5882 856 5934 terram
879 5878 1182 5951 prophetam
1205 5879 1363 5950 fuisse
1387 5885 1650 5948 testatum,
1680 5875 1826 5949 quasi

1833 4627 1889 4691 Ι)

1889 3334 1966 3389 ris
1993 3333 2323 3401 adventum,
2369 3333 2459 3405 qui
2513 3350 2619 3387 non
2654 3340 2801 3389 esset
2849 3350 2878 3389 a
2928 3332 3236 3390 Judzeorum
3285 3336 3498 3407 populis

1893 3426 2227 3492 audiendus,
2259 3425 2403 3497 quod
2428 3441 2550 3481 eum
2579 3424 2827 3495 Apostoli
2875 3435 3089 3493 essent,
3139 3437 3194 3481 et
3243 3424 3496 3484 homines

1891 3536 1957 3576 ex
1986 3519 2250 3576 Gentibus
2277 3518 2536 3586 audituri,
2556 3518 2677 3573 ideo
2703 3520 2778 3574 ait
2803 3536 2815 3572 :
2846 3519 2998 3588 Audi,
3028 3520 3235 3588 coelum,
3264 3532 3311 3576 et
3339 3532 3499 3578 terra.

1892 3611 2073 3669 Caelus
2103 3620 2284 3667 autem
2307 3609 2603 3682 Apostolus
2634 3625 2756 3666 esse
2782 3611 2931 3667 claro
2958 3613 3273 3668 testimonio
3299 3612 3501 3670 verita-

1897 3732 1961 3787 de
1991 3748 2045 3787 re
2069 3733 2245 3803 aliqua
2274 3748 2380 3788 esse
2407 3741 2761 3802 conquestum,
2795 3732 2845 3787 id
2868 3741 2952 3787 est
2980 3732 3300 3802 prophetam
3331 3734 3505 3789 advo-

1895 3820 2049 3860 casse
2079 3806 2276 3861 coelum
2304 3816 2359 3861 et
2391 3813 2589 3859 terram
2618 3808 2671 3859 in
2696 3804 3062 3859 testimonium
3087 3805 3154 3858 de
3175 3806 3498 3872 qnestubus,

1897 3892 2034 3947 quiis
2062 3893 2169 3931 non
2192 3875 2244 3932 in
2273 3877 2421 3944 ipsos
2443 3916 2458 3937 ,
2481 3875 2573 3930 sed
2606 3876 2655 3929 in
2682 3875 2822 3929 lilios
2854 3877 3092 3945 ingratos
3114 3875 3321 3933 elfndit.
3354 3879 3504 3933 lianc

1899 3947 2118 4021 quidem
2152 3947 2958 4021 ctvtijectationetnconﬁrmant
2987 3961 3047 4001 ea
3072 3988 3085 4012 ,
3121 3963 3240 4021 quae
3268 3964 3504 4019 sequen-

1902 4020 2045 4074 tibus
2076 4017 2125 4076 in
2158 4017 2473 4073 traCtatibns
2514 4017 2893 4087 subjiciuntur,
2927 4033 3049 4072 cum
3091 4018 3301 4075 scilicet
3340 4017 3496 4077 tract.

1902 4089 1973 4147 94
1998 4091 2074 4145 ait
2103 4109 2115 4145 :
2143 4088 2337 4146 Catum
2368 4102 2658 4158 terramque
2700 4098 2848 4143 testes
2879 4089 3041 4154 citat;
3087 4098 3141 4143 et
3188 4100 3345 4145 tract.
3378 4091 3464 4149 25
3486 4133 3501 4157 ,

1907 4161 2117 4216 Censuit
2139 4178 2225 4216 eos
2256 4160 2383 4216 caelo
2414 4170 2463 4215 et
2491 4171 2625 4215 terra
2653 4160 2861 4214 testibus
2891 4160 3169 4226 denotare;
3197 4177 3259 4218 ac
3289 4164 3505 4219 tandem

1907 4232 2163 4308 tractum)
2190 4251 2201 4286 :
2230 4230 2452 4304 Injuria:
2479 4248 2585 4286 sua:
2615 4240 2766 4308 testes
2806 4232 3164 4308 citatam-lunt
3200 4244 3507 4308 terramque.

1905 4304 2012 4361 Sed
2034 4304 2138 4359 alia
2172 4302 2398 4375 prorsus
2435 4318 2558 4359 esse
2603 4302 3025 4375 videtur_ltnjns
3064 4304 3166 4359 loci
3215 4302 3504 4361 sententia.

1908 4371 2198 4446 Propheta:
2228 4375 2480 4430 nimirum
2511 4371 2761 4446 verbaqS.
2812 4371 2962 4431 Zeno
3009 4375 3465 4444 interpretaturus
3492 4419 3507 4443 ,

1907 4444 2033 4503 cuni
2076 4447 2200 4502 coeli
2248 4454 2517 4515 terra-quo
2548 4444 2763 4500 nomina
2795 4460 2904 4500 non
2945 4447 3160 4513 proprio
3185 4447 3254 4503 de
3284 4456 3428 4505 terra
3458 4458 3515 4506 et

1909 4520 2048 4577 cmlo
2078 4518 2389 4586 accipienda
2418 4516 2728 4582 existimet,
2757 4516 2884 4581 sed,
2918 4524 2976 4572 ut
3017 4532 3139 4572 mox
3188 4519 3405 4585 subdit,
3445 4521 3518 4577 de

1912 4589 2189 4659 Apostolis
2224 4600 2275 4643 et
2302 4587 2597 4650 Gentibus;
2641 4588 2742 4642 hoc
2772 4587 2897 4659 loco
2923 4589 2990 4642 ad
3033 4587 3299 4658 ejusmodi
3345 4594 3517 4648 inter-

1915 4658 2272 4731 pretationem
2301 4660 2525 4730 gradum
2553 4659 2817 4725 tacturus,
2867 4658 3155 4715 litteralem
3188 4665 3515 4718 sententiam

1914 4733 1983 4790 de
2012 4733 2151 4787 caelo
2182 4742 2435 4802 terraque
2473 4745 2579 4786 non
2617 4745 2775 4801 posse
2822 4732 2991 4802 accipi
3032 4746 3103 4786 ex
3127 4748 3194 4789 eo
3243 4735 3517 4802 insinuat,

1915 4803 2056 4871 quod
2090 4803 2225 4859 nihil
2256 4805 2357 4868 sit,
2390 4818 2486 4859 cur
2534 4803 2796 4873 propheta
2836 4802 2907 4857 de
2942 4802 3079 4860 ctBlo
3110 4815 3359 4876 terraque
3390 4821 3519 4876 pro-

1914 4876 2030 4946 prie
2050 4883 2438 4945 conqueratur,
2467 4884 2723 4946 tamquam
2770 4890 3031 4940 nunquam
3073 4887 3163 4930 aut
3208 4878 3389 4931 caelum
3416 4894 3519 4933 au-

1913 4945 2085 5014 dierit,
2116 4956 2207 5002 aut
2259 4960 2398 5020 terra
2421 4987 2436 5011 ,
2465 4954 2572 5020 etc.
2608 4945 2792 5020 Itaque
2819 4955 2967 5020 recte
3003 4961 3097 5020 per
3143 4948 3525 5020 interrogatio-

1921 5033 2043 5077 nem
2105 5020 2204 5091 hoc
2261 5018 2628 5091 testimonium
2668 5016 3001 5091 eiiereudum
3048 5016 3186 5091 fuit,
3217 5030 3275 5074 ut
3306 5016 3523 5091 rejects

1919 5090 2172 5162 litteratis
2195 5088 2655 5162 interpretationis
2676 5089 2963 5144 consilium
2989 5088 3340 5149 iudiearetur.
3364 5088 3523 5162 Quod

1925 5163 1971 5217 si
2007 5161 2156 5217 nullo
2185 5159 2431 5215 codicum
2463 5160 2719 5230 sull‘ragio
2766 5174 2957 5214 manus
2994 5161 3197 5219 inferre
3245 5159 3435 5221 liceret
3466 5166 3524 5222 in

1924 5241 2170 5308 textum;
2204 5232 2493 5308 subaudita
2517 5235 2696 5308 statim
2730 5232 2799 5285 ab
2825 5230 2982 5289 initio
3010 5233 3526 5308 aliquainterrogae

1924 5305 2087 5360 tionis
2115 5305 2397 5373 particula,
2429 5314 2519 5358 aut
2546 5305 2741 5368 verbo,
2773 5319 2861 5358 ex.
2885 5319 2967 5374 gr.
2995 5306 3302 5363 credibilene
3322 5318 3411 5373 est,
3435 5305 3528 5365 vel

1923 5375 2124 5445 aliquid
2158 5374 2366 5443 simile,
2397 5375 2759 5431 scriberemus
2787 5394 2800 5431 :
2831 5375 3150 5431 Credibilene
3195 5389 3269 5435 est
3307 5379 3372 5433 de
3398 5380 3527 5434 caelo

1921 5458 1969 5501 et
1999 5455 2138 5503 terra
2164 5451 2463 5517 prophetam
2492 5447 2649 5517 fuisse
2668 5455 2935 5509 testatum,
2968 5448 3048 5503 rel
3075 5450 3225 5517 quasi
3254 5450 3318 5504 de
3341 5466 3398 5504 re
3423 5450 3529 5503 ali-

1922 5535 2026 5590 qua
2051 5536 2160 5575 esse
2182 5527 2513 5587 conquestum
2533 5559 2547 5586 ,
2575 5534 2691 5572 cum
2708 5517 2843 5590 dicit
2873 5534 2892 5573 :
2916 5517 3057 5572 Audi
3081 5519 3265 5575 caelum
3292 5531 3339 5575 et
3366 5532 3525 5588 terra,

1920 5601 2185 5661 tamquam
2212 5606 2526 5660 numquam,
2553 5600 2659 5645 etc.
2693 5589 2832 5646 Dicit
2854 5604 2951 5658 pro
2976 5590 3169 5645 dicitur
3190 5606 3256 5646 cx
3288 5593 3531 5664 quinque

1923 5679 2058 5720 mss.
2087 5663 2386 5734 posuimus.

1999 5731 2361 5807 (6)'Quatt_tor
2404 5746 2539 5807 mss.
2581 5731 2761 5807 Rem.,
2801 5732 3017 5807 Pomp.,
3070 5731 3205 5807 Zen.
3253 5742 3310 5792 et
3364 5736 3528 5795 Basil.

1930 5802 2236 5877 Vat.‘iussu
2248 5802 2346 5860 Dei
2372 5812 2417 5858 et
2445 5803 2628 5861 caelum
2648 5803 3039 5877 obsecundetur.
3066 5806 3178 5862 lloc
3199 5818 3532 5877 postremum

1930 5878 2155 5936 verbum
2187 5874 2557 5932 obsecundetur
2587 5885 2671 5933 est
2700 5874 2862 5931 etiam
2896 5875 2949 5933 in
2981 5892 3083 5935 ms.
3118 5874 3239 5936 Vat.
