3838 6322
410 308 517 366 465

1727 295 1974 354 SANC'I'I
2013 294 2304 353 ZENONIS
3547 302 3623 358 ια

398 423 465 478 tis
497 420 750 483 afﬁrmat,
774 418 853 473 sic
879 415 1021 472 enim
1042 414 1117 469 ait
1143 430 1155 468 :
1197 411 1262 469 Et
1296 412 1473 468 videbo
1513 412 1667 469 costas
1690 429 1845 495 opera
1866 413 2003 483 digi-
2032 415 2077 471 Α
2110 414 2279 469 Deum
2312 418 2516 482 patrem
2544 423 2650 466 non
2679 408 2972 475 dilexisse.
3000 374 3125 467 cum
3156 421 3421 482 peceatum
3444 414 3525 479 sit,
3558 416 3625 468 tm.

400 516 571 571 lorum
602 525 802 568 tuorum
825 509 945 580 (Ps.
978 523 1102 573 νηί,
1128 506 1206 579 5).
1240 507 1369 563 Heic
1416 508 1599 578 utique
1623 522 1729 562 non
1754 507 1821 561 de
1849 507 1999 561 caelis

404 606 526 663 istis
556 603 813 675 loquitur,
840 615 974 670 quos
1004 615 1221 669 semper
1246 598 1454 655 viderat
1474 640 1488 664 ,
1519 600 1615 654 sed
1656 597 1725 654 de
1762 604 1994 669 Aposto-

400 699 471 756 lis
493 742 505 762 ,
535 713 671 769 quos
702 697 882 751 videre
909 694 1148 765 optabat.
1180 693 1248 748 Et
1270 694 1468 750 iterum
1501 713 1514 746 ;
1544 692 1692 748 Texit
1723 693 1875 747 caelos
1900 693 2000 746 vir-

403 800 484 847 tus
507 792 617 861 ejus
644 787 898 860 (Habac.,
933 802 1030 850 ιιι,
1056 787 1152 857 3);
1186 801 1254 842 eo
1294 786 1435 855 quod
1466 784 1761 855 Apostolos
1787 784 1853 839 ad
1894 784 2000 840 mi-

401 881 593 938 rabilia
625 879 869 935 facienda
898 878 1135 949 Spiritus
1156 887 1375 933 sanctus
1395 877 1739 932 obumbravit
1759 884 1815 932 et
1844 878 1997 932 texit.

398 974 471 1029 Et
497 974 677 1029 denuo
706 989 719 1025 :
751 969 877 1027 οωιί
898 1013 912 1037 ,
969 971 1175 1041 inquit,
1205 979 1447 1026 enarrant
1474 970 1693 1043 gloriam
1734 967 1833 1024 Dei
1877 967 1997 1040 (Ps.

399 1083 533 1124 xvut
554 1110 569 1132 ,
598 1065 678 1137 2).
710 1065 780 1120 Et
809 1064 930 1120 heic
953 1065 1141 1135 utique
1168 1078 1277 1119 non
1299 1063 1411 1133 jam
1440 1064 1607 1120 emlos
1637 1062 1783 1133 loqui
1830 1060 1997 1129 dicit,

398 1175 537 1232 quos
565 1160 853 1231 loquentes
886 1158 1064 1212 nullus
1087 1157 1320 1220 audivit,
1361 1156 1457 1212 sed
1503 1155 1794 1228 Apostolus
1836 1154 1999 1210 adse-

394 1262 582 1321 verat,
613 1269 846 1323 quorum
875 1251 1259 1321 praedicatione
1283 1248 1458 1321 gloria
1481 1247 1697 1303 Domini
1722 1247 1887 1320 226
1907 1262 2000 1316 per

393 1358 513 1405 tota
539 1357 808 1403 terrarum
856 1347 1030 1417 Spatia
1072 1344 1313 1400 nuntiata
1355 1351 1459 1399 est.
1493 1342 1715 1398 Terram
1750 1340 2001 1397 homines

391 1440 780 1512 intelligendos
800 1439 1056 1510 frequens
1079 1437 1463 1510 prophetarum
1490 1435 1727 1491 adsertio
1748 1435 2003 1490 demons-

391 1535 557 1591 travit
591 1553 604 1588 :
632 1534 891 1598 Jubilate,
914 1533 1121 1603 inquit,
1153 1531 1319 1585 omnis
1345 1539 1501 1584 terra.
1533 1528 1598 1583 Et
1627 1527 1755 1583 alibi
1782 1545 1796 1580 :
1828 1525 1998 1592 Audi,

393 1627 601 1698 inquit,
633 1638 880 1691 terra,ea:
925 1641 1012 1679 ore
1054 1639 1165 1677 meo
1192 1621 1312 1694 (Ps.
1345 1636 1491 1685 va,
1542 1618 1635 1691 ‘2);
1687 1634 1793 1689 quo
1840 1632 2000 1672 voca-

392 1719 526 1775 bulo
553 1718 797 1775 Gentiles
827 1717 911 1787 (5)
948 1716 1199 1771 homines
1225 1715 1344 1769 sine
1370 1711 1534 1767 dubio
1566 1710 1998 1782 comprehendit,

2106 507 2307 562 minem
2352 521 2458 560 non
2491 520 2724 561 amasse.
2774 503 2927 561 Unde
2969 504 3215 563 infelices
3256 516 3313 563 et
3341 509 3499 565 miseri
3539 522 3628 566 Sttul

2102 599 2308 666 Judaei,
2335 600 2424 671 qui
2456 600 2626 655 Deum
2687 608 2895 668 patrem
2917 640 2931 661 ,
2966 616 2995 653 a
3046 615 3156 670 quo
3198 611 3325 655 sunt
3368 602 3543 672 geniti,
3570 620 3628 660 re-

2104 678 2389 763 spuerant,
2411 692 2542 746 tanti
2569 690 2918 748 immemores
2944 692 3170 748 honoris
3187 733 3205 759 ,
3237 702 3394 749 tanta:
3417 694 3630 766 dignitatis

2105 785 2297 857 ignari.
2327 784 2468 854 Quid
2489 784 2646 840 enim
2672 784 2886 840 beatius
2909 826 2924 849 ,
2973 800 3135 856 quam
3176 785 3225 841 si
3272 786 3500 844 homines
3534 789 3631 845 licus

2106 887 2339 950 paterno
2360 877 2568 933 honore
2588 877 2841 949 dignetur
2867 877 3171 945 attendere,
3184 887 3240 935 et
3261 888 3402 935 tanta
3414 881 3492 936 illa
3503 884 3633 937 subli-

2107 971 2269 1027 mitas
2318 970 2611 1026 humanam
2666 969 3097 1026 mediocritatem
3129 980 3225 1026 aut
3251 987 3422 1028 caram
3470 975 3634 1042 habeat,

2105 1074 2198 1120 aut
2219 1063 2515 1120 dilectam?
2543 1061 2742 1128 Filios,
2777 1064 2981 1135 inquit,
3023 1066 3200 1137 geniti.
3248 1065 3359 1123 Hoc
3402 1065 3636 1125 Dominum

2103 1156 2172 1212 de
2203 1157 2515 1213 hominibus
2550 1157 2755 1214 dixisse
2780 1173 2943 1227 quam
2967 1158 3126 1215 dulce
3154 1160 3272 1214 est!
3303 1161 3456 1216 talem
3482 1170 3638 1230 patrem

2105 1252 2313 1308 laesisse
2337 1267 2499 1323 quam
2541 1254 2727 1323 turpe!
2770 1252 2940 1307 Filios
2965 1254 3120 1325 genui
3149 1262 3196 1308 et
3228 1254 3459 1310 uallari.
3486 1253 3638 1325 Utique

2104 1347 2249 1401 ﬁlios
2292 1345 2459 1400 lsrael
2504 1344 2769 1402 Dominus
2809 1346 3033 1416 genuit,
3082 1345 3176 1417 qui
3207 1347 3495 1415 Abraham,
3534 1349 3641 1407 unde

2104 1448 2483 1507 nascerentur,
2528 1439 2696 1510 elegit
2722 1439 2878 1512 (Gen.
2923 1456 3030 1506 xu,
3073 1439 3250 1496 Exod.
3295 1441 3445 1513 xvn).
3487 1442 3578 1498 llos
3604 1442 3642 1497 in

2103 1531 2341 1606 [Egypto
2360 1532 2582 1604 genuit,
2612 1532 2702 1586 ubi
2732 1532 2992 1602 ingressis
3029 1530 3215 1601 paucis
3263 1533 3547 1589 hominibus
3583 1537 3644 1589 in-

2104 1624 2452 1681 numerabilis
2483 1624 2772 1681 multitudo
2802 1626 3063 1695 processit
3085 1669 3098 1691 ,
3135 1634 3191 1682 et
3214 1627 3281 1681 ad
3305 1642 3528 1682 eremum
3561 1627 3641 1682 Do-

2104 1718 2284 1773 minus
2313 1717 2567 1789 perduxit
2618 1732 2779 1772 manu
2814 1717 2936 1773 lorti
2962 1728 3017 1774 et
3058 1719 3284 1775 brachio
3320 1722 3524 1776 excelso
3552 1719 3643 1791 (Ps.

392 1815 449 1869 in
479 1812 669 1884 quibus
698 1812 875 1867 adhuc
905 1819 1062 1866 erant
1082 1823 1247 1880 opera
1279 1817 1519 1863 terrena.
1571 1804 1681 1859 lloc
1709 1814 1792 1859 est
1819 1818 1950 1875 ergo
1972 1842 1989 1869 ,
2024 1815 2072 1876 Β
2095 1827 2272 1868 cxx“
2293 1853 2308 1878 ,
2358 1811 2472 1883 te).
2525 1812 2808 1867 Emimus
2851 1820 2935 1866 est
2978 1811 3141 1867 Israel
3163 1854 3180 1876 ,
3237 1813 3447 1885 quando
3474 1830 3555 1884 ρετ
3579 1814 3649 1869 (ri-

392 1905 535 1977 quod
562 1906 638 1959 ait
670 1923 683 1960 :
715 1905 889 1969 Audi,
918 1903 1120 1969 caelum,
1164 1909 1211 1955 et
1259 1908 1429 1967 terra,
1472 1896 1613 1968 quod
1637 1894 1838 1951 .ludaeis
1890 1909 1996 1948 non

392 1998 733 2055 audientibus
752 2040 766 2063 ,
796 1997 1045 2052 Christus
1072 1993 1334 2050 Dominus
1361 1998 1507 2047 esset
1546 1989 1613 2044 ab
1643 1987 1917 2058 Apostolis
1943 1996 1999 2042 et

395 2090 658 2148 Gentibus
681 2088 1007 2145 audiendus.

466 2183 554 2239 Ill.
598 2180 802 2245 Filios,
838 2182 1046 2250 inquit,
1075 2178 1229 2250 genui
1257 2186 1304 2231 et
1332 2175 1575 2231 exultaui.
1612 2174 1737 2229 llaec
1786 2171 1996 2227 Domini

388 2294 501 2335 vox
527 2288 644 2342 est,
673 2277 797 2348 quia
820 2275 931 2346 jam
980 2282 1106 2329 tunc
1139 2288 1237 2344 per
1281 2272 1603 2344 prophetam
1646 2268 1862 2325 Judaaos
1900 2267 2007 2331 οἱ)-⁸

389 2372 646 2444 jurgabat
673 2368 1001 2435 incredulos,
1025 2377 1079 2423 et
1100 2382 1220 2438 quae
1248 2374 1434 2422 essent
1456 2363 1651 2424 futura.
1680 2362 1993 2432 priusquam

394 2466 628 2531 ﬁerent,
660 2464 1005 2521 admonebat.
1049 2462 1337 2533 Proprium
1385 2470 1466 2515 est
1513 2460 1657 2514 enim
1715 2457 1807 2513 Dei
1857 2454 1997 2511 scire

398 2567 669 2615 transacta
693 2599 708 2623 ,
741 2567 795 2613 et
823 2569 985 2612 nosse
1016 2564 1260 2611 ventura.
1298 2551 1495 2619 Filios,
1537 2552 1742 2622 inquit,
1774 2550 1928 2621 genui
1952 2559 1997 2604 et

391 2654 635 2710 exaltavi.
680 2650 891 2706 Inﬁnita
925 2648 1094 2706 Judaei
1139 2647 1458 2725 inﬁdelitate
1498 2661 1594 2701 sua
1644 2644 1782 2716 apud
1812 2642 1997 2699 Domi-

392 2765 522 2805 num
563 2756 808 2804 nostrum
841 2745 965 2801 odia
997 2751 1333 2808 meruerunt,
1367 2739 1446 2815 (6)
1479 2738 1623 2811 quod
1653 2740 1761 2809 jam
1793 2747 1995 2811 quanta

388 2841 491 2898 fuit
516 2842 585 2897 de
610 2832 801 2896 amore
824 2839 1027 2910 gratia,
1064 2848 1208 2892 tanta
1240 2836 1537 2892 decorum
1580 2832 1881 2889 oli‘ensione
1912 2831 1998 2886 l‘u—

392 2945 514 2990 tura
538 2934 777 2989 vindicta
801 2941 886 2987 est
915 2949 928 2984 :
963 2941 1169 2986 certum
1202 2938 1286 2984 est
1334 2926 1476 2982 enim
1523 2926 1575 2980 in
1619 2941 1743 2981 eum
1792 2925 1958 2980 lilium
1979 2968 1994 2993 ,

392 3037 748 3098 posteaquam
771 3024 1033 3095 deliquit,
1086 3023 1167 3095 (7)
1196 3021 1475 3092 granditer
1506 3019 1767 3074 vindicari
1793 3062 1806 3085 ,
1836 3035 1997 3090 quem

391 3128 549 3191 pater
577 3119 813 3191 plurimo
839 3118 1027 3173 dilexit
1065 3115 1293 3180 alfeetu;
1337 3123 1394 3169 et
1437 3126 1696 3184 quantam
1741 3112 1993 3181 pietatem

2098 1905 2265 1960 duum
2292 1905 2531 1960 tenebrat
2557 1903 2778 1974 (Exod.,
2807 1922 2863 1972 x,
2890 1904 3012 1974 2‘2),
3037 1917 3090 1962 et
3113 1904 3285 1978 caligo
3309 1917 3467 1962 totam
3495 1907 3649 1980 Egyp-

2101 2007 2210 2054 tum
2233 1997 2607 2054 circumdedit.
2646 1997 2928 2053 Exaltatus
2956 2006 3042 2055 est
3066 1998 3235 2055 Israel
3260 2040 3276 2067 ,
3301 2000 3506 2068 quando
3530 2011 3592 2056 tot
3612 2012 3650 2057 et

2101 2099 2250 2146 tanta
2281 2100 2551 2147 tormenta
2578 2089 2961 2163 Egypliorum
3004 2092 3154 2146 solus
3196 2093 3314 2163 ipse
3354 2093 3479 2148 nihil
3506 2103 3584 2149 aut
3603 2095 3652 2149 ti-

2099 2185 2232 2241 muit
2253 2226 2268 2253 ,
2303 2195 2397 2240 aut
2429 2185 2621 2240 sensit.
2648 2185 2785 2253 Quid
2811 2185 2941 2240 illud
2963 2185 3107 2256 quod
3138 2201 3237 2258 per
3267 2202 3415 2242 mare
3441 2188 3652 2252 medium,

2103 2286 2382 2333 terrenum
2407 2277 2560 2332 duxit
2580 2277 2919 2348 ingressum?
2948 2276 3084 2348 (1b.,
3117 2278 3226 2349 xlv)
3247 2279 3405 2351 227
3436 2281 3510 2351 (8)
3533 2278 3653 2348 Quid,

2099 2370 2295 2441 quibus
2322 2369 2389 2424 de
2418 2369 2558 2425 cmlo
2581 2369 2951 2439 quotidianum
2983 2385 3177 2425 manna
3205 2371 3257 2424 in
3285 2370 3653 2444 eremo(Esod.,

2102 2458 2257 2531 xvr),
2312 2470 2470 2532 potus
2522 2476 2553 2516 e
2617 2476 2749 2515 saxo
2794 2459 3042 2528 (Exod.,
3093 2458 3286 2532 xvu),
3340 2476 3435 2532 per
3496 2461 3655 2532 lignum

2100 2568 2283 2608 amara
2368 2568 2506 2624 aqua
2559 2552 2731 2609 dulcis
2817 2554 3049 2609 ell'ecta?
3111 2570 3272 2624 quam
3335 2569 3432 2625 per
3498 2553 3656 2624 lignum

2104 2649 2315 2712 erucis,
2376 2645 2739 2702 amaritudine
2799 2645 3131 2702 Centilitatis
3182 2645 3437 2711 exclusa,
3482 2641 3659 2701 bibituri

2102 2754 2352 2796 essemus
2411 2738 2661 2809 (Exod,
2720 2755 2855 2804 xvt,
2909 2738 3022 2812 l7).
3084 2740 3318 2796 Exaltati
3363 2740 3452 2795 ﬁlii
3498 2738 3657 2804 lsrsel,

2101 2833 2321 2903 quando
2353 2832 2431 2906 (9)
2458 2834 2522 2888 ad
2551 2833 2847 2889 Jordanem
2887 2847 3111 2891 securus
3149 2834 3219 2889 ab
3247 2832 3429 2890 Horeb
3455 2831 3658 2889 secessit.

2102 2924 2284 2998 (Deut.
2330 2927 2404 2998 ι.)
2434 2925 2572 2995 Quid
2597 2924 2910 2997 quotidiana
2944 2926 3037 2982 Dei
3062 2926 3178 2995 (t0)
3198 2926 3461 2998 colloquia
3481 2923 3661 2997 (Exod.

2099 3034 2147 3072 c.
2183 3020 2247 3074 14
2267 3017 2332 3092 )?
2389 3017 2505 3091 Ipsi
2560 3029 2727 3073 autem
2757 3036 2838 3074 me
2867 3028 3165 3091 spreverunt
3194 3035 3210 3087 ;
3237 3018 3301 3072 ad
3326 3034 3531 3074 crucem
3549 3018 3661 3074 enim

2098 3112 2501 3184 perduxerunt,
2537 3129 2633 3183 per
2661 3129 2823 3183 quam
2854 3129 3075 3170 crucem
3144 3122 3433 3170 evaserunt
3466 3112 3661 3168 Pharao-

386 3212 588 3269 dilerto
635 3212 743 3267 lilio
781 3218 992 3266 amatus
1012 3219 1198 3299 ‘pater
1253 3207 1529 3271 exhibuit,
1579 3216 1781 3261 tantam
1833 3205 1997 3262 laesus
2025 3217 2070 3282 ρ
2104 3222 2263 3272 nem;
2297 3208 2393 3263 sed
2423 3207 2617 3263 iterum
2649 3206 3029 3277 derelinquetur
3057 3206 3169 3276 filia
3191 3207 3325 3263 Sion
3345 3204 3445 3280 (ls.
3468 3221 3486 3258 ι
3508 3246 3523 3271 ,
3545 3203 3609 3272 8).

390 3307 557 3378 exigit
579 3305 840 3361 ultionem
864 3347 879 3371 ,
912 3298 1038 3375 quia
1065 3317 1186 3357 eum
1218 3301 1388 3356 vicem
1423 3314 1530 3354 non
1584 3298 1818 3354 reddidit
1855 3299 1998 3371 patri

390 3398 621 3453 dilectus
648 3397 808 3464 ﬁlius,
835 3396 1055 3467 dignam
1080 3395 1403 3450 sententiam
1430 3390 1659 3460 percipit
1684 3390 1993 3447 abdicatus:

393 3491 547 3564 cujus
571 3491 716 3547 enim
738 3490 999 3560 impietas
1038 3496 1266 3558 paterno
1292 3484 1505 3540 at'fectui
1536 3498 1723 3554 parem
1762 3484 1994 3554 gratiam

391 3603 501 3644 non
530 3586 726 3654 refert,
758 3593 1016 3657 quantum
1063 3584 1133 3639 sit
1179 3581 1425 3638 criminis
1472 3578 1576 3634 dici
1625 3594 1731 3633 non
1777 3586 1989 3650 potest,

490 3755 544 3823 5)
581 3754 691 3807 Vox
732 3752 960 3806 homines
984 3747 1322 3823 desideratur
1351 3747 1403 3801 in
1428 3760 1530 3800 ms.
1562 3744 1685 3823 Tol.

490 3755 544 3823 5)
581 3755 691 3807 Vox
732 3755 960 3806 homines
984 3755 1322 3804 desideratur
1352 3755 1403 3801 in
1428 3760 1530 3800 ms.
1562 3755 1685 3799 't‘ol.

427 3755 548 3901 ’ξω
570 3824 899 3894 Scripsimus
927 3820 1065 3901 quod
1097 3835 1192 3901 pro
1216 3834 1318 3901 quo
1360 3832 1428 3871 ex
1459 3832 1563 3901 ms.
1614 3816 1803 3901 Pomp.
1834 3815 1996 3899 Forte

394 3888 558 3956 etiam
602 3888 823 3967 pro—quo
844 3935 859 3960 ,
888 3893 971 3947 vel
1000 3890 1135 3962 quod
1154 3893 1267 3967 jam
1300 3888 1585 3956 legendum
1610 3897 1693 3942 est
1732 3889 1995 3955 quoniam.

402 3972 503 4029 Ms.
532 3969 686 4034 Urb.,
716 3966 777 4022 de
803 3966 984 4019 timore
1007 3978 1104 4033 pro
1131 3966 1194 4015 de
1213 3975 1407 4034 notore.

470 4043 551 4115 (7)
575 4029 831 4115 Sidonius
873 4037 976 4115 lnge
1004 4029 1260 4115 adverbio
1286 4031 1456 4115 utitur
1484 4030 1589 4115 lib._
1608 4044 1704 4092 vu,
1734 4029 1897 4099 epist.
1921 4045 1990 4115 _u,

396 4125 450 4172 et
479 4107 599 4169 aliis
628 4114 680 4166 iu
710 4109 864 4166 locis.
893 4107 1022 4161 Post
1067 4119 1234 4174 pauca
1275 4110 1474 4156 amator
1505 4110 1648 4174 pater
1668 4115 1767 4170 pro
1786 4111 1995 4174 amatus

434 4169 541 4240 nter
568 4187 620 4239 in
646 4197 747 4236 ms.
775 4179 968 4236 Urbin.
1015 4169 1081 4231 et'
1108 4173 1531 4255 Dominumpro
1574 4169 1739 4240 Deum
1785 4172 1836 4226 in
1887 4187 1989 4228 ms.

445 4270 717 4313 omnetan.

767 4332 819 4376 et
843 4328 1097 4399 corrupta
1120 4317 1368 4399 _heic_e_st
1397 4331 1517 4399 etim
1549 4316 1992 4399 l'dllortlm,nllllli

397 4386 891 4464 manuscriptorum
915 4386 1093 4447 lectio.
1119 4391 1175 4447 lu
1207 4390 1365 4444 editis
1394 4388 1479 4464 sic
1495 4388 1770 4457 legebatur
1794 4404 1808 4440 :
1830 4386 1989 4453 Quid,

400 4472 585 4542 quibus
612 4461 692 4522 de'
711 4467 835 4521 cwlo
862 4464 1213 4542 quotidianum
1247 4476 1434 4514 manna
1465 4461 1517 4513 in
1544 4474 1733 4542 euentu.
1768 4470 1993 4542 etnuqua:

398 4527 550 4615 potus
588 4557 615 4594 e
642 4555 791 4615 saeuo,
822 4527 937 4608 qua:
974 4552 1063 4615 per
1105 4536 1300 4615 lignum
1343 4547 1522 4615 amara
1569 4530 1755 4615 dulcis‘
1780 4527 1987 4615 eﬂ'eneta,
2017 4549 2068 4610 υ

400 4601 551 4683 quam
582 4629 668 4682 per
698 4601 892 4683 lignum
919 4601 1094 4683 erucis
1108 4601 1456 4683 (amaritudine
1481 4601 1687 4656 exclusa
1714 4601 1988 4683 Gentililas

399 4673 609 4741 bibituri
637 4673 896 4736 essemus?
928 4680 982 4733 in
1012 4681 1205 4746 quibus
1249 4683 1603 4745 praeterquam
1636 4673 1777 4746 quod
1806 4690 1903 4746 nos
1927 4688 1989 4726 ea:

399 4775 581 4813 amara
622 4755 790 4809 dulcis
836 4744 1343 4818 eﬁecta‘legendtnn
1388 4748 1687 4818 esse,getr§
1717 4744 1991 4818 Gentilitas

402 4843 683 4901 perperam
711 4814 1306 4901 posittunjidetunprq
1337 4832 1401 4871 ea:
1423 4816 1619 4901 origine
1645 4815 1893 4881 Gentiles,
1926 4814 1990 4869 il-

397 4888 761 4957 lttd'tnaxime
786 4892 1032 4958 oll'endit,
1064 4889 1205 4957 quod
1239 4888 1553 4943 miractthnn
1599 4903 1750 4956 aqua:
1788 4901 1987 4958 amara:

398 4956 453 5028 in
483 4974 694 5027 dulcem
723 4956 1026 5027 conversae,
1050 4956 1219 5015 Exodi
1244 4974 1362 5020 xvr,
1383 4975 1485 5012 non
1501 4957 1568 5013 de
1589 4974 1727 5028 aqua
1751 4956 1989 5028 afﬁrma-

399 5027 507 5105 tur,
538 5058 696 5113 quam
730 5055 785 5113 ei
805 5052 936 5113 s:t_x_o
960 5049 1054 5113 per
1085 5036 1285 5101 virgam
1313 5031 1532 5113 Moyses
1561 5027 1765 5113 eduxit,
1799 5028 1893 5082 sed
1919 5027 1989 5085 de

399 5101 744 5187 aqua;qnam
776 5112 828 5162 in
861 5101 1004 5163 Marti
1036 5104 1328 5187 inventam,
1356 5116 1478 5187 cum
1509 5101 1990 5187 Jndmi‘prae‘ama-

396 5170 634 5242 riiudine
674 5182 857 5237 bibere
892 5194 1001 5232 non
1044 5182 1286 5243 possent,
1318 5172 1517 5241 injecto
1551 5173 1603 5225 iu
1641 5171 1786 5225 illaut
1818 5170 1986 5241 ligno,

396 5273 490 5314 seu
523 5252 924 5326 virga‘Moyses
954 5243 1405 5326 dulceni_eﬂ‘eeit.
1449 5243 1859 5326 Pleriqnentnss‘.
1905 5243 1987 5295 ni-

399 5312 475 5385 hil
521 5312 741 5383 reniedii
779 5312 1052 5384 a'dl'erunt,
1098 5316 1190 5373 sed
1228 5318 1405 5384 potius
1432 5312 1617 5369 novas
1640 5312 1986 5385 difﬁcultates

396 5382 666 5473 ingerunt.
696 5392 892 5473 lu_Tol.
922 5382 1129 5473 desunt.
1159 5398 1210 5468 et
1407 5402 1424 5442 :
1455 5386 1523 5473 in.
1543 5385 1730 5473 Po't‘np.
1764 5395 1817 5438 et
1844 5382 1978 5473 [Z‘enj

394 5454 803 5540 etucoujunetio
848 5474 1053 5540 tantum
1099 5460 1453 5540 desideratur.
1503 5456 1560 5512 lu
1605 5454 1760 5510 Rem.
1791 5471 1804 5506 :
1841 5454 1979 5521 Quid

392 5544 575 5613 quibus
594 5531 667 5595 vde
704 5539 830 5593 calo
857 5532 1210 5613 quotidianum
1245 5531 1298 5613 in
1328 5545 1497 5584 eremo
1527 5538 1677 5613 polus
1703 5544 1729 5580 e
1754 5541 1979 5596 saxoque

392 5599 482 5683 per
527 5599 949 5686 lignumhantaru
1000 5603 1168 5659 dulcis
1206 5599 1423 5686 effecta,“
1454 5599 1569 5669 qua:
1615 5600 1980 5686 lignumlclru-

392 5667 487 5746 iis,
517 5667 619 5741 etic.
654 5682 709 5736 lu
736 5681 855 5735 Vat.
893 5697 907 5733 :
935 5695 961 5733 e
996 5691 1147 5740 saxo,
1167 5667 1258 5745 qui
1274 5689 1362 5742 per
1386 5667 1579 5746 lignum
1603 5667 1780 5746 amarit
1810 5667 1978 5746 dulcis

393 5740 589 5823 e/fecta,
616 5769 731 5819 qurt'
756 5753 952 5823 lignum
976 5748 1148 5823 erucis
1164 5740 1582 5823 amaritudinem,-
1602 5752 1704 5823 etc.
1731 5740 1975 5823 Tandem

393 5770 457 5823 t’l/
464 5770 589 5819 ecta,
616 5770 731 5819 qutt'
756 5770 791 5806 ll
830 5770 952 5805 num
976 5770 1143 5803 crucss
1164 5770 1582 5809 amuruumucm,’
1602 5770 1704 5798 cw.
1741 5770 1766 5797 ,ι
1782 5770 1973 5797 utrumn

390 5827 560 5885 codex
589 5826 753 5881 Basil.
795 5770 973 5879 ζωῆς.
1007 5818 1205 5886 :Quid,
1250 5815 1430 5889 quibus
1468 5816 1530 5873 de
1561 5815 1687 5872 coelo
1715 5812 1973 5885 quotidia-

2532 3302 2782 3359 Videntur
2806 3302 2981 3358 deesse
3002 3302 3275 3359 nonnulla.

2491 3398 2655 3469 ηε
2680 3393 3095 3453 TRACTATUS
3135 3394 3324 3451 xxnt.

2640 3487 2707 3541 In
2745 3488 2824 3561 (l)
2867 3487 3068 3542 Isaiam
3106 3485 3173 3542 ll.

2174 3580 2327 3637 Sicut
2366 3578 2516 3635 Isaia:
2571 3578 2872 3636 beatissimi
2946 3579 3150 3637 indicat
3200 3594 3440 3651 carmen,
3481 3579 3662 3644 iudaice

2102 3761 2225 3799 num
2246 3744 2302 3799 in
2329 3759 2498 3815 eremo
2525 3753 2673 3815 potus
2695 3757 2760 3796 ea:
2788 3756 2914 3795 saxo
2952 3756 2987 3811 q
3011 3755 3103 3815 per
3129 3740 3327 3815 lignum
3356 3754 3530 3815 amart;
3558 3753 3663 3815 aqua

2104 3816 2273 3870 dulcis
2311 3809 2645 3882 elfectafque
2671 3815 2867 3887 lignum
2898 3809 3451 3887 crueis__amaritudine
3486 3809 3663 3865 Gentili-

2104 3896 2209 3942 tate
2251 3888 2463 3941 exclusa
2513 3882 2729 3941 bibiturl
2773 3900 3017 3940 essemus.
3066 3883 3192 3938 Haec
3244 3882 3402 3938 lectio
3439 3893 3662 3953 quatenus

2101 3958 2429 4029 praecipuam
2455 3957 2833 4029 difﬁcultatem
2864 3970 2893 4009 a
2926 3954 3183 4029 miraculo
3210 3970 3364 4027 aqum
3387 3951 3660 4029 anim-arde-

2101 4024 2320 4085 ductam
2352 4029 2612 4098 diSpellit,
2650 4025 2981 4093 praeferenda
3028 4027 3136 4080 visa
3184 4024 3317 4087 est;
3347 4036 3400 4082 et
3424 4024 3584 4081 addito
3609 4036 3660 4077 es

2104 4101 2265 4156 editis
2292 4116 2354 4156 ac
2386 4099 2768 4168 manuscriptis
2790 4098 2996 4168 aliquot
3016 4100 3075 4153 τὸ
3099 4098 3608 4165 nmnna,scriptoqoe
3624 4101 3660 4144 et

2103 4186 2203 4243 pro
2223 4188 2254 4242 q
2282 4172 2367 4226 vel
2399 4188 2519 4241 que,
2552 4186 2652 4225 nec
2677 4186 2783 4225 non
2825 4168 3143 4224 Gentilitatis
3170 4183 3269 4243 pro
3296 4168 3586 4229 Gentilitate,
3610 4178 3659 4218 ac

2103 4239 2319 4299 laudem
2349 4239 2420 4298 ex
2442 4243 2603 4298 editis
2633 4249 2848 4298 retento
2887 4257 3041 4311 quant
3066 4257 3158 4312 per
3189 4239 3407 4311 lignum,
3434 4256 3540 4312 eam
3565 4247 3660 4312 tes-

2102 4315 2176 4369 tui
2233 4314 2580 4379 inseruimus,
2633 4320 2690 4368 et
2733 4308 3003 4368 sententia
3054 4308 3140 4367 est
3174 4328 3185 4364 :
3219 4308 3382 4380 Quid,
3411 4310 3573 4381 quibus
3606 4308 3657 4359 de

2099 4384 2225 4441 caelo
2251 4385 2607 4457 quotidianum
2628 4401 2816 4457 manna
2839 4384 2894 4457 in
2920 4399 3088 4439 eremo
3113 4382 3369 4457 (subaudi
3395 4383 3554 4455 pluit),
3578 4396 3652 4449 po-

2099 4466 2178 4512 tus
2209 4475 2236 4511 e
2261 4452 2395 4529 'saafo
2419 4456 2671 4529 (subaudi
2697 4452 2875 4527 ﬂuxit)
2902 4464 2949 4508 et
2986 4471 3077 4526 per
3104 4452 3305 4526 lignum
3350 4452 3518 4508 amaro
3549 4465 3656 4520 aqua

2098 4529 2264 4584 dulcis
2295 4526 2521 4595 e/fecta?
2548 4538 2654 4582 etc.

2166 4590 2403 4672 (9)7M'ss.
2455 4599 2644 4672 Pomp.
2697 4607 2751 4654 et
2788 4597 2930 4672 Zeti.
2966 4614 3056 4671 per
3083 4597 3371 4672 Jordanem
3396 4590 3655 4672 septimani

2094 4669 2273 4743 nores
2299 4672 2511 4726 accessit
2540 4671 2633 4743 (lu_
2650 4685 2754 4743 ms.
2787 4669 2944 4743 Rem.
2968 4669 3290 4743 praepositio
3321 4687 3410 4737 per
3433 4669 3584 4743 deeﬂst,
3608 4672 3653 4743 et

2094 4743 2161 4797 ad
2194 4742 2360 4797 Horeb
2394 4733 2595 4811 pariter
2624 4739 2870 4811 legitur),
2898 4733 2993 4811 sed
3034 4733 3213 4807 male;
3258 4733 3379 4796 nam
3416 4740 3480 4794 ab
3508 4733 3653 4811 ﬂore!)

2094 4758 2160 4797 aa
2194 4758 2360 4797 ﬂoreo
2394 4758 2595 4811 pariter
2626 4758 2674 4796 te
2716 4758 2870 4811 uur),
2898 4758 2991 4796 seu
3034 4758 3213 4807 male;
3258 4758 3379 4796 nam
3416 4758 3480 4794 an
3508 4758 3653 4793 uoreo

2092 4814 2159 4867 ad
2204 4813 2492 4869 Jordanem
2539 4758 2710 4869 Israel
2730 4809 3000 4882 prolee’tns
3046 4821 3150 4876 est,
3185 4821 3242 4866 ut
3281 4829 3348 4868 ex
3392 4810 3546 4882 sacris
3579 4804 3653 4882 lit:

2094 4887 2223 4939 teris
2252 4894 2484 4940 constat.
2528 4883 2627 4938 Ms.
2662 4875 2781 4938 Vat.
2812 4882 2881 4938 ad
2908 4882 3107 4938 Cltoreb
3138 4875 3236 4954 pro
3263 4885 3325 4953 ab
3358 4881 3552 4954 Horeb;
3570 4875 3648 4931 sed

2094 4955 2289 5011 Choreb
2307 4965 2361 5010 et
2390 4956 2562 5010 lloreb
2584 4956 2834 5012 eumdem
2855 4965 3090 5010 montem
3109 4952 3434 5025 signiﬁcant,
3456 4952 3649 5025 eadem-

2093 5043 2198 5098 que
2226 5036 2353 5082 sunt
2396 5042 2556 5083 voces
2595 5029 2708 5081 sola
2756 5026 3125 5095 atlSpll‘alltme
3160 5019 3427 5098 diversae,
3454 5025 3504 5078 ln
3538 5019 3644 5098 edit.

2095 5094 2229 5154 Ven.
2255 5108 2577 5153 accesserunt
2608 5115 2703 5166 pro
2728 5094 2964 5163 accessit,
2997 5113 3120 5153 cum
3146 5099 3215 5151 ad
3237 5098 3375 5167 ﬁlios
3400 5094 3550 5167 Israel
3574 5104 3647 5144 re-

2090 5168 2374 5226 ferendum
2416 5165 2707 5225 videretur.
2733 5173 2801 5223 At
2846 5178 3200 5239 prmterqnam
3230 5165 3374 5239 quod
3396 5165 3543 5239 secari
3566 5173 3645 5239 pre

2088 5257 2297 5295 securus
2325 5240 2668 5296 scribendum
2695 5229 2907 5311 quoque
2941 5229 3152 5305 luisset,
3185 5229 3395 5295 accessit
3420 5236 3480 5293 ad
3504 5229 3647 5289 lsiael

2087 5312 2374 5367 eonunode
2403 5312 2562 5368 refert
2575 5328 2655 5366 ur.

2080 5386 2103 5465 ’θ
2148 5383 2279 5508 μυ)
2307 5384 2403 5437 Ms.
2430 5383 2646 5452 Pomp.,
2665 5379 2763 5437 Dei
2788 5383 3062 5466 collocatio
3090 5398 3188 5453 pro
3214 5380 3311 5436 Dei
3331 5378 3640 5457 colloquiaget

2089 5469 2141 5507 tn
2170 5472 2224 5508 ra
2254 5464 2514 5508 evaserant
2536 5470 2635 5508 Dm
2661 5466 2929 5508 evaserunt
2964 5462 3017 5508 th
3057 5468 3190 5508 mss.
3215 5452 3451 5508 Tolent..
3480 5449 3636 5506 Urbtn.

2089 5447 2224 5508 inl'ra
2254 5447 2514 5509 evaserant
2536 5447 2639 5525 pro
2661 5466 2929 5509 evaserunt
2964 5455 3017 5509 ill
3057 5447 3190 5510 mss.
3215 5452 3451 5519 Tolent.,
3471 5447 3636 5506 ‘Urbin.

2087 5535 2248 5594 atque
2285 5526 2454 5580 Vatie.
2490 5528 2698 5595 legitur.

2158 5593 2364 5653 TRACT.
2398 5593 2755 5669 XXlll.-—(l)
2785 5596 3114 5668 Subjicimus
3137 5593 3466 5669 heicraliosi
3487 5597 3636 5669 tract»

2088 5668 2216 5725 licet
2263 5671 2540 5724 breviores
2570 5711 2586 5736 ,
2620 5658 2828 5741 quippe
2878 5658 2967 5739 qui
3008 5669 3076 5722 ad
3114 5668 3371 5741 eumdem
3404 5666 3539 5722 lsaim
3576 5658 3640 5712 Ιο-

2085 5757 2208 5796 cum
2240 5741 2567 5804 referuntur,
2599 5740 2667 5795 de
2698 5756 2806 5810 quo
2849 5742 2900 5794 in
2944 5740 3211 5810 superiori
3247 5748 3463 5794 tractatu
3488 5743 3640 5810 serum

2084 5811 2218 5869 luit;
2247 5811 2408 5884 Audi,
2439 5800 2642 5883 cwlum,
2687 5800 2734 5868 el
2757 5812 2968 5869 auribus
3001 5800 3228 5883 percipe,
3252 5822 3405 5882 terra,
3436 5820 3528 5867 etc.
3554 5800 3640 5857 llat-
