3926 6328
286 306 373 363 I65

283 422 717 497 populoirascitur
746 423 885 479 Deus
911 423 1017 496 (2),
1041 423 1384 497 cumque,(3)
1410 439 1476 479 ne
1494 424 1633 481 forte
1661 426 1834 496 pmni—
1866 428 1913 486 Α

281 526 398 583 teat,
438 515 642 587 publica
688 515 1066 587 objurgatione
1109 517 1374 573 confutat.
1423 517 1667 573 Humana
1713 532 1838 575 sen-

280 605 505 679 tienti(I)
544 607 831 663 nundinari
861 608 1100 664 deterius
1139 617 1246 675 est,
1297 625 1458 681 quam
1500 610 1700 681 puniri.
1738 611 1840 667 De-

276 699 415 771 nique
439 698 570 754 ﬁlios
609 707 789 767 vocat,
824 709 882 755 ut
923 700 1193 757 abdicatio
1223 705 1515 769 timeatur;
1544 704 1833 774 exaltatos,

276 803 323 850 ttt
352 794 486 849 ruina
524 796 715 850 terrori
763 796 867 861 sit;
911 806 1214 865 spretores,
1249 805 1306 851 ut
1339 812 1555 867 ptenam
1590 799 1835 870 supplicii

272 894 459 949 sibimet
505 893 819 963 impendere
869 906 1218 964 cognoscant.
1273 896 1427 964 Quod
1480 896 1831 965 exemplum,

271 988 453 1050 fratres,
476 986 689 1044 fortiter
713 987 908 1059 fugite:
934 990 1204 1061 simulque
1226 990 1474 1061 gaudete,
1497 993 1659 1065 239
1686 992 1829 1062 quod

268 1081 431 1135 alienis
459 1080 624 1152 plagis
653 1082 732 1153 (5)
767 1082 860 1137 Dei
891 1080 1099 1138 discitis
1139 1083 1481 1155 disciplinam
1521 1101 1617 1156 per
1643 1085 1829 1143 Domi-

268 1188 374 1227 num
404 1181 643 1229 nostrum
665 1173 848 1230 Iesum
876 1173 1175 1233 Christum.

704 1328 1123 1390 TRACTATUS
1160 1331 1350 1390 XXIV.

757 1465 823 1522 In
849 1466 930 1540 (1)
959 1466 1158 1524 Isaiam
1202 1469 1291 1526 III.

316 1581 604 1638 Vehemens
634 1583 927 1639 commotio
956 1590 1061 1651 est,
1087 1583 1300 1652 fratres,
1335 1599 1456 1640 cum
1500 1585 1545 1640 is
1584 1585 1653 1642 de
1682 1587 1821 1655 inju-

256 1674 322 1728 ris
364 1688 452 1729 sua
479 1674 746 1745 queritur,
794 1675 884 1746 qui
928 1690 991 1731 se
1016 1685 1193 1747 potest
1232 1675 1486 1733 facillime
1524 1679 1815 1736 vindicare.

258 1765 345 1822 Sed
365 1767 479 1838 quia
505 1766 650 1837 apud
684 1768 956 1837 sapientes
977 1780 1031 1824 et
1057 1768 1318 1825 honestos
1343 1770 1560 1841 gravius
1584 1781 1689 1838 est,
1719 1772 1815 1826 ali-

380 1821 396 1838 .
543 1821 563 1837 ,ν
630 1821 635 1822 κ
1344 1821 1557 1841 υ-ή--η
1589 1821 1788 1838 νην-η
1957 1839 1967 1849 ,

254 1874 340 1933 qua
367 1865 483 1913 nota
531 1859 812 1925 confundi,
861 1877 1022 1932 quam
1053 1863 1211 1929 mori,
1244 1863 1386 1919 Deus
1407 1863 1690 1920 Iudaicum
1722 1881 1817 1936 po-
1847 1821 1897 1883 B
1921 1854 2085 1894 θυω-

253 1951 406 2020 pulum
434 1952 658 2008 luxuria:
702 1962 836 2008 testu
868 1953 945 2025 (2)
989 1954 1321 2011 exuberante
1364 1967 1674 2028 corruptum
1716 1974 1816 2028 pu-

249 2042 363 2098 blica
387 2044 754 2115 increpatione
775 2046 1018 2101 confutat
1043 2064 1055 2099 :
1089 2048 1285 2103 caelum
1315 2056 1621 2120 terramque
1649 2057 1816 2105 testes

245 2137 354 2195 citat
381 2138 477 2213 (Is.
507 2158 548 2207 ι,
582 2142 660 2211 2),
692 2152 751 2198 ut
779 2152 1070 2215 esaggeret
1102 2144 1306 2199 crimen
1339 2162 1350 2198 :
1378 2143 1517 2200 filios
1555 2145 1810 2216 appellat,

245 2246 290 2291 nt
314 2238 607 2306 abdicatio;
648 2240 937 2307 exaltatos,
989 2249 1045 2295 nt
1082 2242 1231 2295 ruina
1272 2242 1521 2297 timeatur
1556 2258 1569 2296 :
1601 2251 1812 2314 spreto-

243 2344 314 2382 res
337 2333 432 2397 sui,
462 2342 522 2386 ut
556 2332 755 2403 impios
805 2342 1088 2392 monstret.
1137 2330 1321 2388 Infelix
1370 2334 1526 2404 Culpa
1567 2345 1669 2401 est,
1704 2333 1811 2389 fra-

242 2432 348 2486 tres.
382 2424 431 2479 in
453 2441 556 2495 qua
590 2427 770 2482 lacum
798 2429 878 2498 (5)
909 2428 1317 2498 qualiscumque
1349 2443 1453 2481 non
1479 2425 1681 2481 invenit
1708 2444 1805 2482 cx-

237 2515 433 2572 cusatio.
483 2518 832 2575 Detestabilis
871 2530 1019 2575 certe
1068 2520 1228 2588 ﬁlius,
1257 2536 1416 2592 quem
1463 2531 1616 2592 pater
1662 2518 1804 2593 pius,

236 2623 372 2678 quem
398 2621 548 2682 pater
575 2612 797 2669 damnat
822 2611 1041 2669 invitus.

234 2773 311 2830 bili
336 2784 503 2831 autem
537 2778 792 2834 videntur
820 2788 1059 2841 tempore
1086 2780 1371 2848 passionis,
1397 2794 1517 2836 cum
1546 2781 1598 2835 in
1628 2781 1799 2837 sacris

230 2847 395 2921 officiis
424 2848 486 2921 ad
512 2850 949 2917 exprobrandam
976 2847 1284 2907 Iudaeorum
1313 2852 1589 2921 perﬁdiam
1619 2861 1798 2907 textus

230 2916 620 2995 Iteicindicatus
654 2922 922 2995 legeretur
944 2922 1254 2995 (occasione
1280 2916 1459 2995 autem
1491 2938 1661 2979 sacrae
1690 2925 1798 2980 Iec-

232 2988 380 3065 tioni_s_
397 2993 490 3046 bos
513 2988 777 3048 tractatus
798 3008 826 3048 a
854 2988 1072 3050 Zenone
1095 2994 1579 3065 recitatosliquet),
1594 3004 1649 3050 et
1672 3010 1794 3050 cum

229 3075 312 3129 per
335 3061 628 3136 id_tenipus
673 3079 824 3119 sacra
871 3065 1042 3120 oflicia
1080 3066 1287 3136 longius
1318 3061 1527 3135 tempus
1560 3067 1795 3136 postula-

228 3143 346 3207 rent,
372 3132 783 3207 S.Episcopus,
809 3152 877 3191 ne
904 3132 1443 3205 pastorale‘verbmn'
1458 3132 1657 3207 populo
1700 3152 1795 3207 pe-

1353 305 1556 364 I.IBER
1599 307 1665 364 II.
1706 307 2124 368 TRACTATUS
2161 307 2357 368 XXVI.

3435 309 3542 368 466

2332 424 2498 498 230
2520 424 2935 485 TRAC'I‘A'I‘L'S
2974 428 3141 486 XXV.

2521 541 2586 597 In
2616 543 2815 598 Isaiam
2839 542 2928 601 IV.

2012 631 2291 688 Humanus
2331 634 2473 689 circa
2516 634 2847 705 impietatem
2882 634 3088 693 Iudaici
3128 639 3311 710 populi
3353 639 3538 697 delicit

1938 738 2142 791 sermo,
2176 726 2265 796 qui
2313 726 2407 780 Dei
2439 728 2750 796 patientiam
2799 729 2882 783 sui
2926 729 3183 785 obstinati
3221 732 3405 788 cordis
3435 734 3538 788 im-

1936 817 2193 889 patientia
2232 819 2535 887 superavit;
2579 834 2685 874 non
2725 822 2868 874 enim
2919 820 3038 877 leve
3085 820 3291 878 crimen
3336 833 3421 879 est
3451 824 3534 896 (l)

1935 908 2073 979 ejus,
2106 926 2228 965 cum
2254 910 2320 964 de
2355 926 2424 966 eo
2463 911 2555 965 ille
2591 911 2856 982 queritur,
2887 916 2977 983 qni
3008 929 3133 970 mox
3164 931 3287 971 eum
3320 929 3535 987 poterat

1933 1012 1988 1057 et
2015 1004 2223 1071 punire.
2260 1002 2367 1059 Sed
2413 1004 2536 1072 quia
2564 1003 2645 1076 (2)
2686 1020 2831 1059 mors
2874 1007 3013 1075 apud
3049 1006 3355 1064 incredulos
3384 1009 3531 1064 l‘utu-

1888 1140 1893 1147 .
1932 1111 2114 1150 rerum
2152 1103 2367 1164 putatur
2397 1111 2572 1167 ptenm
2598 1097 2981 1167 compendium
3001 1138 3014 1164 ,
3054 1113 3118 1154 ac
3150 1114 3286 1170 pene
3311 1115 3413 1172 pro
3442 1102 3526 1156 iu-

1930 1187 2073 1244 fecto
2100 1188 2349 1255 habetur,
2374 1190 2515 1261 quod
2540 1206 2645 1245 non
2672 1190 3008 1256 didamatur;
3033 1193 3244 1247 censuit
3267 1208 3367 1249 eos
3386 1194 3529 1250 creto

1930 1291 1986 1337 ct
2026 1291 2171 1337 terra
2224 1283 2449 1338 testibus
2494 1283 2775 1350 denotare,
2819 1293 2878 1339 ut
2926 1284 3225 1340 inexcusati
3269 1284 3529 1342 facinoris

1926 1378 2255 1446 competenti
2276 1377 2484 1446 judicio
2522 1377 2889 1447 subjacerent.
2921 1378 3162 1449 Denique
3193 1393 3283 1434 res
3305 1379 3526 1448 impleta

1926 1475 2011 1524 est
2039 1468 2254 1523 Domini
2285 1470 2536 1539 passione
2568 1489 2580 1525 :
2608 1470 2806 1527 ctelum
2837 1468 2919 1542 (ὃ)
2950 1470 3002 1525 in
3034 1470 3212 1526 medio
3238 1470 3326 1526 die
3347 1470 3528 1541 pcrdi-

1924 1559 2006 1615 dit
2032 1560 2201 1627 diem,
2234 1568 2375 1630 terra
2427 1574 2662 1618 tremore
2705 1562 2872 1618 nimio
2901 1562 2982 1635 (4)
3008 1561 3340 1618 firmitatem.
3385 1561 3524 1619 Ilinc

1924 1653 2197 1708 aastimare
2234 1653 2383 1721 licet,
2416 1654 2542 1725 quid
2574 1657 2656 1710 eis
2681 1657 2752 1709 sit
2796 1663 3154 1722 reservatum,
3195 1671 3426 1726 quorum
3467 1656 3520 1710 in

1922 1759 2084 1800 causa
2114 1744 2320 1801 funerei
2373 1746 2548 1801 luctus
2590 1761 2765 1817 poenae
2808 1746 3033 1817 pertulit
3073 1754 3267 1802 natura
3311 1747 3523 1817 suppli-

2402 1909 2816 1969 TRACTATUS
2856 1911 3048 1968 XXVI.

2510 2030 2576 2087 In
2606 2030 2801 2090 Isaiam
2835 2033 2896 2088 V.

1989 2147 2275 2204 Iudaicum
2303 2149 2558 2221 populum
2582 2149 2892 2205 universum
2932 2149 3122 2205 salutis
3144 2163 3257 2205 sua:
3277 2146 3355 2221 (l)
3378 2149 3515 2204 omi-

1918 2240 2057 2295 sisse
2088 2240 2419 2310 prmsidium,
2453 2241 2621 2297 divini
2658 2242 2917 2297 carminis
2948 2249 3128 2298 textus
3157 2242 3415 2296 ostendit.
3453 2240 3512 2296 In

1917 2349 2023 2405 quo
2049 2349 2171 2389 eum
2206 2349 2310 2388 non
2334 2335 2598 2389 severitas
2628 2336 2769 2405 apud
2800 2350 2994 2391 omnes
3024 2334 3371 2399 condemnat,
3405 2334 3516 2389 l'ra-

1918 2438 2028 2482 tres
2061 2429 2380 2494 veuerandi,
2424 2430 2517 2483 sed
2570 2429 2772 2499 pietas;
2822 2445 2996 2501 neque
3044 2430 3189 2485 enim
3222 2437 3401 2500 potest
3442 2429 3512 2484 de

1915 2538 2184 2592 quoquam
2213 2523 2351 2578 bene
2382 2524 2601 2589 mereri,
2633 2540 2793 2595 quem
2823 2535 2973 2594 pater
3003 2524 3430 2594 patientissimus
3456 2532 3512 2577 et

1914 2615 2371 2673 clementissimus
2409 2616 2768 2684 abdicaverit,
2809 2624 2865 2673 et
2888 2617 3105 2688 quidem
3149 2630 3253 2671 non
3288 2630 3513 2670 accusa-

1908 2796 2024 2836 rum
2051 2780 2111 2837 L.
2138 2796 2225 2847 ut,
2256 2796 2443 2843 nervo,
2479 2782 2563 2835 vel
2593 2779 2944 2852 compedibus
2972 2778 3208 2852 devincti
3250 2779 3509 2834 teneban-

1909 2864 1996 2907 tur
2026 2867 2123 2923 per
2162 2855 2279 2908 dies
2304 2852 2599 2924 sexaginta.
2625 2850 2821 2923 quibus
2845 2866 2966 2905 cum
3004 2850 3273 2924 creditore
3304 2852 3505 2922 pacisci

1907 2922 2190 2990 poterant;
2219 2937 2269 2980 et
2297 2922 2539 2981 intereas
2561 2922 2671 2978 dies
2694 2924 2842 2977 trinis
2870 2922 3116 2976 nundinis
3146 2924 3402 2977 continuis
3426 2924 3496 2978 ad

1906 2993 2188 3050 Prwtorem
2221 2997 2275 3049 in
2302 2997 2565 3050 contitium
2607 2994 3043 3061 producebantur,
3075 3004 3377 3065 quartusque
3409 3014 3504 3064 pe-

1904 3069 2074 3152 cunia;
2110 3067 2344 3152 judicati
2390 3078 2597 3152 essent“
2629 3065 3027 3152 praedicabatur.
3080 3064 3299 3152 tertiis;
3333 3076 3503 3131 autem

1902 3135 2147 3193 nundinis
2169 3140 2338 3205 capite
2360 3154 2534 3210 plenas
2562 3135 2775 3201 dabant,
2806 3147 2897 3210 aut
2923 3146 3064 3191 trans
3094 3135 3328 3209 Tyberint
3359 3154 3502 3210 pere-

227 3202 348 3258 nitus
372 3202 743 3279 subtraheret,
787 3208 838 3262 id
886 3202 1118 3278 elegisse
1145 3208 1381 3271 videtur.
1421 3202 1474 3263 ui
1507 3202 1657 3265 brevi
1694 3202 1789 3279 ὀρ·
1824 3203 1870 3265 C
1900 3227 1989 3277 gre
2010 3227 2187 3265 venunt
2210 3202 2375 3274 ibant,
2404 3209 2583 3265 Gellio
2632 3218 2792 3272 teste,
2846 3208 2940 3263 lib.
2974 3218 3064 3276 x‘x,
3092 3202 3211 3277 cap.
3243 3210 3327 3264 ll).
3359 3202 3500 3263 'llzec

227 3285 535 3347 portunaque
563 3278 1006 3334 consideratione
1035 3280 1305 3349 proposita
1338 3280 1391 3335 in
1427 3280 1578 3335 Isaiae
1609 3278 1796 3336 lectio-

228 3360 355 3421 nem,
381 3357 643 3421 tractatus
664 3351 853 3420 paucis
896 3350 1241 3417 absolveret;
1292 3350 1361 3408 de
1397 3367 1505 3421 quo
1543 3352 1798 3407 nonnulla

228 3416 421 3491 ulterius
449 3416 698 3476 dicemus
732 3423 783 3475 in
813 3422 1195 3477 Admonitiune
1222 3416 1499 3491 przemis~a
1518 3429 1675 3479 tract.
1705 3423 1795 3479 30.

285 3489 354 3560 (2)
384 3490 458 3546 De
488 3506 628 3565 voce
644 3510 881 3565 carmen,
913 3510 1035 3565 quae
1057 3489 1441 3564 propositionis
1479 3494 1637 3548 initio
1667 3494 1799 3564 Iegi~

227 3568 316 3627 tur,
348 3578 438 3630 pro
460 3562 625 3635 eﬂ'ato
654 3576 707 3619 et
737 3562 965 3635 formula
993 3562 1223 3635 quadam
1245 3565 1497 3629 solemni,
1528 3565 1610 3619 vel
1634 3562 1796 3627 etiam

228 3635 404 3703 scripto
425 3634 745 3704 prophetico
773 3648 992 3705 accepta
1012 3634 1148 3691 satis
1177 3637 1412 3692 diximus
1441 3636 1715 3693 adnot.26
1744 3639 1796 3693 in

226 3712 360 3757 tract.
390 3704 474 3769 I2,
506 3716 563 3761 et
605 3707 789 3761 adnot.
826 3708 895 3763 49
921 3708 973 3764 in
1008 3718 1223 3765 tractat.
1258 3710 1305 3765 I.
1344 3709 1433 3763 lib.
1471 3724 1508 3763 ι.

286 3774 355 3846 (5)
382 3775 676 3847 Respicere
708 3777 832 3847 illoc
872 3780 990 3835 loco
1024 3791 1215 3835 ain-tor
1255 3779 1464 3834 videtur
1509 3780 1596 3834 illa
1648 3777 1797 3835 Isaiae

226 3860 327 3919 cap.
353 3862 422 3910 τι,
451 3846 501 3901 v.
531 3847 568 3904 9
609 3859 663 3903 et
697 3846 804 3904 I0;
837 3848 979 3905 Vade
1009 3861 1057 3904 et
1085 3852 1224 3906 dices
1270 3854 1460 3919 populo
1494 3850 1616 3904 huic
1641 3867 1660 3905 :
1694 3853 1798 3904 Atto

228 3916 315 3971 dite
336 3920 620 3994 audientes,
663 3930 712 3974 et
760 3923 919 3994 nolite
966 3916 1287 3994 intelligere;
1326 3916 1490 3976 uidete
1528 3922 1791 3987 visionem,

227 3997 265 4064 et
285 3991 427 4045 nolite
452 4008 778 4062 cognoscere.
813 3991 1032 4047 Excwca
1054 3991 1148 4047 cor
1169 3994 1347 4064 pepuli
1371 3994 1545 4064 hujus,
1579 4003 1627 4046 et
1646 4010 1799 4049 aures

227 4013 261 4041 ει
285 4013 427 4045 name
452 4013 778 4062 cognoscere.
813 4013 1032 4047 επακ-ιι
1054 4013 1141 4047 cor
1205 4013 1347 4064 opnu
1371 4013 1545 4064 mqus,
1579 4013 1627 4046 et
1646 4013 1799 4049 aures

226 4062 603 4135 ejtts_aggrava,
657 4074 704 4116 et
743 4067 916 4118 oculos
967 4068 1079 4133 ejus
1125 4013 1329 4130 clinde,
1374 4082 1435 4118 ne
1478 4069 1608 4135 forte
1630 4065 1799 4119 videat

227 4131 369 4186 oculis
389 4131 515 4199 suis,
545 4144 595 4187 et
624 4134 834 4188 auribus
859 4131 1064 4197 audiat,
1082 4148 1130 4190 et
1159 4137 1312 4190 corde
1336 4152 1428 4189 sua
1452 4131 1726 4207 inteHigat,
1751 4146 1800 4191 et

225 4215 543 4267 convertatur,
578 4218 621 4258 el
654 4223 825 4261 saltem
850 4225 981 4263 eum.

286 4274 358 4344 (ι)
407 4275 546 4342 Quid
598 4280 701 4343 sit,
760 4277 984 4332 humana
1043 4279 1277 4333 sentienti
1324 4278 1602 4333 nundinari
1660 4278 1795 4333 delc-

223 4342 311 4419 rins
341 4342 445 4419 est,
476 4365 632 4418 quant
682 4350 888 4418 puniri,
936 4358 1163 4404 tractatu
1213 4351 1459 4419 sequenti
1500 4349 1797 4418 explicatur

224 4414 289 4467 sic
326 4434 338 4468 :
379 4414 533 4494 Apud
568 4414 832 4494 sapientes
881 4432 925 4473 cl
976 4422 1209 4494 honestos
1251 4414 1459 4494 gravius
1501 4414 1584 4475 est
1622 4422 1798 4494 aliqua

225 4496 327 4561 nata
350 4492 615 4556 confundi,
645 4508 799 4560 quam
827 4494 973 4546 mori.
1007 4492 1209 4547 Similia
1246 4492 1664 4561 Iirgunturlract.
1688 4492 1791 4547 25:

225 4556 352 4635 Mors
372 4564 515 4627 apud
560 4556 852 4616 incredulos
880 4566 1174 4633 futurorum
1214 4556 1423 4635 putatur
1450 4579 1613 4634 pinnae
1658 4580 1794 4618 com-

1906 3296 2036 3349 ergo
2061 3293 2177 3336 erat
2201 3282 2436 3364 infamia:
2459 3296 2578 3364 qum
2601 3280 3122 3364 nttttdittattdiverlm
3146 3279 3405 3364 subjecti,
3430 3281 3499 3334 ad

1904 3366 2120 3406 omnem
2145 3362 2321 3406 notam
2349 3349 2613 3419 publicam
2646 3351 2888 3405 traducta
2919 3349 3017 3403 l‘nit
3049 3367 3062 3406 :
3094 3353 3235 3405 unde
3258 3350 3315 3404 S.
3351 3349 3499 3405 Zeno

1905 3423 2161 3497 publicam
2189 3424 2595 3497 objurgationem
2642 3424 2800 3497 paulo
2837 3430 2964 3497 ante
2993 3422 3302 3497 appellatjt.
3325 3420 3493 3497 ΔΝᾳητ

1903 3493 2056 3548 dinor
2083 3490 2264 3550 autem
2295 3490 2506 3561 passive
2534 3490 2676 3549 sumi
2709 3492 2950 3562 potuisse
2988 3494 3180 3547 suadet
3208 3490 3498 3561 Capitolini

1903 3566 2236 3649 etstimp’um,
2271 3566 2322 3619 in
2356 3565 2651 3649 Gordiano,
2669 3563 2927 3649 (κιρέηβιίν,⁸
2942 3563 3029 3649 ubi
3059 3563 3375 3649 nundinqttts
3398 3578 3497 3633 pro

1902 3633 2192 3691 divenditas
2245 3637 2456 3706 passive
2498 3637 2712 3705 legitur.
2742 3633 3029 3706 ‘Firmicus
3065 3633 3374 3706 etiam,_l_ib.
3417 3650 3495 3698 γι,

1901 3722 2020 3778 cap.
2060 3709 2151 3774 3i,
2191 3704 2479 3762 nundinare
2519 3704 2690 3761 active
2736 3707 2972 3775 Scripsit.
3000 3705 3056 3760 In
3100 3721 3230 3761 mss.
3270 3704 3403 3762 Urb.
3441 3716 3497 3761 et

1902 3777 2034 3834 leo.
2064 3790 2138 3834 est
2159 3780 2314 3834 abest
2342 3796 2368 3831 a
2391 3778 2611 3834 vocibus
2632 3778 2854 3832 deterius
2882 3787 2975 3831 est.

1974 3850 2054 3921 (5)
2084 3850 2181 3904 Dei
2205 3866 2307 3905 vox
2338 3849 2676 3921 desideratur
2703 3853 2753 3903 in
2784 3863 2886 3905 ms.
2919 3847 3132 3914 Pomp.,
3156 3863 3286 3921 mss.
3320 3847 3490 3903 Vatic.

1900 3929 1956 3975 ct
1986 3920 2117 3977 Urb.
2152 3922 2393 3976 scribunt
2419 3920 2548 3974 Deo.
2580 3920 2699 3976 Vox
2729 3931 2907 3975 autem
2946 3929 3177 3973 nostrum
3206 3920 3275 3973 ab
3301 3921 3492 3975 iisdem

1881 4007 2031 4049 .mss.
2068 3992 2325 4047 Vaticano
2352 4002 2409 4047 et
2439 3992 2697 4047 Uibinate
2723 3992 2896 4044 ain-st.

1972 4063 2507 4135 Tnacr.XXIV.-—(I
2521 4063 2598 4131 )In
2619 4062 2911 4135 mss.Spar.
2926 4061 3214 4135 DeJndaeis
3237 4061 3323 4135 llic
3341 4069 3493 4116 etse-

1899 4135 2359 4204 quens.inlsaiam
2384 4132 2541 4191 trabt.
2565 4134 3160 4190 inscribuntur.Veneta
3185 4132 3351 4204 editio
3383 4147 3492 4187 non

1902 4203 2001 4280 tios
2029 4207 2227 4280 solum,
2259 4211 2353 4261 sed
2382 4216 2436 4280 et
2465 4208 2708 4280 quintum
2735 4205 2802 4259 de
2830 4205 2985 4268 Isaia,
3017 4218 3073 4280 et
3105 4206 3241 4259 alios
3272 4203 3389 4280 suis
3414 4204 3494 4257 lo-

1899 4278 1978 4330 cis
2006 4278 2271 4333 notandos
2296 4276 2675 4332 eodem'titulo
2716 4293 2836 4331 cum
2880 4293 2981 4331 ms.
3016 4277 3221 4335 Zenon.
3246 4276 3491 4331 exhibet.

1902 4346 1979 4401 De
2014 4347 2161 4403 Isaia
2192 4351 2243 4403 in
2295 4352 2505 4405 ca-teris
2552 4365 2680 4404 mss.
2731 4349 2881 4403 libris
2908 4359 3150 4404 vocatur.
3199 4349 3493 4414 Utramque

1902 4421 2306 4488 inscriptionem
2348 4421 2517 4476 editio
2566 4420 2687 4474 Ver.
2745 4422 3005 4475 servavit.
3050 4420 3161 4475 Nos
3200 4421 3253 4473 in
3296 4418 3492 4475 Isaiam

1900 4493 2236 4561 scripsimus,
2285 4507 2404 4545 cmu
2449 4493 2501 4545 in
2552 4505 2682 4545 mss.
2712 4491 2815 4561 alii;
2842 4506 2906 4544 ex
2953 4493 3035 4546 itis
3068 4490 3387 4546 tractitibus
3426 4492 3492 4546 de

1902 4559 2066 4628 Isaia,
2099 4564 2187 4617 alii
2220 4561 2398 4627 Isaitv,
2430 4563 2516 4616 alii
2551 4577 2678 4616 vero
2706 4563 2759 4616 in
2786 4559 2980 4615 Isaiam
3013 4563 3375 4617 inscribantur
3398 4580 3410 4614 :
3436 4571 3494 4617 et

222 4625 471 4705 pendium,
531 4641 578 4687 et
600 4649 756 4705 Arene
807 4625 901 4703 pro
950 4636 1139 4705 infecto
1183 4625 1460 4699 It'abetur,'
1494 4636 1631 4704 quod
1693 4652 1793 4690 non
1822 4625 1876 4686 D
1904 4634 2016 4688 Iure
2045 4625 2315 4704 postrema
2346 4625 2502 4688 lectio
2533 4635 2686 4687 nobis
2714 4634 2884 4702 magis
2912 4634 3092 4687 arrisit
3143 4649 3212 4688 ne
3264 4633 3315 4687 Iti
3344 4641 3487 4688 trac-

221 4697 517 4766 dilaniatum

220 4782 321 4847 nam
349 4775 556 4847 publica
579 4774 853 4847 confundi,
911 4778 994 4831 vel
1026 4774 1291 4845 diffamari
1317 4794 1334 4831 :
1363 4774 1482 4841 qua:
1513 4774 1788 4847 signitiCa-

220 4840 284 4918 tio
319 4840 436 4899 inde
466 4840 705 4918 profecaa
757 4847 986 4913 videtur,
1021 4840 1162 4918 quod
1211 4840 1716 4904 nundinarum'dics
1758 4864 1786 4903 a

224 4910 700 4973 Romanis—fuissent
725 4910 982 4979 instituti,
1004 4910 1061 4974 ni
1091 4922 1275 4975 rustici
1302 4920 1655 4975 convenirent
1680 4935 1789 4975 non

221 4992 310 5061 tam
351 4988 624 5061 mercandi
662 4996 716 5043 et
758 4989 1020 5061 vendendi
1063 4992 1257 5061 gratia,
1301 5007 1457 5059 quam
1498 4990 1786 5046 accuSandi

220 5053 343 5126 (lege
361 5058 505 5114 enim
530 5059 812 5113 IIorteusia
844 5053 1198 5116 nundina'rum
1225 5053 1341 5117 dies
1368 5062 1438 5114 ob
1461 5064 1786 5118 rusticorum

218 5132 543 5184 cuuunodum
593 5146 658 5185 ex
704 5129 928 5188 nefastis
975 5135 1096 5187 l‘acti
1148 5142 1273 5187 sunt
1325 5132 1469 5195 fasti,
1520 5131 1792 5188 Macrobio

220 5206 356 5276 teste.
386 5202 477 5276 lib.
513 5202 777 5276 i_Saturn.
792 5219 925 5276 pag.
956 5203 1036 5275 9),
1059 5206 1102 5259 si
1131 5207 1255 5275 quid
1281 5206 1588 5260 criminosas
1614 5220 1791 5276 quaes-

219 5271 359 5349 li‘unis
403 5274 456 5329 in
509 5274 743 5349 aliquem
789 5271 1068 5344 baberent,
1098 5271 1256 5347 quam
1307 5278 1428 5332 aliis
1452 5271 1648 5333 diebus
1687 5279 1791 5349 ipsi

217 5344 322 5400 aliis
348 5349 490 5402 curis
519 5348 736 5420 distenti
766 5364 980 5404 movere
1005 5360 1058 5405 et
1078 5344 1329 5419 prosequi
1352 5366 1456 5405 non
1489 5350 1644 5405 facile
1668 5344 1792 5420 pos-

219 5428 323 5491 sent
352 5436 364 5471 :
392 5418 535 5489 quod
561 5421 921 5490 quaestionum
965 5418 1136 5491 genus
1176 5418 1372 5485 quanta
1416 5438 1538 5477 cum
1570 5418 1784 5479 reorum

219 5487 489 5565 ignominia
514 5487 590 5547 ob
610 5487 987 5565 nundinarum
1000 5493 1353 5565 frequentiam
1379 5504 1647 5564 ageretur.
1672 5510 1789 5548 om-

219 5574 301 5636 nes
319 5562 639 5634 intelligunt.
673 5562 727 5618 Id
760 5574 936 5636 autem
967 5562 1197 5619 infamia:
1225 5580 1318 5619 eos
1341 5562 1607 5636 praecipue
1634 5581 1789 5635 spec-

220 5630 368 5697 labat,
412 5630 515 5703 qui
558 5650 664 5688 :ere
724 5634 900 5690 alieno
948 5636 1208 5692 solvendo
1244 5630 1601 5691 fuissent.'lli
1640 5630 1786 5693 enim

219 5713 330 5757 ante
356 5714 639 5773 prmtorent
672 5707 926 5768 convicti.
958 5708 1039 5760 vel
1071 5709 1325 5770 c0nf08si,
1357 5708 1402 5763 si
1431 5708 1643 5777 triginta
1674 5710 1787 5765 die-

220 5786 348 5843 rum,
369 5790 505 5844 quas
524 5779 696 5847 justas
726 5777 1096 5849 appellabant,
1118 5780 1291 5849 spatio
1333 5796 1439 5833 non
1472 5781 1785 5848 solvissent,

218 5854 330 5899 ante
357 5844 637 5915 praetorem
685 5844 876 5904 iterum
928 5844 1124 5915 vocati,
1150 5844 1221 5906 ex
1251 5850 1535 5905 duodecim
1583 5844 1787 5907 tabula;

642 4704 883 4775 tmdinat‘i
950 4704 1128 4775 itaque
1194 4706 1389 4762 dicitur
1459 4721 1554 4775 pro
1617 4707 1791 4775 aliqua

1896 4713 2039 4759 tatus
2082 4705 2151 4759 de
2190 4705 2342 4759 Isaiae
2384 4719 2635 4774 persona,
2692 4705 2915 4773 perinde
2964 4720 3027 4760 ac
3070 4706 3380 4774 superiores
3420 4705 3490 4759 de

1894 4776 2190 4836 Abraham.
2214 4776 2401 4840 laeui),
2433 4787 2561 4838 etc.,
2591 4776 2754 4831 habiti
2780 4777 3113 4840 viderentur,
3141 4773 3230 4845 Qui
3260 4776 3311 4829 in
3338 4773 3489 4830 Isaia:

1896 4858 2097 4901 textum
2131 4854 2274 4903 sunt.
2311 4847 2436 4902 Ha:c
2463 4848 2629 4903 semel
2662 4850 2936 4901 monuisse
2957 4848 3208 4902 sufﬁciat.

1968 4917 2049 4991 (2)
2084 4919 2183 4974 Ms.
2208 4919 2394 4988 Pomp.
2423 4928 2777 4988 exuperante:
2805 4919 3088 4973 Remensis
3108 4926 3285 4973 autem
3309 4917 3482 4973 codex

1893 4990 2112 5063 luxui-iw
2134 5002 2262 5044 testu
2282 5002 2398 5044 ante
2421 5002 2737 5063 corruptum.

1970 5060 2052 5132 (5)
2084 5063 2166 5127 Qu
2185 5064 2499 5132 discumque,
2525 5060 2678 5117 abest
2700 5076 2731 5115 a
2753 5077 2852 5117 ms.
2880 5060 3163 5115 Vaticano.

1967 5131 2171 5189 Tuam.
2226 5131 2403 5189 XXV.
2425 5163 2497 5173 -
2550 5137 2626 5201 (ι)
2666 5134 2781 5189 Vox
2808 5136 2919 5203 ejus
2941 5148 3037 5186 cur
3066 5132 3134 5187 ab
3160 5131 3250 5188 ed.
3281 5132 3404 5187 Ver.
3435 5144 3492 5189 et

1895 5206 2249 5274 sequentibus
2286 5204 2448 5259 fuerit
2502 5208 2740 5271 exclusa,
2774 5219 2895 5259 cum
2938 5206 2991 5258 in
3029 5203 3304 5270 omnibus,
3351 5219 3490 5273 quos

1896 5275 2083 5332 videre
2111 5280 2404 5347 potuimus,
2439 5292 2569 5331 mss.
2605 5292 2704 5332 nec
2735 5293 2842 5330 non
2876 5278 2928 5330 in
2969 5277 3099 5332 edit.
3158 5274 3296 5332 Ven.
3346 5275 3490 5344 lega-

1896 5357 2000 5412 tur,
2032 5350 2164 5405 latet
2213 5370 2227 5404 :
2276 5350 2378 5405 nisi
2431 5354 2565 5407 torte
2594 5366 2655 5404 ea
2701 5347 3037 5419 superﬂuere
3062 5348 3175 5402 visa
3223 5357 3333 5412 est,
3366 5361 3489 5419 quae

1898 5429 2078 5476 tamen
2143 5423 2429 5477 clariorem
2470 5418 2866 5493 certioremque
2913 5421 3233 5493 sententiam
3288 5418 3487 5493 reddit.

1969 5495 2049 5564 (Ξ)
2080 5493 2218 5550 Vide
2246 5496 2298 5549 in
2328 5494 2465 5549 hanc
2483 5511 2594 5551 rem
2627 5487 3032 5550 adnotationem
3051 5491 3104 5555 4,
3132 5493 3181 5544 in
3206 5497 3362 5564 tract.
3391 5487 3485 5544 23.

1969 5561 2050 5636 (ὅ)
2081 5566 2248 5623 Abest
2269 5568 2324 5619 in
2352 5567 2610 5636 particula
2639 5584 2666 5619 a
2697 5577 2928 5631 quatuor
2951 5561 3348 5636 manuscriptis.

1972 5632 2048 5705 (4)
2076 5638 2168 5692 Ms.
2196 5632 2385 5701 Pomp.
2422 5640 2615 5705 repetit
2650 5639 2752 5692 hoc
2782 5640 2899 5691 loco
2924 5632 3485 5705 perdiditjrmitatent.

1972 5703 2173 5765 'lliAC'l'.
2210 5708 2403 5783 XXVI.
2528 5709 2603 5781 (I)
2634 5708 2691 5762 In
2722 5709 2960 5775 margine
2986 5704 3107 5759 cmi.
3142 5703 3490 5783 Pomp._cqt'-

1896 5791 2102 5839 rectum
2155 5781 2404 5834 amisisse.
2464 5773 2695 5836 Deifoce
2735 5773 2895 5846 porro
2939 5789 3307 5845 carmen,‘qua
3338 5773 3492 5829 Isaias

1898 5852 2042 5907 liber
2076 5852 2333 5931 munitur,
2370 5852 2566 5906 videsis
2596 5852 2779 5907 adnot.
2811 5848 2846 5901 2
2875 5853 2927 5905 in
2952 5855 3109 5903 tract.
3136 5848 3227 5903 23.
