  <div class='ocr_page' id='page_1' title='image "/cluster/home/n/w/nwhite01/storage/ocr_20150623/11/hvd.32044015471287/242.png"; bbox 0 0 3926 6328; ppageno 0'>
   <div class='ocr_carea' id='block_1_1' title="bbox 176 274 3448 375">
    <p class='ocr_par' dir='ltr' id='par_1_1' title="bbox 176 274 3448 375">
     <span class='ocr_line' id='line_1_1' title="bbox 176 274 3448 375; baseline 0.001 -10"><span class='ocrx_word' id='word_1_1' title='bbox 176 312 268 368; x_wconf 68' lang='lat' dir='ltr'><strong>tr.</strong></span> <span class='ocrx_word' id='word_1_2' title='bbox 1028 304 1229 361; x_wconf 76' lang='lat' dir='ltr'><strong>LIBER</strong></span> <span class='ocrx_word' id='word_1_3' title='bbox 1270 304 1333 361; x_wconf 88' lang='grc' dir='ltr'><strong>ιι.</strong></span> <span class='ocrx_word' id='word_1_4' title='bbox 1379 303 1758 361; x_wconf 72' lang='grc' dir='ltr'><strong>ΛΜΙΟΝΠΊΟ</strong></span> <span class='ocrx_word' id='word_1_5' title='bbox 1806 304 1873 361; x_wconf 56' lang='grc' dir='ltr'><strong>ιη</strong></span> <span class='ocrx_word' id='word_1_6' title='bbox 1912 305 2162 363; x_wconf 62' lang='lat' dir='ltr'><strong>ruam.</strong></span> <span class='ocrx_word' id='word_1_7' title='bbox 2206 305 2353 363; x_wconf 84' lang='lat' dir='ltr'><strong>xxx</strong></span> <span class='ocrx_word' id='word_1_8' title='bbox 2395 306 2481 363; x_wconf 74' lang='lat' dir='ltr'><strong>nr</strong></span> <span class='ocrx_word' id='word_1_9' title='bbox 2522 305 2672 375; x_wconf 69' lang='lat' dir='ltr'><strong>seu.</strong></span> <span class='ocrx_word' id='word_1_10' title='bbox 3080 274 3089 285; x_wconf 80' lang='grc'><strong>’</strong></span> <span class='ocrx_word' id='word_1_11' title='bbox 3344 307 3448 367; x_wconf 67' lang='lat' dir='ltr'><strong>tu</strong></span> 
     </span>
    </p>
   </div>
   <div class='ocr_carea' id='block_1_2' title="bbox 177 421 3446 500">
    <p class='ocr_par' dir='ltr' id='par_1_2' title="bbox 177 421 3446 500">
     <span class='ocr_line' id='line_1_2' title="bbox 177 421 3446 500; baseline 0.001 -18"><span class='ocrx_word' id='word_1_12' title='bbox 177 432 306 500; x_wconf 82' lang='lat' dir='ltr'><strong>piens</strong></span> <span class='ocrx_word' id='word_1_13' title='bbox 329 422 568 480; x_wconf 81' lang='lat' dir='ltr'><strong>diabolus</strong></span> <span class='ocrx_word' id='word_1_14' title='bbox 595 422 891 479; x_wconf 88' lang='lat' dir='ltr'><strong>videretur.</strong></span> <span class='ocrx_word' id='word_1_15' title='bbox 917 423 1018 490; x_wconf 85' lang='lat' dir='ltr'><strong>Qui</strong></span> <span class='ocrx_word' id='word_1_16' title='bbox 1050 422 1278 476; x_wconf 85' lang='lat' dir='ltr'><strong>consilio</strong></span> <span class='ocrx_word' id='word_1_17' title='bbox 1318 421 1592 476; x_wconf 80' lang='lat' dir='ltr'><strong>hominem</strong></span> <span class='ocrx_word' id='word_1_18' title='bbox 1637 422 1734 476; x_wconf 53' lang='lat' dir='ltr'><strong>de-</strong></span> <span class='ocrx_word' id='word_1_19' title='bbox 1764 428 1810 484; x_wconf 80' lang='grc' dir='ltr'><strong>Λ</strong></span> <span class='ocrx_word' id='word_1_20' title='bbox 1844 422 1944 478; x_wconf 82' lang='lat' dir='ltr'><strong>sihi</strong></span> <span class='ocrx_word' id='word_1_21' title='bbox 1984 435 2262 495; x_wconf 76' lang='lat' dir='ltr'><strong>parntem,</strong></span> <span class='ocrx_word' id='word_1_22' title='bbox 2308 426 2504 497; x_wconf 79' lang='lat' dir='ltr'><strong>quibus</strong></span> <span class='ocrx_word' id='word_1_23' title='bbox 2547 442 2644 499; x_wconf 91' lang='lat' dir='ltr'><strong>pro</strong></span> <span class='ocrx_word' id='word_1_24' title='bbox 2689 437 2993 498; x_wconf 90' lang='lat' dir='ltr'><strong>temporum</strong></span> <span class='ocrx_word' id='word_1_25' title='bbox 3039 429 3446 499; x_wconf 85' lang='lat' dir='ltr'><strong>opportunitate</strong></span> 
     </span>
    </p>
   </div>
   <div class='ocr_carea' id='block_1_3' title="bbox 172 513 3446 592">
    <p class='ocr_par' dir='ltr' id='par_1_3' title="bbox 172 513 3446 592">
     <span class='ocr_line' id='line_1_3' title="bbox 172 513 3446 592; baseline 0 -17"><span class='ocrx_word' id='word_1_26' title='bbox 172 529 386 592; x_wconf 74' lang='lat' dir='ltr'><strong>ceperat,</strong></span> <span class='ocrx_word' id='word_1_27' title='bbox 408 518 632 574; x_wconf 90' lang='lat' dir='ltr'><strong>consilio</strong></span> <span class='ocrx_word' id='word_1_28' title='bbox 676 516 924 584; x_wconf 88' lang='lat' dir='ltr'><strong>vincitur,</strong></span> <span class='ocrx_word' id='word_1_29' title='bbox 960 525 1019 571; x_wconf 92' lang='lat' dir='ltr'><strong>ut</strong></span> <span class='ocrx_word' id='word_1_30' title='bbox 1056 514 1333 588; x_wconf 89' lang='lat' dir='ltr'><strong>quomodo</strong></span> <span class='ocrx_word' id='word_1_31' title='bbox 1382 514 1544 569; x_wconf 91' lang='lat' dir='ltr'><strong>homo</strong></span> <span class='ocrx_word' id='word_1_32' title='bbox 1577 513 1654 587; x_wconf 73' lang='grc' dir='ltr'><strong>(ὅ)</strong></span> <span class='ocrx_word' id='word_1_33' title='bbox 1690 515 1742 571; x_wconf 86' lang='grc' dir='ltr'><strong>ἰη</strong></span> <span class='ocrx_word' id='word_1_34' title='bbox 1849 524 2169 583; x_wconf 88' lang='lat' dir='ltr'><strong>uterentur,</strong></span> <span class='ocrx_word' id='word_1_35' title='bbox 2244 519 2447 573; x_wconf 82' lang='lat' dir='ltr'><strong>notavit</strong></span> <span class='ocrx_word' id='word_1_36' title='bbox 2509 518 2661 574; x_wconf 89' lang='lat' dir='ltr'><strong>Plato</strong></span> <span class='ocrx_word' id='word_1_37' title='bbox 2734 521 2788 576; x_wconf 92' lang='lat' dir='ltr'><strong>in</strong></span> <span class='ocrx_word' id='word_1_38' title='bbox 2852 518 3190 576; x_wconf 77' lang='lat' dir='ltr'><strong>Meuexemo.</strong></span> <span class='ocrx_word' id='word_1_39' title='bbox 3252 521 3446 577; x_wconf 88' lang='lat' dir='ltr'><strong>Cicero</strong></span> 
     </span>
    </p>
   </div>
   <div class='ocr_carea' id='block_1_4' title="bbox 173 607 3440 687">
    <p class='ocr_par' dir='ltr' id='par_1_4' title="bbox 173 607 3440 687">
     <span class='ocr_line' id='line_1_4' title="bbox 173 607 3440 687; baseline -0 -18"><span class='ocrx_word' id='word_1_40' title='bbox 173 613 398 687; x_wconf 79' lang='lat' dir='ltr'><strong>paradiso</strong></span> <span class='ocrx_word' id='word_1_41' title='bbox 424 628 528 666; x_wconf 88' lang='lat' dir='ltr'><strong>non</strong></span> <span class='ocrx_word' id='word_1_42' title='bbox 552 608 1198 680; x_wconf 80' lang='lat' dir='ltr'><strong>cognoveratdiabolum,</strong></span> <span class='ocrx_word' id='word_1_43' title='bbox 1230 609 1311 675; x_wconf 70' lang='lat' dir='ltr'><strong>sic</strong></span> <span class='ocrx_word' id='word_1_44' title='bbox 1335 615 1389 663; x_wconf 88' lang='lat' dir='ltr'><strong>et</strong></span> <span class='ocrx_word' id='word_1_45' title='bbox 1415 607 1664 664; x_wconf 87' lang='lat' dir='ltr'><strong>diabolus</strong></span> <span class='ocrx_word' id='word_1_46' title='bbox 1685 607 1741 665; x_wconf 89' lang='lat' dir='ltr'><strong>in</strong></span> <span class='ocrx_word' id='word_1_47' title='bbox 1845 612 2006 683; x_wconf 90' lang='lat' dir='ltr'><strong>epist.</strong></span> <span class='ocrx_word' id='word_1_48' title='bbox 2056 610 2093 667; x_wconf 72' lang='grc' dir='ltr'>ὅ</span> <span class='ocrx_word' id='word_1_49' title='bbox 2122 651 2138 677; x_wconf 86' lang='grc'><em>,</em></span> <span class='ocrx_word' id='word_1_50' title='bbox 2192 610 2285 665; x_wconf 87' lang='lat' dir='ltr'><strong>lib.</strong></span> <span class='ocrx_word' id='word_1_51' title='bbox 2331 625 2421 665; x_wconf 76' lang='lat' dir='ltr'><strong>xvi</strong></span> <span class='ocrx_word' id='word_1_52' title='bbox 2472 610 2539 666; x_wconf 90' lang='lat' dir='ltr'><strong>ad</strong></span> <span class='ocrx_word' id='word_1_53' title='bbox 2581 612 2818 667; x_wconf 84' lang='lat' dir='ltr'><strong>Atticum</strong></span> <span class='ocrx_word' id='word_1_54' title='bbox 2868 621 3137 669; x_wconf 86' lang='lat' dir='ltr'><strong>memorat</strong></span> <span class='ocrx_word' id='word_1_55' title='bbox 3189 613 3440 669; x_wconf 80' lang='lat' dir='ltr'><strong>volumen</strong></span> 
     </span>
    </p>
   </div>
   <div class='ocr_carea' id='block_1_5' title="bbox 172 690 3442 778">
    <p class='ocr_par' dir='ltr' id='par_1_5' title="bbox 172 690 3442 778">
     <span class='ocr_line' id='line_1_5' title="bbox 172 690 3442 778; baseline -0 -14"><span class='ocrx_word' id='word_1_56' title='bbox 172 690 347 764; x_wconf 72' lang='lat' dir='ltr'><strong>saeculo</strong></span> <span class='ocrx_word' id='word_1_57' title='bbox 372 721 477 761; x_wconf 88' lang='lat' dir='ltr'><strong>non</strong></span> <span class='ocrx_word' id='word_1_58' title='bbox 506 704 666 761; x_wconf 89' lang='lat' dir='ltr'><strong>facile</strong></span> <span class='ocrx_word' id='word_1_59' title='bbox 693 711 1051 776; x_wconf 75' lang='lat' dir='ltr'><strong>cognosceret</strong></span> <span class='ocrx_word' id='word_1_60' title='bbox 1075 701 1375 758; x_wconf 83' lang='lat' dir='ltr'><strong>Chrismm.</strong></span> <span class='ocrx_word' id='word_1_61' title='bbox 1843 706 2254 777; x_wconf 70' lang='lat' dir='ltr'><strong>prooemiorum,</strong></span> <span class='ocrx_word' id='word_1_62' title='bbox 2298 721 2363 761; x_wconf 82' lang='lat' dir='ltr'><strong>ex</strong></span> <span class='ocrx_word' id='word_1_63' title='bbox 2401 722 2508 776; x_wconf 88' lang='lat' dir='ltr'><strong>quo</strong></span> <span class='ocrx_word' id='word_1_64' title='bbox 2555 706 2759 778; x_wconf 81' lang='lat' dir='ltr'><strong>eligere</strong></span> <span class='ocrx_word' id='word_1_65' title='bbox 2802 706 3033 774; x_wconf 79' lang='lat' dir='ltr'><strong>solebat,</strong></span> <span class='ocrx_word' id='word_1_66' title='bbox 3062 720 3182 763; x_wconf 91' lang='lat' dir='ltr'><strong>cum</strong></span> <span class='ocrx_word' id='word_1_67' title='bbox 3227 705 3442 778; x_wconf 86' lang='lat' dir='ltr'><strong>aliquod</strong></span> 
     </span>
    </p>
   </div>
   <div class='ocr_carea' id='block_1_6' title="bbox 717 795 3438 878">
    <p class='ocr_par' dir='ltr' id='par_1_6' title="bbox 717 795 3438 878">
     <span class='ocr_line' id='line_1_6' title="bbox 717 795 3438 878; baseline 0.001 -26"><span class='ocrx_word' id='word_1_68' title='bbox 717 795 921 852; x_wconf 77' lang='lat' dir='ltr'><strong>Desunt</strong></span> <span class='ocrx_word' id='word_1_69' title='bbox 949 797 1166 867; x_wconf 79' lang='lat' dir='ltr'><strong>reliqua.</strong></span> <span class='ocrx_word' id='word_1_70' title='bbox 1846 799 2167 878; x_wconf 75' lang='grc' dir='ltr'><strong>σύγγραμμα</strong></span> <span class='ocrx_word' id='word_1_71' title='bbox 2223 801 2551 857; x_wconf 85' lang='lat' dir='ltr'><strong>institueret.</strong></span> <span class='ocrx_word' id='word_1_72' title='bbox 2615 800 2748 856; x_wconf 82' lang='lat' dir='ltr'><strong>Vide</strong></span> <span class='ocrx_word' id='word_1_73' title='bbox 2795 801 2962 857; x_wconf 89' lang='lat' dir='ltr'><strong>etiam</strong></span> <span class='ocrx_word' id='word_1_74' title='bbox 3034 801 3127 857; x_wconf 91' lang='lat' dir='ltr'><strong>lib.</strong></span> <span class='ocrx_word' id='word_1_75' title='bbox 3180 818 3234 857; x_wconf 82' lang='lat' dir='ltr'><strong>ix</strong></span> <span class='ocrx_word' id='word_1_76' title='bbox 3284 801 3438 858; x_wconf 85' lang='lat' dir='ltr'><strong>Fam.</strong></span> 
     </span>
    </p>
   </div>
   <div class='ocr_carea' id='block_1_7' title="bbox 649 894 3434 1009">
    <p class='ocr_par' dir='ltr' id='par_1_7' title="bbox 649 894 3434 1009">
     <span class='ocr_line' id='line_1_7' title="bbox 649 894 3434 1009; baseline -0.012 -38"><span class='ocrx_word' id='word_1_77' title='bbox 649 935 812 1009; x_wconf 64' lang='lat'><strong>238</strong></span> <span class='ocrx_word' id='word_1_78' title='bbox 842 932 1224 992; x_wconf 68' lang='grc' dir='ltr'><strong>ΑῃΜοΝιτιο</strong></span> <span class='ocrx_word' id='word_1_79' title='bbox 1844 911 1931 966; x_wconf 88' lang='lat' dir='ltr'><strong>ep.</strong></span> <span class='ocrx_word' id='word_1_80' title='bbox 1966 894 2018 963; x_wconf 90' lang='lat'><strong>8,</strong></span> <span class='ocrx_word' id='word_1_81' title='bbox 2051 894 2117 950; x_wconf 91' lang='lat' dir='ltr'><strong>ad</strong></span> <span class='ocrx_word' id='word_1_82' title='bbox 2146 894 2376 1001; x_wconf 77' lang='lat' dir='ltr'><strong>Pa-tum.</strong></span> <span class='ocrx_word' id='word_1_83' title='bbox 2408 894 2568 950; x_wconf 81' lang='lat' dir='ltr'><strong>Plura</strong></span> <span class='ocrx_word' id='word_1_84' title='bbox 2598 910 2663 1001; x_wconf 55' lang='lat' dir='ltr'><strong>ea</strong></span> <span class='ocrx_word' id='word_1_85' title='bbox 2699 895 2782 950; x_wconf 90' lang='lat' dir='ltr'><strong>his</strong></span> <span class='ocrx_word' id='word_1_86' title='bbox 2815 895 3313 1009; x_wconf 55' lang='lat' dir='ltr'><strong>numeroLquinque</strong></span> <span class='ocrx_word' id='word_1_87' title='bbox 3343 910 3434 951; x_wconf 88' lang='lat' dir='ltr'><strong>su-</strong></span> 
     </span>
    </p>
   </div>
   <div class='ocr_carea' id='block_1_8' title="bbox 1844 987 3435 1059">
    <p class='ocr_par' dir='ltr' id='par_1_8' title="bbox 1844 987 3435 1059">
     <span class='ocr_line' id='line_1_8' title="bbox 1844 987 3435 1059; baseline 0.001 -18"><span class='ocrx_word' id='word_1_88' title='bbox 1844 1003 1938 1059; x_wconf 81' lang='lat' dir='ltr'><strong>pra</strong></span> <span class='ocrx_word' id='word_1_89' title='bbox 1979 988 2261 1059; x_wconf 78' lang='lat' dir='ltr'><strong>sexaginta</strong></span> <span class='ocrx_word' id='word_1_90' title='bbox 2301 998 2595 1058; x_wconf 86' lang='lat' dir='ltr'><strong>suppetunt</strong></span> <span class='ocrx_word' id='word_1_91' title='bbox 2639 988 2782 1043; x_wconf 89' lang='lat' dir='ltr'><strong>inter</strong></span> <span class='ocrx_word' id='word_1_92' title='bbox 2814 987 3195 1043; x_wconf 88' lang='lat' dir='ltr'><strong>Demosthenis</strong></span> <span class='ocrx_word' id='word_1_93' title='bbox 3235 1003 3397 1059; x_wconf 85' lang='lat' dir='ltr'><strong>opera</strong></span> <span class='ocrx_word' id='word_1_94' title='bbox 3422 1031 3435 1053; x_wconf 90' lang='lat'><strong>,</strong></span> 
     </span>
    </p>
   </div>
   <div class='ocr_carea' id='block_1_9' title="bbox 548 1069 2098 1154">
    <p class='ocr_par' dir='ltr' id='par_1_9' title="bbox 548 1069 2098 1154">
     <span class='ocr_line' id='line_1_9' title="bbox 548 1069 2098 1154; baseline 0.009 -43"><span class='ocrx_word' id='word_1_95' title='bbox 548 1071 602 1111; x_wconf 68' lang='lat' dir='ltr'><strong>IN</strong></span> <span class='ocrx_word' id='word_1_96' title='bbox 627 1070 942 1114; x_wconf 71' lang='lat' dir='ltr'><strong>&#39;I&#39;BAC‘I&#39;ATIJS</strong></span> <span class='ocrx_word' id='word_1_97' title='bbox 970 1069 1295 1120; x_wconf 73' lang='grc' dir='ltr'><strong>εερυεκτεε.</strong></span> <span class='ocrx_word' id='word_1_98' title='bbox 1839 1098 1959 1154; x_wconf 58' lang='lat' dir='ltr'><strong>qua;</strong></span> <span class='ocrx_word' id='word_1_99' title='bbox 1998 1084 2098 1138; x_wconf 65' lang='lat' dir='ltr'><strong>bra</strong></span> 
     </span>
    </p>
   </div>
   <div class='ocr_carea' id='block_1_10' title="bbox 1883 1069 3433 1154">
    <p class='ocr_par' dir='ltr' id='par_1_10' title="bbox 1883 1083 3433 1154">
     <span class='ocr_line' id='line_1_10' title="bbox 1883 1083 3433 1154; baseline 0.001 -17"><span class='ocrx_word' id='word_1_100' title='bbox 1883 1099 1959 1137; x_wconf 76' lang='lat' dir='ltr'><strong>nte</strong></span> <span class='ocrx_word' id='word_1_101' title='bbox 1998 1084 2316 1138; x_wconf 86' lang='lat' dir='ltr'><strong>brevissima</strong></span> <span class='ocrx_word' id='word_1_102' title='bbox 2358 1095 2515 1145; x_wconf 84' lang='lat' dir='ltr'><strong>sunt;</strong></span> <span class='ocrx_word' id='word_1_103' title='bbox 2559 1093 2615 1140; x_wconf 85' lang='lat' dir='ltr'><strong>et</strong></span> <span class='ocrx_word' id='word_1_104' title='bbox 2650 1083 2734 1139; x_wconf 90' lang='lat' dir='ltr'><strong>his</strong></span> <span class='ocrx_word' id='word_1_105' title='bbox 2762 1098 2884 1139; x_wconf 91' lang='lat' dir='ltr'><strong>eum</strong></span> <span class='ocrx_word' id='word_1_106' title='bbox 2932 1094 3203 1140; x_wconf 90' lang='lat' dir='ltr'><strong>oratorem</strong></span> <span class='ocrx_word' id='word_1_107' title='bbox 3243 1098 3433 1154; x_wconf 89' lang='lat' dir='ltr'><strong>usum,</strong></span> 
     </span>
    </p>
   </div>
   <div class='ocr_carea' id='block_1_11' title="bbox 225 1167 1775 1250">
    <p class='ocr_par' dir='ltr' id='par_1_11' title="bbox 225 1167 1737 1241">
     <span class='ocr_line' id='line_1_11' title="bbox 225 1167 1737 1241; baseline -0.003 -13"><span class='ocrx_word' id='word_1_108' title='bbox 225 1170 421 1241; x_wconf 77' lang='lat' dir='ltr'><strong>Reliqui</strong></span> <span class='ocrx_word' id='word_1_109' title='bbox 433 1181 557 1227; x_wconf 90' lang='lat' dir='ltr'><strong>sunt</strong></span> <span class='ocrx_word' id='word_1_110' title='bbox 581 1171 824 1227; x_wconf 87' lang='lat' dir='ltr'><strong>nonnulli</strong></span> <span class='ocrx_word' id='word_1_111' title='bbox 840 1170 1029 1225; x_wconf 85' lang='lat' dir='ltr'><strong>breves</strong></span> <span class='ocrx_word' id='word_1_112' title='bbox 1044 1176 1327 1237; x_wconf 82' lang='lat' dir='ltr'><strong>tractatus,</strong></span> <span class='ocrx_word' id='word_1_113' title='bbox 1343 1169 1432 1239; x_wconf 87' lang='lat' dir='ltr'><strong>qui</strong></span> <span class='ocrx_word' id='word_1_114' title='bbox 1447 1168 1551 1225; x_wconf 82' lang='lat' dir='ltr'><strong>etsi</strong></span> <span class='ocrx_word' id='word_1_115' title='bbox 1568 1167 1737 1223; x_wconf 84' lang='lat' dir='ltr'><strong>variis</strong></span> 
     </span>
    </p>
   </div>
   <div class='ocr_carea' id='block_1_12' title="bbox 1888 1167 3438 1250">
    <p class='ocr_par' dir='ltr' id='par_1_12' title="bbox 1888 1178 3438 1250">
     <span class='ocr_line' id='line_1_12' title="bbox 1888 1178 3438 1250; baseline -0.001 -17"><span class='ocrx_word' id='word_1_116' title='bbox 1888 1189 2002 1235; x_wconf 81' lang='lat' dir='ltr'><strong>rout</strong></span> <span class='ocrx_word' id='word_1_117' title='bbox 2046 1180 2261 1235; x_wconf 81' lang='lat' dir='ltr'><strong>occasio</strong></span> <span class='ocrx_word' id='word_1_118' title='bbox 2304 1178 2589 1245; x_wconf 88' lang='lat' dir='ltr'><strong>incideret,</strong></span> <span class='ocrx_word' id='word_1_119' title='bbox 2647 1178 3031 1235; x_wconf 86' lang='lat' dir='ltr'><strong>animadvertit</strong></span> <span class='ocrx_word' id='word_1_120' title='bbox 3076 1178 3438 1250; x_wconf 85' lang='lat' dir='ltr'><strong>Hieronymus</strong></span> 
     </span>
    </p>
   </div>
   <div class='ocr_carea' id='block_1_13' title="bbox 167 1263 3437 1343">
    <p class='ocr_par' dir='ltr' id='par_1_13' title="bbox 167 1263 3437 1343">
     <span class='ocr_line' id='line_1_13' title="bbox 167 1263 3437 1343; baseline 0 -18"><span class='ocrx_word' id='word_1_121' title='bbox 167 1264 1272 1336; x_wconf 66' lang='lat' dir='ltr'><strong>titulisprattotantttr,omneslamellad</strong></span> <span class='ocrx_word' id='word_1_122' title='bbox 1313 1263 1454 1320; x_wconf 78' lang='lat' dir='ltr'><strong>idem</strong></span> <span class='ocrx_word' id='word_1_123' title='bbox 1483 1263 1737 1335; x_wconf 69' lang='lat' dir='ltr'><strong>paschale</strong></span> <span class='ocrx_word' id='word_1_124' title='bbox 1841 1272 2073 1328; x_wconf 86' lang='lat' dir='ltr'><strong>Wolfius</strong></span> <span class='ocrx_word' id='word_1_125' title='bbox 2133 1271 2197 1326; x_wconf 90' lang='lat' dir='ltr'><strong>ad</strong></span> <span class='ocrx_word' id='word_1_126' title='bbox 2269 1272 2548 1327; x_wconf 84' lang='lat' dir='ltr'><strong>Lectorem</strong></span> <span class='ocrx_word' id='word_1_127' title='bbox 2617 1286 2736 1343; x_wconf 85' lang='lat' dir='ltr'><strong>pag.</strong></span> <span class='ocrx_word' id='word_1_128' title='bbox 2810 1273 2933 1330; x_wconf 82' lang='lat' dir='ltr'><strong>l50.</strong></span> <span class='ocrx_word' id='word_1_129' title='bbox 3002 1270 3198 1339; x_wconf 86' lang='lat' dir='ltr'><strong>Quidni</strong></span> <span class='ocrx_word' id='word_1_130' title='bbox 3262 1270 3437 1326; x_wconf 89' lang='lat' dir='ltr'><strong>simile</strong></span> 
     </span>
    </p>
   </div>
   <div class='ocr_carea' id='block_1_14' title="bbox 167 1356 3437 1436">
    <p class='ocr_par' dir='ltr' id='par_1_14' title="bbox 167 1356 3437 1436">
     <span class='ocr_line' id='line_1_14' title="bbox 167 1356 3437 1436; baseline 0.001 -23"><span class='ocrx_word' id='word_1_131' title='bbox 167 1368 353 1427; x_wconf 80' lang='lat' dir='ltr'><strong>tempus</strong></span> <span class='ocrx_word' id='word_1_132' title='bbox 382 1357 676 1428; x_wconf 86' lang='lat' dir='ltr'><strong>pertinent,</strong></span> <span class='ocrx_word' id='word_1_133' title='bbox 717 1368 773 1413; x_wconf 90' lang='lat' dir='ltr'><strong>et</strong></span> <span class='ocrx_word' id='word_1_134' title='bbox 800 1357 1139 1429; x_wconf 83' lang='lat' dir='ltr'><strong>baptismatis</strong></span> <span class='ocrx_word' id='word_1_135' title='bbox 1169 1356 1482 1429; x_wconf 60' lang='lat' dir='ltr'><strong>per&#39;hocce</strong></span> <span class='ocrx_word' id='word_1_136' title='bbox 1522 1366 1736 1427; x_wconf 86' lang='lat' dir='ltr'><strong>tempus</strong></span> <span class='ocrx_word' id='word_1_137' title='bbox 1838 1363 2112 1436; x_wconf 89' lang='lat' dir='ltr'><strong>quidpiam</strong></span> <span class='ocrx_word' id='word_1_138' title='bbox 2144 1365 2203 1421; x_wconf 90' lang='lat' dir='ltr'><strong>S.</strong></span> <span class='ocrx_word' id='word_1_139' title='bbox 2253 1364 2401 1418; x_wconf 72' lang='lat' dir='ltr'><strong>Zeno</strong></span> <span class='ocrx_word' id='word_1_140' title='bbox 2450 1364 2748 1419; x_wconf 81' lang='lat' dir='ltr'><strong>rhetorices</strong></span> <span class='ocrx_word' id='word_1_141' title='bbox 2776 1373 2827 1419; x_wconf 89' lang='lat' dir='ltr'><strong>et</strong></span> <span class='ocrx_word' id='word_1_142' title='bbox 2853 1363 3107 1418; x_wconf 76' lang='lat' dir='ltr'><strong>oratoria:</strong></span> <span class='ocrx_word' id='word_1_143' title='bbox 3136 1361 3437 1433; x_wconf 79' lang='lat' dir='ltr'><strong>disciplinae</strong></span> 
     </span>
    </p>
   </div>
   <div class='ocr_carea' id='block_1_15' title="bbox 164 1448 3434 1531">
    <p class='ocr_par' dir='ltr' id='par_1_15' title="bbox 164 1448 3434 1531">
     <span class='ocr_line' id='line_1_15' title="bbox 164 1448 3434 1531; baseline 0 -26"><span class='ocrx_word' id='word_1_144' title='bbox 164 1448 446 1506; x_wconf 81' lang='lat' dir='ltr'><strong>conferendi</strong></span> <span class='ocrx_word' id='word_1_145' title='bbox 498 1451 583 1505; x_wconf 86' lang='lat' dir='ltr'><strong>vel</strong></span> <span class='ocrx_word' id='word_1_146' title='bbox 608 1450 790 1506; x_wconf 79' lang='lat' dir='ltr'><strong>collati</strong></span> <span class='ocrx_word' id='word_1_147' title='bbox 834 1450 1165 1506; x_wconf 80' lang='lat' dir='ltr'><strong>mentionem</strong></span> <span class='ocrx_word' id='word_1_148' title='bbox 1196 1449 1310 1506; x_wconf 89' lang='lat' dir='ltr'><strong>fere</strong></span> <span class='ocrx_word' id='word_1_149' title='bbox 1337 1450 1731 1513; x_wconf 55' lang='lat' dir='ltr'><strong>continetthe!</strong></span> <span class='ocrx_word' id='word_1_150' title='bbox 2042 1455 2473 1513; x_wconf 77' lang='lat' dir='ltr'><strong>studiosissimus</strong></span> <span class='ocrx_word' id='word_1_151' title='bbox 2527 1455 2720 1511; x_wconf 80' lang='lat' dir='ltr'><strong>fecisse</strong></span> <span class='ocrx_word' id='word_1_152' title='bbox 2778 1454 2928 1511; x_wconf 87' lang='lat' dir='ltr'><strong>credi</strong></span> <span class='ocrx_word' id='word_1_153' title='bbox 2993 1461 3206 1524; x_wconf 69' lang='lat' dir='ltr'><strong>potest,</strong></span> <span class='ocrx_word' id='word_1_154' title='bbox 3276 1463 3330 1507; x_wconf 87' lang='lat' dir='ltr'><strong>ut</strong></span> <span class='ocrx_word' id='word_1_155' title='bbox 3381 1451 3434 1507; x_wconf 86' lang='lat' dir='ltr'><strong>in</strong></span> 
     </span>
    </p>
   </div>
   <div class='ocr_carea' id='block_1_16' title="bbox 165 1540 3432 1621">
    <p class='ocr_par' dir='ltr' id='par_1_16' title="bbox 165 1540 3432 1621">
     <span class='ocr_line' id='line_1_16' title="bbox 165 1540 3432 1621; baseline 0 -23"><span class='ocrx_word' id='word_1_156' title='bbox 165 1558 253 1614; x_wconf 86' lang='lat' dir='ltr'><strong>quo</strong></span> <span class='ocrx_word' id='word_1_157' title='bbox 268 1542 422 1598; x_wconf 89' lang='lat' dir='ltr'><strong>etiam</strong></span> <span class='ocrx_word' id='word_1_158' title='bbox 447 1543 610 1597; x_wconf 84' lang='lat' dir='ltr'><strong>simul</strong></span> <span class='ocrx_word' id='word_1_159' title='bbox 637 1556 833 1599; x_wconf 88' lang='lat' dir='ltr'><strong>omnes</strong></span> <span class='ocrx_word' id='word_1_160' title='bbox 854 1541 1183 1598; x_wconf 84' lang='lat' dir='ltr'><strong>adfercndos</strong></span> <span class='ocrx_word' id='word_1_161' title='bbox 1202 1540 1556 1598; x_wconf 70' lang='lat' dir='ltr'><strong>credidimus.</strong></span> <span class='ocrx_word' id='word_1_162' title='bbox 1577 1541 1730 1609; x_wconf 84' lang='lat' dir='ltr'><strong>Quod</strong></span> <span class='ocrx_word' id='word_1_163' title='bbox 1837 1548 2112 1621; x_wconf 78' lang='lat' dir='ltr'><strong>paschalia</strong></span> <span class='ocrx_word' id='word_1_164' title='bbox 2142 1547 2279 1604; x_wconf 84' lang='lat' dir='ltr'><strong>festa</strong></span> <span class='ocrx_word' id='word_1_165' title='bbox 2311 1548 2492 1618; x_wconf 87' lang='lat' dir='ltr'><strong>plures</strong></span> <span class='ocrx_word' id='word_1_166' title='bbox 2519 1546 2785 1617; x_wconf 82' lang='lat' dir='ltr'><strong>ejusmodi</strong></span> <span class='ocrx_word' id='word_1_167' title='bbox 2827 1544 3175 1617; x_wconf 71' lang='lat' dir='ltr'><strong>praefationes</strong></span> <span class='ocrx_word' id='word_1_168' title='bbox 3205 1544 3432 1615; x_wconf 88' lang='lat' dir='ltr'><strong>pararit,</strong></span> 
     </span>
    </p>
   </div>
   <div class='ocr_carea' id='block_1_17' title="bbox 164 1636 3433 1713">
    <p class='ocr_par' dir='ltr' id='par_1_17' title="bbox 164 1636 3433 1713">
     <span class='ocr_line' id='line_1_17' title="bbox 164 1636 3433 1713; baseline 0 -22"><span class='ocrx_word' id='word_1_169' title='bbox 164 1637 295 1706; x_wconf 85' lang='lat' dir='ltr'><strong>siqui</strong></span> <span class='ocrx_word' id='word_1_170' title='bbox 324 1645 585 1707; x_wconf 77' lang='lat' dir='ltr'><strong>tractatus</strong></span> <span class='ocrx_word' id='word_1_171' title='bbox 611 1639 864 1708; x_wconf 85' lang='lat' dir='ltr'><strong>superius</strong></span> <span class='ocrx_word' id='word_1_172' title='bbox 899 1637 1160 1708; x_wconf 86' lang='lat' dir='ltr'><strong>descripti</strong></span> <span class='ocrx_word' id='word_1_173' title='bbox 1187 1636 1252 1693; x_wconf 90' lang='lat' dir='ltr'><strong>ad</strong></span> <span class='ocrx_word' id='word_1_174' title='bbox 1283 1636 1473 1692; x_wconf 89' lang='lat' dir='ltr'><strong>eadem</strong></span> <span class='ocrx_word' id='word_1_175' title='bbox 1505 1638 1734 1707; x_wconf 89' lang='lat' dir='ltr'><strong>pascha-</strong></span> <span class='ocrx_word' id='word_1_176' title='bbox 1837 1643 2033 1713; x_wconf 89' lang='lat' dir='ltr'><strong>quibus</strong></span> <span class='ocrx_word' id='word_1_177' title='bbox 2057 1685 2073 1710; x_wconf 92' lang='lat'><strong>,</strong></span> <span class='ocrx_word' id='word_1_178' title='bbox 2111 1655 2271 1713; x_wconf 80' lang='lat' dir='ltr'><strong>prout</strong></span> <span class='ocrx_word' id='word_1_179' title='bbox 2325 1655 2411 1697; x_wconf 88' lang='lat' dir='ltr'><strong>res</strong></span> <span class='ocrx_word' id='word_1_180' title='bbox 2464 1640 2851 1713; x_wconf 78' lang='lat' dir='ltr'><strong>negotiumque</strong></span> <span class='ocrx_word' id='word_1_181' title='bbox 2896 1640 3218 1711; x_wconf 84' lang='lat' dir='ltr'><strong>postularet,</strong></span> <span class='ocrx_word' id='word_1_182' title='bbox 3254 1647 3433 1692; x_wconf 90' lang='lat' dir='ltr'><strong>utere-</strong></span> 
     </span>
    </p>
   </div>
   <div class='ocr_carea' id='block_1_18' title="bbox 166 1728 3435 1803">
    <p class='ocr_par' dir='ltr' id='par_1_18' title="bbox 166 1728 3435 1803">
     <span class='ocr_line' id='line_1_18' title="bbox 166 1728 3435 1803; baseline -0.002 -11"><span class='ocrx_word' id='word_1_183' title='bbox 166 1728 408 1785; x_wconf 69' lang='lat' dir='ltr'><strong>lilol&#39;liCia</strong></span> <span class='ocrx_word' id='word_1_184' title='bbox 450 1741 707 1800; x_wconf 61' lang='lat' dir='ltr'><strong>specum</strong></span> <span class='ocrx_word' id='word_1_185' title='bbox 747 1729 1019 1797; x_wconf 73' lang='lat' dir='ltr'><strong>videnlur.</strong></span> <span class='ocrx_word' id='word_1_186' title='bbox 1063 1744 1184 1785; x_wconf 81' lang='lat' dir='ltr'><strong>cum</strong></span> <span class='ocrx_word' id='word_1_187' title='bbox 1226 1730 1280 1785; x_wconf 83' lang='lat' dir='ltr'><strong>ill</strong></span> <span class='ocrx_word' id='word_1_188' title='bbox 1312 1730 1426 1785; x_wconf 75' lang='lat' dir='ltr'><strong>illis</strong></span> <span class='ocrx_word' id='word_1_189' title='bbox 1455 1729 1631 1801; x_wconf 77' lang='lat' dir='ltr'><strong>aliqua</strong></span> <span class='ocrx_word' id='word_1_190' title='bbox 1664 1728 1729 1785; x_wconf 75' lang='lat' dir='ltr'><strong>ad</strong></span> <span class='ocrx_word' id='word_1_191' title='bbox 1841 1740 1963 1792; x_wconf 83' lang='lat' dir='ltr'><strong>tur?</strong></span> <span class='ocrx_word' id='word_1_192' title='bbox 2010 1736 2158 1792; x_wconf 90' lang='lat' dir='ltr'><strong>Hanc</strong></span> <span class='ocrx_word' id='word_1_193' title='bbox 2187 1736 2433 1791; x_wconf 83' lang='lat' dir='ltr'><strong>fortassis</strong></span> <span class='ocrx_word' id='word_1_194' title='bbox 2463 1736 2516 1791; x_wconf 90' lang='lat' dir='ltr'><strong>in</strong></span> <span class='ocrx_word' id='word_1_195' title='bbox 2555 1734 2880 1791; x_wconf 83' lang='lat' dir='ltr'><strong>sententiam</strong></span> <span class='ocrx_word' id='word_1_196' title='bbox 2912 1731 3256 1803; x_wconf 74' lang='lat' dir='ltr'><strong>Prwfationes</strong></span> <span class='ocrx_word' id='word_1_197' title='bbox 3298 1744 3435 1785; x_wconf 90' lang='lat' dir='ltr'><strong>non—</strong></span> 
     </span>
    </p>
   </div>
   <div class='ocr_carea' id='block_1_19' title="bbox 168 1815 1718 1901">
    <p class='ocr_par' dir='ltr' id='par_1_19' title="bbox 168 1821 1718 1893">
     <span class='ocr_line' id='line_1_19' title="bbox 168 1821 1718 1893; baseline -0.001 -15"><span class='ocrx_word' id='word_1_198' title='bbox 168 1836 333 1878; x_wconf 79' lang='lat' dir='ltr'><strong>recens</strong></span> <span class='ocrx_word' id='word_1_199' title='bbox 370 1822 671 1893; x_wconf 74' lang='lat' dir='ltr'><strong>baptizatos</strong></span> <span class='ocrx_word' id='word_1_200' title='bbox 703 1821 972 1878; x_wconf 84' lang='lat' dir='ltr'><strong>habeatur</strong></span> <span class='ocrx_word' id='word_1_201' title='bbox 1012 1824 1217 1888; x_wconf 83' lang='lat' dir='ltr'><strong>oratio;</strong></span> <span class='ocrx_word' id='word_1_202' title='bbox 1252 1837 1359 1877; x_wconf 87' lang='lat' dir='ltr'><strong>non</strong></span> <span class='ocrx_word' id='word_1_203' title='bbox 1408 1833 1588 1877; x_wconf 87' lang='lat' dir='ltr'><strong>tamen</strong></span> <span class='ocrx_word' id='word_1_204' title='bbox 1635 1838 1718 1878; x_wconf 69' lang='lat' dir='ltr'><strong>eos</strong></span> 
     </span>
    </p>
   </div>
   <div class='ocr_carea' id='block_1_20' title="bbox 1881 1815 3431 1901">
    <p class='ocr_par' dir='ltr' id='par_1_20' title="bbox 1881 1826 3431 1901">
     <span class='ocr_line' id='line_1_20' title="bbox 1881 1826 3431 1901; baseline -0.005 -16"><span class='ocrx_word' id='word_1_205' title='bbox 1881 1830 1968 1885; x_wconf 77' lang='lat' dir='ltr'><strong>ulli</strong></span> <span class='ocrx_word' id='word_1_206' title='bbox 1998 1830 2265 1901; x_wconf 91' lang='lat' dir='ltr'><strong>ejusmodi</strong></span> <span class='ocrx_word' id='word_1_207' title='bbox 2310 1837 2569 1884; x_wconf 86' lang='lat' dir='ltr'><strong>tractatus</strong></span> <span class='ocrx_word' id='word_1_208' title='bbox 2602 1829 2653 1883; x_wconf 94' lang='lat' dir='ltr'><strong>in</strong></span> <span class='ocrx_word' id='word_1_209' title='bbox 2701 1826 3087 1897; x_wconf 88' lang='lat' dir='ltr'><strong>manuscriptis</strong></span> <span class='ocrx_word' id='word_1_210' title='bbox 3132 1831 3431 1890; x_wconf 77' lang='lat' dir='ltr'><strong>vocantur;</strong></span> 
     </span>
    </p>
   </div>
   <div class='ocr_carea' id='block_1_21' title="bbox 164 1911 3432 1994">
    <p class='ocr_par' dir='ltr' id='par_1_21' title="bbox 164 1911 3432 1994">
     <span class='ocr_line' id='line_1_21' title="bbox 164 1911 3432 1994; baseline 0 -25"><span class='ocrx_word' id='word_1_211' title='bbox 164 1911 249 1969; x_wconf 83' lang='lat' dir='ltr'><strong>huc</strong></span> <span class='ocrx_word' id='word_1_212' title='bbox 272 1912 519 1969; x_wconf 74' lang='lat' dir='ltr'><strong>duximus</strong></span> <span class='ocrx_word' id='word_1_213' title='bbox 550 1913 990 1980; x_wconf 86' lang='lat' dir='ltr'><strong>transferendos,</strong></span> <span class='ocrx_word' id='word_1_214' title='bbox 1030 1930 1152 1968; x_wconf 89' lang='lat' dir='ltr'><strong>cum</strong></span> <span class='ocrx_word' id='word_1_215' title='bbox 1185 1915 1267 1969; x_wconf 82' lang='lat' dir='ltr'><strong>vel</strong></span> <span class='ocrx_word' id='word_1_216' title='bbox 1300 1914 1575 1985; x_wconf 79' lang='lat' dir='ltr'><strong>longiores</strong></span> <span class='ocrx_word' id='word_1_217' title='bbox 1622 1918 1732 1973; x_wconf 87' lang='lat' dir='ltr'><strong>sint</strong></span> <span class='ocrx_word' id='word_1_218' title='bbox 1836 1925 1908 1978; x_wconf 91' lang='lat' dir='ltr'><strong>uti</strong></span> <span class='ocrx_word' id='word_1_219' title='bbox 1938 1933 1990 1978; x_wconf 85' lang='lat' dir='ltr'><strong>et</strong></span> <span class='ocrx_word' id='word_1_220' title='bbox 2031 1924 2069 1979; x_wconf 87' lang='lat' dir='ltr'>S</span> <span class='ocrx_word' id='word_1_221' title='bbox 2134 1923 2327 1979; x_wconf 80' lang='lat' dir='ltr'><strong>Petrus</strong></span> <span class='ocrx_word' id='word_1_222' title='bbox 2355 1920 2724 1994; x_wconf 82' lang='lat' dir='ltr'><strong>Chrysolngus</strong></span> <span class='ocrx_word' id='word_1_223' title='bbox 2752 1934 3061 1976; x_wconf 84' lang='lat' dir='ltr'><strong>sermonem</strong></span> <span class='ocrx_word' id='word_1_224' title='bbox 3089 1934 3159 1975; x_wconf 76' lang='lat' dir='ltr'><strong>xi.</strong></span> <span class='ocrx_word' id='word_1_225' title='bbox 3185 1917 3250 1972; x_wconf 83' lang='lat' dir='ltr'><strong>de</strong></span> <span class='ocrx_word' id='word_1_226' title='bbox 3298 1916 3432 1972; x_wconf 86' lang='lat' dir='ltr'><strong>bono</strong></span> 
     </span>
    </p>
   </div>
   <div class='ocr_carea' id='block_1_22' title="bbox 164 2005 3429 2086">
    <p class='ocr_par' dir='ltr' id='par_1_22' title="bbox 164 2005 3429 2086">
     <span class='ocr_line' id='line_1_22' title="bbox 164 2005 3429 2086; baseline 0.001 -26"><span class='ocrx_word' id='word_1_227' title='bbox 164 2005 330 2072; x_wconf 87' lang='lat' dir='ltr'><strong>multo,</strong></span> <span class='ocrx_word' id='word_1_228' title='bbox 352 2016 406 2061; x_wconf 88' lang='lat' dir='ltr'><strong>et</strong></span> <span class='ocrx_word' id='word_1_229' title='bbox 431 2005 502 2062; x_wconf 90' lang='lat' dir='ltr'><strong>de</strong></span> <span class='ocrx_word' id='word_1_230' title='bbox 532 2006 858 2076; x_wconf 80' lang='lat' dir='ltr'><strong>baptismate</strong></span> <span class='ocrx_word' id='word_1_231' title='bbox 882 2021 992 2061; x_wconf 90' lang='lat' dir='ltr'><strong>non</strong></span> <span class='ocrx_word' id='word_1_232' title='bbox 1016 2006 1127 2062; x_wconf 80' lang='lat' dir='ltr'><strong>nisi</strong></span> <span class='ocrx_word' id='word_1_233' title='bbox 1157 2006 1334 2063; x_wconf 91' lang='lat' dir='ltr'><strong>obiter</strong></span> <span class='ocrx_word' id='word_1_234' title='bbox 1354 2008 1729 2073; x_wconf 88' lang='lat' dir='ltr'><strong>meminerint,</strong></span> <span class='ocrx_word' id='word_1_235' title='bbox 1835 2015 2058 2071; x_wconf 80' lang='lat' dir='ltr'><strong>Pastare</strong></span> <span class='ocrx_word' id='word_1_236' title='bbox 2088 2016 2140 2070; x_wconf 90' lang='lat' dir='ltr'><strong>in</strong></span> <span class='ocrx_word' id='word_1_237' title='bbox 2188 2018 2305 2085; x_wconf 87' lang='lat' dir='ltr'><strong>ipso</strong></span> <span class='ocrx_word' id='word_1_238' title='bbox 2338 2015 2601 2071; x_wconf 85' lang='lat' dir='ltr'><strong>orationis</strong></span> <span class='ocrx_word' id='word_1_239' title='bbox 2638 2029 2798 2068; x_wconf 86' lang='lat' dir='ltr'><strong>cursu</strong></span> <span class='ocrx_word' id='word_1_240' title='bbox 2842 2014 3196 2086; x_wconf 76' lang='lat' dir='ltr'><strong>prwfationem</strong></span> <span class='ocrx_word' id='word_1_241' title='bbox 3236 2018 3429 2074; x_wconf 86' lang='lat' dir='ltr'><strong>vocat,</strong></span> 
     </span>
    </p>
   </div>
   <div class='ocr_carea' id='block_1_23' title="bbox 163 2097 3435 2180">
    <p class='ocr_par' dir='ltr' id='par_1_23' title="bbox 163 2097 3435 2180">
     <span class='ocr_line' id='line_1_23' title="bbox 163 2097 3435 2180; baseline -0.003 -16"><span class='ocrx_word' id='word_1_242' title='bbox 163 2097 233 2155; x_wconf 68' lang='grc' dir='ltr'><strong>νεὶ</strong></span> <span class='ocrx_word' id='word_1_243' title='bbox 255 2112 285 2152; x_wconf 73' lang='grc'>³</span> <span class='ocrx_word' id='word_1_244' title='bbox 308 2099 528 2169; x_wconf 66' lang='grc' dir='ltr'><strong>ρτορνὶο</strong></span> <span class='ocrx_word' id='word_1_245' title='bbox 574 2099 737 2154; x_wconf 64' lang='lat' dir='ltr'><strong>mllio</strong></span> <span class='ocrx_word' id='word_1_246' title='bbox 766 2115 858 2155; x_wconf 66' lang='grc' dir='ltr'><strong>ειν</strong></span> <span class='ocrx_word' id='word_1_247' title='bbox 884 2115 971 2171; x_wconf 67' lang='grc' dir='ltr'><strong>ἕνα</strong></span> <span class='ocrx_word' id='word_1_248' title='bbox 1013 2101 1068 2153; x_wconf 73' lang='lat' dir='ltr'><strong>in</strong></span> <span class='ocrx_word' id='word_1_249' title='bbox 1096 2098 1291 2155; x_wconf 68' lang='grc' dir='ltr'><strong>Ῑεαδαηι</strong></span> <span class='ocrx_word' id='word_1_250' title='bbox 1315 2141 1330 2166; x_wconf 71' lang='grc' dir='ltr'><strong>ν</strong></span> <span class='ocrx_word' id='word_1_251' title='bbox 1348 2098 1355 2105; x_wconf 63' lang='grc'><em>’</em></span> <span class='ocrx_word' id='word_1_252' title='bbox 1376 2101 1476 2157; x_wconf 75' lang='grc' dir='ltr'><strong>8υῦ</strong></span> <span class='ocrx_word' id='word_1_253' title='bbox 1503 2116 1615 2173; x_wconf 77' lang='lat' dir='ltr'><strong>quo</strong></span> <span class='ocrx_word' id='word_1_254' title='bbox 1643 2102 1732 2157; x_wconf 74' lang='lat' dir='ltr'><strong>alii</strong></span> <span class='ocrx_word' id='word_1_255' title='bbox 1833 2120 1887 2165; x_wconf 92' lang='lat' dir='ltr'><strong>et</strong></span> <span class='ocrx_word' id='word_1_256' title='bbox 1912 2110 2163 2165; x_wconf 85' lang='lat' dir='ltr'><strong>similiter</strong></span> <span class='ocrx_word' id='word_1_257' title='bbox 2188 2108 2423 2180; x_wconf 86' lang='lat' dir='ltr'><strong>appellat</strong></span> <span class='ocrx_word' id='word_1_258' title='bbox 2449 2123 2756 2163; x_wconf 77' lang='lat' dir='ltr'><strong>sermonem</strong></span> <span class='ocrx_word' id='word_1_259' title='bbox 2781 2122 3007 2162; x_wconf 74' lang='lat' dir='ltr'><strong>vaxvu</strong></span> <span class='ocrx_word' id='word_1_260' title='bbox 3034 2120 3099 2160; x_wconf 91' lang='lat' dir='ltr'><strong>eo</strong></span> <span class='ocrx_word' id='word_1_261' title='bbox 3129 2117 3324 2168; x_wconf 90' lang='lat' dir='ltr'><strong>sensu,</strong></span> <span class='ocrx_word' id='word_1_262' title='bbox 3376 2109 3435 2155; x_wconf 89' lang='lat' dir='ltr'><strong>ut</strong></span> 
     </span>
    </p>
   </div>
   <div class='ocr_carea' id='block_1_24' title="bbox 165 2192 1715 2279">
    <p class='ocr_par' dir='ltr' id='par_1_24' title="bbox 165 2192 1715 2266">
     <span class='ocr_line' id='line_1_24' title="bbox 165 2192 1715 2266; baseline 0.003 -21"><span class='ocrx_word' id='word_1_263' title='bbox 165 2200 391 2247; x_wconf 84' lang='lat' dir='ltr'><strong>tractatus</strong></span> <span class='ocrx_word' id='word_1_264' title='bbox 417 2208 530 2247; x_wconf 86' lang='lat' dir='ltr'><strong>non</strong></span> <span class='ocrx_word' id='word_1_265' title='bbox 554 2192 841 2262; x_wconf 83' lang='lat' dir='ltr'><strong>paschales</strong></span> <span class='ocrx_word' id='word_1_266' title='bbox 864 2195 1155 2259; x_wconf 84' lang='lat' dir='ltr'><strong>habentur,</strong></span> <span class='ocrx_word' id='word_1_267' title='bbox 1183 2195 1325 2250; x_wconf 89' lang='lat' dir='ltr'><strong>haud</strong></span> <span class='ocrx_word' id='word_1_268' title='bbox 1349 2194 1715 2266; x_wconf 71' lang='lat' dir='ltr'><strong>disjnngendo:</strong></span> 
     </span>
    </p>
   </div>
   <div class='ocr_carea' id='block_1_25' title="bbox 1881 2192 3431 2279">
    <p class='ocr_par' dir='ltr' id='par_1_25' title="bbox 1881 2197 3431 2279">
     <span class='ocr_line' id='line_1_25' title="bbox 1881 2197 3431 2279; baseline -0.007 -18"><span class='ocrx_word' id='word_1_269' title='bbox 1881 2206 2192 2279; x_wconf 73' lang='lat' dir='ltr'><strong>rtefotionem</strong></span> <span class='ocrx_word' id='word_1_270' title='bbox 2232 2220 2330 2277; x_wconf 90' lang='lat' dir='ltr'><strong>pro</strong></span> <span class='ocrx_word' id='word_1_271' title='bbox 2370 2204 2581 2260; x_wconf 70' lang='lat' dir='ltr'><strong>exordio</strong></span> <span class='ocrx_word' id='word_1_272' title='bbox 2606 2203 2816 2258; x_wconf 80' lang='lat' dir='ltr'><strong>dixisse</strong></span> <span class='ocrx_word' id='word_1_273' title='bbox 2842 2202 3107 2256; x_wconf 88' lang='lat' dir='ltr'><strong>videatur.</strong></span> <span class='ocrx_word' id='word_1_274' title='bbox 3139 2197 3431 2255; x_wconf 84' lang='lat' dir='ltr'><strong>Exordium</strong></span> 
     </span>
    </p>
   </div>
   <div class='ocr_carea' id='block_1_26' title="bbox 163 2285 1713 2360">
    <p class='ocr_par' dir='ltr' id='par_1_26' title="bbox 163 2285 1713 2360">
     <span class='ocr_line' id='line_1_26' title="bbox 163 2285 1713 2360; baseline 0.003 -20"><span class='ocrx_word' id='word_1_275' title='bbox 163 2285 448 2356; x_wconf 82' lang='lat' dir='ltr'><strong>putarimus.</strong></span> <span class='ocrx_word' id='word_1_276' title='bbox 474 2285 808 2342; x_wconf 83' lang='lat' dir='ltr'><strong>Brevitatem</strong></span> <span class='ocrx_word' id='word_1_277' title='bbox 833 2288 1083 2354; x_wconf 87' lang='lat' dir='ltr'><strong>istorum,</strong></span> <span class='ocrx_word' id='word_1_278' title='bbox 1098 2303 1235 2358; x_wconf 84' lang='lat' dir='ltr'><strong>quos</strong></span> <span class='ocrx_word' id='word_1_279' title='bbox 1258 2288 1599 2360; x_wconf 69' lang='lat' dir='ltr'><strong>subiicimus,</strong></span> <span class='ocrx_word' id='word_1_280' title='bbox 1620 2291 1713 2359; x_wconf 44' lang='lat' dir='ltr'><strong>pri‘</strong></span> 
     </span>
    </p>
   </div>
   <div class='ocr_carea' id='block_1_27' title="bbox 1878 2285 3428 2360">
    <p class='ocr_par' dir='ltr' id='par_1_27' title="bbox 1878 2292 3428 2360">
     <span class='ocr_line' id='line_1_27' title="bbox 1878 2292 3428 2360; baseline -0.008 -3"><span class='ocrx_word' id='word_1_281' title='bbox 1878 2318 1966 2357; x_wconf 88' lang='lat' dir='ltr'><strong>me</strong></span> <span class='ocrx_word' id='word_1_282' title='bbox 1994 2302 2135 2357; x_wconf 84' lang='lat' dir='ltr'><strong>inter</strong></span> <span class='ocrx_word' id='word_1_283' title='bbox 2159 2312 2388 2356; x_wconf 70' lang='lat' dir='ltr'><strong>creterris</strong></span> <span class='ocrx_word' id='word_1_284' title='bbox 2404 2315 2525 2355; x_wconf 90' lang='lat' dir='ltr'><strong>esse</strong></span> <span class='ocrx_word' id='word_1_285' title='bbox 2547 2299 2916 2355; x_wconf 88' lang='lat' dir='ltr'><strong>Zenonianum</strong></span> <span class='ocrx_word' id='word_1_286' title='bbox 2942 2304 3100 2351; x_wconf 79' lang='lat' dir='ltr'><strong>tract.</strong></span> <span class='ocrx_word' id='word_1_287' title='bbox 3131 2294 3221 2360; x_wconf 81' lang='lat'><strong>77,</strong></span> <span class='ocrx_word' id='word_1_288' title='bbox 3256 2292 3347 2347; x_wconf 83' lang='lat' dir='ltr'><strong>lib.</strong></span> <span class='ocrx_word' id='word_1_289' title='bbox 3371 2307 3428 2355; x_wconf 88' lang='lat' dir='ltr'><strong>Il,</strong></span> 
     </span>
    </p>
   </div>
   <div class='ocr_carea' id='block_1_28' title="bbox 163 2380 1713 2452">
    <p class='ocr_par' dir='ltr' id='par_1_28' title="bbox 163 2380 1713 2446">
     <span class='ocr_line' id='line_1_28' title="bbox 163 2380 1713 2446; baseline 0.001 -12"><span class='ocrx_word' id='word_1_290' title='bbox 163 2394 235 2434; x_wconf 81' lang='lat' dir='ltr'><strong>tuo</strong></span> <span class='ocrx_word' id='word_1_291' title='bbox 254 2380 536 2436; x_wconf 72' lang='lat' dir='ltr'><strong>miraberis</strong></span> <span class='ocrx_word' id='word_1_292' title='bbox 556 2380 813 2446; x_wconf 77' lang='lat' dir='ltr'><strong>fortasse,</strong></span> <span class='ocrx_word' id='word_1_293' title='bbox 849 2381 1067 2446; x_wconf 84' lang='lat' dir='ltr'><strong>Lectu‘r,</strong></span> <span class='ocrx_word' id='word_1_294' title='bbox 1099 2391 1211 2436; x_wconf 93' lang='lat' dir='ltr'><strong>tum</strong></span> <span class='ocrx_word' id='word_1_295' title='bbox 1239 2397 1370 2437; x_wconf 77' lang='lat' dir='ltr'><strong>vero</strong></span> <span class='ocrx_word' id='word_1_296' title='bbox 1394 2385 1560 2438; x_wconf 89' lang='lat' dir='ltr'><strong>etiam</strong></span> <span class='ocrx_word' id='word_1_297' title='bbox 1584 2383 1713 2438; x_wconf 84' lang='lat' dir='ltr'><strong>simi</strong></span> 
     </span>
    </p>
   </div>
   <div class='ocr_carea' id='block_1_29' title="bbox 1885 2380 3435 2452">
    <p class='ocr_par' dir='ltr' id='par_1_29' title="bbox 1885 2383 3435 2451">
     <span class='ocr_line' id='line_1_29' title="bbox 1885 2383 3435 2451; baseline -0.007 -2"><span class='ocrx_word' id='word_1_298' title='bbox 1885 2397 2119 2451; x_wconf 70' lang='lat' dir='ltr'><strong>videnter</strong></span> <span class='ocrx_word' id='word_1_299' title='bbox 2147 2394 2345 2450; x_wconf 87' lang='lat' dir='ltr'><strong>ibidem</strong></span> <span class='ocrx_word' id='word_1_300' title='bbox 2388 2393 2728 2448; x_wconf 61' lang='lat' dir='ltr'><strong>ostendimus</strong></span> <span class='ocrx_word' id='word_1_301' title='bbox 2757 2391 2944 2446; x_wconf 86' lang='lat' dir='ltr'><strong>adnot.</strong></span> <span class='ocrx_word' id='word_1_302' title='bbox 2978 2390 3029 2444; x_wconf 85' lang='lat' dir='ltr'><strong>l.</strong></span> <span class='ocrx_word' id='word_1_303' title='bbox 3073 2386 3182 2443; x_wconf 89' lang='lat' dir='ltr'><strong>Sed</strong></span> <span class='ocrx_word' id='word_1_304' title='bbox 3216 2387 3286 2441; x_wconf 87' lang='lat' dir='ltr'><strong>de</strong></span> <span class='ocrx_word' id='word_1_305' title='bbox 3313 2383 3435 2439; x_wconf 81' lang='lat' dir='ltr'><strong>bre-</strong></span> 
     </span>
    </p>
   </div>
   <div class='ocr_carea' id='block_1_30' title="bbox 164 2458 1714 2559">
    <p class='ocr_par' dir='ltr' id='par_1_30' title="bbox 164 2458 1711 2544">
     <span class='ocr_line' id='line_1_30' title="bbox 164 2458 1711 2544; baseline 0.001 -16"><span class='ocrx_word' id='word_1_306' title='bbox 164 2458 410 2529; x_wconf 72' lang='lat' dir='ltr'><strong>litudiitem</strong></span> <span class='ocrx_word' id='word_1_307' title='bbox 435 2474 827 2530; x_wconf 86' lang='lat' dir='ltr'><strong>nonnullorum</strong></span> <span class='ocrx_word' id='word_1_308' title='bbox 852 2492 866 2530; x_wconf 91' lang='lat'><strong>:</strong></span> <span class='ocrx_word' id='word_1_309' title='bbox 916 2491 1035 2544; x_wconf 71' lang='lat' dir='ltr'><strong>qua:</strong></span> <span class='ocrx_word' id='word_1_310' title='bbox 1058 2474 1179 2530; x_wconf 79' lang='lat' dir='ltr'><strong>duae</strong></span> <span class='ocrx_word' id='word_1_311' title='bbox 1206 2474 1554 2530; x_wconf 83' lang='lat' dir='ltr'><strong>difficultates</strong></span> <span class='ocrx_word' id='word_1_312' title='bbox 1576 2490 1711 2544; x_wconf 87' lang='lat' dir='ltr'><strong>quos</strong></span> 
     </span>
    </p>
   </div>
   <div class='ocr_carea' id='block_1_31' title="bbox 1884 2458 3434 2559">
    <p class='ocr_par' dir='ltr' id='par_1_31' title="bbox 1884 2477 3434 2559">
     <span class='ocr_line' id='line_1_31' title="bbox 1884 2477 3434 2559; baseline -0.008 -16"><span class='ocrx_word' id='word_1_313' title='bbox 1884 2493 2024 2555; x_wconf 66' lang='lat' dir='ltr'><strong>itate,</strong></span> <span class='ocrx_word' id='word_1_314' title='bbox 2050 2504 2207 2559; x_wconf 84' lang='lat' dir='ltr'><strong>quam</strong></span> <span class='ocrx_word' id='word_1_315' title='bbox 2242 2487 2293 2542; x_wconf 93' lang='lat' dir='ltr'><strong>in</strong></span> <span class='ocrx_word' id='word_1_316' title='bbox 2316 2487 2522 2556; x_wconf 80' lang='lat' dir='ltr'><strong>aliquot</strong></span> <span class='ocrx_word' id='word_1_317' title='bbox 2550 2485 2673 2540; x_wconf 90' lang='lat' dir='ltr'><strong>aliis</strong></span> <span class='ocrx_word' id='word_1_318' title='bbox 2695 2484 2924 2539; x_wconf 87' lang='lat' dir='ltr'><strong>aliorum</strong></span> <span class='ocrx_word' id='word_1_319' title='bbox 2952 2481 3170 2536; x_wconf 85' lang='lat' dir='ltr'><strong>Patrum</strong></span> <span class='ocrx_word' id='word_1_320' title='bbox 3194 2477 3434 2535; x_wconf 89' lang='lat' dir='ltr'><strong>tractati-</strong></span> 
     </span>
    </p>
   </div>
   <div class='ocr_carea' id='block_1_32' title="bbox 162 2567 3423 2653">
    <p class='ocr_par' dir='ltr' id='par_1_32' title="bbox 162 2567 3423 2653">
     <span class='ocr_line' id='line_1_32' title="bbox 162 2567 3423 2653; baseline 0.003 -33"><span class='ocrx_word' id='word_1_321' title='bbox 162 2567 263 2623; x_wconf 84' lang='lat' dir='ltr'><strong>dam</strong></span> <span class='ocrx_word' id='word_1_322' title='bbox 289 2568 687 2635; x_wconf 82' lang='lat' dir='ltr'><strong>itamoverunt,</strong></span> <span class='ocrx_word' id='word_1_323' title='bbox 714 2577 774 2624; x_wconf 89' lang='lat' dir='ltr'><strong>ut</strong></span> <span class='ocrx_word' id='word_1_324' title='bbox 798 2569 884 2624; x_wconf 90' lang='lat' dir='ltr'><strong>vel</strong></span> <span class='ocrx_word' id='word_1_325' title='bbox 908 2568 1362 2641; x_wconf 83' lang='lat' dir='ltr'><strong>exhocquidnam</strong></span> <span class='ocrx_word' id='word_1_326' title='bbox 1393 2569 1563 2636; x_wconf 91' lang='lat' dir='ltr'><strong>illi,et</strong></span> <span class='ocrx_word' id='word_1_327' title='bbox 1582 2570 1737 2641; x_wconf 86' lang='lat' dir='ltr'><strong>cujus</strong></span> <span class='ocrx_word' id='word_1_328' title='bbox 1835 2584 1957 2647; x_wconf 66' lang='grc' dir='ltr'><strong>ιηις,</strong></span> <span class='ocrx_word' id='word_1_329' title='bbox 1992 2597 2088 2636; x_wconf 70' lang='grc' dir='ltr'><strong>εχ,</strong></span> <span class='ocrx_word' id='word_1_330' title='bbox 2137 2596 2223 2653; x_wconf 73' lang='lat' dir='ltr'><strong>gr,</strong></span> <span class='ocrx_word' id='word_1_331' title='bbox 2252 2579 2396 2634; x_wconf 78' lang='lat' dir='ltr'><strong>Petri</strong></span> <span class='ocrx_word' id='word_1_332' title='bbox 2433 2577 2752 2649; x_wconf 74' lang='lat' dir='ltr'><strong>ChrysoIogi</strong></span> <span class='ocrx_word' id='word_1_333' title='bbox 2777 2618 2791 2641; x_wconf 92' lang='lat'><strong>,</strong></span> <span class='ocrx_word' id='word_1_334' title='bbox 2823 2574 2881 2632; x_wconf 88' lang='lat' dir='ltr'><strong>S.</strong></span> <span class='ocrx_word' id='word_1_335' title='bbox 2915 2574 3136 2643; x_wconf 85' lang='lat' dir='ltr'><strong>Leonis,</strong></span> <span class='ocrx_word' id='word_1_336' title='bbox 3178 2582 3284 2628; x_wconf 89' lang='lat' dir='ltr'><strong>etc.</strong></span> <span class='ocrx_word' id='word_1_337' title='bbox 3332 2570 3423 2627; x_wconf 52' lang='lat' dir='ltr'><strong>de</strong></span> 
     </span>
    </p>
   </div>
   <div class='ocr_carea' id='block_1_33' title="bbox 162 2662 1712 2747">
    <p class='ocr_par' dir='ltr' id='par_1_33' title="bbox 162 2662 1712 2733">
     <span class='ocr_line' id='line_1_33' title="bbox 162 2662 1712 2733; baseline 0.002 -20"><span class='ocrx_word' id='word_1_338' title='bbox 162 2662 366 2717; x_wconf 80' lang='lat' dir='ltr'><strong>auctoris</strong></span> <span class='ocrx_word' id='word_1_339' title='bbox 405 2663 545 2729; x_wconf 88' lang='lat' dir='ltr'><strong>sint,</strong></span> <span class='ocrx_word' id='word_1_340' title='bbox 583 2664 930 2733; x_wconf 80' lang='lat' dir='ltr'><strong>ignorantes,</strong></span> <span class='ocrx_word' id='word_1_341' title='bbox 974 2663 1044 2719; x_wconf 87' lang='lat' dir='ltr'><strong>de</strong></span> <span class='ocrx_word' id='word_1_342' title='bbox 1093 2664 1361 2719; x_wconf 77' lang='lat' dir='ltr'><strong>universis</strong></span> <span class='ocrx_word' id='word_1_343' title='bbox 1404 2664 1712 2720; x_wconf 81' lang='lat' dir='ltr'><strong>Zmioniani;</strong></span> 
     </span>
    </p>
   </div>
   <div class='ocr_carea' id='block_1_34' title="bbox 1881 2662 3431 2747">
    <p class='ocr_par' dir='ltr' id='par_1_34' title="bbox 1881 2666 3431 2731">
     <span class='ocr_line' id='line_1_34' title="bbox 1881 2666 3431 2731; baseline -0.006 -2"><span class='ocrx_word' id='word_1_344' title='bbox 1881 2679 2181 2730; x_wconf 74' lang='lat' dir='ltr'><strong>l‘t‘llt‘lltiel‘c</strong></span> <span class='ocrx_word' id='word_1_345' title='bbox 2230 2689 2334 2727; x_wconf 84' lang='lat' dir='ltr'><strong>non</strong></span> <span class='ocrx_word' id='word_1_346' title='bbox 2379 2673 2533 2727; x_wconf 74' lang='lat' dir='ltr'><strong>valde</strong></span> <span class='ocrx_word' id='word_1_347' title='bbox 2576 2670 2899 2726; x_wconf 83' lang='lat' dir='ltr'><strong>ahsimiliter</strong></span> <span class='ocrx_word' id='word_1_348' title='bbox 2951 2671 3113 2731; x_wconf 87' lang='lat' dir='ltr'><strong>licet,</strong></span> <span class='ocrx_word' id='word_1_349' title='bbox 3170 2666 3431 2721; x_wconf 87' lang='lat' dir='ltr'><strong>hactenus</strong></span> 
     </span>
    </p>
   </div>
   <div class='ocr_carea' id='block_1_35' title="bbox 165 2755 3432 2837">
    <p class='ocr_par' dir='ltr' id='par_1_35' title="bbox 165 2755 3432 2837">
     <span class='ocr_line' id='line_1_35' title="bbox 165 2755 3432 2837; baseline -0.001 -30"><span class='ocrx_word' id='word_1_350' title='bbox 165 2756 465 2825; x_wconf 82' lang='lat' dir='ltr'><strong>tractatibus,</strong></span> <span class='ocrx_word' id='word_1_351' title='bbox 519 2756 714 2828; x_wconf 89' lang='lat' dir='ltr'><strong>quibus</strong></span> <span class='ocrx_word' id='word_1_352' title='bbox 746 2755 827 2812; x_wconf 88' lang='lat' dir='ltr'><strong>illi</strong></span> <span class='ocrx_word' id='word_1_353' title='bbox 874 2757 1300 2827; x_wconf 84' lang='lat' dir='ltr'><strong>permiscentur,</strong></span> <span class='ocrx_word' id='word_1_354' title='bbox 1351 2759 1734 2830; x_wconf 82' lang='lat' dir='ltr'><strong>ambigendum</strong></span> <span class='ocrx_word' id='word_1_355' title='bbox 1838 2771 1993 2825; x_wconf 67' lang='lat' dir='ltr'><strong>satis,</strong></span> <span class='ocrx_word' id='word_1_356' title='bbox 2031 2768 2340 2825; x_wconf 84' lang='lat' dir='ltr'><strong>Similitudo</strong></span> <span class='ocrx_word' id='word_1_357' title='bbox 2368 2779 2571 2832; x_wconf 81' lang='lat' dir='ltr'><strong>autem,</strong></span> <span class='ocrx_word' id='word_1_358' title='bbox 2618 2766 2906 2837; x_wconf 74' lang='lat' dir='ltr'><strong>quminter</strong></span> <span class='ocrx_word' id='word_1_359' title='bbox 2937 2763 3230 2819; x_wconf 87' lang='lat' dir='ltr'><strong>nonnullos</strong></span> <span class='ocrx_word' id='word_1_360' title='bbox 3260 2761 3432 2817; x_wconf 85' lang='lat' dir='ltr'><strong>inter-</strong></span> 
     </span>
    </p>
   </div>
   <div class='ocr_carea' id='block_1_36' title="bbox 163 2851 3434 2927">
    <p class='ocr_par' dir='ltr' id='par_1_36' title="bbox 163 2851 3434 2927">
     <span class='ocr_line' id='line_1_36' title="bbox 163 2851 3434 2927; baseline -0.003 -8"><span class='ocrx_word' id='word_1_361' title='bbox 163 2851 479 2919; x_wconf 71' lang='lat' dir='ltr'><strong>crediderim-</strong></span> <span class='ocrx_word' id='word_1_362' title='bbox 532 2856 600 2908; x_wconf 80' lang='lat' dir='ltr'><strong>AI</strong></span> <span class='ocrx_word' id='word_1_363' title='bbox 644 2852 744 2908; x_wconf 68' lang='lat' dir='ltr'><strong>hos</strong></span> <span class='ocrx_word' id='word_1_364' title='bbox 790 2856 1114 2924; x_wconf 72' lang='lat' dir='ltr'><strong>praesertim.</strong></span> <span class='ocrx_word' id='word_1_365' title='bbox 1153 2856 1198 2910; x_wconf 80' lang='lat' dir='ltr'><strong>si</strong></span> <span class='ocrx_word' id='word_1_366' title='bbox 1241 2857 1525 2927; x_wconf 81' lang='lat' dir='ltr'><strong>quisquam</strong></span> <span class='ocrx_word' id='word_1_367' title='bbox 1575 2857 1731 2924; x_wconf 79' lang='lat' dir='ltr'><strong>alius,</strong></span> <span class='ocrx_word' id='word_1_368' title='bbox 1838 2863 2020 2927; x_wconf 79' lang='lat' dir='ltr'><strong>cedit,</strong></span> <span class='ocrx_word' id='word_1_369' title='bbox 2062 2863 2200 2919; x_wconf 86' lang='lat' dir='ltr'><strong>adeo</strong></span> <span class='ocrx_word' id='word_1_370' title='bbox 2241 2873 2298 2916; x_wconf 91' lang='lat' dir='ltr'><strong>ut</strong></span> <span class='ocrx_word' id='word_1_371' title='bbox 2336 2861 2556 2917; x_wconf 89' lang='lat' dir='ltr'><strong>easdem</strong></span> <span class='ocrx_word' id='word_1_372' title='bbox 2602 2858 2942 2923; x_wconf 86' lang='lat' dir='ltr'><strong>sententias,</strong></span> <span class='ocrx_word' id='word_1_373' title='bbox 2996 2857 3161 2912; x_wconf 90' lang='lat' dir='ltr'><strong>immo</strong></span> <span class='ocrx_word' id='word_1_374' title='bbox 3211 2854 3434 2910; x_wconf 73' lang='lat' dir='ltr'><strong>totidem</strong></span> 
     </span>
    </p>
   </div>
   <div class='ocr_carea' id='block_1_37' title="bbox 163 2942 3437 3028">
    <p class='ocr_par' dir='ltr' id='par_1_37' title="bbox 163 2942 3437 3028">
     <span class='ocr_line' id='line_1_37' title="bbox 163 2942 3437 3028; baseline 0.001 -31"><span class='ocrx_word' id='word_1_375' title='bbox 163 2942 400 3000; x_wconf 83' lang='lat' dir='ltr'><strong>Zenonem</strong></span> <span class='ocrx_word' id='word_1_376' title='bbox 430 2956 651 3002; x_wconf 85' lang='lat' dir='ltr'><strong>certum</strong></span> <span class='ocrx_word' id='word_1_377' title='bbox 684 2958 967 3004; x_wconf 88' lang='lat' dir='ltr'><strong>auctorem</strong></span> <span class='ocrx_word' id='word_1_378' title='bbox 1001 2949 1223 3016; x_wconf 85' lang='lat' dir='ltr'><strong>habere,</strong></span> <span class='ocrx_word' id='word_1_379' title='bbox 1254 2966 1319 3006; x_wconf 85' lang='lat' dir='ltr'><strong>ex</strong></span> <span class='ocrx_word' id='word_1_380' title='bbox 1358 2952 1737 3021; x_wconf 84' lang='lat' dir='ltr'><strong>antiquissimo</strong></span> <span class='ocrx_word' id='word_1_381' title='bbox 1838 2956 2164 3028; x_wconf 87' lang='lat' dir='ltr'><strong>quandoque</strong></span> <span class='ocrx_word' id='word_1_382' title='bbox 2209 2956 2372 3012; x_wconf 83' lang='lat' dir='ltr'><strong>verba</strong></span> <span class='ocrx_word' id='word_1_383' title='bbox 2418 2954 2562 3017; x_wconf 84' lang='lat' dir='ltr'><strong>duo.</strong></span> <span class='ocrx_word' id='word_1_384' title='bbox 2610 2953 2696 3009; x_wconf 87' lang='lat' dir='ltr'><strong>vel</strong></span> <span class='ocrx_word' id='word_1_385' title='bbox 2731 2964 2841 3008; x_wconf 88' lang='lat' dir='ltr'><strong>tres</strong></span> <span class='ocrx_word' id='word_1_386' title='bbox 2870 2959 3130 3007; x_wconf 78' lang='lat' dir='ltr'><strong>tractatus</strong></span> <span class='ocrx_word' id='word_1_387' title='bbox 3170 2965 3234 3005; x_wconf 80' lang='lat' dir='ltr'><strong>ev</strong></span> <span class='ocrx_word' id='word_1_388' title='bbox 3268 2947 3437 3018; x_wconf 84' lang='lat' dir='ltr'><strong>subji-</strong></span> 
     </span>
    </p>
   </div>
   <div class='ocr_carea' id='block_1_38' title="bbox 162 3028 3438 3118">
    <p class='ocr_par' dir='ltr' id='par_1_38' title="bbox 162 3028 3438 3118">
     <span class='ocr_line' id='line_1_38' title="bbox 162 3028 3438 3118; baseline 0 -27"><span class='ocrx_word' id='word_1_389' title='bbox 162 3028 391 3093; x_wconf 37' lang='lat' dir='ltr'><strong>Remensi&#39;</strong></span> <span class='ocrx_word' id='word_1_390' title='bbox 440 3039 645 3097; x_wconf 88' lang='lat' dir='ltr'><strong>codice</strong></span> <span class='ocrx_word' id='word_1_391' title='bbox 712 3041 1016 3097; x_wconf 87' lang='lat' dir='ltr'><strong>luculenter</strong></span> <span class='ocrx_word' id='word_1_392' title='bbox 1072 3044 1360 3098; x_wconf 71' lang='lat' dir='ltr'><strong>statuimus</strong></span> <span class='ocrx_word' id='word_1_393' title='bbox 1408 3044 1630 3099; x_wconf 86' lang='lat' dir='ltr'><strong>dissert.</strong></span> <span class='ocrx_word' id='word_1_394' title='bbox 1682 3061 1735 3113; x_wconf 84' lang='grc' dir='ltr'><strong>ι,</strong></span> <span class='ocrx_word' id='word_1_395' title='bbox 1838 3049 2049 3106; x_wconf 89' lang='lat' dir='ltr'><strong>ciendis</strong></span> <span class='ocrx_word' id='word_1_396' title='bbox 2078 3047 2339 3113; x_wconf 87' lang='lat' dir='ltr'><strong>referant,</strong></span> <span class='ocrx_word' id='word_1_397' title='bbox 2366 3050 2408 3101; x_wconf 91' lang='lat' dir='ltr'><strong>si</strong></span> <span class='ocrx_word' id='word_1_398' title='bbox 2441 3045 2748 3118; x_wconf 82' lang='lat' dir='ltr'><strong>quempiam</strong></span> <span class='ocrx_word' id='word_1_399' title='bbox 2778 3051 3017 3110; x_wconf 84' lang='lat' dir='ltr'><strong>moveat,</strong></span> <span class='ocrx_word' id='word_1_400' title='bbox 3040 3042 3091 3097; x_wconf 92' lang='lat' dir='ltr'><strong>id</strong></span> <span class='ocrx_word' id='word_1_401' title='bbox 3119 3049 3438 3112; x_wconf 80' lang='lat' dir='ltr'><strong>argumento</strong></span> 
     </span>
    </p>
   </div>
   <div class='ocr_carea' id='block_1_39' title="bbox 162 3131 3434 3210">
    <p class='ocr_par' dir='ltr' id='par_1_39' title="bbox 162 3131 3434 3210">
     <span class='ocr_line' id='line_1_39' title="bbox 162 3131 3434 3210; baseline 0.001 -27"><span class='ocrx_word' id='word_1_402' title='bbox 162 3141 258 3199; x_wconf 83' lang='lat' dir='ltr'><strong>cap.</strong></span> <span class='ocrx_word' id='word_1_403' title='bbox 284 3132 334 3185; x_wconf 79' lang='lat'><strong>5.</strong></span> <span class='ocrx_word' id='word_1_404' title='bbox 362 3131 538 3188; x_wconf 81' lang='lat' dir='ltr'><strong>[idem</strong></span> <span class='ocrx_word' id='word_1_405' title='bbox 588 3147 717 3187; x_wconf 88' lang='lat' dir='ltr'><strong>vero</strong></span> <span class='ocrx_word' id='word_1_406' title='bbox 744 3134 816 3188; x_wconf 91' lang='lat' dir='ltr'><strong>ita</strong></span> <span class='ocrx_word' id='word_1_407' title='bbox 861 3134 1047 3190; x_wconf 89' lang='lat' dir='ltr'><strong>multis</strong></span> <span class='ocrx_word' id='word_1_408' title='bbox 1092 3146 1147 3189; x_wconf 87' lang='lat' dir='ltr'><strong>et</strong></span> <span class='ocrx_word' id='word_1_409' title='bbox 1190 3134 1523 3203; x_wconf 82' lang='lat' dir='ltr'><strong>antiquitatis</strong></span> <span class='ocrx_word' id='word_1_410' title='bbox 1571 3136 1734 3190; x_wconf 80' lang='lat' dir='ltr'><strong>etiam</strong></span> <span class='ocrx_word' id='word_1_411' title='bbox 1769 3198 1808 3210; x_wconf 46' lang='grc' dir='ltr'><strong><em>Α</em></strong></span> <span class='ocrx_word' id='word_1_412' title='bbox 1839 3156 1962 3198; x_wconf 82' lang='lat' dir='ltr'><strong>esse</strong></span> <span class='ocrx_word' id='word_1_413' title='bbox 1990 3140 2187 3209; x_wconf 85' lang='lat' dir='ltr'><strong>debet,</strong></span> <span class='ocrx_word' id='word_1_414' title='bbox 2219 3140 2278 3197; x_wconf 91' lang='lat' dir='ltr'><strong>S.</strong></span> <span class='ocrx_word' id='word_1_415' title='bbox 2311 3139 2587 3195; x_wconf 86' lang='lat' dir='ltr'><strong>Zenonem</strong></span> <span class='ocrx_word' id='word_1_416' title='bbox 2634 3138 2819 3210; x_wconf 87' lang='lat' dir='ltr'><strong>plures</strong></span> <span class='ocrx_word' id='word_1_417' title='bbox 2851 3137 3010 3192; x_wconf 87' lang='lat' dir='ltr'><strong>unius</strong></span> <span class='ocrx_word' id='word_1_418' title='bbox 3060 3144 3322 3190; x_wconf 70' lang='lat' dir='ltr'><strong>tractatus</strong></span> <span class='ocrx_word' id='word_1_419' title='bbox 3353 3135 3434 3189; x_wconf 88' lang='lat' dir='ltr'><strong>vel</strong></span> 
     </span>
    </p>
   </div>
   <div class='ocr_carea' id='block_1_40' title="bbox 162 3198 3436 3303">
    <p class='ocr_par' dir='ltr' id='par_1_40' title="bbox 162 3198 3436 3303">
     <span class='ocr_line' id='line_1_40' title="bbox 162 3198 3436 3303; baseline -0.002 -14"><span class='ocrx_word' id='word_1_420' title='bbox 162 3221 385 3289; x_wconf 64' lang='lat' dir='ltr'><strong>Nm.</strong></span> <span class='ocrx_word' id='word_1_421' title='bbox 417 3232 475 3279; x_wconf 72' lang='grc' dir='ltr'><strong>ει</strong></span> <span class='ocrx_word' id='word_1_422' title='bbox 489 3236 778 3280; x_wconf 62' lang='lat' dir='ltr'><strong>sacrorum</strong></span> <span class='ocrx_word' id='word_1_423' title='bbox 802 3226 1027 3293; x_wconf 67' lang='lat' dir='ltr'><strong>rituum.</strong></span> <span class='ocrx_word' id='word_1_424' title='bbox 1047 3238 1100 3281; x_wconf 81' lang='grc' dir='ltr'>ει</span> <span class='ocrx_word' id='word_1_425' title='bbox 1127 3230 1396 3283; x_wconf 66' lang='lat' dir='ltr'><strong>variorum</strong></span> <span class='ocrx_word' id='word_1_426' title='bbox 1420 3228 1730 3298; x_wconf 65' lang='lat' dir='ltr'><strong>dt‘gmalllm</strong></span> <span class='ocrx_word' id='word_1_427' title='bbox 1762 3198 1809 3262; x_wconf 66' lang='grc' dir='ltr'>Ο</span> <span class='ocrx_word' id='word_1_428' title='bbox 1838 3235 2189 3291; x_wconf 87' lang='lat' dir='ltr'><strong>allocutionis</strong></span> <span class='ocrx_word' id='word_1_429' title='bbox 2234 3232 2496 3289; x_wconf 89' lang='lat' dir='ltr'><strong>formulas</strong></span> <span class='ocrx_word' id='word_1_430' title='bbox 2527 3232 2843 3303; x_wconf 76' lang='lat' dir='ltr'><strong>scripsisse,</strong></span> <span class='ocrx_word' id='word_1_431' title='bbox 2891 3231 2978 3285; x_wconf 88' lang='lat' dir='ltr'><strong>vel</strong></span> <span class='ocrx_word' id='word_1_432' title='bbox 3027 3231 3166 3300; x_wconf 91' lang='lat' dir='ltr'><strong>quod</strong></span> <span class='ocrx_word' id='word_1_433' title='bbox 3221 3232 3391 3300; x_wconf 90' lang='lat' dir='ltr'><strong>prima</strong></span> <span class='ocrx_word' id='word_1_434' title='bbox 3418 3269 3436 3295; x_wconf 88' lang='lat'><strong>,</strong></span> 
     </span>
    </p>
   </div>
   <div class='ocr_carea' id='block_1_41' title="bbox 164 3314 3434 3392">
    <p class='ocr_par' dir='ltr' id='par_1_41' title="bbox 164 3314 3434 3392">
     <span class='ocr_line' id='line_1_41' title="bbox 164 3314 3434 3392; baseline 0.004 -23"><span class='ocrx_word' id='word_1_435' title='bbox 164 3314 461 3371; x_wconf 69' lang='lat' dir='ltr'><strong>testimoniis</strong></span> <span class='ocrx_word' id='word_1_436' title='bbox 512 3318 835 3389; x_wconf 87' lang='lat' dir='ltr'><strong>plerumque</strong></span> <span class='ocrx_word' id='word_1_437' title='bbox 868 3320 1051 3375; x_wconf 80' lang='lat' dir='ltr'><strong>referti</strong></span> <span class='ocrx_word' id='word_1_438' title='bbox 1109 3331 1267 3387; x_wconf 87' lang='lat' dir='ltr'><strong>sunt,</strong></span> <span class='ocrx_word' id='word_1_439' title='bbox 1311 3331 1366 3375; x_wconf 89' lang='lat' dir='ltr'><strong>ut</strong></span> <span class='ocrx_word' id='word_1_440' title='bbox 1421 3321 1604 3386; x_wconf 80' lang='lat' dir='ltr'><strong>lllllliS,</strong></span> <span class='ocrx_word' id='word_1_441' title='bbox 1651 3324 1733 3378; x_wconf 88' lang='lat' dir='ltr'><strong>vel</strong></span> <span class='ocrx_word' id='word_1_442' title='bbox 1835 3330 2116 3385; x_wconf 79' lang='lat' dir='ltr'><strong>autetiam</strong></span> <span class='ocrx_word' id='word_1_443' title='bbox 2147 3327 2386 3383; x_wconf 86' lang='lat' dir='ltr'><strong>secunda</strong></span> <span class='ocrx_word' id='word_1_444' title='bbox 2413 3343 2519 3382; x_wconf 90' lang='lat' dir='ltr'><strong>non</strong></span> <span class='ocrx_word' id='word_1_445' title='bbox 2560 3325 2934 3390; x_wconf 75' lang='lat' dir='ltr'><strong>satisfaCcrct,</strong></span> <span class='ocrx_word' id='word_1_446' title='bbox 2966 3324 3047 3378; x_wconf 85' lang='lat' dir='ltr'><strong>vel</strong></span> <span class='ocrx_word' id='word_1_447' title='bbox 3071 3322 3213 3392; x_wconf 69' lang='lat' dir='ltr'><strong>Quod</strong></span> <span class='ocrx_word' id='word_1_448' title='bbox 3243 3322 3434 3376; x_wconf 76' lang='lat' dir='ltr'><strong>eadem</strong></span> 
     </span>
    </p>
   </div>
   <div class='ocr_carea' id='block_1_42' title="bbox 161 3409 3437 3495">
    <p class='ocr_par' dir='ltr' id='par_1_42' title="bbox 161 3409 3437 3495">
     <span class='ocr_line' id='line_1_42' title="bbox 161 3409 3437 3495; baseline -0.003 -19"><span class='ocrx_word' id='word_1_449' title='bbox 161 3409 313 3476; x_wconf 66' lang='lat' dir='ltr'><strong>P&#39;UCiS</strong></span> <span class='ocrx_word' id='word_1_450' title='bbox 365 3426 428 3465; x_wconf 72' lang='lat' dir='ltr'><strong>CX</strong></span> <span class='ocrx_word' id='word_1_451' title='bbox 481 3412 809 3468; x_wconf 59' lang='lat' dir='ltr'><strong>tractatibus</strong></span> <span class='ocrx_word' id='word_1_452' title='bbox 860 3411 1197 3484; x_wconf 68' lang='lat' dir='ltr'><strong>longioribus</strong></span> <span class='ocrx_word' id='word_1_453' title='bbox 1218 3456 1232 3479; x_wconf 90' lang='lat'><strong>,</strong></span> <span class='ocrx_word' id='word_1_454' title='bbox 1284 3417 1376 3486; x_wconf 88' lang='lat' dir='ltr'><strong>qui</strong></span> <span class='ocrx_word' id='word_1_455' title='bbox 1403 3417 1565 3486; x_wconf 85' lang='lat' dir='ltr'><strong>apud.</strong></span> <span class='ocrx_word' id='word_1_456' title='bbox 1596 3416 1732 3473; x_wconf 77' lang='lat' dir='ltr'><strong>alios</strong></span> <span class='ocrx_word' id='word_1_457' title='bbox 1836 3439 2002 3495; x_wconf 87' lang='lat' dir='ltr'><strong>super</strong></span> <span class='ocrx_word' id='word_1_458' title='bbox 2031 3439 2089 3478; x_wconf 91' lang='lat' dir='ltr'><strong>re</strong></span> <span class='ocrx_word' id='word_1_459' title='bbox 2120 3422 2279 3477; x_wconf 86' lang='lat' dir='ltr'><strong>annis</strong></span> <span class='ocrx_word' id='word_1_460' title='bbox 2310 3420 2545 3490; x_wconf 85' lang='lat' dir='ltr'><strong>singulis</strong></span> <span class='ocrx_word' id='word_1_461' title='bbox 2571 3418 2944 3489; x_wconf 81' lang='lat' dir='ltr'><strong>disputaturos</strong></span> <span class='ocrx_word' id='word_1_462' title='bbox 2972 3414 3162 3470; x_wconf 78' lang='lat' dir='ltr'><strong>iisdem</strong></span> <span class='ocrx_word' id='word_1_463' title='bbox 3196 3413 3350 3470; x_wconf 82' lang='lat' dir='ltr'><strong>festis</strong></span> <span class='ocrx_word' id='word_1_464' title='bbox 3381 3423 3437 3468; x_wconf 88' lang='lat' dir='ltr'><strong>et</strong></span> 
     </span>
    </p>
   </div>
   <div class='ocr_carea' id='block_1_43' title="bbox 161 3505 3432 3578">
    <p class='ocr_par' dir='ltr' id='par_1_43' title="bbox 161 3505 3432 3578">
     <span class='ocr_line' id='line_1_43' title="bbox 161 3505 3432 3578; baseline 0.001 -22"><span class='ocrx_word' id='word_1_465' title='bbox 161 3518 341 3573; x_wconf 88' lang='lat' dir='ltr'><strong>quoque</strong></span> <span class='ocrx_word' id='word_1_466' title='bbox 378 3505 577 3561; x_wconf 84' lang='lat' dir='ltr'><strong>Patres</strong></span> <span class='ocrx_word' id='word_1_467' title='bbox 606 3508 886 3577; x_wconf 74' lang='lat' dir='ltr'><strong>leguntur,</strong></span> <span class='ocrx_word' id='word_1_468' title='bbox 919 3509 1244 3575; x_wconf 84' lang='lat' dir='ltr'><strong>concedant,</strong></span> <span class='ocrx_word' id='word_1_469' title='bbox 1275 3509 1730 3578; x_wconf 86' lang='lat' dir='ltr'><strong>quemadmodum</strong></span> <span class='ocrx_word' id='word_1_470' title='bbox 1836 3516 2159 3572; x_wconf 86' lang='lat' dir='ltr'><strong>lectionibus</strong></span> <span class='ocrx_word' id='word_1_471' title='bbox 2195 3512 2606 3571; x_wconf 88' lang='lat' dir='ltr'><strong>recurrentibus</strong></span> <span class='ocrx_word' id='word_1_472' title='bbox 2623 3513 2686 3567; x_wconf 90' lang='lat' dir='ltr'><strong>de</strong></span> <span class='ocrx_word' id='word_1_473' title='bbox 2716 3508 2922 3577; x_wconf 78' lang='lat' dir='ltr'><strong>Exodo,</strong></span> <span class='ocrx_word' id='word_1_474' title='bbox 2953 3511 3014 3562; x_wconf 87' lang='lat' dir='ltr'><strong>de</strong></span> <span class='ocrx_word' id='word_1_475' title='bbox 3054 3506 3288 3571; x_wconf 84' lang='lat' dir='ltr'><strong>Duniele,</strong></span> <span class='ocrx_word' id='word_1_476' title='bbox 3322 3516 3432 3562; x_wconf 90' lang='lat' dir='ltr'><strong>etc.</strong></span> 
     </span>
    </p>
   </div>
   <div class='ocr_carea' id='block_1_44' title="bbox 162 3597 3432 3684">
    <p class='ocr_par' dir='ltr' id='par_1_44' title="bbox 162 3597 3432 3684">
     <span class='ocr_line' id='line_1_44' title="bbox 162 3597 3432 3684; baseline -0 -34"><span class='ocrx_word' id='word_1_477' title='bbox 162 3610 213 3652; x_wconf 74' lang='lat' dir='ltr'><strong>ex</strong></span> <span class='ocrx_word' id='word_1_478' title='bbox 238 3597 339 3668; x_wconf 86' lang='lat' dir='ltr'><strong>ipsa</strong></span> <span class='ocrx_word' id='word_1_479' title='bbox 385 3599 628 3656; x_wconf 88' lang='lat' dir='ltr'><strong>lectione</strong></span> <span class='ocrx_word' id='word_1_480' title='bbox 676 3616 739 3655; x_wconf 81' lang='lat' dir='ltr'><strong>ac</strong></span> <span class='ocrx_word' id='word_1_481' title='bbox 791 3601 1049 3669; x_wconf 86' lang='lat' dir='ltr'><strong>subjectis</strong></span> <span class='ocrx_word' id='word_1_482' title='bbox 1080 3601 1522 3659; x_wconf 82' lang='lat' dir='ltr'><strong>adnotationibus</strong></span> <span class='ocrx_word' id='word_1_483' title='bbox 1556 3604 1731 3675; x_wconf 85' lang='lat' dir='ltr'><strong>palam</strong></span> <span class='ocrx_word' id='word_1_484' title='bbox 1835 3612 1887 3684; x_wconf 87' lang='lat' dir='ltr'><strong>(a</strong></span> <span class='ocrx_word' id='word_1_485' title='bbox 1911 3612 2110 3683; x_wconf 88' lang='lat' dir='ltr'><strong>quibus</strong></span> <span class='ocrx_word' id='word_1_486' title='bbox 2150 3628 2217 3669; x_wconf 78' lang='lat' dir='ltr'><strong>ex</strong></span> <span class='ocrx_word' id='word_1_487' title='bbox 2269 3609 2655 3667; x_wconf 84' lang='lat' dir='ltr'><strong>Ecclesiastica</strong></span> <span class='ocrx_word' id='word_1_488' title='bbox 2693 3607 2984 3677; x_wconf 88' lang='lat' dir='ltr'><strong>disciplina</strong></span> <span class='ocrx_word' id='word_1_489' title='bbox 3007 3650 3020 3670; x_wconf 82' lang='grc'><em>,</em></span> <span class='ocrx_word' id='word_1_490' title='bbox 3050 3620 3296 3677; x_wconf 59' lang='lat' dir='ltr'><strong>qumeas</strong></span> <span class='ocrx_word' id='word_1_491' title='bbox 3325 3605 3432 3660; x_wconf 76' lang='grc' dir='ltr'><strong>ιρο-</strong></span> 
     </span>
    </p>
   </div>
   <div class='ocr_carea' id='block_1_45' title="bbox 166 3689 3432 3776">
    <p class='ocr_par' dir='ltr' id='par_1_45' title="bbox 166 3689 3432 3776">
     <span class='ocr_line' id='line_1_45' title="bbox 166 3689 3432 3776; baseline -0.001 -34"><span class='ocrx_word' id='word_1_492' title='bbox 166 3689 254 3743; x_wconf 85' lang='lat' dir='ltr'><strong>ﬁet.</strong></span> <span class='ocrx_word' id='word_1_493' title='bbox 282 3690 600 3747; x_wconf 81' lang='lat' dir='ltr'><strong>Brevitatem</strong></span> <span class='ocrx_word' id='word_1_494' title='bbox 631 3709 793 3763; x_wconf 86' lang='lat' dir='ltr'><strong>porro</strong></span> <span class='ocrx_word' id='word_1_495' title='bbox 819 3703 925 3749; x_wconf 87' lang='lat' dir='ltr'><strong>tres</strong></span> <span class='ocrx_word' id='word_1_496' title='bbox 948 3693 1094 3750; x_wconf 80' lang='lat' dir='ltr'><strong>Ullsel</strong></span> <span class='ocrx_word' id='word_1_497' title='bbox 1114 3696 1354 3751; x_wconf 76' lang='lat' dir='ltr'><strong>rationes</strong></span> <span class='ocrx_word' id='word_1_498' title='bbox 1376 3695 1510 3752; x_wconf 85' lang='lat' dir='ltr'><strong>satis</strong></span> <span class='ocrx_word' id='word_1_499' title='bbox 1536 3712 1733 3767; x_wconf 78' lang='lat' dir='ltr'><strong>purga—</strong></span> <span class='ocrx_word' id='word_1_500' title='bbox 1836 3705 2011 3760; x_wconf 74' lang='lat' dir='ltr'><strong>[ioties</strong></span> <span class='ocrx_word' id='word_1_501' title='bbox 2032 3704 2084 3759; x_wconf 79' lang='lat' dir='ltr'><strong>in</strong></span> <span class='ocrx_word' id='word_1_502' title='bbox 2118 3705 2392 3775; x_wconf 59' lang='lat' dir='ltr'><strong>baplismi,</strong></span> <span class='ocrx_word' id='word_1_503' title='bbox 2420 3702 2875 3776; x_wconf 45' lang='lat' dir='ltr'><strong>eleusymbolum</strong></span> <span class='ocrx_word' id='word_1_504' title='bbox 2904 3700 3231 3766; x_wconf 62' lang='lat' dir='ltr'><strong>iustimerm’</strong></span> <span class='ocrx_word' id='word_1_505' title='bbox 3256 3699 3432 3755; x_wconf 72' lang='lat' dir='ltr'><strong>disce-</strong></span> 
     </span>
    </p>
   </div>
   <div class='ocr_carea' id='block_1_46' title="bbox 164 3779 3431 3869">
    <p class='ocr_par' dir='ltr' id='par_1_46' title="bbox 164 3779 3431 3869">
     <span class='ocr_line' id='line_1_46' title="bbox 164 3779 3431 3869; baseline 0.004 -34"><span class='ocrx_word' id='word_1_506' title='bbox 164 3779 291 3840; x_wconf 84' lang='lat' dir='ltr'><strong>bunt.</strong></span> <span class='ocrx_word' id='word_1_507' title='bbox 319 3782 369 3840; x_wconf 91' lang='lat' dir='ltr'><strong>ln</strong></span> <span class='ocrx_word' id='word_1_508' title='bbox 396 3787 595 3859; x_wconf 86' lang='lat' dir='ltr'><strong>primis</strong></span> <span class='ocrx_word' id='word_1_509' title='bbox 627 3788 899 3867; x_wconf 74' lang='lat' dir='ltr'><strong>paschalia</strong></span> <span class='ocrx_word' id='word_1_510' title='bbox 932 3786 1131 3855; x_wconf 82' lang='lat' dir='ltr'><strong>ollicia,</strong></span> <span class='ocrx_word' id='word_1_511' title='bbox 1157 3790 1223 3844; x_wconf 87' lang='lat' dir='ltr'><strong>ad</strong></span> <span class='ocrx_word' id='word_1_512' title='bbox 1256 3806 1379 3860; x_wconf 72' lang='lat' dir='ltr'><strong>quae</strong></span> <span class='ocrx_word' id='word_1_513' title='bbox 1399 3790 1436 3845; x_wconf 88' lang='lat' dir='ltr'><strong>ii</strong></span> <span class='ocrx_word' id='word_1_514' title='bbox 1465 3798 1730 3847; x_wconf 90' lang='lat' dir='ltr'><strong>tractatus</strong></span> <span class='ocrx_word' id='word_1_515' title='bbox 1832 3798 1962 3855; x_wconf 85' lang='lat' dir='ltr'><strong>dere</strong></span> <span class='ocrx_word' id='word_1_516' title='bbox 1978 3797 2390 3869; x_wconf 85' lang='lat' dir='ltr'><strong>haudquaquam</strong></span> <span class='ocrx_word' id='word_1_517' title='bbox 2418 3798 2657 3867; x_wconf 86' lang='lat' dir='ltr'><strong>licebat),</strong></span> <span class='ocrx_word' id='word_1_518' title='bbox 2681 3798 2873 3853; x_wconf 83' lang='lat' dir='ltr'><strong>eadem</strong></span> <span class='ocrx_word' id='word_1_519' title='bbox 2893 3797 3073 3854; x_wconf 87' lang='lat' dir='ltr'><strong>dicere</strong></span> <span class='ocrx_word' id='word_1_520' title='bbox 3098 3813 3164 3852; x_wconf 71' lang='lat' dir='ltr'><strong>es</strong></span> <span class='ocrx_word' id='word_1_521' title='bbox 3188 3807 3431 3863; x_wconf 88' lang='lat' dir='ltr'><strong>tempore</strong></span> 
     </span>
    </p>
   </div>
   <div class='ocr_carea' id='block_1_47' title="bbox 165 3876 3426 3965">
    <p class='ocr_par' dir='ltr' id='par_1_47' title="bbox 165 3876 3426 3965">
     <span class='ocr_line' id='line_1_47' title="bbox 165 3876 3426 3965; baseline 0.001 -21"><span class='ocrx_word' id='word_1_522' title='bbox 165 3888 394 3946; x_wconf 72' lang='lat' dir='ltr'><strong>spectant,</strong></span> <span class='ocrx_word' id='word_1_523' title='bbox 422 3881 728 3952; x_wconf 77' lang='lat' dir='ltr'><strong>longiorem</strong></span> <span class='ocrx_word' id='word_1_524' title='bbox 760 3896 1069 3936; x_wconf 81' lang='lat' dir='ltr'><strong>sermonem</strong></span> <span class='ocrx_word' id='word_1_525' title='bbox 1101 3898 1207 3937; x_wconf 78' lang='lat' dir='ltr'><strong>non</strong></span> <span class='ocrx_word' id='word_1_526' title='bbox 1238 3884 1641 3954; x_wconf 67' lang='lat' dir='ltr'><strong>permittebant.</strong></span> <span class='ocrx_word' id='word_1_527' title='bbox 1673 3893 1732 3939; x_wconf 79' lang='lat' dir='ltr'><strong>ut</strong></span> <span class='ocrx_word' id='word_1_528' title='bbox 1835 3895 1916 3950; x_wconf 89' lang='lat' dir='ltr'><strong>vel</strong></span> <span class='ocrx_word' id='word_1_529' title='bbox 1957 3895 2121 3950; x_wconf 89' lang='lat' dir='ltr'><strong>etiam</strong></span> <span class='ocrx_word' id='word_1_530' title='bbox 2149 3896 2391 3951; x_wconf 87' lang='lat' dir='ltr'><strong>scribere</strong></span> <span class='ocrx_word' id='word_1_531' title='bbox 2428 3876 2753 3965; x_wconf 64' lang='lat' dir='ltr'><strong>cogeretur,</strong></span> <span class='ocrx_word' id='word_1_532' title='bbox 2806 3895 3078 3965; x_wconf 81' lang='lat' dir='ltr'><strong>aliquibus</strong></span> <span class='ocrx_word' id='word_1_533' title='bbox 3106 3894 3304 3948; x_wconf 83' lang='lat' dir='ltr'><strong>additis</strong></span> <span class='ocrx_word' id='word_1_534' title='bbox 3343 3893 3426 3947; x_wconf 87' lang='lat' dir='ltr'><strong>vel</strong></span> 
     </span>
    </p>
   </div>
   <div class='ocr_carea' id='block_1_48' title="bbox 166 3967 1716 4061">
    <p class='ocr_par' dir='ltr' id='par_1_48' title="bbox 166 3967 1716 4055">
     <span class='ocr_line' id='line_1_48' title="bbox 166 3967 1716 4055; baseline 0.008 -33"><span class='ocrx_word' id='word_1_535' title='bbox 166 3967 282 4025; x_wconf 84' lang='lat' dir='ltr'><strong>Zeno</strong></span> <span class='ocrx_word' id='word_1_536' title='bbox 306 3973 412 4042; x_wconf 91' lang='lat' dir='ltr'><strong>ipse</strong></span> <span class='ocrx_word' id='word_1_537' title='bbox 429 3975 644 4029; x_wconf 82' lang='lat' dir='ltr'><strong>monuit</strong></span> <span class='ocrx_word' id='word_1_538' title='bbox 672 3982 829 4028; x_wconf 89' lang='lat' dir='ltr'><strong>tract.</strong></span> <span class='ocrx_word' id='word_1_539' title='bbox 859 3974 930 4055; x_wconf 73' lang='lat'><strong>28</strong></span> <span class='ocrx_word' id='word_1_540' title='bbox 961 3993 971 4023; x_wconf 84' lang='lat'>:</span> <span class='ocrx_word' id='word_1_541' title='bbox 1006 3974 1304 4031; x_wconf 79' lang='lat' dir='ltr'><strong>Memorato:</strong></span> <span class='ocrx_word' id='word_1_542' title='bbox 1318 3978 1477 4032; x_wconf 68' lang='lat' dir='ltr'><strong>vinem</strong></span> <span class='ocrx_word' id='word_1_543' title='bbox 1495 3976 1716 4051; x_wconf 80' lang='lat' dir='ltr'><strong>disputa-</strong></span> 
     </span>
    </p>
   </div>
   <div class='ocr_carea' id='block_1_49' title="bbox 1878 3967 3428 4061">
    <p class='ocr_par' dir='ltr' id='par_1_49' title="bbox 1878 3986 3428 4061">
     <span class='ocr_line' id='line_1_49' title="bbox 1878 3986 3428 4061; baseline 0 -20"><span class='ocrx_word' id='word_1_544' title='bbox 1878 3991 2074 4055; x_wconf 75' lang='lat' dir='ltr'><strong>tutatis,</strong></span> <span class='ocrx_word' id='word_1_545' title='bbox 2097 4000 2153 4044; x_wconf 88' lang='lat' dir='ltr'><strong>ut</strong></span> <span class='ocrx_word' id='word_1_546' title='bbox 2176 4005 2244 4046; x_wconf 90' lang='lat' dir='ltr'><strong>ne</strong></span> <span class='ocrx_word' id='word_1_547' title='bbox 2272 3990 2459 4046; x_wconf 75' lang='lat' dir='ltr'><strong>eadem</strong></span> <span class='ocrx_word' id='word_1_548' title='bbox 2485 3986 2706 4046; x_wconf 82' lang='lat' dir='ltr'><strong>Omnino</strong></span> <span class='ocrx_word' id='word_1_549' title='bbox 2731 4000 3125 4061; x_wconf 81' lang='lat' dir='ltr'><strong>repeterentur.</strong></span> <span class='ocrx_word' id='word_1_550' title='bbox 3152 3987 3428 4044; x_wconf 80' lang='lat' dir='ltr'><strong>Addemus</strong></span> 
     </span>
    </p>
   </div>
   <div class='ocr_carea' id='block_1_50' title="bbox 166 4061 1716 4154">
    <p class='ocr_par' dir='ltr' id='par_1_50' title="bbox 166 4061 1716 4140">
     <span class='ocr_line' id='line_1_50' title="bbox 166 4061 1716 4140; baseline 0.009 -29"><span class='ocrx_word' id='word_1_551' title='bbox 166 4061 241 4126; x_wconf 84' lang='lat' dir='ltr'><strong>tio,</strong></span> <span class='ocrx_word' id='word_1_552' title='bbox 263 4064 443 4134; x_wconf 85' lang='lat' dir='ltr'><strong>inquit.</strong></span> <span class='ocrx_word' id='word_1_553' title='bbox 474 4070 671 4137; x_wconf 76' lang='lat' dir='ltr'><strong>fratres</strong></span> <span class='ocrx_word' id='word_1_554' title='bbox 713 4066 1055 4135; x_wconf 73' lang='lat' dir='ltr'><strong>dilectissimi,</strong></span> <span class='ocrx_word' id='word_1_555' title='bbox 1083 4068 1235 4138; x_wconf 83' lang='lat' dir='ltr'><strong>longe</strong></span> <span class='ocrx_word' id='word_1_556' title='bbox 1275 4069 1474 4140; x_wconf 83' lang='lat' dir='ltr'><strong>lateque</strong></span> <span class='ocrx_word' id='word_1_557' title='bbox 1511 4069 1716 4137; x_wconf 64' lang='lat' dir='ltr'><strong>diﬁusot</strong></span> 
     </span>
    </p>
   </div>
   <div class='ocr_carea' id='block_1_51' title="bbox 1878 4061 3428 4154">
    <p class='ocr_par' dir='ltr' id='par_1_51' title="bbox 1878 4081 3428 4154">
     <span class='ocr_line' id='line_1_51' title="bbox 1878 4081 3428 4154; baseline 0 -18"><span class='ocrx_word' id='word_1_558' title='bbox 1878 4084 1996 4137; x_wconf 77' lang='lat' dir='ltr'><strong>tiam</strong></span> <span class='ocrx_word' id='word_1_559' title='bbox 2019 4082 2327 4154; x_wconf 86' lang='lat' dir='ltr'><strong>Sparaverii</strong></span> <span class='ocrx_word' id='word_1_560' title='bbox 2356 4084 2883 4141; x_wconf 79' lang='lat' dir='ltr'><strong>animadversionem</strong></span> <span class='ocrx_word' id='word_1_561' title='bbox 2916 4098 2980 4139; x_wconf 69' lang='lat' dir='ltr'><strong>ex</strong></span> <span class='ocrx_word' id='word_1_562' title='bbox 3019 4082 3367 4138; x_wconf 83' lang='lat' dir='ltr'><strong>adnotatione</strong></span> <span class='ocrx_word' id='word_1_563' title='bbox 3393 4081 3428 4135; x_wconf 71' lang='grc'><strong>4</strong></span> 
     </span>
    </p>
   </div>
   <div class='ocr_carea' id='block_1_52' title="bbox 166 4152 1716 4245">
    <p class='ocr_par' dir='ltr' id='par_1_52' title="bbox 166 4152 1716 4233">
     <span class='ocr_line' id='line_1_52' title="bbox 166 4152 1716 4233; baseline 0.007 -28"><span class='ocrx_word' id='word_1_564' title='bbox 166 4152 318 4209; x_wconf 64' lang='lat' dir='ltr'><strong>limites</strong></span> <span class='ocrx_word' id='word_1_565' title='bbox 341 4158 509 4224; x_wconf 75' lang='lat' dir='ltr'><strong>habet,</strong></span> <span class='ocrx_word' id='word_1_566' title='bbox 550 4174 683 4229; x_wconf 78' lang='lat' dir='ltr'><strong>quos</strong></span> <span class='ocrx_word' id='word_1_567' title='bbox 724 4175 995 4229; x_wconf 67' lang='lat' dir='ltr'><strong>peragrare</strong></span> <span class='ocrx_word' id='word_1_568' title='bbox 1031 4164 1332 4233; x_wconf 83' lang='lat' dir='ltr'><strong>competenti</strong></span> <span class='ocrx_word' id='word_1_569' title='bbox 1370 4179 1600 4218; x_wconf 81' lang='lat' dir='ltr'><strong>sermone</strong></span> <span class='ocrx_word' id='word_1_570' title='bbox 1641 4180 1716 4216; x_wconf 86' lang='lat' dir='ltr'><strong>ur-</strong></span> 
     </span>
    </p>
   </div>
   <div class='ocr_carea' id='block_1_53' title="bbox 1877 4152 3427 4245">
    <p class='ocr_par' dir='ltr' id='par_1_53' title="bbox 1877 4152 3427 4245">
     <span class='ocr_line' id='line_1_53' title="bbox 1877 4152 3427 4245; baseline 0 -16"><span class='ocrx_word' id='word_1_571' title='bbox 1877 4193 1885 4229; x_wconf 93' lang='lat' dir='ltr'><strong>l</strong></span> <span class='ocrx_word' id='word_1_572' title='bbox 1919 4152 2077 4231; x_wconf 44' lang='lat' dir='ltr'><strong>tracti</strong></span> <span class='ocrx_word' id='word_1_573' title='bbox 2102 4176 2173 4232; x_wconf 68' lang='lat'><strong>96</strong></span> <span class='ocrx_word' id='word_1_574' title='bbox 2198 4194 2211 4230; x_wconf 91' lang='lat'><strong>:</strong></span> <span class='ocrx_word' id='word_1_575' title='bbox 2232 4177 2433 4231; x_wconf 73' lang='lat' dir='ltr'><strong>Totiens</strong></span> <span class='ocrx_word' id='word_1_576' title='bbox 2457 4179 2553 4234; x_wconf 81' lang='lat' dir='ltr'><strong>ista</strong></span> <span class='ocrx_word' id='word_1_577' title='bbox 2597 4178 2800 4245; x_wconf 73' lang='lat' dir='ltr'><strong>repetit,</strong></span> <span class='ocrx_word' id='word_1_578' title='bbox 2827 4188 2884 4230; x_wconf 87' lang='lat' dir='ltr'><strong>ut</strong></span> <span class='ocrx_word' id='word_1_579' title='bbox 2910 4177 3067 4231; x_wconf 79' lang='lat' dir='ltr'><strong>videri</strong></span> <span class='ocrx_word' id='word_1_580' title='bbox 3092 4176 3275 4245; x_wconf 76' lang='lat' dir='ltr'><strong>possit,</strong></span> <span class='ocrx_word' id='word_1_581' title='bbox 3298 4176 3427 4229; x_wconf 84' lang='lat' dir='ltr'><strong>tanti</strong></span> 
     </span>
    </p>
   </div>
   <div class='ocr_carea' id='block_1_54' title="bbox 165 4249 1715 4344">
    <p class='ocr_par' dir='ltr' id='par_1_54' title="bbox 165 4249 1715 4327">
     <span class='ocr_line' id='line_1_54' title="bbox 165 4249 1715 4327; baseline 0.01 -29"><span class='ocrx_word' id='word_1_582' title='bbox 165 4249 352 4314; x_wconf 73' lang='lat' dir='ltr'><strong>gentium</strong></span> <span class='ocrx_word' id='word_1_583' title='bbox 374 4264 822 4308; x_wconf 74' lang='lat' dir='ltr'><strong>sacramentorum</strong></span> <span class='ocrx_word' id='word_1_584' title='bbox 846 4272 945 4309; x_wconf 86' lang='lat' dir='ltr'><strong>non</strong></span> <span class='ocrx_word' id='word_1_585' title='bbox 969 4255 1090 4311; x_wconf 78' lang='lat' dir='ltr'><strong>sinit</strong></span> <span class='ocrx_word' id='word_1_586' title='bbox 1110 4256 1333 4327; x_wconf 68' lang='lat' dir='ltr'><strong>pondus.</strong></span> <span class='ocrx_word' id='word_1_587' title='bbox 1369 4256 1715 4313; x_wconf 65' lang='lat' dir='ltr'><strong>Verumtamen</strong></span> 
     </span>
    </p>
   </div>
   <div class='ocr_carea' id='block_1_55' title="bbox 1878 4249 3428 4344">
    <p class='ocr_par' dir='ltr' id='par_1_55' title="bbox 1878 4269 3428 4344">
     <span class='ocr_line' id='line_1_55' title="bbox 1878 4269 3428 4344; baseline -0.001 -22"><span class='ocrx_word' id='word_1_588' title='bbox 1878 4271 2023 4341; x_wconf 59' lang='lat' dir='ltr'><strong>&#39;gcnii</strong></span> <span class='ocrx_word' id='word_1_589' title='bbox 2052 4272 2217 4325; x_wconf 80' lang='lat' dir='ltr'><strong>virum</strong></span> <span class='ocrx_word' id='word_1_590' title='bbox 2248 4280 2663 4342; x_wconf 75' lang='lat' dir='ltr'><strong>argumentorum</strong></span> <span class='ocrx_word' id='word_1_591' title='bbox 2700 4272 2917 4344; x_wconf 69' lang='lat' dir='ltr'><strong>penuria</strong></span> <span class='ocrx_word' id='word_1_592' title='bbox 2945 4270 3224 4324; x_wconf 71' lang='lat' dir='ltr'><strong>laborasse.</strong></span> <span class='ocrx_word' id='word_1_593' title='bbox 3257 4270 3322 4323; x_wconf 82' lang='lat' dir='ltr'><strong>At</strong></span> <span class='ocrx_word' id='word_1_594' title='bbox 3350 4269 3428 4322; x_wconf 83' lang='lat' dir='ltr'><strong>vir</strong></span> 
     </span>
    </p>
   </div>
   <div class='ocr_carea' id='block_1_56' title="bbox 171 4342 1721 4439">
    <p class='ocr_par' dir='ltr' id='par_1_56' title="bbox 171 4342 1721 4425">
     <span class='ocr_line' id='line_1_56' title="bbox 171 4342 1721 4425; baseline 0.011 -33"><span class='ocrx_word' id='word_1_595' title='bbox 171 4355 221 4393; x_wconf 82' lang='lat' dir='ltr'><strong>tte</strong></span> <span class='ocrx_word' id='word_1_596' title='bbox 243 4342 287 4396; x_wconf 83' lang='lat' dir='ltr'><strong>in</strong></span> <span class='ocrx_word' id='word_1_597' title='bbox 308 4356 407 4401; x_wconf 84' lang='lat' dir='ltr'><strong>toto</strong></span> <span class='ocrx_word' id='word_1_598' title='bbox 435 4348 743 4404; x_wconf 77' lang='lat' dir='ltr'><strong>solemnitas</strong></span> <span class='ocrx_word' id='word_1_599' title='bbox 765 4360 944 4416; x_wconf 79' lang='lat' dir='ltr'><strong>cesset,</strong></span> <span class='ocrx_word' id='word_1_600' title='bbox 977 4353 1157 4419; x_wconf 79' lang='lat' dir='ltr'><strong>paucis</strong></span> <span class='ocrx_word' id='word_1_601' title='bbox 1182 4356 1294 4425; x_wconf 83' lang='lat' dir='ltr'><strong>ejus</strong></span> <span class='ocrx_word' id='word_1_602' title='bbox 1334 4354 1600 4423; x_wconf 75' lang='lat' dir='ltr'><strong>degustate</strong></span> <span class='ocrx_word' id='word_1_603' title='bbox 1623 4368 1721 4408; x_wconf 71' lang='grc' dir='ltr'><strong>σενι</strong></span> 
     </span>
    </p>
   </div>
   <div class='ocr_carea' id='block_1_57' title="bbox 1938 4342 3488 4439">
    <p class='ocr_par' dir='ltr' id='par_1_57' title="bbox 1938 4363 3488 4439">
     <span class='ocr_line' id='line_1_57' title="bbox 1938 4363 3488 4439; baseline -0.002 -20"><span class='ocrx_word' id='word_1_604' title='bbox 1938 4366 2067 4419; x_wconf 85' lang='lat' dir='ltr'><strong>trina</strong></span> <span class='ocrx_word' id='word_1_605' title='bbox 2090 4375 2137 4420; x_wconf 87' lang='lat' dir='ltr'><strong>et</strong></span> <span class='ocrx_word' id='word_1_606' title='bbox 2159 4374 2345 4435; x_wconf 80' lang='lat' dir='ltr'><strong>pietate</strong></span> <span class='ocrx_word' id='word_1_607' title='bbox 2371 4365 2589 4436; x_wconf 80' lang='lat' dir='ltr'><strong>insignis</strong></span> <span class='ocrx_word' id='word_1_608' title='bbox 2613 4364 2907 4438; x_wconf 76' lang='lat' dir='ltr'><strong>prtenmluit</strong></span> <span class='ocrx_word' id='word_1_609' title='bbox 2933 4363 3324 4418; x_wconf 72' lang='lat' dir='ltr'><strong>wstimntionem</strong></span> <span class='ocrx_word' id='word_1_610' title='bbox 3345 4363 3429 4416; x_wconf 83' lang='lat' dir='ltr'><strong>sui</strong></span> <span class='ocrx_word' id='word_1_611' title='bbox 3484 4433 3488 4439; x_wconf 87' lang='lat'>_</span> 
     </span>
    </p>
   </div>
   <div class='ocr_carea' id='block_1_58' title="bbox 170 4442 1720 4526">
    <p class='ocr_par' dir='ltr' id='par_1_58' title="bbox 170 4442 1720 4519">
     <span class='ocr_line' id='line_1_58' title="bbox 170 4442 1720 4519; baseline 0.008 -30"><span class='ocrx_word' id='word_1_612' title='bbox 170 4451 337 4493; x_wconf 63' lang='lat' dir='ltr'><strong>meum</strong></span> <span class='ocrx_word' id='word_1_613' title='bbox 362 4451 455 4496; x_wconf 79' lang='lat' dir='ltr'><strong>:et</strong></span> <span class='ocrx_word' id='word_1_614' title='bbox 488 4442 746 4497; x_wconf 82' lang='lat' dir='ltr'><strong>similiter</strong></span> <span class='ocrx_word' id='word_1_615' title='bbox 793 4452 1004 4498; x_wconf 88' lang='lat' dir='ltr'><strong>tractat.</strong></span> <span class='ocrx_word' id='word_1_616' title='bbox 1034 4445 1104 4500; x_wconf 75' lang='lat'><strong>56</strong></span> <span class='ocrx_word' id='word_1_617' title='bbox 1140 4457 1193 4500; x_wconf 89' lang='lat' dir='ltr'><strong>et</strong></span> <span class='ocrx_word' id='word_1_618' title='bbox 1219 4445 1290 4501; x_wconf 83' lang='lat'><strong>58</strong></span> <span class='ocrx_word' id='word_1_619' title='bbox 1326 4465 1337 4499; x_wconf 91' lang='lat'><strong>:</strong></span> <span class='ocrx_word' id='word_1_620' title='bbox 1371 4446 1596 4519; x_wconf 73' lang='lat' dir='ltr'><strong>Tempus</strong></span> <span class='ocrx_word' id='word_1_621' title='bbox 1626 4464 1720 4502; x_wconf 85' lang='lat' dir='ltr'><strong>non</strong></span> 
     </span>
    </p>
   </div>
   <div class='ocr_carea' id='block_1_59' title="bbox 1877 4442 3427 4526">
    <p class='ocr_par' dir='ltr' id='par_1_59' title="bbox 1884 4456 3427 4526">
     <span class='ocr_line' id='line_1_59' title="bbox 1884 4456 3427 4526; baseline -0.002 -17"><span class='ocrx_word' id='word_1_622' title='bbox 1884 4457 2102 4519; x_wconf 75' lang='lat' dir='ltr'><strong>(escere,</strong></span> <span class='ocrx_word' id='word_1_623' title='bbox 2131 4473 2286 4526; x_wconf 76' lang='lat' dir='ltr'><strong>quam</strong></span> <span class='ocrx_word' id='word_1_624' title='bbox 2330 4458 2383 4510; x_wconf 81' lang='lat' dir='ltr'><strong>in</strong></span> <span class='ocrx_word' id='word_1_625' title='bbox 2426 4456 2657 4511; x_wconf 81' lang='lat' dir='ltr'><strong>Ecclesia</strong></span> <span class='ocrx_word' id='word_1_626' title='bbox 2706 4473 2877 4511; x_wconf 83' lang='lat' dir='ltr'><strong>semen</strong></span> <span class='ocrx_word' id='word_1_627' title='bbox 2910 4456 3176 4509; x_wconf 81' lang='lat' dir='ltr'><strong>uerborum</strong></span> <span class='ocrx_word' id='word_1_628' title='bbox 3214 4469 3427 4510; x_wconf 77' lang='lat' dir='ltr'><strong>suerunt</strong></span> 
     </span>
    </p>
   </div>
   <div class='ocr_carea' id='block_1_60' title="bbox 165 4530 1715 4622">
    <p class='ocr_par' dir='ltr' id='par_1_60' title="bbox 165 4530 1715 4608">
     <span class='ocr_line' id='line_1_60' title="bbox 165 4530 1715 4608; baseline 0.008 -28"><span class='ocrx_word' id='word_1_629' title='bbox 165 4530 287 4595; x_wconf 75' lang='lat' dir='ltr'><strong>sinit,</strong></span> <span class='ocrx_word' id='word_1_630' title='bbox 322 4537 542 4602; x_wconf 73' lang='lat' dir='ltr'><strong>fratres,</strong></span> <span class='ocrx_word' id='word_1_631' title='bbox 590 4536 805 4608; x_wconf 79' lang='lat' dir='ltr'><strong>imagini</strong></span> <span class='ocrx_word' id='word_1_632' title='bbox 849 4536 1063 4591; x_wconf 79' lang='lat' dir='ltr'><strong>reddere</strong></span> <span class='ocrx_word' id='word_1_633' title='bbox 1107 4540 1385 4593; x_wconf 80' lang='lat' dir='ltr'><strong>veritatem.</strong></span> <span class='ocrx_word' id='word_1_634' title='bbox 1440 4539 1642 4595; x_wconf 79' lang='lat' dir='ltr'><strong>Deinde</strong></span> <span class='ocrx_word' id='word_1_635' title='bbox 1672 4539 1715 4593; x_wconf 70' lang='lat' dir='ltr'><strong>h‘</strong></span> 
     </span>
    </p>
   </div>
   <div class='ocr_carea' id='block_1_61' title="bbox 1877 4530 3427 4622">
    <p class='ocr_par' dir='ltr' id='par_1_61' title="bbox 1877 4549 3427 4622">
     <span class='ocr_line' id='line_1_61' title="bbox 1877 4549 3427 4622; baseline -0.001 -19"><span class='ocrx_word' id='word_1_636' title='bbox 1877 4551 2179 4622; x_wconf 78' lang='lat' dir='ltr'><strong>tpprimere.</strong></span> <span class='ocrx_word' id='word_1_637' title='bbox 2234 4549 2352 4603; x_wconf 84' lang='lat' dir='ltr'><strong>Non</strong></span> <span class='ocrx_word' id='word_1_638' title='bbox 2402 4551 2628 4621; x_wconf 81' lang='lat' dir='ltr'><strong>quotidie</strong></span> <span class='ocrx_word' id='word_1_639' title='bbox 2664 4551 2767 4603; x_wconf 82' lang='lat' dir='ltr'><strong>ista</strong></span> <span class='ocrx_word' id='word_1_640' title='bbox 2801 4550 3163 4620; x_wconf 69' lang='lat' dir='ltr'><strong>expromebut,</strong></span> <span class='ocrx_word' id='word_1_641' title='bbox 3209 4550 3299 4603; x_wconf 78' lang='lat' dir='ltr'><strong>sed</strong></span> <span class='ocrx_word' id='word_1_642' title='bbox 3338 4557 3427 4601; x_wconf 82' lang='lat' dir='ltr'><strong>aut</strong></span> 
     </span>
    </p>
   </div>
   <div class='ocr_carea' id='block_1_62' title="bbox 167 4625 1717 4713">
    <p class='ocr_par' dir='ltr' id='par_1_62' title="bbox 167 4625 1717 4703">
     <span class='ocr_line' id='line_1_62' title="bbox 167 4625 1717 4703; baseline 0.01 -31"><span class='ocrx_word' id='word_1_643' title='bbox 167 4625 345 4691; x_wconf 85' lang='lat' dir='ltr'><strong>proprie</strong></span> <span class='ocrx_word' id='word_1_644' title='bbox 375 4637 644 4683; x_wconf 88' lang='lat' dir='ltr'><strong>tractatus</strong></span> <span class='ocrx_word' id='word_1_645' title='bbox 676 4627 907 4682; x_wconf 89' lang='lat' dir='ltr'><strong>habendi</strong></span> <span class='ocrx_word' id='word_1_646' title='bbox 941 4643 1046 4683; x_wconf 90' lang='lat' dir='ltr'><strong>non</strong></span> <span class='ocrx_word' id='word_1_647' title='bbox 1080 4640 1224 4692; x_wconf 86' lang='lat' dir='ltr'><strong>sunt,</strong></span> <span class='ocrx_word' id='word_1_648' title='bbox 1253 4633 1344 4686; x_wconf 77' lang='lat' dir='ltr'><strong>sed</strong></span> <span class='ocrx_word' id='word_1_649' title='bbox 1364 4636 1610 4703; x_wconf 64' lang='lat' dir='ltr'><strong>quasdam</strong></span> <span class='ocrx_word' id='word_1_650' title='bbox 1636 4649 1717 4687; x_wconf 88' lang='lat' dir='ltr'><strong>ve-</strong></span> 
     </span>
    </p>
   </div>
   <div class='ocr_carea' id='block_1_63' title="bbox 1874 4625 3424 4713">
    <p class='ocr_par' dir='ltr' id='par_1_63' title="bbox 1874 4642 3424 4713">
     <span class='ocr_line' id='line_1_63' title="bbox 1874 4642 3424 4713; baseline -0.001 -18"><span class='ocrx_word' id='word_1_651' title='bbox 1874 4648 2133 4707; x_wconf 77' lang='lat' dir='ltr'><strong>uotannis,</strong></span> <span class='ocrx_word' id='word_1_652' title='bbox 2180 4654 2269 4697; x_wconf 86' lang='lat' dir='ltr'><strong>aut</strong></span> <span class='ocrx_word' id='word_1_653' title='bbox 2292 4654 2337 4697; x_wconf 87' lang='lat' dir='ltr'><strong>st</strong></span> <span class='ocrx_word' id='word_1_654' title='bbox 2374 4645 2438 4698; x_wconf 83' lang='lat' dir='ltr'><strong>tis</strong></span> <span class='ocrx_word' id='word_1_655' title='bbox 2462 4646 2584 4698; x_wconf 84' lang='lat' dir='ltr'><strong>anni</strong></span> <span class='ocrx_word' id='word_1_656' title='bbox 2617 4643 2955 4711; x_wconf 69' lang='lat' dir='ltr'><strong>(corporibus,</strong></span> <span class='ocrx_word' id='word_1_657' title='bbox 2984 4652 3075 4699; x_wconf 80' lang='lat' dir='ltr'><strong>aut</strong></span> <span class='ocrx_word' id='word_1_658' title='bbox 3106 4642 3424 4713; x_wconf 79' lang='lat' dir='ltr'><strong>[orsanloa-</strong></span> 
     </span>
    </p>
   </div>
   <div class='ocr_carea' id='block_1_64' title="bbox 69 4711 3426 4811">
    <p class='ocr_par' dir='ltr' id='par_1_64' title="bbox 69 4711 3426 4811">
     <span class='ocr_line' id='line_1_64' title="bbox 69 4711 3426 4811; baseline 0.007 -43"><span class='ocrx_word' id='word_1_659' title='bbox 69 4748 83 4763; x_wconf 77' lang='lat'><strong>.</strong></span> <span class='ocrx_word' id='word_1_660' title='bbox 164 4711 238 4811; x_wconf 83' lang='lat' dir='ltr'><strong>luti</strong></span> <span class='ocrx_word' id='word_1_661' title='bbox 271 4715 659 4776; x_wconf 67' lang='lat' dir='ltr'><strong>Ecclesiastie-c</strong></span> <span class='ocrx_word' id='word_1_662' title='bbox 692 4720 1069 4789; x_wconf 63' lang='lat' dir='ltr'><strong>prmfationes,</strong></span> <span class='ocrx_word' id='word_1_663' title='bbox 1116 4739 1214 4779; x_wconf 91' lang='lat' dir='ltr'><strong>seu</strong></span> <span class='ocrx_word' id='word_1_664' title='bbox 1258 4725 1617 4783; x_wconf 83' lang='lat' dir='ltr'><strong>allocutiones</strong></span> <span class='ocrx_word' id='word_1_665' title='bbox 1655 4726 1724 4782; x_wconf 81' lang='lat' dir='ltr'><strong>ad</strong></span> <span class='ocrx_word' id='word_1_666' title='bbox 1828 4736 2091 4808; x_wconf 75' lang='lat' dir='ltr'><strong>giaribus,</strong></span> <span class='ocrx_word' id='word_1_667' title='bbox 2136 4746 2191 4790; x_wconf 83' lang='lat' dir='ltr'><strong>ut</strong></span> <span class='ocrx_word' id='word_1_668' title='bbox 2221 4737 2549 4793; x_wconf 77' lang='lat' dir='ltr'><strong>audientibus</strong></span> <span class='ocrx_word' id='word_1_669' title='bbox 2593 4755 2695 4792; x_wconf 88' lang='lat' dir='ltr'><strong>non</strong></span> <span class='ocrx_word' id='word_1_670' title='bbox 2728 4740 2907 4808; x_wconf 77' lang='lat' dir='ltr'><strong>futura</strong></span> <span class='ocrx_word' id='word_1_671' title='bbox 2951 4711 3113 4807; x_wconf 79' lang='lat' dir='ltr'><strong>fuerit</strong></span> <span class='ocrx_word' id='word_1_672' title='bbox 3136 4738 3342 4811; x_wconf 85' lang='lat' dir='ltr'><strong>ingrata</strong></span> <span class='ocrx_word' id='word_1_673' title='bbox 3366 4753 3426 4790; x_wconf 78' lang='lat' dir='ltr'><strong>ea</strong></span> 
     </span>
    </p>
   </div>
   <div class='ocr_carea' id='block_1_65' title="bbox 164 4807 3423 4905">
    <p class='ocr_par' dir='ltr' id='par_1_65' title="bbox 164 4807 3423 4905">
     <span class='ocr_line' id='line_1_65' title="bbox 164 4807 3423 4905; baseline 0.001 -24"><span class='ocrx_word' id='word_1_674' title='bbox 164 4807 510 4905; x_wconf 56' lang='grc' dir='ltr'><strong>’ξτίῐκίιιηάοεν</strong></span> <span class='ocrx_word' id='word_1_675' title='bbox 546 4816 635 4870; x_wconf 71' lang='grc' dir='ltr'><strong>νει</strong></span> <span class='ocrx_word' id='word_1_676' title='bbox 668 4815 978 4889; x_wconf 76' lang='lat' dir='ltr'><strong>Neonhytos</strong></span> <span class='ocrx_word' id='word_1_677' title='bbox 1018 4817 1215 4873; x_wconf 56' lang='lat' dir='ltr'><strong>habita!</strong></span> <span class='ocrx_word' id='word_1_678' title='bbox 1240 4818 1259 4892; x_wconf 90' lang='lat'><strong>(</strong></span> <span class='ocrx_word' id='word_1_679' title='bbox 1286 4836 1391 4874; x_wconf 80' lang='lat' dir='ltr'><strong>non</strong></span> <span class='ocrx_word' id='word_1_680' title='bbox 1441 4821 1571 4875; x_wconf 86' lang='lat' dir='ltr'><strong>nulli</strong></span> <span class='ocrx_word' id='word_1_681' title='bbox 1600 4822 1723 4891; x_wconf 82' lang='lat' dir='ltr'><strong>qui-</strong></span> <span class='ocrx_word' id='word_1_682' title='bbox 1828 4833 2082 4903; x_wconf 86' lang='lat' dir='ltr'><strong>repetitio,</strong></span> <span class='ocrx_word' id='word_1_683' title='bbox 2116 4834 2264 4905; x_wconf 79' lang='lat' dir='ltr'><strong>cujus</strong></span> <span class='ocrx_word' id='word_1_684' title='bbox 2281 4834 2395 4904; x_wconf 89' lang='lat' dir='ltr'><strong>jam</strong></span> <span class='ocrx_word' id='word_1_685' title='bbox 2422 4833 2552 4887; x_wconf 81' lang='lat' dir='ltr'><strong>alias</strong></span> <span class='ocrx_word' id='word_1_686' title='bbox 2584 4807 2737 4901; x_wconf 57' lang='lat' dir='ltr'><strong>facta)</strong></span> <span class='ocrx_word' id='word_1_687' title='bbox 2762 4849 2860 4887; x_wconf 88' lang='lat' dir='ltr'><strong>non</strong></span> <span class='ocrx_word' id='word_1_688' title='bbox 2887 4842 3126 4902; x_wconf 86' lang='lat' dir='ltr'><strong>poterant</strong></span> <span class='ocrx_word' id='word_1_689' title='bbox 3154 4807 3244 4885; x_wconf 76' lang='lat' dir='ltr'><strong>aut</strong></span> <span class='ocrx_word' id='word_1_690' title='bbox 3272 4832 3423 4895; x_wconf 81' lang='lat' dir='ltr'><strong>scire,</strong></span> 
     </span>
    </p>
   </div>
   <div class='ocr_carea' id='block_1_66' title="bbox 162 4902 1712 4999">
    <p class='ocr_par' dir='ltr' id='par_1_66' title="bbox 162 4902 1712 4981">
     <span class='ocr_line' id='line_1_66' title="bbox 162 4902 1712 4981; baseline 0.007 -23"><span class='ocrx_word' id='word_1_691' title='bbox 162 4902 259 4960; x_wconf 79' lang='lat' dir='ltr'><strong>dein</strong></span> <span class='ocrx_word' id='word_1_692' title='bbox 287 4907 409 4977; x_wconf 86' lang='lat' dir='ltr'><strong>ipsis</strong></span> <span class='ocrx_word' id='word_1_693' title='bbox 448 4911 504 4964; x_wconf 91' lang='lat' dir='ltr'><strong>in</strong></span> <span class='ocrx_word' id='word_1_694' title='bbox 548 4909 828 4965; x_wconf 86' lang='lat' dir='ltr'><strong>codicibus</strong></span> <span class='ocrx_word' id='word_1_695' title='bbox 856 4908 1222 4981; x_wconf 77' lang='lat' dir='ltr'><strong>Prtefationes,</strong></span> <span class='ocrx_word' id='word_1_696' title='bbox 1255 4927 1348 4966; x_wconf 89' lang='lat' dir='ltr'><strong>seu</strong></span> <span class='ocrx_word' id='word_1_697' title='bbox 1383 4911 1712 4969; x_wconf 76' lang='lat' dir='ltr'><strong>Invitationet</strong></span> 
     </span>
    </p>
   </div>
   <div class='ocr_carea' id='block_1_67' title="bbox 1874 4902 3424 4999">
    <p class='ocr_par' dir='ltr' id='par_1_67' title="bbox 1874 4923 3424 4999">
     <span class='ocr_line' id='line_1_67' title="bbox 1874 4923 3424 4999; baseline -0.001 -20"><span class='ocrx_word' id='word_1_698' title='bbox 1874 4936 1915 4980; x_wconf 73' lang='lat' dir='ltr'><strong>tt</strong></span> <span class='ocrx_word' id='word_1_699' title='bbox 1946 4926 2241 4980; x_wconf 79' lang='lat' dir='ltr'><strong>meminisse</strong></span> <span class='ocrx_word' id='word_1_700' title='bbox 2268 4942 2287 4980; x_wconf 89' lang='lat'><strong><em>:</em></strong></span> <span class='ocrx_word' id='word_1_701' title='bbox 2315 4943 2415 4997; x_wconf 86' lang='lat' dir='ltr'><strong>qua</strong></span> <span class='ocrx_word' id='word_1_702' title='bbox 2463 4925 2657 4997; x_wconf 79' lang='lat' dir='ltr'><strong>ﬁducia</strong></span> <span class='ocrx_word' id='word_1_703' title='bbox 2702 4936 2897 4999; x_wconf 79' lang='lat' dir='ltr'><strong>tempus</strong></span> <span class='ocrx_word' id='word_1_704' title='bbox 2926 4927 2977 4979; x_wconf 85' lang='lat' dir='ltr'><strong>in</strong></span> <span class='ocrx_word' id='word_1_705' title='bbox 3027 4923 3424 4995; x_wconf 74' lang='lat' dir='ltr'><strong>fructuosibrent</strong></span> 
     </span>
    </p>
   </div>
   <div class='ocr_carea' id='block_1_68' title="bbox 163 4996 1713 5091">
    <p class='ocr_par' dir='ltr' id='par_1_68' title="bbox 163 4996 1713 5075">
     <span class='ocr_line' id='line_1_68' title="bbox 163 4996 1713 5075; baseline 0.008 -27"><span class='ocrx_word' id='word_1_706' title='bbox 163 4996 584 5074; x_wconf 86' lang='lat' dir='ltr'><strong>inscribuntur)et</strong></span> <span class='ocrx_word' id='word_1_707' title='bbox 605 5013 876 5075; x_wconf 84' lang='lat' dir='ltr'><strong>tamquam</strong></span> <span class='ocrx_word' id='word_1_708' title='bbox 898 5005 1173 5060; x_wconf 88' lang='lat' dir='ltr'><strong>solemnes</strong></span> <span class='ocrx_word' id='word_1_709' title='bbox 1190 5006 1435 5075; x_wconf 68' lang='lat' dir='ltr'><strong>quaedam</strong></span> <span class='ocrx_word' id='word_1_710' title='bbox 1450 5005 1713 5073; x_wconf 60' lang='lat' dir='ltr'><strong>formula},</strong></span> 
     </span>
    </p>
   </div>
   <div class='ocr_carea' id='block_1_69' title="bbox 1875 4996 3425 5091">
    <p class='ocr_par' dir='ltr' id='par_1_69' title="bbox 1875 5019 3425 5091">
     <span class='ocr_line' id='line_1_69' title="bbox 1875 5019 3425 5091; baseline -0.002 -16"><span class='ocrx_word' id='word_1_711' title='bbox 1875 5021 1926 5075; x_wconf 65' lang='lat' dir='ltr'><strong>‘ei</strong></span> <span class='ocrx_word' id='word_1_712' title='bbox 1952 5019 2147 5074; x_wconf 84' lang='lat' dir='ltr'><strong>cultum</strong></span> <span class='ocrx_word' id='word_1_713' title='bbox 2176 5021 2598 5091; x_wconf 82' lang='lat' dir='ltr'><strong>impendendum,</strong></span> <span class='ocrx_word' id='word_1_714' title='bbox 2636 5036 2880 5074; x_wconf 79' lang='lat' dir='ltr'><strong>novorum</strong></span> <span class='ocrx_word' id='word_1_715' title='bbox 2898 5029 3316 5091; x_wconf 78' lang='lat' dir='ltr'><strong>argumentorum</strong></span> <span class='ocrx_word' id='word_1_716' title='bbox 3345 5019 3425 5072; x_wconf 86' lang='lat' dir='ltr'><strong>in-</strong></span> 
     </span>
    </p>
   </div>
   <div class='ocr_carea' id='block_1_70' title="bbox 161 5093 1711 5185">
    <p class='ocr_par' dir='ltr' id='par_1_70' title="bbox 161 5093 1711 5185">
     <span class='ocr_line' id='line_1_70' title="bbox 161 5093 1711 5185; baseline 0.007 -40"><span class='ocrx_word' id='word_1_717' title='bbox 161 5093 319 5185; x_wconf 68' lang='lat' dir='ltr'><strong>quales</strong></span> <span class='ocrx_word' id='word_1_718' title='bbox 345 5095 506 5153; x_wconf 90' lang='lat' dir='ltr'><strong>hodie</strong></span> <span class='ocrx_word' id='word_1_719' title='bbox 538 5098 957 5154; x_wconf 85' lang='lat' dir='ltr'><strong>intersolemnia</strong></span> <span class='ocrx_word' id='word_1_720' title='bbox 986 5115 1138 5155; x_wconf 85' lang='lat' dir='ltr'><strong>sacra</strong></span> <span class='ocrx_word' id='word_1_721' title='bbox 1169 5104 1239 5160; x_wconf 83' lang='lat' dir='ltr'><strong>ab</strong></span> <span class='ocrx_word' id='word_1_722' title='bbox 1264 5102 1534 5171; x_wconf 83' lang='lat' dir='ltr'><strong>episcnpis</strong></span> <span class='ocrx_word' id='word_1_723' title='bbox 1562 5099 1711 5156; x_wconf 84' lang='lat' dir='ltr'><strong>adhi-</strong></span> 
     </span>
    </p>
   </div>
   <div class='ocr_carea' id='block_1_71' title="bbox 1871 5093 3421 5185">
    <p class='ocr_par' dir='ltr' id='par_1_71' title="bbox 1871 5110 3421 5185">
     <span class='ocr_line' id='line_1_71' title="bbox 1871 5110 3421 5185; baseline -0.004 -17"><span class='ocrx_word' id='word_1_724' title='bbox 1871 5113 2051 5168; x_wconf 72' lang='lat' dir='ltr'><strong>tntioni</strong></span> <span class='ocrx_word' id='word_1_725' title='bbox 2076 5123 2227 5183; x_wconf 81' lang='lat' dir='ltr'><strong>atque</strong></span> <span class='ocrx_word' id='word_1_726' title='bbox 2253 5113 2521 5184; x_wconf 67' lang='lat' dir='ltr'><strong>exquisitis</strong></span> <span class='ocrx_word' id='word_1_727' title='bbox 2547 5110 2811 5167; x_wconf 83' lang='lat' dir='ltr'><strong>verborum</strong></span> <span class='ocrx_word' id='word_1_728' title='bbox 2838 5111 3125 5179; x_wconf 77' lang='lat' dir='ltr'><strong>lenociniis,</strong></span> <span class='ocrx_word' id='word_1_729' title='bbox 3180 5129 3421 5185; x_wconf 86' lang='lat' dir='ltr'><strong>quorum,</strong></span> 
     </span>
    </p>
   </div>
   <div class='ocr_carea' id='block_1_72' title="bbox 163 5180 3428 5278">
    <p class='ocr_par' dir='ltr' id='par_1_72' title="bbox 163 5180 3428 5278">
     <span class='ocr_line' id='line_1_72' title="bbox 163 5180 3428 5278; baseline -0 -18"><span class='ocrx_word' id='word_1_730' title='bbox 163 5180 317 5278; x_wconf 53' lang='grc' dir='ltr'><strong>¹ξ¹ἠί¹ίυ</strong></span> <span class='ocrx_word' id='word_1_731' title='bbox 361 5190 411 5243; x_wconf 77' lang='grc' dir='ltr'><strong>Ῐ¹¹</strong></span> <span class='ocrx_word' id='word_1_732' title='bbox 447 5190 752 5246; x_wconf 64' lang='grc' dir='ltr'><strong>Ροηίίηεθη</strong></span> <span class='ocrx_word' id='word_1_733' title='bbox 793 5193 881 5247; x_wconf 72' lang='lat' dir='ltr'><strong>Vel</strong></span> <span class='ocrx_word' id='word_1_734' title='bbox 928 5191 1129 5248; x_wconf 56' lang='lat' dir='ltr'><strong>nulla&quot;</strong></span> <span class='ocrx_word' id='word_1_735' title='bbox 1168 5203 1443 5250; x_wconf 70' lang='lat' dir='ltr'><strong>&quot;Olanlm‘o</strong></span> <span class='ocrx_word' id='word_1_736' title='bbox 1472 5193 1627 5252; x_wconf 69' lang='lat' dir='ltr'><strong>Unde</strong></span> <span class='ocrx_word' id='word_1_737' title='bbox 1655 5212 1723 5252; x_wconf 73' lang='grc' dir='ltr'><strong>ει</strong></span> <span class='ocrx_word' id='word_1_738' title='bbox 1825 5206 1869 5260; x_wconf 74' lang='lat' dir='ltr'><strong>si</strong></span> <span class='ocrx_word' id='word_1_739' title='bbox 1892 5220 2021 5278; x_wconf 81' lang='lat' dir='ltr'><strong>opus</strong></span> <span class='ocrx_word' id='word_1_740' title='bbox 2051 5180 2205 5276; x_wconf 74' lang='lat' dir='ltr'><strong>foret,</strong></span> <span class='ocrx_word' id='word_1_741' title='bbox 2236 5180 2340 5259; x_wconf 77' lang='lat' dir='ltr'><strong>non</strong></span> <span class='ocrx_word' id='word_1_742' title='bbox 2368 5203 2609 5278; x_wconf 80' lang='lat' dir='ltr'><strong>indiguus</strong></span> <span class='ocrx_word' id='word_1_743' title='bbox 2662 5217 2803 5269; x_wconf 79' lang='lat' dir='ltr'><strong>erat,</strong></span> <span class='ocrx_word' id='word_1_744' title='bbox 2842 5205 3156 5260; x_wconf 71' lang='lat' dir='ltr'><strong>subtraxisse</strong></span> <span class='ocrx_word' id='word_1_745' title='bbox 3184 5180 3428 5259; x_wconf 75' lang='lat' dir='ltr'><strong>credibile</strong></span> 
     </span>
    </p>
   </div>
   <div class='ocr_carea' id='block_1_73' title="bbox 163 5271 1713 5367">
    <p class='ocr_par' dir='ltr' id='par_1_73' title="bbox 163 5271 1713 5354">
     <span class='ocr_line' id='line_1_73' title="bbox 163 5271 1713 5354; baseline 0.009 -24"><span class='ocrx_word' id='word_1_746' title='bbox 163 5271 448 5337; x_wconf 81' lang='lat' dir='ltr'><strong>Zenonianis</strong></span> <span class='ocrx_word' id='word_1_747' title='bbox 504 5284 689 5353; x_wconf 89' lang='lat' dir='ltr'><strong>plures</strong></span> <span class='ocrx_word' id='word_1_748' title='bbox 740 5286 1074 5341; x_wconf 89' lang='lat' dir='ltr'><strong>transierunt</strong></span> <span class='ocrx_word' id='word_1_749' title='bbox 1119 5286 1171 5342; x_wconf 92' lang='lat' dir='ltr'><strong>in</strong></span> <span class='ocrx_word' id='word_1_750' title='bbox 1209 5298 1390 5342; x_wconf 90' lang='lat' dir='ltr'><strong>certas</strong></span> <span class='ocrx_word' id='word_1_751' title='bbox 1437 5288 1713 5354; x_wconf 85' lang='lat' dir='ltr'><strong>formulas,</strong></span> 
     </span>
    </p>
   </div>
   <div class='ocr_carea' id='block_1_74' title="bbox 1874 5271 3424 5367">
    <p class='ocr_par' dir='ltr' id='par_1_74' title="bbox 1874 5286 3424 5367">
     <span class='ocr_line' id='line_1_74' title="bbox 1874 5286 3424 5367; baseline 0 -17"><span class='ocrx_word' id='word_1_752' title='bbox 1874 5309 1922 5351; x_wconf 82' lang='lat' dir='ltr'><strong>:t.</strong></span> <span class='ocrx_word' id='word_1_753' title='bbox 1950 5297 2220 5353; x_wconf 72' lang='lat' dir='ltr'><strong>Prmterea</strong></span> <span class='ocrx_word' id='word_1_754' title='bbox 2244 5296 2385 5365; x_wconf 89' lang='lat' dir='ltr'><strong>apud</strong></span> <span class='ocrx_word' id='word_1_755' title='bbox 2412 5298 2469 5353; x_wconf 88' lang='lat' dir='ltr'><strong>S.</strong></span> <span class='ocrx_word' id='word_1_756' title='bbox 2503 5286 2738 5352; x_wconf 82' lang='lat' dir='ltr'><strong>Leonem</strong></span> <span class='ocrx_word' id='word_1_757' title='bbox 2770 5298 2969 5367; x_wconf 85' lang='lat' dir='ltr'><strong>aliquot</strong></span> <span class='ocrx_word' id='word_1_758' title='bbox 3014 5299 3256 5367; x_wconf 82' lang='lat' dir='ltr'><strong>reperire</strong></span> <span class='ocrx_word' id='word_1_759' title='bbox 3312 5298 3424 5365; x_wconf 83' lang='lat' dir='ltr'><strong>epi-</strong></span> 
     </span>
    </p>
   </div>
   <div class='ocr_carea' id='block_1_75' title="bbox 160 5377 1710 5463">
    <p class='ocr_par' dir='ltr' id='par_1_75' title="bbox 160 5377 1710 5450">
     <span class='ocr_line' id='line_1_75' title="bbox 160 5377 1710 5450; baseline 0.005 -20"><span class='ocrx_word' id='word_1_760' title='bbox 160 5383 266 5430; x_wconf 71' lang='grc' dir='ltr'><strong>(Ιιιεις</strong></span> <span class='ocrx_word' id='word_1_761' title='bbox 289 5388 318 5428; x_wconf 87' lang='lat' dir='ltr'><strong>a</strong></span> <span class='ocrx_word' id='word_1_762' title='bbox 360 5377 565 5431; x_wconf 88' lang='lat' dir='ltr'><strong>nostris</strong></span> <span class='ocrx_word' id='word_1_763' title='bbox 596 5377 940 5433; x_wconf 82' lang='lat' dir='ltr'><strong>Antistitibus</strong></span> <span class='ocrx_word' id='word_1_764' title='bbox 979 5381 1136 5435; x_wconf 87' lang='lat' dir='ltr'><strong>statis</strong></span> <span class='ocrx_word' id='word_1_765' title='bbox 1166 5381 1488 5450; x_wconf 84' lang='lat' dir='ltr'><strong>quibusdam</strong></span> <span class='ocrx_word' id='word_1_766' title='bbox 1531 5382 1710 5440; x_wconf 68' lang='lat' dir='ltr'><strong>diebus</strong></span> 
     </span>
    </p>
   </div>
   <div class='ocr_carea' id='block_1_76' title="bbox 1871 5377 3421 5463">
    <p class='ocr_par' dir='ltr' id='par_1_76' title="bbox 1871 5392 3421 5463">
     <span class='ocr_line' id='line_1_76' title="bbox 1871 5392 3421 5463; baseline -0.001 -16"><span class='ocrx_word' id='word_1_767' title='bbox 1871 5392 2006 5449; x_wconf 80' lang='lat' dir='ltr'><strong>telas</strong></span> <span class='ocrx_word' id='word_1_768' title='bbox 2036 5392 2183 5459; x_wconf 84' lang='lat' dir='ltr'><strong>licet,</strong></span> <span class='ocrx_word' id='word_1_769' title='bbox 2218 5408 2340 5463; x_wconf 67' lang='lat' dir='ltr'><strong>qua:</strong></span> <span class='ocrx_word' id='word_1_770' title='bbox 2370 5394 2558 5462; x_wconf 81' lang='lat' dir='ltr'><strong>paucis</strong></span> <span class='ocrx_word' id='word_1_771' title='bbox 2587 5392 2788 5447; x_wconf 85' lang='lat' dir='ltr'><strong>additis</strong></span> <span class='ocrx_word' id='word_1_772' title='bbox 2812 5393 2892 5448; x_wconf 70' lang='lat' dir='ltr'><strong>vel</strong></span> <span class='ocrx_word' id='word_1_773' title='bbox 2916 5394 3144 5447; x_wconf 82' lang='lat' dir='ltr'><strong>&#39;mtttatis</strong></span> <span class='ocrx_word' id='word_1_774' title='bbox 3180 5409 3284 5445; x_wconf 87' lang='lat' dir='ltr'><strong>non</strong></span> <span class='ocrx_word' id='word_1_775' title='bbox 3317 5400 3421 5445; x_wconf 87' lang='lat' dir='ltr'><strong>tam</strong></span> 
     </span>
    </p>
   </div>
   <div class='ocr_carea' id='block_1_77' title="bbox 163 5468 3423 5557">
    <p class='ocr_par' dir='ltr' id='par_1_77' title="bbox 163 5468 3423 5557">
     <span class='ocr_line' id='line_1_77' title="bbox 163 5468 3423 5557; baseline 0.006 -38"><span class='ocrx_word' id='word_1_776' title='bbox 163 5473 409 5557; x_wconf 55' lang='lat' dir='ltr'><strong>usurpatas</strong></span> <span class='ocrx_word' id='word_1_777' title='bbox 457 5468 528 5524; x_wconf 60' lang='grc' dir='ltr'><strong>ϐ</strong></span> <span class='ocrx_word' id='word_1_778' title='bbox 584 5473 950 5542; x_wconf 88' lang='lat' dir='ltr'><strong>manuscripto</strong></span> <span class='ocrx_word' id='word_1_779' title='bbox 990 5472 1246 5529; x_wconf 81' lang='lat' dir='ltr'><strong>Remensi</strong></span> <span class='ocrx_word' id='word_1_780' title='bbox 1299 5476 1352 5530; x_wconf 91' lang='lat' dir='ltr'><strong>in</strong></span> <span class='ocrx_word' id='word_1_781' title='bbox 1402 5477 1723 5547; x_wconf 58' lang='lat' dir='ltr'><strong>praefatione</strong></span> <span class='ocrx_word' id='word_1_782' title='bbox 1827 5484 2044 5539; x_wconf 87' lang='lat' dir='ltr'><strong>easdem</strong></span> <span class='ocrx_word' id='word_1_783' title='bbox 2077 5485 2377 5541; x_wconf 89' lang='lat' dir='ltr'><strong>sententias</strong></span> <span class='ocrx_word' id='word_1_784' title='bbox 2402 5526 2415 5551; x_wconf 92' lang='lat'><strong>,</strong></span> <span class='ocrx_word' id='word_1_785' title='bbox 2446 5485 2542 5541; x_wconf 91' lang='lat' dir='ltr'><strong>sed</strong></span> <span class='ocrx_word' id='word_1_786' title='bbox 2571 5486 2758 5542; x_wconf 86' lang='lat' dir='ltr'><strong>eadem</strong></span> <span class='ocrx_word' id='word_1_787' title='bbox 2787 5501 3000 5557; x_wconf 83' lang='lat' dir='ltr'><strong>quoque</strong></span> <span class='ocrx_word' id='word_1_788' title='bbox 3026 5485 3187 5541; x_wconf 84' lang='lat' dir='ltr'><strong>verba</strong></span> <span class='ocrx_word' id='word_1_789' title='bbox 3235 5485 3423 5539; x_wconf 84' lang='lat' dir='ltr'><strong>simili-</strong></span> 
     </span>
    </p>
   </div>
   <div class='ocr_carea' id='block_1_78' title="bbox 162 5551 3419 5642">
    <p class='ocr_par' dir='ltr' id='par_1_78' title="bbox 162 5551 3419 5642">
     <span class='ocr_line' id='line_1_78' title="bbox 162 5551 3419 5642; baseline 0.008 -35"><span class='ocrx_word' id='word_1_790' title='bbox 162 5551 424 5614; x_wconf 87' lang='lat' dir='ltr'><strong>doeuimus.</strong></span> <span class='ocrx_word' id='word_1_791' title='bbox 457 5561 700 5617; x_wconf 73' lang='lat' dir='ltr'><strong>Tandem</strong></span> <span class='ocrx_word' id='word_1_792' title='bbox 729 5564 939 5635; x_wconf 87' lang='lat' dir='ltr'><strong>magnis</strong></span> <span class='ocrx_word' id='word_1_793' title='bbox 974 5566 1281 5624; x_wconf 85' lang='lat' dir='ltr'><strong>oratoribus</strong></span> <span class='ocrx_word' id='word_1_794' title='bbox 1317 5567 1445 5624; x_wconf 91' lang='lat' dir='ltr'><strong>illud</strong></span> <span class='ocrx_word' id='word_1_795' title='bbox 1488 5572 1540 5624; x_wconf 88' lang='lat' dir='ltr'><strong>in</strong></span> <span class='ocrx_word' id='word_1_796' title='bbox 1570 5586 1720 5627; x_wconf 90' lang='lat' dir='ltr'><strong>more</strong></span> <span class='ocrx_word' id='word_1_797' title='bbox 1829 5584 1911 5631; x_wconf 89' lang='lat' dir='ltr'><strong>ter</strong></span> <span class='ocrx_word' id='word_1_798' title='bbox 1939 5575 2214 5642; x_wconf 84' lang='lat' dir='ltr'><strong>referunt,</strong></span> <span class='ocrx_word' id='word_1_799' title='bbox 2272 5594 2371 5634; x_wconf 91' lang='lat' dir='ltr'><strong>nec</strong></span> <span class='ocrx_word' id='word_1_800' title='bbox 2412 5593 2518 5633; x_wconf 91' lang='lat' dir='ltr'><strong>non</strong></span> <span class='ocrx_word' id='word_1_801' title='bbox 2546 5595 2610 5633; x_wconf 82' lang='lat' dir='ltr'><strong>ex</strong></span> <span class='ocrx_word' id='word_1_802' title='bbox 2642 5579 2984 5634; x_wconf 88' lang='lat' dir='ltr'><strong>sermonibus</strong></span> <span class='ocrx_word' id='word_1_803' title='bbox 3017 5576 3322 5637; x_wconf 84' lang='lat' dir='ltr'><strong>nonnullos,</strong></span> <span class='ocrx_word' id='word_1_804' title='bbox 3353 5592 3419 5632; x_wconf 81' lang='lat' dir='ltr'><strong>ex</strong></span> 
     </span>
    </p>
   </div>
   <div class='ocr_carea' id='block_1_79' title="bbox 162 5642 3423 5746">
    <p class='ocr_par' dir='ltr' id='par_1_79' title="bbox 162 5642 3423 5746">
     <span class='ocr_line' id='line_1_79' title="bbox 162 5642 3423 5746; baseline 0.003 -30"><span class='ocrx_word' id='word_1_805' title='bbox 162 5642 328 5716; x_wconf 70' lang='grc' dir='ltr'><strong>Ῐηῖεεθν</strong></span> <span class='ocrx_word' id='word_1_806' title='bbox 353 5660 409 5706; x_wconf 79' lang='grc' dir='ltr'><strong>ιιι</strong></span> <span class='ocrx_word' id='word_1_807' title='bbox 443 5654 595 5724; x_wconf 73' lang='lat' dir='ltr'><strong>plura</strong></span> <span class='ocrx_word' id='word_1_808' title='bbox 647 5658 934 5728; x_wconf 65' lang='lat' dir='ltr'><strong>Prowmia.</strong></span> <span class='ocrx_word' id='word_1_809' title='bbox 983 5659 1098 5714; x_wconf 88' lang='lat' dir='ltr'><strong>sive</strong></span> <span class='ocrx_word' id='word_1_810' title='bbox 1139 5660 1363 5717; x_wconf 79' lang='lat' dir='ltr'><strong>exordia</strong></span> <span class='ocrx_word' id='word_1_811' title='bbox 1409 5665 1715 5721; x_wconf 88' lang='lat' dir='ltr'><strong>orationum</strong></span> <span class='ocrx_word' id='word_1_812' title='bbox 1825 5670 2022 5741; x_wconf 89' lang='lat' dir='ltr'><strong>quibus</strong></span> <span class='ocrx_word' id='word_1_813' title='bbox 2062 5674 2226 5729; x_wconf 86' lang='lat' dir='ltr'><strong>multa</strong></span> <span class='ocrx_word' id='word_1_814' title='bbox 2277 5675 2328 5728; x_wconf 91' lang='lat' dir='ltr'><strong>in</strong></span> <span class='ocrx_word' id='word_1_815' title='bbox 2359 5674 2616 5746; x_wconf 89' lang='lat' dir='ltr'><strong>epistolas</strong></span> <span class='ocrx_word' id='word_1_816' title='bbox 2643 5674 2708 5728; x_wconf 84' lang='lat' dir='ltr'><strong>ad</strong></span> <span class='ocrx_word' id='word_1_817' title='bbox 2741 5674 2962 5727; x_wconf 84' lang='lat' dir='ltr'><strong>verhttm</strong></span> <span class='ocrx_word' id='word_1_818' title='bbox 3003 5672 3246 5727; x_wconf 84' lang='lat' dir='ltr'><strong>traducta</strong></span> <span class='ocrx_word' id='word_1_819' title='bbox 3277 5671 3423 5727; x_wconf 83' lang='lat' dir='ltr'><strong>iuve-</strong></span> 
     </span>
    </p>
   </div>
   <div class='ocr_carea' id='block_1_80' title="bbox 158 5763 1708 5904">
    <p class='ocr_par' dir='ltr' id='par_1_80' title="bbox 158 5763 1708 5904">
     <span class='ocr_line' id='line_1_80' title="bbox 213 5763 1708 5851; baseline 0.01 -29"><span class='ocrx_word' id='word_1_820' title='bbox 213 5763 283 5843; x_wconf 65' lang='grc' dir='ltr'><strong>ίδ)</strong></span> <span class='ocrx_word' id='word_1_821' title='bbox 308 5766 432 5847; x_wconf 69' lang='lat' dir='ltr'><strong>Mss.</strong></span> <span class='ocrx_word' id='word_1_822' title='bbox 464 5766 621 5827; x_wconf 77' lang='lat' dir='ltr'><strong>Rem.</strong></span> <span class='ocrx_word' id='word_1_823' title='bbox 648 5782 713 5847; x_wconf 28' lang='lat' dir='ltr'><strong>et.</strong></span> <span class='ocrx_word' id='word_1_824' title='bbox 746 5771 934 5849; x_wconf 86' lang='lat' dir='ltr'><strong>Pomp.</strong></span> <span class='ocrx_word' id='word_1_825' title='bbox 978 5775 1032 5828; x_wconf 85' lang='lat' dir='ltr'><strong>in</strong></span> <span class='ocrx_word' id='word_1_826' title='bbox 1065 5776 1364 5844; x_wconf 81' lang='lat' dir='ltr'><strong>paradisum</strong></span> <span class='ocrx_word' id='word_1_827' title='bbox 1393 5820 1407 5847; x_wconf 88' lang='lat'><strong>,</strong></span> <span class='ocrx_word' id='word_1_828' title='bbox 1441 5796 1560 5851; x_wconf 73' lang='lat' dir='ltr'><strong>qum</strong></span> <span class='ocrx_word' id='word_1_829' title='bbox 1606 5781 1708 5837; x_wconf 85' lang='lat' dir='ltr'><strong>lect</strong></span> 
     </span>
     <span class='ocr_line' id='line_1_81' title="bbox 158 5840 1211 5904; baseline 0 -3"><span class='ocrx_word' id='word_1_830' title='bbox 158 5844 331 5901; x_wconf 64' lang='lat' dir='ltr'><strong>&quot;limus</strong></span> <span class='ocrx_word' id='word_1_831' title='bbox 353 5841 540 5899; x_wconf 81' lang='lat' dir='ltr'><strong>adnot.</strong></span> <span class='ocrx_word' id='word_1_832' title='bbox 568 5840 601 5897; x_wconf 79' lang='lat'><strong>5</strong></span> <span class='ocrx_word' id='word_1_833' title='bbox 630 5844 681 5899; x_wconf 92' lang='lat' dir='ltr'><strong>in</strong></span> <span class='ocrx_word' id='word_1_834' title='bbox 706 5850 868 5901; x_wconf 81' lang='lat' dir='ltr'><strong>tract.</strong></span> <span class='ocrx_word' id='word_1_835' title='bbox 900 5845 990 5904; x_wconf 69' lang='lat' dir='ltr'><strong>l5.</strong></span> <span class='ocrx_word' id='word_1_836' title='bbox 1028 5845 1121 5904; x_wconf 83' lang='lat' dir='ltr'><strong>lib.</strong></span> <span class='ocrx_word' id='word_1_837' title='bbox 1154 5862 1211 5901; x_wconf 75' lang='grc' dir='ltr'><strong>ιι.</strong></span> 
     </span>
    </p>
   </div>
   <div class='ocr_carea' id='block_1_81' title="bbox 1872 5763 3422 5904">
    <p class='ocr_par' dir='ltr' id='par_1_81' title="bbox 1880 5786 3422 5882">
     <span class='ocr_line' id='line_1_82' title="bbox 1880 5786 3422 5882; baseline 0.005 -40"><span class='ocrx_word' id='word_1_838' title='bbox 1880 5788 2134 5856; x_wconf 81' lang='lat' dir='ltr'><strong>genuina,</strong></span> <span class='ocrx_word' id='word_1_839' title='bbox 2182 5798 2330 5847; x_wconf 87' lang='lat' dir='ltr'><strong>esset</strong></span> <span class='ocrx_word' id='word_1_840' title='bbox 2353 5788 2595 5859; x_wconf 83' lang='lat' dir='ltr'><strong>ejusdem</strong></span> <span class='ocrx_word' id='word_1_841' title='bbox 2621 5788 2839 5859; x_wconf 83' lang='lat' dir='ltr'><strong>generis</strong></span> <span class='ocrx_word' id='word_1_842' title='bbox 2864 5802 2927 5882; x_wconf 56' lang='lat' dir='ltr'><strong>ac</strong></span> <span class='ocrx_word' id='word_1_843' title='bbox 2968 5787 3074 5842; x_wconf 81' lang='lat' dir='ltr'><strong>illa:</strong></span> <span class='ocrx_word' id='word_1_844' title='bbox 3108 5786 3176 5844; x_wconf 90' lang='lat' dir='ltr'><strong>de</strong></span> <span class='ocrx_word' id='word_1_845' title='bbox 3227 5789 3422 5860; x_wconf 84' lang='lat' dir='ltr'><strong>quibus</strong></span> 
     </span>
    </p>
   </div>
  </div>
