  <div class='ocr_page' id='page_1' title='image "/cluster/home/n/w/nwhite01/storage/ocr_20150623/11/hvd.32044015471287/249.png"; bbox 0 0 3926 6328; ppageno 0'>
   <div class='ocr_carea' id='block_1_1' title="bbox 512 264 620 323">
    <p class='ocr_par' dir='ltr' id='par_1_1' title="bbox 512 264 620 323">
     <span class='ocr_line' id='line_1_1' title="bbox 512 264 620 323; baseline -0.019 0"><span class='ocrx_word' id='word_1_1' title='bbox 512 264 620 323; x_wconf 72' lang='grc'><strong>487</strong></span> 
     </span>
    </p>
   </div>
   <div class='ocr_carea' id='block_1_2' title="bbox 1883 254 3733 337">
    <p class='ocr_par' dir='ltr' id='par_1_2' title="bbox 1883 254 3733 337">
     <span class='ocr_line' id='line_1_2' title="bbox 1883 254 3733 337; baseline 0.004 -21"><span class='ocrx_word' id='word_1_2' title='bbox 1883 256 2133 317; x_wconf 78' lang='lat' dir='ltr'><strong>SANCTI</strong></span> <span class='ocrx_word' id='word_1_3' title='bbox 2168 254 2459 317; x_wconf 78' lang='lat' dir='ltr'><strong>ZENONIS</strong></span> <span class='ocrx_word' id='word_1_4' title='bbox 3644 256 3733 337; x_wconf 59' lang='grc' dir='ltr'><em>’ωε</em></span> 
     </span>
    </p>
   </div>
   <div class='ocr_carea' id='block_1_3' title="bbox 506 377 3733 462">
    <p class='ocr_par' dir='ltr' id='par_1_3' title="bbox 506 377 3733 462">
     <span class='ocr_line' id='line_1_3' title="bbox 506 377 3733 462; baseline 0.004 -23"><span class='ocrx_word' id='word_1_5' title='bbox 506 399 699 454; x_wconf 88' lang='lat' dir='ltr'><strong>magna</strong></span> <span class='ocrx_word' id='word_1_6' title='bbox 731 383 906 454; x_wconf 87' lang='lat' dir='ltr'><strong>pietas</strong></span> <span class='ocrx_word' id='word_1_7' title='bbox 935 381 1131 454; x_wconf 87' lang='lat' dir='ltr'><strong>judicis</strong></span> <span class='ocrx_word' id='word_1_8' title='bbox 1166 381 1339 438; x_wconf 79' lang='lat' dir='ltr'><strong>nostri</strong></span> <span class='ocrx_word' id='word_1_9' title='bbox 1364 381 1379 436; x_wconf 89' lang='lat'>!</span> <span class='ocrx_word' id='word_1_10' title='bbox 1420 397 1453 438; x_wconf 91' lang='lat' dir='ltr'><strong>a</strong></span> <span class='ocrx_word' id='word_1_11' title='bbox 1486 395 1595 453; x_wconf 90' lang='lat' dir='ltr'><strong>quo</strong></span> <span class='ocrx_word' id='word_1_12' title='bbox 1622 380 1857 437; x_wconf 91' lang='lat' dir='ltr'><strong>universi</strong></span> <span class='ocrx_word' id='word_1_13' title='bbox 1887 380 2103 450; x_wconf 78' lang='lat' dir='ltr'><strong>generis</strong></span> <span class='ocrx_word' id='word_1_14' title='bbox 2132 400 2187 457; x_wconf 73' lang='grc' dir='ltr'><strong>Α</strong></span> <span class='ocrx_word' id='word_1_15' title='bbox 2209 390 2337 434; x_wconf 91' lang='lat' dir='ltr'><strong>eunt</strong></span> <span class='ocrx_word' id='word_1_16' title='bbox 2361 422 2378 447; x_wconf 91' lang='lat'><strong>,</strong></span> <span class='ocrx_word' id='word_1_17' title='bbox 2434 393 2540 435; x_wconf 89' lang='lat' dir='ltr'><strong>non</strong></span> <span class='ocrx_word' id='word_1_18' title='bbox 2571 377 2838 445; x_wconf 86' lang='lat' dir='ltr'><strong>adimunt,</strong></span> <span class='ocrx_word' id='word_1_19' title='bbox 2868 379 2963 437; x_wconf 89' lang='lat' dir='ltr'><strong>sed</strong></span> <span class='ocrx_word' id='word_1_20' title='bbox 2994 380 3074 456; x_wconf 78' lang='grc'><strong>(5)</strong></span> <span class='ocrx_word' id='word_1_21' title='bbox 3120 380 3425 453; x_wconf 91' lang='lat' dir='ltr'><strong>includunt;</strong></span> <span class='ocrx_word' id='word_1_22' title='bbox 3446 392 3551 461; x_wconf 67' lang='lat' dir='ltr'><strong>qua)</strong></span> <span class='ocrx_word' id='word_1_23' title='bbox 3581 409 3733 462; x_wconf 88' lang='lat' dir='ltr'><strong>reum,</strong></span> 
     </span>
    </p>
   </div>
   <div class='ocr_carea' id='block_1_4' title="bbox 506 474 2106 552">
    <p class='ocr_par' dir='ltr' id='par_1_4' title="bbox 506 474 2106 552">
     <span class='ocr_line' id='line_1_4' title="bbox 506 474 2106 552; baseline -0.003 -18"><span class='ocrx_word' id='word_1_24' title='bbox 506 477 672 552; x_wconf 66' lang='grc'><strong>254</strong></span> <span class='ocrx_word' id='word_1_25' title='bbox 701 487 1031 549; x_wconf 87' lang='lat' dir='ltr'><strong>peccatores,</strong></span> <span class='ocrx_word' id='word_1_26' title='bbox 1062 485 1120 531; x_wconf 91' lang='lat' dir='ltr'><strong>ut</strong></span> <span class='ocrx_word' id='word_1_27' title='bbox 1150 477 1355 547; x_wconf 91' lang='lat' dir='ltr'><strong>possint</strong></span> <span class='ocrx_word' id='word_1_28' title='bbox 1384 477 1538 533; x_wconf 89' lang='lat' dir='ltr'><strong>beate</strong></span> <span class='ocrx_word' id='word_1_29' title='bbox 1569 479 1773 542; x_wconf 88' lang='lat' dir='ltr'><strong>vivere,</strong></span> <span class='ocrx_word' id='word_1_30' title='bbox 1815 475 1894 548; x_wconf 85' lang='lat'><strong>(5)</strong></span> <span class='ocrx_word' id='word_1_31' title='bbox 1928 474 2106 546; x_wconf 89' lang='lat' dir='ltr'><strong>pttniri</strong></span> 
     </span>
    </p>
   </div>
   <div class='ocr_carea' id='block_1_5' title="bbox 507 568 2103 641">
    <p class='ocr_par' dir='ltr' id='par_1_5' title="bbox 507 568 2103 641">
     <span class='ocr_line' id='line_1_5' title="bbox 507 568 2103 641; baseline -0.003 -15"><span class='ocrx_word' id='word_1_32' title='bbox 507 571 802 636; x_wconf 79' lang='lat' dir='ltr'><strong>festinant;</strong></span> <span class='ocrx_word' id='word_1_33' title='bbox 832 568 1118 626; x_wconf 83' lang='lat' dir='ltr'><strong>descendit</strong></span> <span class='ocrx_word' id='word_1_34' title='bbox 1159 569 1361 640; x_wconf 80' lang='lat' dir='ltr'><strong>quippe</strong></span> <span class='ocrx_word' id='word_1_35' title='bbox 1408 568 1621 641; x_wconf 90' lang='lat' dir='ltr'><strong>gladius</strong></span> <span class='ocrx_word' id='word_1_36' title='bbox 1651 570 1771 639; x_wconf 88' lang='lat' dir='ltr'><strong>pius</strong></span> <span class='ocrx_word' id='word_1_37' title='bbox 1815 570 1866 624; x_wconf 92' lang='lat' dir='ltr'><strong>in</strong></span> <span class='ocrx_word' id='word_1_38' title='bbox 1896 570 2103 623; x_wconf 80' lang='lat' dir='ltr'><strong>viscera</strong></span> 
     </span>
    </p>
   </div>
   <div class='ocr_carea' id='block_1_6' title="bbox 508 660 2107 735">
    <p class='ocr_par' dir='ltr' id='par_1_6' title="bbox 508 660 2107 735">
     <span class='ocr_line' id='line_1_6' title="bbox 508 660 2107 735; baseline -0.002 -16"><span class='ocrx_word' id='word_1_39' title='bbox 508 663 826 735; x_wconf 85' lang='lat' dir='ltr'><strong>peccatoris,</strong></span> <span class='ocrx_word' id='word_1_40' title='bbox 855 670 909 717; x_wconf 90' lang='lat' dir='ltr'><strong>et</strong></span> <span class='ocrx_word' id='word_1_41' title='bbox 935 677 1045 718; x_wconf 91' lang='lat' dir='ltr'><strong>uno</strong></span> <span class='ocrx_word' id='word_1_42' title='bbox 1072 660 1373 734; x_wconf 90' lang='lat' dir='ltr'><strong>eodemque</strong></span> <span class='ocrx_word' id='word_1_43' title='bbox 1402 662 1533 729; x_wconf 91' lang='lat' dir='ltr'><strong>ictu,</strong></span> <span class='ocrx_word' id='word_1_44' title='bbox 1576 661 1835 718; x_wconf 86' lang='lat' dir='ltr'><strong>incolumi</strong></span> <span class='ocrx_word' id='word_1_45' title='bbox 1860 662 2107 733; x_wconf 89' lang='lat' dir='ltr'><strong>corporis</strong></span> 
     </span>
    </p>
   </div>
   <div class='ocr_carea' id='block_1_7' title="bbox 506 740 2110 822">
    <p class='ocr_par' dir='ltr' id='par_1_7' title="bbox 506 740 2110 822">
     <span class='ocr_line' id='line_1_7' title="bbox 506 740 2110 822; baseline -0.001 -12"><span class='ocrx_word' id='word_1_46' title='bbox 506 766 762 811; x_wconf 87' lang='lat' dir='ltr'><strong>manente</strong></span> <span class='ocrx_word' id='word_1_47' title='bbox 785 755 1035 822; x_wconf 85' lang='lat' dir='ltr'><strong>materia,</strong></span> <span class='ocrx_word' id='word_1_48' title='bbox 1082 754 1340 810; x_wconf 83' lang='lat' dir='ltr'><strong>interﬁcit</strong></span> <span class='ocrx_word' id='word_1_49' title='bbox 1366 740 1638 809; x_wconf 76' lang='lat' dir='ltr'><strong>hominem</strong></span> <span class='ocrx_word' id='word_1_50' title='bbox 1668 762 1933 819; x_wconf 84' lang='lat' dir='ltr'><strong>veterem,</strong></span> <span class='ocrx_word' id='word_1_51' title='bbox 1958 761 2110 809; x_wconf 85' lang='lat' dir='ltr'><strong>creat</strong></span> 
     </span>
    </p>
   </div>
   <div class='ocr_carea' id='block_1_8' title="bbox 506 846 2104 917">
    <p class='ocr_par' dir='ltr' id='par_1_8' title="bbox 506 846 2104 917">
     <span class='ocr_line' id='line_1_8' title="bbox 506 846 2104 917; baseline -0.001 -15"><span class='ocrx_word' id='word_1_52' title='bbox 506 860 731 911; x_wconf 91' lang='lat' dir='ltr'><strong>novum,</strong></span> <span class='ocrx_word' id='word_1_53' title='bbox 761 853 817 901; x_wconf 91' lang='lat' dir='ltr'><strong>et</strong></span> <span class='ocrx_word' id='word_1_54' title='bbox 854 848 994 900; x_wconf 91' lang='lat' dir='ltr'><strong>sacri</strong></span> <span class='ocrx_word' id='word_1_55' title='bbox 1037 846 1263 917; x_wconf 77' lang='lat' dir='ltr'><strong>gurgitis</strong></span> <span class='ocrx_word' id='word_1_56' title='bbox 1294 846 1565 902; x_wconf 83' lang='lat' dir='ltr'><strong>elemento</strong></span> <span class='ocrx_word' id='word_1_57' title='bbox 1612 848 1825 917; x_wconf 89' lang='lat' dir='ltr'><strong>sepelit.</strong></span> <span class='ocrx_word' id='word_1_58' title='bbox 1876 847 1944 901; x_wconf 87' lang='lat' dir='ltr'><strong>Et</strong></span> <span class='ocrx_word' id='word_1_59' title='bbox 1984 862 2104 902; x_wconf 90' lang='lat' dir='ltr'><strong>eutn</strong></span> 
     </span>
    </p>
   </div>
   <div class='ocr_carea' id='block_1_9' title="bbox 505 939 2109 1013">
    <p class='ocr_par' dir='ltr' id='par_1_9' title="bbox 505 939 2109 1013">
     <span class='ocr_line' id='line_1_9' title="bbox 505 939 2109 1013; baseline -0.002 -15"><span class='ocrx_word' id='word_1_60' title='bbox 505 943 750 998; x_wconf 89' lang='lat' dir='ltr'><strong>omnium</strong></span> <span class='ocrx_word' id='word_1_61' title='bbox 779 956 1041 1013; x_wconf 88' lang='lat' dir='ltr'><strong>aquarum</strong></span> <span class='ocrx_word' id='word_1_62' title='bbox 1068 949 1257 995; x_wconf 90' lang='lat' dir='ltr'><strong>natura</strong></span> <span class='ocrx_word' id='word_1_63' title='bbox 1286 941 1357 995; x_wconf 85' lang='lat' dir='ltr'><strong>sit</strong></span> <span class='ocrx_word' id='word_1_64' title='bbox 1403 939 1543 1008; x_wconf 84' lang='lat' dir='ltr'><strong>talis,</strong></span> <span class='ocrx_word' id='word_1_65' title='bbox 1575 949 1635 996; x_wconf 92' lang='lat' dir='ltr'><strong>ut</strong></span> <span class='ocrx_word' id='word_1_66' title='bbox 1663 955 1784 996; x_wconf 91' lang='lat' dir='ltr'><strong>cum</strong></span> <span class='ocrx_word' id='word_1_67' title='bbox 1816 940 1866 995; x_wconf 80' lang='grc' dir='ltr'><strong>ιιι</strong></span> <span class='ocrx_word' id='word_1_68' title='bbox 1892 940 2109 1011; x_wconf 85' lang='lat' dir='ltr'><strong>profun-</strong></span> 
     </span>
    </p>
   </div>
   <div class='ocr_carea' id='block_1_10' title="bbox 506 1031 2105 1107">
    <p class='ocr_par' dir='ltr' id='par_1_10' title="bbox 506 1031 2105 1107">
     <span class='ocr_line' id='line_1_10' title="bbox 506 1031 2105 1107; baseline -0.001 -18"><span class='ocrx_word' id='word_1_69' title='bbox 506 1032 635 1090; x_wconf 90' lang='lat' dir='ltr'><strong>dum</strong></span> <span class='ocrx_word' id='word_1_70' title='bbox 668 1034 920 1089; x_wconf 81' lang='lat' dir='ltr'><strong>homines</strong></span> <span class='ocrx_word' id='word_1_71' title='bbox 950 1032 1032 1107; x_wconf 86' lang='lat'><strong>(6)</strong></span> <span class='ocrx_word' id='word_1_72' title='bbox 1066 1031 1372 1103; x_wconf 76' lang='lat' dir='ltr'><strong>susceperit</strong></span> <span class='ocrx_word' id='word_1_73' title='bbox 1394 1032 1570 1099; x_wconf 85' lang='lat' dir='ltr'><strong>vivos,</strong></span> <span class='ocrx_word' id='word_1_74' title='bbox 1596 1041 1813 1089; x_wconf 88' lang='lat' dir='ltr'><strong>evomat</strong></span> <span class='ocrx_word' id='word_1_75' title='bbox 1841 1040 2105 1100; x_wconf 90' lang='lat' dir='ltr'><strong>mortuos;</strong></span> 
     </span>
    </p>
   </div>
   <div class='ocr_carea' id='block_1_11' title="bbox 505 1128 2108 1204">
    <p class='ocr_par' dir='ltr' id='par_1_11' title="bbox 505 1128 2108 1204">
     <span class='ocr_line' id='line_1_11' title="bbox 505 1128 2108 1204; baseline -0.001 -19"><span class='ocrx_word' id='word_1_76' title='bbox 505 1146 645 1204; x_wconf 90' lang='lat' dir='ltr'><strong>aqua</strong></span> <span class='ocrx_word' id='word_1_77' title='bbox 678 1139 863 1187; x_wconf 86' lang='lat' dir='ltr'><strong>nostra</strong></span> <span class='ocrx_word' id='word_1_78' title='bbox 906 1128 1137 1200; x_wconf 86' lang='lat' dir='ltr'><strong>suscipit</strong></span> <span class='ocrx_word' id='word_1_79' title='bbox 1168 1134 1430 1196; x_wconf 90' lang='lat' dir='ltr'><strong>mortuos,</strong></span> <span class='ocrx_word' id='word_1_80' title='bbox 1482 1136 1538 1183; x_wconf 91' lang='lat' dir='ltr'><strong>et</strong></span> <span class='ocrx_word' id='word_1_81' title='bbox 1578 1128 1783 1182; x_wconf 87' lang='lat' dir='ltr'><strong>evomit</strong></span> <span class='ocrx_word' id='word_1_82' title='bbox 1826 1128 1997 1190; x_wconf 88' lang='lat' dir='ltr'><strong>vivos,</strong></span> <span class='ocrx_word' id='word_1_83' title='bbox 2042 1142 2108 1183; x_wconf 82' lang='lat' dir='ltr'><strong>ex</strong></span> 
     </span>
    </p>
   </div>
   <div class='ocr_carea' id='block_1_12' title="bbox 515 1220 2109 1290">
    <p class='ocr_par' dir='ltr' id='par_1_12' title="bbox 515 1220 2109 1290">
     <span class='ocr_line' id='line_1_12' title="bbox 515 1220 2109 1290; baseline -0.001 -12"><span class='ocrx_word' id='word_1_84' title='bbox 515 1223 841 1279; x_wconf 81' lang='lat' dir='ltr'><strong>animalibus</strong></span> <span class='ocrx_word' id='word_1_85' title='bbox 869 1238 1030 1278; x_wconf 88' lang='lat' dir='ltr'><strong>veros</strong></span> <span class='ocrx_word' id='word_1_86' title='bbox 1073 1222 1318 1277; x_wconf 84' lang='lat' dir='ltr'><strong>homines</strong></span> <span class='ocrx_word' id='word_1_87' title='bbox 1366 1220 1561 1290; x_wconf 79' lang='lat' dir='ltr'><strong>factos,</strong></span> <span class='ocrx_word' id='word_1_88' title='bbox 1605 1237 1670 1277; x_wconf 81' lang='lat' dir='ltr'><strong>ex</strong></span> <span class='ocrx_word' id='word_1_89' title='bbox 1703 1221 2011 1277; x_wconf 89' lang='lat' dir='ltr'><strong>hominibus</strong></span> <span class='ocrx_word' id='word_1_90' title='bbox 2057 1221 2109 1276; x_wconf 92' lang='lat' dir='ltr'><strong>in</strong></span> 
     </span>
    </p>
   </div>
   <div class='ocr_carea' id='block_1_13' title="bbox 507 1314 2112 1389">
    <p class='ocr_par' dir='ltr' id='par_1_13' title="bbox 507 1314 2112 1389">
     <span class='ocr_line' id='line_1_13' title="bbox 507 1314 2112 1389; baseline -0.001 -16"><span class='ocrx_word' id='word_1_91' title='bbox 507 1319 731 1389; x_wconf 85' lang='lat' dir='ltr'><strong>angelos</strong></span> <span class='ocrx_word' id='word_1_92' title='bbox 781 1318 1121 1379; x_wconf 88' lang='lat' dir='ltr'><strong>transituros.</strong></span> <span class='ocrx_word' id='word_1_93' title='bbox 1170 1317 1216 1372; x_wconf 89' lang='lat' dir='ltr'><strong>si</strong></span> <span class='ocrx_word' id='word_1_94' title='bbox 1260 1325 1546 1385; x_wconf 89' lang='lat' dir='ltr'><strong>provectus</strong></span> <span class='ocrx_word' id='word_1_95' title='bbox 1589 1318 1763 1373; x_wconf 65' lang='lat' dir='ltr'><strong>aetatis</strong></span> <span class='ocrx_word' id='word_1_96' title='bbox 1805 1331 1991 1373; x_wconf 91' lang='lat' dir='ltr'><strong>eorum</strong></span> <span class='ocrx_word' id='word_1_97' title='bbox 2030 1314 2112 1389; x_wconf 87' lang='lat'><strong>(7)</strong></span> 
     </span>
    </p>
   </div>
   <div class='ocr_carea' id='block_1_14' title="bbox 508 1411 1269 1468">
    <p class='ocr_par' dir='ltr' id='par_1_14' title="bbox 508 1411 1269 1468">
     <span class='ocr_line' id='line_1_14' title="bbox 508 1411 1269 1468; baseline -0.004 0"><span class='ocrx_word' id='word_1_98' title='bbox 508 1411 789 1468; x_wconf 86' lang='lat' dir='ltr'><strong>infantiam</strong></span> <span class='ocrx_word' id='word_1_99' title='bbox 822 1427 931 1468; x_wconf 92' lang='lat' dir='ltr'><strong>non</strong></span> <span class='ocrx_word' id='word_1_100' title='bbox 963 1411 1269 1468; x_wconf 85' lang='lat' dir='ltr'><strong>mutaverit.</strong></span> 
     </span>
    </p>
   </div>
   <div class='ocr_carea' id='block_1_15' title="bbox 938 1545 1681 1622">
    <p class='ocr_par' dir='ltr' id='par_1_15' title="bbox 938 1545 1681 1622">
     <span class='ocr_line' id='line_1_15' title="bbox 938 1545 1681 1622; baseline -0.003 -19"><span class='ocrx_word' id='word_1_101' title='bbox 938 1549 1100 1622; x_wconf 70' lang='lat'><strong>255</strong></span> <span class='ocrx_word' id='word_1_102' title='bbox 1125 1546 1539 1605; x_wconf 78' lang='lat' dir='ltr'><strong>TRACTATUS</strong></span> <span class='ocrx_word' id='word_1_103' title='bbox 1565 1545 1681 1603; x_wconf 78' lang='lat' dir='ltr'><strong>XL.</strong></span> 
     </span>
    </p>
   </div>
   <div class='ocr_carea' id='block_1_16' title="bbox 756 1664 1828 1740">
    <p class='ocr_par' dir='ltr' id='par_1_16' title="bbox 756 1664 1828 1740">
     <span class='ocr_line' id='line_1_16' title="bbox 756 1664 1828 1740; baseline -0.004 -16"><span class='ocrx_word' id='word_1_104' title='bbox 756 1664 838 1740; x_wconf 85' lang='lat' dir='ltr'><strong>(l)</strong></span> <span class='ocrx_word' id='word_1_105' title='bbox 866 1666 948 1723; x_wconf 82' lang='lat' dir='ltr'><strong>Ad</strong></span> <span class='ocrx_word' id='word_1_106' title='bbox 977 1665 1280 1739; x_wconf 80' lang='lat' dir='ltr'><strong>Neaphgtos</strong></span> <span class='ocrx_word' id='word_1_107' title='bbox 1306 1677 1421 1736; x_wconf 87' lang='lat' dir='ltr'><strong>post</strong></span> <span class='ocrx_word' id='word_1_108' title='bbox 1457 1666 1709 1738; x_wconf 85' lang='lat' dir='ltr'><strong>baptisma</strong></span> <span class='ocrx_word' id='word_1_109' title='bbox 1737 1664 1828 1722; x_wconf 87' lang='lat' dir='ltr'><strong>Ill.</strong></span> 
     </span>
    </p>
   </div>
   <div class='ocr_carea' id='block_1_17' title="bbox 2208 471 3736 554">
    <p class='ocr_par' dir='ltr' id='par_1_17' title="bbox 2208 471 3736 554">
     <span class='ocr_line' id='line_1_17' title="bbox 2208 471 3736 554; baseline 0.011 -28"><span class='ocrx_word' id='word_1_110' title='bbox 2208 471 2420 543; x_wconf 91' lang='lat' dir='ltr'><strong>qualem</strong></span> <span class='ocrx_word' id='word_1_111' title='bbox 2450 472 2755 527; x_wconf 85' lang='lat' dir='ltr'><strong>invenerint</strong></span> <span class='ocrx_word' id='word_1_112' title='bbox 2774 514 2790 539; x_wconf 95' lang='lat'><strong>,</strong></span> <span class='ocrx_word' id='word_1_113' title='bbox 2821 472 2979 529; x_wconf 90' lang='lat' dir='ltr'><strong>talem</strong></span> <span class='ocrx_word' id='word_1_114' title='bbox 3009 489 3227 545; x_wconf 86' lang='lat' dir='ltr'><strong>quoque</strong></span> <span class='ocrx_word' id='word_1_115' title='bbox 3266 475 3543 548; x_wconf 91' lang='lat' dir='ltr'><strong>dimittunt;</strong></span> <span class='ocrx_word' id='word_1_116' title='bbox 3567 498 3667 554; x_wconf 78' lang='lat' dir='ltr'><strong>qua:</strong></span> <span class='ocrx_word' id='word_1_117' title='bbox 3694 487 3736 544; x_wconf 93' lang='lat' dir='ltr'><strong>in</strong></span> 
     </span>
    </p>
   </div>
   <div class='ocr_carea' id='block_1_18' title="bbox 2209 560 3741 642">
    <p class='ocr_par' dir='ltr' id='par_1_18' title="bbox 2209 560 3741 642">
     <span class='ocr_line' id='line_1_18' title="bbox 2209 560 3741 642; baseline 0.012 -26"><span class='ocrx_word' id='word_1_118' title='bbox 2209 563 2326 634; x_wconf 89' lang='lat' dir='ltr'><strong>pari</strong></span> <span class='ocrx_word' id='word_1_119' title='bbox 2357 578 2517 618; x_wconf 89' lang='lat' dir='ltr'><strong>causa</strong></span> <span class='ocrx_word' id='word_1_120' title='bbox 2548 560 2652 634; x_wconf 90' lang='lat' dir='ltr'><strong>ipsi</strong></span> <span class='ocrx_word' id='word_1_121' title='bbox 2682 566 2981 633; x_wconf 66' lang='lat' dir='ltr'><strong>prmstatori</strong></span> <span class='ocrx_word' id='word_1_122' title='bbox 3014 565 3148 621; x_wconf 89' lang='lat' dir='ltr'><strong>nihil</strong></span> <span class='ocrx_word' id='word_1_123' title='bbox 3180 566 3429 638; x_wconf 86' lang='lat' dir='ltr'><strong>prodesse</strong></span> <span class='ocrx_word' id='word_1_124' title='bbox 3446 587 3658 642; x_wconf 87' lang='lat' dir='ltr'><strong>possunt.</strong></span> <span class='ocrx_word' id='word_1_125' title='bbox 3686 579 3741 635; x_wconf 85' lang='lat' dir='ltr'><strong>At</strong></span> 
     </span>
    </p>
   </div>
   <div class='ocr_carea' id='block_1_19' title="bbox 2208 648 3740 737">
    <p class='ocr_par' dir='ltr' id='par_1_19' title="bbox 2208 648 3740 737">
     <span class='ocr_line' id='line_1_19' title="bbox 2208 648 3740 737; baseline 0.009 -24"><span class='ocrx_word' id='word_1_126' title='bbox 2208 672 2342 714; x_wconf 89' lang='lat' dir='ltr'><strong>vero</strong></span> <span class='ocrx_word' id='word_1_127' title='bbox 2383 667 2586 713; x_wconf 76' lang='lat' dir='ltr'><strong>nostra:</strong></span> <span class='ocrx_word' id='word_1_128' title='bbox 2627 659 2921 714; x_wconf 78' lang='lat' dir='ltr'><strong>acervatim</strong></span> <span class='ocrx_word' id='word_1_129' title='bbox 2949 660 3265 728; x_wconf 85' lang='lat' dir='ltr'><strong>absolvunt,</strong></span> <span class='ocrx_word' id='word_1_130' title='bbox 3298 662 3534 737; x_wconf 89' lang='lat' dir='ltr'><strong>quidquid</strong></span> <span class='ocrx_word' id='word_1_131' title='bbox 3558 648 3740 727; x_wconf 83' lang='lat' dir='ltr'><strong>iuvene-</strong></span> 
     </span>
    </p>
   </div>
   <div class='ocr_carea' id='block_1_20' title="bbox 2209 754 3742 835">
    <p class='ocr_par' dir='ltr' id='par_1_20' title="bbox 2209 754 3742 835">
     <span class='ocr_line' id='line_1_20' title="bbox 2209 754 3742 835; baseline 0.011 -26"><span class='ocrx_word' id='word_1_132' title='bbox 2209 755 2350 821; x_wconf 88' lang='lat' dir='ltr'><strong>rint,</strong></span> <span class='ocrx_word' id='word_1_133' title='bbox 2380 769 2482 810; x_wconf 92' lang='lat' dir='ltr'><strong>nec</strong></span> <span class='ocrx_word' id='word_1_134' title='bbox 2523 754 2724 825; x_wconf 88' lang='lat' dir='ltr'><strong>aliquid</strong></span> <span class='ocrx_word' id='word_1_135' title='bbox 2756 754 2837 828; x_wconf 68' lang='lat'><strong>(4)</strong></span> <span class='ocrx_word' id='word_1_136' title='bbox 2875 756 3142 813; x_wconf 88' lang='lat' dir='ltr'><strong>subsecivi</strong></span> <span class='ocrx_word' id='word_1_137' title='bbox 3190 774 3309 816; x_wconf 85' lang='lat' dir='ltr'><strong>esse</strong></span> <span class='ocrx_word' id='word_1_138' title='bbox 3347 764 3635 835; x_wconf 77' lang='lat' dir='ltr'><strong>patiuntur;</strong></span> <span class='ocrx_word' id='word_1_139' title='bbox 3667 767 3742 825; x_wconf 84' lang='lat' dir='ltr'><strong>sed</strong></span> 
     </span>
    </p>
   </div>
   <div class='ocr_carea' id='block_1_21' title="bbox 2212 848 3740 926">
    <p class='ocr_par' dir='ltr' id='par_1_21' title="bbox 2212 848 3740 926">
     <span class='ocr_line' id='line_1_21' title="bbox 2212 848 3740 926; baseline 0.009 -23"><span class='ocrx_word' id='word_1_140' title='bbox 2212 857 2490 917; x_wconf 86' lang='lat' dir='ltr'><strong>pectorum</strong></span> <span class='ocrx_word' id='word_1_141' title='bbox 2520 848 2770 919; x_wconf 86' lang='lat' dir='ltr'><strong>aperiunt</strong></span> <span class='ocrx_word' id='word_1_142' title='bbox 2810 860 3001 905; x_wconf 85' lang='lat' dir='ltr'><strong>cuncta</strong></span> <span class='ocrx_word' id='word_1_143' title='bbox 3031 852 3320 921; x_wconf 84' lang='lat' dir='ltr'><strong>penetralia</strong></span> <span class='ocrx_word' id='word_1_144' title='bbox 3340 894 3356 919; x_wconf 88' lang='lat'><strong>,</strong></span> <span class='ocrx_word' id='word_1_145' title='bbox 3377 854 3631 926; x_wconf 89' lang='lat' dir='ltr'><strong>diligenter</strong></span> <span class='ocrx_word' id='word_1_146' title='bbox 3649 861 3740 916; x_wconf 86' lang='lat' dir='ltr'><strong>uni-</strong></span> 
     </span>
    </p>
   </div>
   <div class='ocr_carea' id='block_1_22' title="bbox 2212 939 3745 1018">
    <p class='ocr_par' dir='ltr' id='par_1_22' title="bbox 2212 939 3745 1018">
     <span class='ocr_line' id='line_1_22' title="bbox 2212 939 3745 1018; baseline 0.009 -25"><span class='ocrx_word' id='word_1_147' title='bbox 2212 952 2367 995; x_wconf 88' lang='lat' dir='ltr'><strong>versa</strong></span> <span class='ocrx_word' id='word_1_148' title='bbox 2397 939 2622 995; x_wconf 87' lang='lat' dir='ltr'><strong>crimina</strong></span> <span class='ocrx_word' id='word_1_149' title='bbox 2650 939 2928 1009; x_wconf 77' lang='lat' dir='ltr'><strong>expellunt</strong></span> <span class='ocrx_word' id='word_1_150' title='bbox 2947 982 2961 1004; x_wconf 93' lang='lat'><strong>,</strong></span> <span class='ocrx_word' id='word_1_151' title='bbox 2988 956 3051 996; x_wconf 90' lang='lat' dir='ltr'><strong>ac</strong></span> <span class='ocrx_word' id='word_1_152' title='bbox 3085 957 3273 1000; x_wconf 86' lang='lat' dir='ltr'><strong>rursus</strong></span> <span class='ocrx_word' id='word_1_153' title='bbox 3321 943 3578 1018; x_wconf 82' lang='lat' dir='ltr'><strong>diligenter</strong></span> <span class='ocrx_word' id='word_1_154' title='bbox 3602 952 3745 1006; x_wconf 85' lang='lat' dir='ltr'><strong>occlu-</strong></span> 
     </span>
    </p>
   </div>
   <div class='ocr_carea' id='block_1_23' title="bbox 2212 1030 3744 1109">
    <p class='ocr_par' dir='ltr' id='par_1_23' title="bbox 2212 1030 3744 1109">
     <span class='ocr_line' id='line_1_23' title="bbox 2212 1030 3744 1109; baseline 0.008 -23"><span class='ocrx_word' id='word_1_155' title='bbox 2212 1030 2348 1086; x_wconf 88' lang='lat' dir='ltr'><strong>dunt</strong></span> <span class='ocrx_word' id='word_1_156' title='bbox 2379 1076 2391 1098; x_wconf 88' lang='lat'><strong>,</strong></span> <span class='ocrx_word' id='word_1_157' title='bbox 2427 1046 2496 1087; x_wconf 89' lang='lat' dir='ltr'><strong>ne</strong></span> <span class='ocrx_word' id='word_1_158' title='bbox 2532 1030 2659 1103; x_wconf 90' lang='lat' dir='ltr'><strong>quid</strong></span> <span class='ocrx_word' id='word_1_159' title='bbox 2698 1032 2790 1088; x_wconf 92' lang='lat' dir='ltr'><strong>illo</strong></span> <span class='ocrx_word' id='word_1_160' title='bbox 2820 1033 2903 1088; x_wconf 89' lang='lat' dir='ltr'><strong>vel</strong></span> <span class='ocrx_word' id='word_1_161' title='bbox 2935 1033 3184 1089; x_wconf 82' lang='lat' dir='ltr'><strong>frivolum</strong></span> <span class='ocrx_word' id='word_1_162' title='bbox 3209 1076 3226 1101; x_wconf 94' lang='lat'><strong>,</strong></span> <span class='ocrx_word' id='word_1_163' title='bbox 3254 1035 3375 1092; x_wconf 90' lang='lat' dir='ltr'><strong>inde</strong></span> <span class='ocrx_word' id='word_1_164' title='bbox 3401 1038 3530 1109; x_wconf 93' lang='lat' dir='ltr'><strong>quod</strong></span> <span class='ocrx_word' id='word_1_165' title='bbox 3550 1042 3744 1098; x_wconf 78' lang='lat' dir='ltr'><strong>excludi-</strong></span> 
     </span>
    </p>
   </div>
   <div class='ocr_carea' id='block_1_24' title="bbox 2216 1126 3748 1195">
    <p class='ocr_par' dir='ltr' id='par_1_24' title="bbox 2216 1126 3748 1195">
     <span class='ocr_line' id='line_1_24' title="bbox 2216 1126 3748 1195; baseline 0.008 -15"><span class='ocrx_word' id='word_1_166' title='bbox 2216 1136 2322 1191; x_wconf 93' lang='lat' dir='ltr'><strong>tur,</strong></span> <span class='ocrx_word' id='word_1_167' title='bbox 2356 1135 2678 1181; x_wconf 86' lang='lat' dir='ltr'><strong>revertatur.</strong></span> <span class='ocrx_word' id='word_1_168' title='bbox 2725 1126 2854 1181; x_wconf 70' lang='lat' dir='ltr'><strong>Blira</strong></span> <span class='ocrx_word' id='word_1_169' title='bbox 2904 1128 3085 1195; x_wconf 84' lang='lat' dir='ltr'><strong>ratio,</strong></span> <span class='ocrx_word' id='word_1_170' title='bbox 3130 1128 3264 1184; x_wconf 91' lang='lat' dir='ltr'><strong>mira</strong></span> <span class='ocrx_word' id='word_1_171' title='bbox 3314 1131 3590 1189; x_wconf 82' lang='lat' dir='ltr'><strong>beatitudo!</strong></span> <span class='ocrx_word' id='word_1_172' title='bbox 3620 1132 3748 1193; x_wconf 85' lang='lat' dir='ltr'><strong>Salvo</strong></span> 
     </span>
    </p>
   </div>
   <div class='ocr_carea' id='block_1_25' title="bbox 2213 1211 3747 1297">
    <p class='ocr_par' dir='ltr' id='par_1_25' title="bbox 2213 1211 3747 1297">
     <span class='ocr_line' id='line_1_25' title="bbox 2213 1211 3747 1297; baseline -0.002 -21"><span class='ocrx_word' id='word_1_173' title='bbox 2213 1211 2310 1276; x_wconf 87' lang='lat' dir='ltr'><strong>reo</strong></span> <span class='ocrx_word' id='word_1_174' title='bbox 2337 1222 2556 1292; x_wconf 89' lang='lat' dir='ltr'><strong>punitur</strong></span> <span class='ocrx_word' id='word_1_175' title='bbox 2587 1230 2766 1277; x_wconf 88' lang='lat' dir='ltr'><strong>reatus</strong></span> <span class='ocrx_word' id='word_1_176' title='bbox 2798 1222 2850 1276; x_wconf 91' lang='lat' dir='ltr'><strong>in</strong></span> <span class='ocrx_word' id='word_1_177' title='bbox 2883 1221 2963 1294; x_wconf 85' lang='lat'><strong>(5)</strong></span> <span class='ocrx_word' id='word_1_178' title='bbox 2990 1238 3106 1289; x_wconf 89' lang='lat' dir='ltr'><strong>reo,</strong></span> <span class='ocrx_word' id='word_1_179' title='bbox 3136 1224 3442 1297; x_wconf 77' lang='lat' dir='ltr'><strong>integraque</strong></span> <span class='ocrx_word' id='word_1_180' title='bbox 3465 1240 3592 1285; x_wconf 83' lang='lat' dir='ltr'><strong>statu</strong></span> <span class='ocrx_word' id='word_1_181' title='bbox 3616 1234 3747 1288; x_wconf 82' lang='lat' dir='ltr'><strong>mori-</strong></span> 
     </span>
    </p>
   </div>
   <div class='ocr_carea' id='block_1_26' title="bbox 2224 1315 3747 1393">
    <p class='ocr_par' dir='ltr' id='par_1_26' title="bbox 2224 1315 3747 1393">
     <span class='ocr_line' id='line_1_26' title="bbox 2224 1315 3747 1393; baseline 0.009 -24"><span class='ocrx_word' id='word_1_182' title='bbox 2224 1324 2312 1371; x_wconf 92' lang='lat' dir='ltr'><strong>tur</strong></span> <span class='ocrx_word' id='word_1_183' title='bbox 2336 1316 2389 1370; x_wconf 90' lang='lat' dir='ltr'><strong>in</strong></span> <span class='ocrx_word' id='word_1_184' title='bbox 2418 1315 2670 1393; x_wconf 87' lang='lat' dir='ltr'><strong>homine,</strong></span> <span class='ocrx_word' id='word_1_185' title='bbox 2702 1328 2923 1388; x_wconf 88' lang='lat' dir='ltr'><strong>pr0pter</strong></span> <span class='ocrx_word' id='word_1_186' title='bbox 2943 1318 3085 1387; x_wconf 89' lang='lat' dir='ltr'><strong>quod</strong></span> <span class='ocrx_word' id='word_1_187' title='bbox 3115 1320 3279 1386; x_wconf 87' lang='lat' dir='ltr'><strong>homo</strong></span> <span class='ocrx_word' id='word_1_188' title='bbox 3307 1321 3470 1378; x_wconf 87' lang='lat' dir='ltr'><strong>fuerat</strong></span> <span class='ocrx_word' id='word_1_189' title='bbox 3486 1324 3747 1383; x_wconf 85' lang='lat' dir='ltr'><strong>moriturus.</strong></span> 
     </span>
    </p>
   </div>
   <div class='ocr_carea' id='block_1_27' title="bbox 2215 1407 3749 1483">
    <p class='ocr_par' dir='ltr' id='par_1_27' title="bbox 2215 1407 3749 1483">
     <span class='ocr_line' id='line_1_27' title="bbox 2215 1407 3749 1483; baseline 0.008 -21"><span class='ocrx_word' id='word_1_190' title='bbox 2215 1407 2345 1463; x_wconf 86' lang='lat' dir='ltr'><strong>lude</strong></span> <span class='ocrx_word' id='word_1_191' title='bbox 2368 1417 2483 1475; x_wconf 88' lang='lat' dir='ltr'><strong>est,</strong></span> <span class='ocrx_word' id='word_1_192' title='bbox 2515 1410 2680 1483; x_wconf 72' lang='lat'><strong>256</strong></span> <span class='ocrx_word' id='word_1_193' title='bbox 2728 1410 2871 1479; x_wconf 89' lang='lat' dir='ltr'><strong>quod</strong></span> <span class='ocrx_word' id='word_1_194' title='bbox 2916 1422 3097 1466; x_wconf 90' lang='lat' dir='ltr'><strong>nostra</strong></span> <span class='ocrx_word' id='word_1_195' title='bbox 3146 1428 3252 1468; x_wconf 91' lang='lat' dir='ltr'><strong>non</strong></span> <span class='ocrx_word' id='word_1_196' title='bbox 3302 1414 3452 1471; x_wconf 86' lang='lat' dir='ltr'><strong>habet</strong></span> <span class='ocrx_word' id='word_1_197' title='bbox 3499 1420 3749 1475; x_wconf 77' lang='lat' dir='ltr'><strong>necessaria</strong></span> 
     </span>
    </p>
   </div>
   <div class='ocr_carea' id='block_1_28' title="bbox 2136 1500 3752 1575">
    <p class='ocr_par' dir='ltr' id='par_1_28' title="bbox 2136 1500 3752 1575">
     <span class='ocr_line' id='line_1_28' title="bbox 2136 1500 3752 1575; baseline 0.008 -21"><span class='ocrx_word' id='word_1_198' title='bbox 2136 1508 2141 1513; x_wconf 84' lang='lat'><strong>&#39;</strong></span> <span class='ocrx_word' id='word_1_199' title='bbox 2216 1509 2488 1558; x_wconf 89' lang='lat' dir='ltr'><strong>tormenta</strong></span> <span class='ocrx_word' id='word_1_200' title='bbox 2539 1500 2621 1573; x_wconf 81' lang='lat'><strong>(6)</strong></span> <span class='ocrx_word' id='word_1_201' title='bbox 2667 1502 2975 1570; x_wconf 84' lang='lat' dir='ltr'><strong>confessio;</strong></span> <span class='ocrx_word' id='word_1_202' title='bbox 3004 1503 3146 1575; x_wconf 89' lang='lat' dir='ltr'><strong>quod</strong></span> <span class='ocrx_word' id='word_1_203' title='bbox 3196 1504 3315 1560; x_wconf 86' lang='lat' dir='ltr'><strong>sine</strong></span> <span class='ocrx_word' id='word_1_204' title='bbox 3358 1506 3542 1565; x_wconf 87' lang='lat' dir='ltr'><strong>sudore</strong></span> <span class='ocrx_word' id='word_1_205' title='bbox 3579 1512 3752 1567; x_wconf 83' lang='lat' dir='ltr'><strong>tortoris</strong></span> 
     </span>
    </p>
   </div>
   <div class='ocr_carea' id='block_1_29' title="bbox 2216 1592 3755 1667">
    <p class='ocr_par' dir='ltr' id='par_1_29' title="bbox 2216 1592 3755 1667">
     <span class='ocr_line' id='line_1_29' title="bbox 2216 1592 3755 1667; baseline 0.008 -20"><span class='ocrx_word' id='word_1_206' title='bbox 2216 1592 2455 1649; x_wconf 82' lang='lat' dir='ltr'><strong>facinora</strong></span> <span class='ocrx_word' id='word_1_207' title='bbox 2483 1608 2579 1649; x_wconf 89' lang='lat' dir='ltr'><strong>sua</strong></span> <span class='ocrx_word' id='word_1_208' title='bbox 2621 1607 2816 1665; x_wconf 87' lang='lat' dir='ltr'><strong>sponte</strong></span> <span class='ocrx_word' id='word_1_209' title='bbox 2856 1611 2982 1667; x_wconf 85' lang='lat' dir='ltr'><strong>rens</strong></span> <span class='ocrx_word' id='word_1_210' title='bbox 3003 1638 3018 1660; x_wconf 93' lang='lat'><strong>,</strong></span> <span class='ocrx_word' id='word_1_211' title='bbox 3052 1605 3110 1653; x_wconf 92' lang='lat' dir='ltr'><strong>ut</strong></span> <span class='ocrx_word' id='word_1_212' title='bbox 3147 1599 3242 1652; x_wconf 86' lang='lat' dir='ltr'><strong>tiat</strong></span> <span class='ocrx_word' id='word_1_213' title='bbox 3272 1599 3544 1667; x_wconf 83' lang='lat' dir='ltr'><strong>innocens,</strong></span> <span class='ocrx_word' id='word_1_214' title='bbox 3575 1602 3755 1659; x_wconf 83' lang='lat' dir='ltr'><strong>conﬁte-</strong></span> 
     </span>
    </p>
   </div>
   <div class='ocr_carea' id='block_1_30' title="bbox 2217 1686 3753 1763">
    <p class='ocr_par' dir='ltr' id='par_1_30' title="bbox 2217 1686 3753 1763">
     <span class='ocr_line' id='line_1_30' title="bbox 2217 1686 3753 1763; baseline 0.007 -24"><span class='ocrx_word' id='word_1_215' title='bbox 2217 1694 2321 1741; x_wconf 90' lang='lat' dir='ltr'><strong>tur.</strong></span> <span class='ocrx_word' id='word_1_216' title='bbox 2360 1686 2599 1743; x_wconf 88' lang='lat' dir='ltr'><strong>Pretiosa</strong></span> <span class='ocrx_word' id='word_1_217' title='bbox 2630 1688 2958 1759; x_wconf 84' lang='lat' dir='ltr'><strong>indulgentia</strong></span> <span class='ocrx_word' id='word_1_218' title='bbox 2983 1700 3096 1755; x_wconf 91' lang='lat' dir='ltr'><strong>est,</strong></span> <span class='ocrx_word' id='word_1_219' title='bbox 3130 1691 3356 1755; x_wconf 90' lang='lat' dir='ltr'><strong>fratres,</strong></span> <span class='ocrx_word' id='word_1_220' title='bbox 3386 1707 3496 1763; x_wconf 74' lang='lat' dir='ltr'><strong>qua:</strong></span> <span class='ocrx_word' id='word_1_221' title='bbox 3516 1702 3567 1749; x_wconf 91' lang='lat' dir='ltr'><strong>et</strong></span> <span class='ocrx_word' id='word_1_222' title='bbox 3585 1694 3753 1750; x_wconf 84' lang='lat' dir='ltr'><strong>veniant</strong></span> 
     </span>
    </p>
   </div>
   <div class='ocr_carea' id='block_1_31' title="bbox 580 1777 3752 1855">
    <p class='ocr_par' dir='ltr' id='par_1_31' title="bbox 580 1777 3752 1855">
     <span class='ocr_line' id='line_1_31' title="bbox 580 1777 3752 1855; baseline 0 -15"><span class='ocrx_word' id='word_1_223' title='bbox 580 1782 927 1840; x_wconf 75' lang='lat' dir='ltr'><strong>Exsultemus</strong></span> <span class='ocrx_word' id='word_1_224' title='bbox 949 1824 963 1847; x_wconf 91' lang='lat'><strong>,</strong></span> <span class='ocrx_word' id='word_1_225' title='bbox 995 1781 1221 1844; x_wconf 89' lang='lat' dir='ltr'><strong>fratres,</strong></span> <span class='ocrx_word' id='word_1_226' title='bbox 1253 1783 1305 1837; x_wconf 92' lang='lat' dir='ltr'><strong>in</strong></span> <span class='ocrx_word' id='word_1_227' title='bbox 1335 1779 1553 1836; x_wconf 89' lang='lat' dir='ltr'><strong>Christo</strong></span> <span class='ocrx_word' id='word_1_228' title='bbox 1582 1798 1596 1834; x_wconf 87' lang='lat'><strong>:</strong></span> <span class='ocrx_word' id='word_1_229' title='bbox 1630 1777 2115 1850; x_wconf 88' lang='lat' dir='ltr'><strong>trinmphatorique</strong></span> <span class='ocrx_word' id='word_1_230' title='bbox 2143 1794 2192 1855; x_wconf 76' lang='grc' dir='ltr'><strong>Β</strong></span> <span class='ocrx_word' id='word_1_231' title='bbox 2221 1786 2440 1848; x_wconf 72' lang='lat' dir='ltr'><strong>przestat</strong></span> <span class='ocrx_word' id='word_1_232' title='bbox 2485 1790 2541 1835; x_wconf 94' lang='lat' dir='ltr'><strong>et</strong></span> <span class='ocrx_word' id='word_1_233' title='bbox 2594 1779 2939 1834; x_wconf 83' lang='lat' dir='ltr'><strong>medicinam.</strong></span> <span class='ocrx_word' id='word_1_234' title='bbox 2963 1779 3230 1853; x_wconf 69' lang='lat' dir='ltr'><strong>Caeterum</strong></span> <span class='ocrx_word' id='word_1_235' title='bbox 3253 1783 3341 1852; x_wconf 91' lang='lat' dir='ltr'><strong>qui</strong></span> <span class='ocrx_word' id='word_1_236' title='bbox 3363 1783 3523 1855; x_wconf 88' lang='lat' dir='ltr'><strong>parcit</strong></span> <span class='ocrx_word' id='word_1_237' title='bbox 3544 1785 3752 1851; x_wconf 82' lang='lat' dir='ltr'><strong>veneﬁco,</strong></span> 
     </span>
    </p>
   </div>
   <div class='ocr_carea' id='block_1_32' title="bbox 508 1871 2118 1949">
    <p class='ocr_par' dir='ltr' id='par_1_32' title="bbox 508 1871 2118 1949">
     <span class='ocr_line' id='line_1_32' title="bbox 508 1871 2118 1949; baseline -0.004 -17"><span class='ocrx_word' id='word_1_238' title='bbox 508 1886 775 1946; x_wconf 89' lang='lat' dir='ltr'><strong>perpetuo</strong></span> <span class='ocrx_word' id='word_1_239' title='bbox 838 1874 1055 1948; x_wconf 86' lang='lat' dir='ltr'><strong>hymnis</strong></span> <span class='ocrx_word' id='word_1_240' title='bbox 1087 1917 1101 1942; x_wconf 92' lang='lat'><strong>,</strong></span> <span class='ocrx_word' id='word_1_241' title='bbox 1155 1873 1379 1931; x_wconf 89' lang='lat' dir='ltr'><strong>citharis</strong></span> <span class='ocrx_word' id='word_1_242' title='bbox 1415 1916 1431 1942; x_wconf 91' lang='lat'><strong>,</strong></span> <span class='ocrx_word' id='word_1_243' title='bbox 1486 1873 1757 1949; x_wconf 74' lang='lat' dir='ltr'><strong>tympanis</strong></span> <span class='ocrx_word' id='word_1_244' title='bbox 1798 1913 1813 1937; x_wconf 92' lang='lat'><strong>,</strong></span> <span class='ocrx_word' id='word_1_245' title='bbox 1893 1871 2118 1928; x_wconf 90' lang='lat' dir='ltr'><strong>canticis</strong></span> 
     </span>
    </p>
   </div>
   <div class='ocr_carea' id='block_1_33' title="bbox 506 1967 2117 2041">
    <p class='ocr_par' dir='ltr' id='par_1_33' title="bbox 506 1967 2117 2041">
     <span class='ocr_line' id='line_1_33' title="bbox 506 1967 2117 2041; baseline -0.003 -16"><span class='ocrx_word' id='word_1_246' title='bbox 506 1968 737 2041; x_wconf 84' lang='lat' dir='ltr'><strong>gratiam</strong></span> <span class='ocrx_word' id='word_1_247' title='bbox 775 1968 1100 2035; x_wconf 83' lang='lat' dir='ltr'><strong>referamus,</strong></span> <span class='ocrx_word' id='word_1_248' title='bbox 1134 1968 1227 2040; x_wconf 91' lang='lat' dir='ltr'><strong>qui</strong></span> <span class='ocrx_word' id='word_1_249' title='bbox 1285 1968 1440 2024; x_wconf 87' lang='lat' dir='ltr'><strong>nobis</strong></span> <span class='ocrx_word' id='word_1_250' title='bbox 1477 1967 1738 2038; x_wconf 84' lang='lat' dir='ltr'><strong>promissa</strong></span> <span class='ocrx_word' id='word_1_251' title='bbox 1786 1974 2117 2038; x_wconf 87' lang='lat' dir='ltr'><strong>perpetuans</strong></span> 
     </span>
    </p>
   </div>
   <div class='ocr_carea' id='block_1_34' title="bbox 508 2059 2114 2136">
    <p class='ocr_par' dir='ltr' id='par_1_34' title="bbox 508 2059 2114 2136">
     <span class='ocr_line' id='line_1_34' title="bbox 508 2059 2114 2136; baseline -0.001 -21"><span class='ocrx_word' id='word_1_252' title='bbox 508 2063 594 2133; x_wconf 91' lang='lat' dir='ltr'><strong>pia</strong></span> <span class='ocrx_word' id='word_1_253' title='bbox 625 2061 704 2134; x_wconf 76' lang='lat'><strong>(2)</strong></span> <span class='ocrx_word' id='word_1_254' title='bbox 728 2065 1008 2119; x_wconf 91' lang='lat' dir='ltr'><strong>sanctione</strong></span> <span class='ocrx_word' id='word_1_255' title='bbox 1039 2060 1119 2136; x_wconf 92' lang='lat' dir='ltr'><strong>(ut</strong></span> <span class='ocrx_word' id='word_1_256' title='bbox 1144 2059 1313 2133; x_wconf 89' lang='lat' dir='ltr'><strong>aiunt)</strong></span> <span class='ocrx_word' id='word_1_257' title='bbox 1340 2061 1519 2118; x_wconf 87' lang='lat' dir='ltr'><strong>claves</strong></span> <span class='ocrx_word' id='word_1_258' title='bbox 1548 2075 1677 2117; x_wconf 85' lang='lat' dir='ltr'><strong>vere</strong></span> <span class='ocrx_word' id='word_1_259' title='bbox 1713 2074 1905 2116; x_wconf 88' lang='lat' dir='ltr'><strong>aureas</strong></span> <span class='ocrx_word' id='word_1_260' title='bbox 1932 2059 2114 2115; x_wconf 89' lang='lat' dir='ltr'><strong>misit:</strong></span> 
     </span>
    </p>
   </div>
   <div class='ocr_carea' id='block_1_35' title="bbox 508 2152 2115 2226">
    <p class='ocr_par' dir='ltr' id='par_1_35' title="bbox 508 2152 2115 2226">
     <span class='ocr_line' id='line_1_35' title="bbox 508 2152 2115 2226; baseline -0.002 -17"><span class='ocrx_word' id='word_1_261' title='bbox 508 2164 563 2209; x_wconf 91' lang='lat' dir='ltr'><strong>et</strong></span> <span class='ocrx_word' id='word_1_262' title='bbox 587 2153 802 2226; x_wconf 87' lang='lat' dir='ltr'><strong>quidem</strong></span> <span class='ocrx_word' id='word_1_263' title='bbox 847 2155 1111 2211; x_wconf 89' lang='lat' dir='ltr'><strong>non.illas</strong></span> <span class='ocrx_word' id='word_1_264' title='bbox 1133 2196 1148 2221; x_wconf 93' lang='lat'><strong>,</strong></span> <span class='ocrx_word' id='word_1_265' title='bbox 1172 2169 1294 2225; x_wconf 78' lang='lat' dir='ltr'><strong>quae</strong></span> <span class='ocrx_word' id='word_1_266' title='bbox 1333 2153 1570 2224; x_wconf 88' lang='lat' dir='ltr'><strong>maligno</strong></span> <span class='ocrx_word' id='word_1_267' title='bbox 1602 2152 1863 2209; x_wconf 70' lang='lat' dir='ltr'><strong>beneficio</strong></span> <span class='ocrx_word' id='word_1_268' title='bbox 1890 2153 2115 2208; x_wconf 86' lang='lat' dir='ltr'><strong>erimina</strong></span> 
     </span>
    </p>
   </div>
   <div class='ocr_carea' id='block_1_36' title="bbox 511 2245 2117 2319">
    <p class='ocr_par' dir='ltr' id='par_1_36' title="bbox 511 2245 2117 2319">
     <span class='ocr_line' id='line_1_36' title="bbox 511 2245 2117 2319; baseline -0.001 -16"><span class='ocrx_word' id='word_1_269' title='bbox 511 2245 824 2318; x_wconf 71' lang='lat' dir='ltr'><strong>excipiunt,</strong></span> <span class='ocrx_word' id='word_1_270' title='bbox 872 2263 991 2319; x_wconf 67' lang='lat' dir='ltr'><strong>qua:</strong></span> <span class='ocrx_word' id='word_1_271' title='bbox 1036 2247 1251 2319; x_wconf 89' lang='lat' dir='ltr'><strong>corpori</strong></span> <span class='ocrx_word' id='word_1_272' title='bbox 1299 2258 1558 2317; x_wconf 89' lang='lat' dir='ltr'><strong>parcunt,</strong></span> <span class='ocrx_word' id='word_1_273' title='bbox 1611 2247 1843 2300; x_wconf 88' lang='lat' dir='ltr'><strong>animam</strong></span> <span class='ocrx_word' id='word_1_274' title='bbox 1883 2245 2117 2302; x_wconf 88' lang='lat' dir='ltr'><strong>liberare</strong></span> 
     </span>
    </p>
   </div>
   <div class='ocr_carea' id='block_1_37' title="bbox 515 2338 2117 2412">
    <p class='ocr_par' dir='ltr' id='par_1_37' title="bbox 515 2338 2117 2412">
     <span class='ocr_line' id='line_1_37' title="bbox 515 2338 2117 2412; baseline 0.001 -19"><span class='ocrx_word' id='word_1_275' title='bbox 515 2353 622 2394; x_wconf 92' lang='lat' dir='ltr'><strong>non</strong></span> <span class='ocrx_word' id='word_1_276' title='bbox 644 2351 906 2412; x_wconf 88' lang='lat' dir='ltr'><strong>possunt;</strong></span> <span class='ocrx_word' id='word_1_277' title='bbox 932 2355 1051 2410; x_wconf 76' lang='lat' dir='ltr'><strong>qua:</strong></span> <span class='ocrx_word' id='word_1_278' title='bbox 1071 2349 1310 2411; x_wconf 86' lang='lat' dir='ltr'><strong>peccata,</strong></span> <span class='ocrx_word' id='word_1_279' title='bbox 1334 2353 1455 2395; x_wconf 90' lang='lat' dir='ltr'><strong>cum</strong></span> <span class='ocrx_word' id='word_1_280' title='bbox 1479 2338 1872 2395; x_wconf 86' lang='lat' dir='ltr'><strong>dissimulando</strong></span> <span class='ocrx_word' id='word_1_281' title='bbox 1894 2346 2117 2408; x_wconf 64' lang='lat' dir='ltr'><strong>praeter-</strong></span> 
     </span>
    </p>
   </div>
   <div class='ocr_carea' id='block_1_38' title="bbox 512 2496 2114 2567">
    <p class='ocr_par' dir='ltr' id='par_1_38' title="bbox 512 2496 2114 2567">
     <span class='ocr_line' id='line_1_38' title="bbox 512 2496 2114 2567; baseline -0.001 -13"><span class='ocrx_word' id='word_1_282' title='bbox 512 2506 655 2561; x_wconf 89' lang='lat' dir='ltr'><strong>rent,</strong></span> <span class='ocrx_word' id='word_1_283' title='bbox 684 2496 779 2554; x_wconf 87' lang='lat' dir='ltr'><strong>sed</strong></span> <span class='ocrx_word' id='word_1_284' title='bbox 807 2506 860 2552; x_wconf 92' lang='lat' dir='ltr'><strong>ut</strong></span> <span class='ocrx_word' id='word_1_285' title='bbox 882 2496 1160 2567; x_wconf 86' lang='lat' dir='ltr'><strong>antiquam</strong></span> <span class='ocrx_word' id='word_1_286' title='bbox 1191 2496 1356 2552; x_wconf 90' lang='lat' dir='ltr'><strong>vitam</strong></span> <span class='ocrx_word' id='word_1_287' title='bbox 1387 2496 1727 2552; x_wconf 89' lang='lat' dir='ltr'><strong>inscrutiniis</strong></span> <span class='ocrx_word' id='word_1_288' title='bbox 1758 2505 2114 2567; x_wconf 79' lang='lat' dir='ltr'><strong>exponentes,</strong></span> 
     </span>
    </p>
   </div>
   <div class='ocr_carea' id='block_1_39' title="bbox 510 2567 2116 2642">
    <p class='ocr_par' dir='ltr' id='par_1_39' title="bbox 510 2567 2116 2642">
     <span class='ocr_line' id='line_1_39' title="bbox 510 2567 2116 2642; baseline 0.001 -18"><span class='ocrx_word' id='word_1_289' title='bbox 510 2577 814 2642; x_wconf 75' lang='lat' dir='ltr'><strong>quaererent,</strong></span> <span class='ocrx_word' id='word_1_290' title='bbox 839 2569 965 2642; x_wconf 90' lang='lat' dir='ltr'><strong>quid</strong></span> <span class='ocrx_word' id='word_1_291' title='bbox 994 2569 1271 2631; x_wconf 88' lang='lat' dir='ltr'><strong>deserere,</strong></span> <span class='ocrx_word' id='word_1_292' title='bbox 1314 2567 1443 2638; x_wconf 90' lang='lat' dir='ltr'><strong>quid</strong></span> <span class='ocrx_word' id='word_1_293' title='bbox 1476 2567 1648 2642; x_wconf 69' lang='lat' dir='ltr'><strong>sequi,</strong></span> <span class='ocrx_word' id='word_1_294' title='bbox 1690 2575 1747 2642; x_wconf 84' lang='lat' dir='ltr'><strong>et</strong></span> <span class='ocrx_word' id='word_1_295' title='bbox 1778 2584 1942 2642; x_wconf 90' lang='lat' dir='ltr'><strong>quam</strong></span> <span class='ocrx_word' id='word_1_296' title='bbox 1991 2569 2116 2625; x_wconf 71' lang='lat' dir='ltr'><strong>vitae</strong></span> 
     </span>
    </p>
   </div>
   <div class='ocr_carea' id='block_1_40' title="bbox 510 2638 2115 2710">
    <p class='ocr_par' dir='ltr' id='par_1_40' title="bbox 510 2638 2115 2710">
     <span class='ocr_line' id='line_1_40' title="bbox 510 2638 2115 2710; baseline 0.001 -14"><span class='ocrx_word' id='word_1_297' title='bbox 510 2638 774 2696; x_wconf 81' lang='lat' dir='ltr'><strong>rationem</strong></span> <span class='ocrx_word' id='word_1_298' title='bbox 823 2638 1104 2697; x_wconf 83' lang='lat' dir='ltr'><strong>instituere</strong></span> <span class='ocrx_word' id='word_1_299' title='bbox 1142 2647 1447 2710; x_wconf 86' lang='lat' dir='ltr'><strong>oporteret,</strong></span> <span class='ocrx_word' id='word_1_300' title='bbox 1497 2648 1556 2694; x_wconf 91' lang='grc' dir='ltr'><strong>ιιι</strong></span> <span class='ocrx_word' id='word_1_301' title='bbox 1589 2638 1953 2695; x_wconf 88' lang='lat' dir='ltr'><strong>Christianum</strong></span> <span class='ocrx_word' id='word_1_302' title='bbox 1985 2656 2115 2698; x_wconf 89' lang='lat' dir='ltr'><strong>vere</strong></span> 
     </span>
    </p>
   </div>
   <div class='ocr_carea' id='block_1_41' title="bbox 510 2711 2116 2781">
    <p class='ocr_par' dir='ltr' id='par_1_41' title="bbox 510 2711 2116 2781">
     <span class='ocr_line' id='line_1_41' title="bbox 510 2711 2116 2781; baseline 0 -14"><span class='ocrx_word' id='word_1_303' title='bbox 510 2714 786 2769; x_wconf 89' lang='lat' dir='ltr'><strong>hominem</strong></span> <span class='ocrx_word' id='word_1_304' title='bbox 837 2714 1141 2768; x_wconf 88' lang='lat' dir='ltr'><strong>induerent.</strong></span> <span class='ocrx_word' id='word_1_305' title='bbox 1194 2711 1320 2781; x_wconf 85' lang='lat' dir='ltr'><strong>Ejus</strong></span> <span class='ocrx_word' id='word_1_306' title='bbox 1363 2713 1498 2766; x_wconf 87' lang='lat' dir='ltr'><strong>ritus</strong></span> <span class='ocrx_word' id='word_1_307' title='bbox 1544 2711 1858 2767; x_wconf 89' lang='lat' dir='ltr'><strong>meminisse</strong></span> <span class='ocrx_word' id='word_1_308' title='bbox 1902 2711 2116 2767; x_wconf 92' lang='lat' dir='ltr'><strong>videtur</strong></span> 
     </span>
    </p>
   </div>
   <div class='ocr_carea' id='block_1_42' title="bbox 509 2782 2113 2856">
    <p class='ocr_par' dir='ltr' id='par_1_42' title="bbox 509 2782 2113 2856">
     <span class='ocr_line' id='line_1_42' title="bbox 509 2782 2113 2856; baseline -0.001 -16"><span class='ocrx_word' id='word_1_309' title='bbox 509 2800 710 2856; x_wconf 88' lang='lat' dir='ltr'><strong>suppar</strong></span> <span class='ocrx_word' id='word_1_310' title='bbox 739 2785 945 2842; x_wconf 85' lang='lat' dir='ltr'><strong>Zenoni</strong></span> <span class='ocrx_word' id='word_1_311' title='bbox 989 2793 1179 2839; x_wconf 84' lang='lat' dir='ltr'><strong>auctor</strong></span> <span class='ocrx_word' id='word_1_312' title='bbox 1219 2782 1280 2856; x_wconf 91' lang='lat' dir='ltr'><strong>S_.</strong></span> <span class='ocrx_word' id='word_1_313' title='bbox 1320 2782 1661 2856; x_wconf 81' lang='lat' dir='ltr'><strong>Ambrosius,</strong></span> <span class='ocrx_word' id='word_1_314' title='bbox 1685 2782 1806 2856; x_wconf 69' lang='grc' dir='ltr'><strong>ΔΙίΙι.</strong></span> <span class='ocrx_word' id='word_1_315' title='bbox 1840 2799 1895 2838; x_wconf 77' lang='lat' dir='ltr'><strong>Vt</strong></span> <span class='ocrx_word' id='word_1_316' title='bbox 1925 2786 1975 2856; x_wconf 88' lang='lat' dir='ltr'><strong>in</strong></span> <span class='ocrx_word' id='word_1_317' title='bbox 2009 2784 2113 2838; x_wconf 86' lang='lat' dir='ltr'><strong>Lu-</strong></span> 
     </span>
    </p>
   </div>
   <div class='ocr_carea' id='block_1_43' title="bbox 509 2852 2114 2926">
    <p class='ocr_par' dir='ltr' id='par_1_43' title="bbox 509 2852 2114 2926">
     <span class='ocr_line' id='line_1_43' title="bbox 509 2852 2114 2926; baseline -0.001 -14"><span class='ocrx_word' id='word_1_318' title='bbox 509 2852 627 2912; x_wconf 80' lang='lat' dir='ltr'><strong>cani</strong></span> <span class='ocrx_word' id='word_1_319' title='bbox 656 2871 778 2926; x_wconf 86' lang='lat' dir='ltr'><strong>cap.</strong></span> <span class='ocrx_word' id='word_1_320' title='bbox 821 2859 856 2914; x_wconf 77' lang='grc'>5</span> <span class='ocrx_word' id='word_1_321' title='bbox 876 2898 889 2922; x_wconf 91' lang='grc'><strong>,</strong></span> <span class='ocrx_word' id='word_1_322' title='bbox 919 2870 1042 2911; x_wconf 90' lang='lat' dir='ltr'><strong>cum</strong></span> <span class='ocrx_word' id='word_1_323' title='bbox 1069 2855 1143 2909; x_wconf 90' lang='lat' dir='ltr'><strong>ait</strong></span> <span class='ocrx_word' id='word_1_324' title='bbox 1178 2874 1191 2908; x_wconf 88' lang='lat'><strong>:</strong></span> <span class='ocrx_word' id='word_1_325' title='bbox 1242 2852 1311 2907; x_wconf 86' lang='lat' dir='ltr'><strong>In</strong></span> <span class='ocrx_word' id='word_1_326' title='bbox 1349 2855 1601 2926; x_wconf 82' lang='lat' dir='ltr'><strong>baptismo</strong></span> <span class='ocrx_word' id='word_1_327' title='bbox 1622 2854 1782 2923; x_wconf 84' lang='lat' dir='ltr'><strong>igitur</strong></span> <span class='ocrx_word' id='word_1_328' title='bbox 1794 2855 2114 2925; x_wconf 80' lang='lat' dir='ltr'><strong>justificatur</strong></span> 
     </span>
    </p>
   </div>
   <div class='ocr_carea' id='block_1_44' title="bbox 509 2925 2111 2996">
    <p class='ocr_par' dir='ltr' id='par_1_44' title="bbox 509 2925 2111 2996">
     <span class='ocr_line' id='line_1_44' title="bbox 509 2925 2111 2996; baseline 0 -15"><span class='ocrx_word' id='word_1_329' title='bbox 509 2926 684 2989; x_wconf 84' lang='lat' dir='ltr'><strong>Deus,</strong></span> <span class='ocrx_word' id='word_1_330' title='bbox 706 2925 761 2982; x_wconf 87' lang='lat' dir='ltr'><strong>in</strong></span> <span class='ocrx_word' id='word_1_331' title='bbox 785 2945 885 2996; x_wconf 87' lang='lat' dir='ltr'><strong>quo</strong></span> <span class='ocrx_word' id='word_1_332' title='bbox 908 2937 980 2981; x_wconf 88' lang='lat' dir='ltr'><strong>est</strong></span> <span class='ocrx_word' id='word_1_333' title='bbox 1021 2925 1275 2996; x_wconf 76' lang='lat' dir='ltr'><strong>confessio</strong></span> <span class='ocrx_word' id='word_1_334' title='bbox 1306 2935 1353 2979; x_wconf 89' lang='lat' dir='ltr'><strong>et</strong></span> <span class='ocrx_word' id='word_1_335' title='bbox 1391 2927 1537 2980; x_wconf 78' lang='lat' dir='ltr'><strong>uenia</strong></span> <span class='ocrx_word' id='word_1_336' title='bbox 1569 2936 1935 2995; x_wconf 82' lang='lat' dir='ltr'><strong>peccatorum;</strong></span> <span class='ocrx_word' id='word_1_337' title='bbox 1973 2936 2029 2982; x_wconf 90' lang='lat' dir='ltr'><strong>et</strong></span> <span class='ocrx_word' id='word_1_338' title='bbox 2051 2927 2111 2984; x_wconf 90' lang='lat' dir='ltr'><strong>S.</strong></span> 
     </span>
    </p>
   </div>
   <div class='ocr_carea' id='block_1_45' title="bbox 510 2998 2116 3068">
    <p class='ocr_par' dir='ltr' id='par_1_45' title="bbox 510 2998 2116 3068">
     <span class='ocr_line' id='line_1_45' title="bbox 510 2998 2116 3068; baseline -0.001 -12"><span class='ocrx_word' id='word_1_339' title='bbox 510 2998 807 3068; x_wconf 82' lang='lat' dir='ltr'><strong>Gregorius</strong></span> <span class='ocrx_word' id='word_1_340' title='bbox 852 2998 1226 3054; x_wconf 83' lang='lat' dir='ltr'><strong>Nazianzenus</strong></span> <span class='ocrx_word' id='word_1_341' title='bbox 1274 3013 1526 3052; x_wconf 87' lang='lat' dir='ltr'><strong>sermone</strong></span> <span class='ocrx_word' id='word_1_342' title='bbox 1572 2999 1626 3052; x_wconf 91' lang='lat' dir='ltr'><strong>in</strong></span> <span class='ocrx_word' id='word_1_343' title='bbox 1677 3006 1922 3051; x_wconf 90' lang='lat' dir='ltr'><strong>sanctum</strong></span> <span class='ocrx_word' id='word_1_344' title='bbox 1967 2998 2116 3054; x_wconf 80' lang='lat' dir='ltr'><strong>lava-</strong></span> 
     </span>
    </p>
   </div>
   <div class='ocr_carea' id='block_1_46' title="bbox 510 3068 2112 3140">
    <p class='ocr_par' dir='ltr' id='par_1_46' title="bbox 510 3068 2112 3140">
     <span class='ocr_line' id='line_1_46' title="bbox 510 3068 2112 3140; baseline -0.001 -15"><span class='ocrx_word' id='word_1_345' title='bbox 510 3082 685 3135; x_wconf 90' lang='lat' dir='ltr'><strong>crum,</strong></span> <span class='ocrx_word' id='word_1_346' title='bbox 719 3087 843 3125; x_wconf 89' lang='lat' dir='ltr'><strong>cum</strong></span> <span class='ocrx_word' id='word_1_347' title='bbox 866 3069 1245 3136; x_wconf 86' lang='lat' dir='ltr'><strong>baptizandum</strong></span> <span class='ocrx_word' id='word_1_348' title='bbox 1269 3069 1574 3139; x_wconf 87' lang='lat' dir='ltr'><strong>alloquens,</strong></span> <span class='ocrx_word' id='word_1_349' title='bbox 1600 3086 1661 3122; x_wconf 87' lang='lat' dir='ltr'><strong>ne</strong></span> <span class='ocrx_word' id='word_1_350' title='bbox 1687 3068 2003 3140; x_wconf 72' lang='lat' dir='ltr'><strong>dedignaris,</strong></span> <span class='ocrx_word' id='word_1_351' title='bbox 2034 3072 2112 3125; x_wconf 85' lang='lat' dir='ltr'><strong>in-</strong></span> 
     </span>
    </p>
   </div>
   <div class='ocr_carea' id='block_1_47' title="bbox 510 3141 2114 3213">
    <p class='ocr_par' dir='ltr' id='par_1_47' title="bbox 510 3141 2114 3213">
     <span class='ocr_line' id='line_1_47' title="bbox 510 3141 2114 3213; baseline 0.001 -18"><span class='ocrx_word' id='word_1_352' title='bbox 510 3142 626 3209; x_wconf 90' lang='lat' dir='ltr'><strong>quit</strong></span> <span class='ocrx_word' id='word_1_353' title='bbox 652 3184 667 3207; x_wconf 90' lang='lat'><strong>,</strong></span> <span class='ocrx_word' id='word_1_354' title='bbox 711 3153 855 3197; x_wconf 87' lang='lat' dir='ltr'><strong>tuum</strong></span> <span class='ocrx_word' id='word_1_355' title='bbox 896 3142 1112 3213; x_wconf 81' lang='lat' dir='ltr'><strong>prodere</strong></span> <span class='ocrx_word' id='word_1_356' title='bbox 1138 3151 1439 3213; x_wconf 78' lang='lat' dir='ltr'><strong>peccatum,</strong></span> <span class='ocrx_word' id='word_1_357' title='bbox 1465 3158 1587 3213; x_wconf 1' lang='lat' dir='ltr'><strong>cum,</strong></span> <span class='ocrx_word' id='word_1_358' title='bbox 1609 3141 1740 3195; x_wconf 85' lang='lat' dir='ltr'><strong>scias</strong></span> <span class='ocrx_word' id='word_1_359' title='bbox 1781 3143 2114 3213; x_wconf 83' lang='lat' dir='ltr'><strong>quemadmo-</strong></span> 
     </span>
    </p>
   </div>
   <div class='ocr_carea' id='block_1_48' title="bbox 510 3212 2119 3285">
    <p class='ocr_par' dir='ltr' id='par_1_48' title="bbox 510 3212 2119 3285">
     <span class='ocr_line' id='line_1_48' title="bbox 510 3212 2119 3285; baseline 0 -18"><span class='ocrx_word' id='word_1_360' title='bbox 510 3212 631 3268; x_wconf 84' lang='lat' dir='ltr'><strong>dum</strong></span> <span class='ocrx_word' id='word_1_361' title='bbox 660 3212 901 3268; x_wconf 77' lang='lat' dir='ltr'><strong>Joannes</strong></span> <span class='ocrx_word' id='word_1_362' title='bbox 923 3212 1249 3285; x_wconf 77' lang='lat' dir='ltr'><strong>baptizabat,</strong></span> <span class='ocrx_word' id='word_1_363' title='bbox 1293 3222 1345 3266; x_wconf 86' lang='lat' dir='ltr'><strong>ut</strong></span> <span class='ocrx_word' id='word_1_364' title='bbox 1369 3212 1686 3285; x_wconf 72' lang='lat' dir='ltr'><strong>confessione</strong></span> <span class='ocrx_word' id='word_1_365' title='bbox 1706 3212 1945 3285; x_wconf 73' lang='lat' dir='ltr'><strong>prtesenti</strong></span> <span class='ocrx_word' id='word_1_366' title='bbox 1976 3217 2119 3285; x_wconf 42' lang='lat' dir='ltr'><strong>fulua</strong></span> 
     </span>
    </p>
   </div>
   <div class='ocr_carea' id='block_1_49' title="bbox 510 3283 2114 3356">
    <p class='ocr_par' dir='ltr' id='par_1_49' title="bbox 510 3283 2114 3356">
     <span class='ocr_line' id='line_1_49' title="bbox 510 3283 2114 3356; baseline 0.002 -18"><span class='ocrx_word' id='word_1_367' title='bbox 510 3301 623 3339; x_wconf 90' lang='lat' dir='ltr'><strong>ram</strong></span> <span class='ocrx_word' id='word_1_368' title='bbox 651 3287 863 3343; x_wconf 78' lang='lat' dir='ltr'><strong>evadere</strong></span> <span class='ocrx_word' id='word_1_369' title='bbox 892 3286 1054 3353; x_wconf 81' lang='lat' dir='ltr'><strong>possis</strong></span> <span class='ocrx_word' id='word_1_370' title='bbox 1082 3326 1097 3351; x_wconf 91' lang='lat'><strong>,</strong></span> <span class='ocrx_word' id='word_1_371' title='bbox 1120 3283 1317 3356; x_wconf 90' lang='lat' dir='ltr'><strong>quibus</strong></span> <span class='ocrx_word' id='word_1_372' title='bbox 1342 3283 1522 3356; x_wconf 87' lang='lat' dir='ltr'><strong>verbis</strong></span> <span class='ocrx_word' id='word_1_373' title='bbox 1547 3300 1681 3339; x_wconf 88' lang='lat' dir='ltr'><strong>nova</strong></span> <span class='ocrx_word' id='word_1_374' title='bbox 1708 3283 2005 3356; x_wconf 69' lang='grc' dir='ltr'>ιιοιιίίιριιιιί</span> <span class='ocrx_word' id='word_1_375' title='bbox 2030 3301 2114 3341; x_wconf 50' lang='lat' dir='ltr'><strong>ra.</strong></span> 
     </span>
    </p>
   </div>
   <div class='ocr_carea' id='block_1_50' title="bbox 512 3355 2119 3428">
    <p class='ocr_par' dir='ltr' id='par_1_50' title="bbox 512 3355 2119 3428">
     <span class='ocr_line' id='line_1_50' title="bbox 512 3355 2119 3428; baseline 0 -17"><span class='ocrx_word' id='word_1_376' title='bbox 512 3357 587 3412; x_wconf 93' lang='lat' dir='ltr'><strong>tio</strong></span> <span class='ocrx_word' id='word_1_377' title='bbox 614 3360 950 3428; x_wconf 81' lang='lat' dir='ltr'><strong>propattitur.</strong></span> <span class='ocrx_word' id='word_1_378' title='bbox 978 3355 1248 3413; x_wconf 86' lang='lat' dir='ltr'><strong>Eusebius</strong></span> <span class='ocrx_word' id='word_1_379' title='bbox 1280 3356 1437 3428; x_wconf 25' lang='lat' dir='ltr'><strong>lihtv</strong></span> <span class='ocrx_word' id='word_1_380' title='bbox 1470 3355 1633 3421; x_wconf 92' lang='lat' dir='ltr'><strong>llist.,</strong></span> <span class='ocrx_word' id='word_1_381' title='bbox 1683 3371 1802 3424; x_wconf 83' lang='lat' dir='ltr'><strong>cap.</strong></span> <span class='ocrx_word' id='word_1_382' title='bbox 1839 3355 1928 3428; x_wconf 75' lang='lat' dir='ltr'><strong>t7,</strong></span> <span class='ocrx_word' id='word_1_383' title='bbox 1962 3372 2119 3412; x_wconf 85' lang='lat' dir='ltr'><strong>ocea-</strong></span> 
     </span>
    </p>
   </div>
   <div class='ocr_carea' id='block_1_51' title="bbox 509 3427 2115 3499">
    <p class='ocr_par' dir='ltr' id='par_1_51' title="bbox 509 3427 2115 3499">
     <span class='ocr_line' id='line_1_51' title="bbox 509 3427 2115 3499; baseline 0 -16"><span class='ocrx_word' id='word_1_384' title='bbox 509 3427 664 3485; x_wconf 90' lang='lat' dir='ltr'><strong>sione</strong></span> <span class='ocrx_word' id='word_1_385' title='bbox 715 3427 946 3499; x_wconf 85' lang='lat' dir='ltr'><strong>quadam</strong></span> <span class='ocrx_word' id='word_1_386' title='bbox 997 3427 1305 3499; x_wconf 85' lang='lat' dir='ltr'><strong>ntultos_ad</strong></span> <span class='ocrx_word' id='word_1_387' title='bbox 1369 3427 1732 3483; x_wconf 85' lang='lat' dir='ltr'><strong>Christianam</strong></span> <span class='ocrx_word' id='word_1_388' title='bbox 1800 3427 2115 3495; x_wconf 85' lang='lat' dir='ltr'><strong>religionem</strong></span> 
     </span>
    </p>
   </div>
   <div class='ocr_carea' id='block_1_52' title="bbox 508 3497 2119 3570">
    <p class='ocr_par' dir='ltr' id='par_1_52' title="bbox 508 3497 2119 3570">
     <span class='ocr_line' id='line_1_52' title="bbox 508 3497 2119 3570; baseline -0.003 -15"><span class='ocrx_word' id='word_1_389' title='bbox 508 3497 804 3558; x_wconf 83' lang='lat' dir='ltr'><strong>conversos</strong></span> <span class='ocrx_word' id='word_1_390' title='bbox 836 3504 1079 3562; x_wconf 78' lang='lat' dir='ltr'><strong>narrans,</strong></span> <span class='ocrx_word' id='word_1_391' title='bbox 1113 3500 1181 3554; x_wconf 92' lang='lat' dir='ltr'><strong>de</strong></span> <span class='ocrx_word' id='word_1_392' title='bbox 1208 3497 1294 3554; x_wconf 88' lang='lat' dir='ltr'><strong>his</strong></span> <span class='ocrx_word' id='word_1_393' title='bbox 1323 3500 1536 3569; x_wconf 83' lang='lat' dir='ltr'><strong>inquit:</strong></span> <span class='ocrx_word' id='word_1_394' title='bbox 1575 3499 1792 3554; x_wconf 82' lang='lat' dir='ltr'><strong>Peccata</strong></span> <span class='ocrx_word' id='word_1_395' title='bbox 1823 3515 1918 3553; x_wconf 85' lang='lat' dir='ltr'><strong>sua</strong></span> <span class='ocrx_word' id='word_1_396' title='bbox 1953 3501 2119 3570; x_wconf 83' lang='lat' dir='ltr'><strong>confi-</strong></span> 
     </span>
    </p>
   </div>
   <div class='ocr_carea' id='block_1_53' title="bbox 510 3570 2113 3644">
    <p class='ocr_par' dir='ltr' id='par_1_53' title="bbox 510 3570 2113 3644">
     <span class='ocr_line' id='line_1_53' title="bbox 510 3570 2113 3644; baseline 0.001 -19"><span class='ocrx_word' id='word_1_397' title='bbox 510 3582 668 3627; x_wconf 82' lang='lat' dir='ltr'><strong>tcntes</strong></span> <span class='ocrx_word' id='word_1_398' title='bbox 698 3572 950 3644; x_wconf 85' lang='lat' dir='ltr'><strong>baptisma</strong></span> <span class='ocrx_word' id='word_1_399' title='bbox 978 3571 1172 3628; x_wconf 81' lang='lat' dir='ltr'><strong>Christi</strong></span> <span class='ocrx_word' id='word_1_400' title='bbox 1211 3582 1565 3644; x_wconf 75' lang='lat' dir='ltr'><strong>susceperunt.</strong></span> <span class='ocrx_word' id='word_1_401' title='bbox 1618 3571 1755 3644; x_wconf 81' lang='lat' dir='ltr'><strong>Alia</strong></span> <span class='ocrx_word' id='word_1_402' title='bbox 1781 3570 1832 3625; x_wconf 87' lang='lat' dir='ltr'><strong>id</strong></span> <span class='ocrx_word' id='word_1_403' title='bbox 1877 3576 2113 3644; x_wconf 83' lang='lat' dir='ltr'><strong>generis,</strong></span> 
     </span>
    </p>
   </div>
   <div class='ocr_carea' id='block_1_54' title="bbox 510 3641 2115 3770">
    <p class='ocr_par' dir='ltr' id='par_1_54' title="bbox 510 3641 2115 3770">
     <span class='ocr_line' id='line_1_54' title="bbox 510 3641 2115 3716; baseline 0.001 -19"><span class='ocrx_word' id='word_1_404' title='bbox 510 3657 629 3712; x_wconf 70' lang='lat' dir='ltr'><strong>quae</strong></span> <span class='ocrx_word' id='word_1_405' title='bbox 658 3641 859 3699; x_wconf 81' lang='lat' dir='ltr'><strong>adferri</strong></span> <span class='ocrx_word' id='word_1_406' title='bbox 888 3655 1129 3714; x_wconf 85' lang='lat' dir='ltr'><strong>possent,</strong></span> <span class='ocrx_word' id='word_1_407' title='bbox 1174 3651 1231 3698; x_wconf 92' lang='lat' dir='ltr'><strong>et</strong></span> <span class='ocrx_word' id='word_1_408' title='bbox 1254 3641 1501 3716; x_wconf 78' lang='lat' dir='ltr'><strong>exempla</strong></span> <span class='ocrx_word' id='word_1_409' title='bbox 1540 3652 1596 3700; x_wconf 91' lang='lat' dir='ltr'><strong>et</strong></span> <span class='ocrx_word' id='word_1_410' title='bbox 1637 3642 1945 3699; x_wconf 87' lang='lat' dir='ltr'><strong>testimonia</strong></span> <span class='ocrx_word' id='word_1_411' title='bbox 1975 3658 2115 3713; x_wconf 85' lang='lat' dir='ltr'><strong>prae-</strong></span> 
     </span>
     <span class='ocr_line' id='line_1_55' title="bbox 513 3714 882 3770; baseline 0.003 -3"><span class='ocrx_word' id='word_1_412' title='bbox 513 3714 882 3770; x_wconf 86' lang='lat' dir='ltr'><strong>termittimns.</strong></span> 
     </span>
    </p>
   </div>
   <div class='ocr_carea' id='block_1_55' title="bbox 513 3723 882 3771">
    <p class='ocr_par' dir='ltr' id='par_1_55' title="bbox 513 3723 882 3771">
     <span class='ocr_line' id='line_1_56' title="bbox 513 3723 882 3771; baseline 0.003 -4"><span class='ocrx_word' id='word_1_413' title='bbox 513 3723 882 3771; x_wconf 85' lang='lat' dir='ltr'><strong>tcrmittimns.</strong></span> 
     </span>
    </p>
   </div>
   <div class='ocr_carea' id='block_1_56' title="bbox 585 3794 2116 3870">
    <p class='ocr_par' dir='ltr' id='par_1_56' title="bbox 585 3794 2116 3870">
     <span class='ocr_line' id='line_1_57' title="bbox 585 3794 2116 3870; baseline -0.001 -17"><span class='ocrx_word' id='word_1_414' title='bbox 585 3795 670 3870; x_wconf 84' lang='lat'><strong>(5)</strong></span> <span class='ocrx_word' id='word_1_415' title='bbox 709 3794 955 3870; x_wconf 78' lang='lat' dir='ltr'><strong>Ittnuitur</strong></span> <span class='ocrx_word' id='word_1_416' title='bbox 980 3794 1317 3870; x_wconf 68' lang='lat' dir='ltr'><strong>paenitentia,</strong></span> <span class='ocrx_word' id='word_1_417' title='bbox 1376 3810 1495 3865; x_wconf 79' lang='lat' dir='ltr'><strong>quae</strong></span> <span class='ocrx_word' id='word_1_418' title='bbox 1537 3794 1739 3870; x_wconf 84' lang='lat' dir='ltr'><strong>adultis</strong></span> <span class='ocrx_word' id='word_1_419' title='bbox 1780 3796 2116 3867; x_wconf 88' lang='lat' dir='ltr'><strong>baptizandis</strong></span> 
     </span>
    </p>
   </div>
   <div class='ocr_carea' id='block_1_57' title="bbox 512 3866 2115 3938">
    <p class='ocr_par' dir='ltr' id='par_1_57' title="bbox 512 3866 2115 3938">
     <span class='ocr_line' id='line_1_58' title="bbox 512 3866 2115 3938; baseline 0.001 -16"><span class='ocrx_word' id='word_1_420' title='bbox 512 3866 910 3938; x_wconf 79' lang='lat' dir='ltr'><strong>imponebatur,</strong></span> <span class='ocrx_word' id='word_1_421' title='bbox 962 3879 1250 3938; x_wconf 88' lang='lat' dir='ltr'><strong>antequam</strong></span> <span class='ocrx_word' id='word_1_422' title='bbox 1278 3866 1541 3934; x_wconf 87' lang='lat' dir='ltr'><strong>baptisma</strong></span> <span class='ocrx_word' id='word_1_423' title='bbox 1567 3866 1934 3936; x_wconf 89' lang='lat' dir='ltr'><strong>susciperent,</strong></span> <span class='ocrx_word' id='word_1_424' title='bbox 1963 3878 2019 3923; x_wconf 91' lang='lat' dir='ltr'><strong>ut</strong></span> <span class='ocrx_word' id='word_1_425' title='bbox 2047 3884 2115 3923; x_wconf 85' lang='lat' dir='ltr'><strong>ex</strong></span> 
     </span>
    </p>
   </div>
   <div class='ocr_carea' id='block_1_58' title="bbox 510 3937 2111 4010">
    <p class='ocr_par' dir='ltr' id='par_1_58' title="bbox 510 3937 2111 4010">
     <span class='ocr_line' id='line_1_59' title="bbox 510 3937 2111 4010; baseline 0.001 -16"><span class='ocrx_word' id='word_1_426' title='bbox 510 3937 824 3995; x_wconf 82' lang='lat' dir='ltr'><strong>memoratis</strong></span> <span class='ocrx_word' id='word_1_427' title='bbox 867 3938 1136 4010; x_wconf 89' lang='lat' dir='ltr'><strong>superiori</strong></span> <span class='ocrx_word' id='word_1_428' title='bbox 1166 3937 1512 4010; x_wconf 88' lang='lat' dir='ltr'><strong>adnotatione</strong></span> <span class='ocrx_word' id='word_1_429' title='bbox 1562 3938 1882 4010; x_wconf 87' lang='lat' dir='ltr'><strong>testimoniis</strong></span> <span class='ocrx_word' id='word_1_430' title='bbox 1910 3938 2111 4010; x_wconf 87' lang='lat' dir='ltr'><strong>liquet.</strong></span> 
     </span>
    </p>
   </div>
   <div class='ocr_carea' id='block_1_59' title="bbox 509 4009 2146 4082">
    <p class='ocr_par' dir='ltr' id='par_1_59' title="bbox 509 4009 2146 4082">
     <span class='ocr_line' id='line_1_60' title="bbox 509 4009 2146 4082; baseline 0 -17"><span class='ocrx_word' id='word_1_431' title='bbox 509 4011 615 4067; x_wconf 85' lang='lat' dir='ltr'><strong>Alii</strong></span> <span class='ocrx_word' id='word_1_432' title='bbox 642 4020 810 4069; x_wconf 78' lang='lat' dir='ltr'><strong>testes</strong></span> <span class='ocrx_word' id='word_1_433' title='bbox 839 4011 957 4066; x_wconf 84' lang='lat' dir='ltr'><strong>fuse</strong></span> <span class='ocrx_word' id='word_1_434' title='bbox 986 4010 1040 4065; x_wconf 88' lang='lat' dir='ltr'><strong>itt</strong></span> <span class='ocrx_word' id='word_1_435' title='bbox 1070 4012 1208 4064; x_wconf 90' lang='lat' dir='ltr'><strong>hanc</strong></span> <span class='ocrx_word' id='word_1_436' title='bbox 1240 4025 1352 4063; x_wconf 87' lang='lat' dir='ltr'><strong>rem</strong></span> <span class='ocrx_word' id='word_1_437' title='bbox 1381 4009 1686 4082; x_wconf 64' lang='lat' dir='ltr'><strong>allegantur</strong></span> <span class='ocrx_word' id='word_1_438' title='bbox 1724 4027 1751 4062; x_wconf 72' lang='grc' dir='ltr'><strong>ιι</strong></span> <span class='ocrx_word' id='word_1_439' title='bbox 1784 4009 1843 4065; x_wconf 86' lang='lat' dir='ltr'><strong>P.</strong></span> <span class='ocrx_word' id='word_1_440' title='bbox 1876 4009 2146 4082; x_wconf 33' lang='lat' dir='ltr'><strong>Martene,</strong></span> 
     </span>
    </p>
   </div>
   <div class='ocr_carea' id='block_1_60' title="bbox 510 4078 2115 4153">
    <p class='ocr_par' dir='ltr' id='par_1_60' title="bbox 510 4078 2115 4153">
     <span class='ocr_line' id='line_1_61' title="bbox 510 4078 2115 4153; baseline -0.001 -15"><span class='ocrx_word' id='word_1_441' title='bbox 510 4083 604 4138; x_wconf 85' lang='lat' dir='ltr'><strong>lib.</strong></span> <span class='ocrx_word' id='word_1_442' title='bbox 639 4100 690 4147; x_wconf 82' lang='grc' dir='ltr'><strong>ι,</strong></span> <span class='ocrx_word' id='word_1_443' title='bbox 738 4098 858 4153; x_wconf 90' lang='lat' dir='ltr'><strong>cap.</strong></span> <span class='ocrx_word' id='word_1_444' title='bbox 887 4083 938 4151; x_wconf 85' lang='lat' dir='ltr'><strong>l,</strong></span> <span class='ocrx_word' id='word_1_445' title='bbox 971 4091 1075 4137; x_wconf 90' lang='lat' dir='ltr'><strong>art.</strong></span> <span class='ocrx_word' id='word_1_446' title='bbox 1108 4082 1198 4146; x_wconf 84' lang='grc'><strong>10,</strong></span> <span class='ocrx_word' id='word_1_447' title='bbox 1246 4078 1528 4153; x_wconf 35' lang='grc' dir='ltr'><strong>ιιιιιιιηιοἈ</strong></span> <span class='ocrx_word' id='word_1_448' title='bbox 1558 4079 1688 4153; x_wconf 79' lang='lat' dir='ltr'><strong>Ejus</strong></span> <span class='ocrx_word' id='word_1_449' title='bbox 1731 4090 1911 4137; x_wconf 89' lang='lat' dir='ltr'><strong>autem</strong></span> <span class='ocrx_word' id='word_1_450' title='bbox 1942 4084 2115 4152; x_wconf 66' lang='lat' dir='ltr'><strong>pinni-</strong></span> 
     </span>
    </p>
   </div>
   <div class='ocr_carea' id='block_1_61' title="bbox 512 4150 2110 4226">
    <p class='ocr_par' dir='ltr' id='par_1_61' title="bbox 512 4150 2110 4226">
     <span class='ocr_line' id='line_1_62' title="bbox 512 4150 2110 4226; baseline -0.001 -17"><span class='ocrx_word' id='word_1_451' title='bbox 512 4157 693 4210; x_wconf 78' lang='lat' dir='ltr'><strong>tentia:</strong></span> <span class='ocrx_word' id='word_1_452' title='bbox 720 4150 1063 4226; x_wconf 63' lang='lat' dir='ltr'><strong>imponendae</strong></span> <span class='ocrx_word' id='word_1_453' title='bbox 1086 4151 1375 4226; x_wconf 77' lang='lat' dir='ltr'><strong>consilium</strong></span> <span class='ocrx_word' id='word_1_454' title='bbox 1404 4150 1532 4206; x_wconf 92' lang='lat' dir='ltr'><strong>illud</strong></span> <span class='ocrx_word' id='word_1_455' title='bbox 1571 4151 1735 4226; x_wconf 82' lang='lat' dir='ltr'><strong>luisse</strong></span> <span class='ocrx_word' id='word_1_456' title='bbox 1760 4150 2110 4220; x_wconf 77' lang='lat' dir='ltr'><strong>arbitramur,</strong></span> 
     </span>
    </p>
   </div>
   <div class='ocr_carea' id='block_1_62' title="bbox 509 4223 2113 4294">
    <p class='ocr_par' dir='ltr' id='par_1_62' title="bbox 509 4223 2113 4294">
     <span class='ocr_line' id='line_1_63' title="bbox 509 4223 2113 4294; baseline 0 -14"><span class='ocrx_word' id='word_1_457' title='bbox 509 4241 619 4281; x_wconf 92' lang='lat' dir='ltr'><strong>non</strong></span> <span class='ocrx_word' id='word_1_458' title='bbox 660 4223 835 4281; x_wconf 83' lang='lat' dir='ltr'><strong>solum</strong></span> <span class='ocrx_word' id='word_1_459' title='bbox 874 4236 927 4280; x_wconf 90' lang='lat' dir='ltr'><strong>ttt</strong></span> <span class='ocrx_word' id='word_1_460' title='bbox 958 4223 1269 4294; x_wconf 86' lang='lat' dir='ltr'><strong>baptizandi</strong></span> <span class='ocrx_word' id='word_1_461' title='bbox 1314 4233 1656 4291; x_wconf 87' lang='lat' dir='ltr'><strong>peccatorum</strong></span> <span class='ocrx_word' id='word_1_462' title='bbox 1686 4224 1918 4293; x_wconf 89' lang='lat' dir='ltr'><strong>aliquam</strong></span> <span class='ocrx_word' id='word_1_463' title='bbox 1951 4226 2113 4282; x_wconf 82' lang='lat' dir='ltr'><strong>satis-</strong></span> 
     </span>
    </p>
   </div>
   <div class='ocr_carea' id='block_1_63' title="bbox 509 4295 2111 4365">
    <p class='ocr_par' dir='ltr' id='par_1_63' title="bbox 509 4295 2111 4365">
     <span class='ocr_line' id='line_1_64' title="bbox 509 4295 2111 4365; baseline 0.002 -15"><span class='ocrx_word' id='word_1_464' title='bbox 509 4296 798 4353; x_wconf 83' lang='lat' dir='ltr'><strong>factionem</strong></span> <span class='ocrx_word' id='word_1_465' title='bbox 848 4296 1063 4363; x_wconf 89' lang='lat' dir='ltr'><strong>darent,</strong></span> <span class='ocrx_word' id='word_1_466' title='bbox 1109 4295 1381 4365; x_wconf 86' lang='lat' dir='ltr'><strong>simulque</strong></span> <span class='ocrx_word' id='word_1_467' title='bbox 1432 4295 1819 4363; x_wconf 80' lang='lat' dir='ltr'><strong>ostenderent,</strong></span> <span class='ocrx_word' id='word_1_468' title='bbox 1882 4314 2006 4351; x_wconf 90' lang='lat' dir='ltr'><strong>num</strong></span> <span class='ocrx_word' id='word_1_469' title='bbox 2046 4314 2111 4353; x_wconf 78' lang='lat' dir='ltr'><strong>ex</strong></span> 
     </span>
    </p>
   </div>
   <div class='ocr_carea' id='block_1_64' title="bbox 508 4366 2110 4439">
    <p class='ocr_par' dir='ltr' id='par_1_64' title="bbox 508 4366 2110 4439">
     <span class='ocr_line' id='line_1_65' title="bbox 508 4366 2110 4439; baseline -0.001 -16"><span class='ocrx_word' id='word_1_470' title='bbox 508 4369 691 4424; x_wconf 91' lang='lat' dir='ltr'><strong>animo</strong></span> <span class='ocrx_word' id='word_1_471' title='bbox 730 4369 1054 4439; x_wconf 71' lang='lat' dir='ltr'><strong>praeteritam</strong></span> <span class='ocrx_word' id='word_1_472' title='bbox 1090 4370 1250 4422; x_wconf 88' lang='lat' dir='ltr'><strong>vitam</strong></span> <span class='ocrx_word' id='word_1_473' title='bbox 1288 4366 1715 4439; x_wconf 86' lang='lat' dir='ltr'><strong>detestarentur,</strong></span> <span class='ocrx_word' id='word_1_474' title='bbox 1755 4384 1817 4423; x_wconf 86' lang='lat' dir='ltr'><strong>ac</strong></span> <span class='ocrx_word' id='word_1_475' title='bbox 1845 4367 2110 4438; x_wconf 90' lang='lat' dir='ltr'><strong>baptisma</strong></span> 
     </span>
    </p>
   </div>
   <div class='ocr_carea' id='block_1_65' title="bbox 511 4437 2113 4509">
    <p class='ocr_par' dir='ltr' id='par_1_65' title="bbox 511 4437 2113 4509">
     <span class='ocr_line' id='line_1_66' title="bbox 511 4437 2113 4509; baseline 0.001 -16"><span class='ocrx_word' id='word_1_476' title='bbox 511 4437 791 4509; x_wconf 84' lang='lat' dir='ltr'><strong>peterent;</strong></span> <span class='ocrx_word' id='word_1_477' title='bbox 825 4439 922 4495; x_wconf 81' lang='lat' dir='ltr'><strong>sed</strong></span> <span class='ocrx_word' id='word_1_478' title='bbox 966 4440 1129 4495; x_wconf 92' lang='lat' dir='ltr'><strong>etiam</strong></span> <span class='ocrx_word' id='word_1_479' title='bbox 1174 4448 1231 4493; x_wconf 88' lang='grc' dir='ltr'><strong>ιιι</strong></span> <span class='ocrx_word' id='word_1_480' title='bbox 1270 4452 1400 4494; x_wconf 90' lang='lat' dir='ltr'><strong>caro</strong></span> <span class='ocrx_word' id='word_1_481' title='bbox 1450 4439 1502 4492; x_wconf 81' lang='grc' dir='ltr'><strong>ιιι</strong></span> <span class='ocrx_word' id='word_1_482' title='bbox 1532 4437 1677 4493; x_wconf 87' lang='lat' dir='ltr'><strong>vitiis</strong></span> <span class='ocrx_word' id='word_1_483' title='bbox 1722 4440 1978 4504; x_wconf 82' lang='lat' dir='ltr'><strong>contrita,</strong></span> <span class='ocrx_word' id='word_1_484' title='bbox 2010 4439 2113 4494; x_wconf 88' lang='lat' dir='ltr'><strong>hac</strong></span> 
     </span>
    </p>
   </div>
   <div class='ocr_carea' id='block_1_66' title="bbox 506 4509 2109 4583">
    <p class='ocr_par' dir='ltr' id='par_1_66' title="bbox 506 4509 2109 4583">
     <span class='ocr_line' id='line_1_67' title="bbox 506 4509 2109 4583; baseline -0.001 -17"><span class='ocrx_word' id='word_1_485' title='bbox 506 4512 874 4583; x_wconf 85' lang='lat' dir='ltr'><strong>maceratione</strong></span> <span class='ocrx_word' id='word_1_486' title='bbox 919 4511 1154 4568; x_wconf 86' lang='lat' dir='ltr'><strong>edomita</strong></span> <span class='ocrx_word' id='word_1_487' title='bbox 1195 4509 1412 4583; x_wconf 90' lang='lat' dir='ltr'><strong>spiritui</strong></span> <span class='ocrx_word' id='word_1_488' title='bbox 1453 4509 1721 4566; x_wconf 57' lang='lat' dir='ltr'><strong>inservire</strong></span> <span class='ocrx_word' id='word_1_489' title='bbox 1751 4520 2109 4567; x_wconf 83' lang='lat' dir='ltr'><strong>assuesceret.</strong></span> 
     </span>
    </p>
   </div>
   <div class='ocr_carea' id='block_1_67' title="bbox 507 4582 2107 4655">
    <p class='ocr_par' dir='ltr' id='par_1_67' title="bbox 507 4582 2107 4655">
     <span class='ocr_line' id='line_1_68' title="bbox 507 4582 2107 4655; baseline 0 -17"><span class='ocrx_word' id='word_1_490' title='bbox 507 4582 681 4655; x_wconf 86' lang='lat' dir='ltr'><strong>Hujus</strong></span> <span class='ocrx_word' id='word_1_491' title='bbox 709 4593 890 4640; x_wconf 89' lang='lat' dir='ltr'><strong>autem</strong></span> <span class='ocrx_word' id='word_1_492' title='bbox 921 4582 1252 4655; x_wconf 55' lang='lat' dir='ltr'><strong>paenitentia:</strong></span> <span class='ocrx_word' id='word_1_493' title='bbox 1284 4582 1677 4637; x_wconf 79' lang='lat' dir='ltr'><strong>institutionem</strong></span> <span class='ocrx_word' id='word_1_494' title='bbox 1711 4584 1928 4655; x_wconf 81' lang='lat' dir='ltr'><strong>quidam</strong></span> <span class='ocrx_word' id='word_1_495' title='bbox 1963 4583 2107 4655; x_wconf 85' lang='lat' dir='ltr'><strong>Petri</strong></span> 
     </span>
    </p>
   </div>
   <div class='ocr_carea' id='block_1_68' title="bbox 507 4653 2109 4725">
    <p class='ocr_par' dir='ltr' id='par_1_68' title="bbox 507 4653 2109 4725">
     <span class='ocr_line' id='line_1_69' title="bbox 507 4653 2109 4725; baseline -0.001 -14"><span class='ocrx_word' id='word_1_496' title='bbox 507 4653 782 4725; x_wconf 56' lang='lat' dir='ltr'><strong>praecepto</strong></span> <span class='ocrx_word' id='word_1_497' title='bbox 830 4653 1098 4723; x_wconf 79' lang='lat' dir='ltr'><strong>referunt,</strong></span> <span class='ocrx_word' id='word_1_498' title='bbox 1144 4663 1202 4712; x_wconf 88' lang='lat' dir='ltr'><strong>ttt</strong></span> <span class='ocrx_word' id='word_1_499' title='bbox 1245 4655 1504 4710; x_wconf 86' lang='lat' dir='ltr'><strong>discimus</strong></span> <span class='ocrx_word' id='word_1_500' title='bbox 1526 4671 1593 4709; x_wconf 84' lang='lat' dir='ltr'><strong>ex</strong></span> <span class='ocrx_word' id='word_1_501' title='bbox 1623 4654 1848 4723; x_wconf 64' lang='lat' dir='ltr'><strong>cpistola</strong></span> <span class='ocrx_word' id='word_1_502' title='bbox 1878 4653 2109 4709; x_wconf 83' lang='lat' dir='ltr'><strong>Heriva-i</strong></span> 
     </span>
    </p>
   </div>
   <div class='ocr_carea' id='block_1_69' title="bbox 2226 1870 3757 1950">
    <p class='ocr_par' dir='ltr' id='par_1_69' title="bbox 2226 1870 3757 1950">
     <span class='ocr_line' id='line_1_70' title="bbox 2226 1870 3757 1950; baseline 0.007 -24"><span class='ocrx_word' id='word_1_503' title='bbox 2226 1870 2546 1937; x_wconf 62' lang='lat' dir='ltr'><strong>homicidas,</strong></span> <span class='ocrx_word' id='word_1_504' title='bbox 2607 1874 2889 1943; x_wconf 86' lang='lat' dir='ltr'><strong>adultero,</strong></span> <span class='ocrx_word' id='word_1_505' title='bbox 2948 1875 3261 1932; x_wconf 85' lang='lat' dir='ltr'><strong>incestatori</strong></span> <span class='ocrx_word' id='word_1_506' title='bbox 3289 1918 3306 1946; x_wconf 91' lang='lat'><strong>,</strong></span> <span class='ocrx_word' id='word_1_507' title='bbox 3352 1878 3597 1950; x_wconf 79' lang='lat' dir='ltr'><strong>sacrilego</strong></span> <span class='ocrx_word' id='word_1_508' title='bbox 3623 1921 3637 1945; x_wconf 88' lang='lat'><strong>,</strong></span> <span class='ocrx_word' id='word_1_509' title='bbox 3678 1881 3757 1936; x_wconf 88' lang='lat' dir='ltr'><strong>nisi</strong></span> 
     </span>
    </p>
   </div>
   <div class='ocr_carea' id='block_1_70' title="bbox 2224 1965 3757 2042">
    <p class='ocr_par' dir='ltr' id='par_1_70' title="bbox 2224 1965 3757 2042">
     <span class='ocr_line' id='line_1_71' title="bbox 2224 1965 3757 2042; baseline 0.004 -22"><span class='ocrx_word' id='word_1_510' title='bbox 2224 1965 2342 2036; x_wconf 86' lang='lat' dir='ltr'><strong>ejus</strong></span> <span class='ocrx_word' id='word_1_511' title='bbox 2380 1966 2649 2022; x_wconf 88' lang='lat' dir='ltr'><strong>curaverit</strong></span> <span class='ocrx_word' id='word_1_512' title='bbox 2678 1978 2945 2034; x_wconf 88' lang='lat' dir='ltr'><strong>mentem,</strong></span> <span class='ocrx_word' id='word_1_513' title='bbox 2976 1984 3083 2024; x_wconf 91' lang='lat' dir='ltr'><strong>non</strong></span> <span class='ocrx_word' id='word_1_514' title='bbox 3120 1968 3278 2025; x_wconf 88' lang='lat' dir='ltr'><strong>video</strong></span> <span class='ocrx_word' id='word_1_515' title='bbox 3323 1970 3445 2040; x_wconf 89' lang='lat' dir='ltr'><strong>quid</strong></span> <span class='ocrx_word' id='word_1_516' title='bbox 3482 1971 3547 2025; x_wconf 88' lang='lat' dir='ltr'><strong>illi</strong></span> <span class='ocrx_word' id='word_1_517' title='bbox 3592 1973 3757 2042; x_wconf 72' lang='lat' dir='ltr'><strong>praesti-</strong></span> 
     </span>
    </p>
   </div>
   <div class='ocr_carea' id='block_1_71' title="bbox 2226 2059 3759 2133">
    <p class='ocr_par' dir='ltr' id='par_1_71' title="bbox 2226 2059 3759 2133">
     <span class='ocr_line' id='line_1_72' title="bbox 2226 2059 3759 2133; baseline 0.005 -19"><span class='ocrx_word' id='word_1_518' title='bbox 2226 2061 2369 2116; x_wconf 88' lang='lat' dir='ltr'><strong>terit.</strong></span> <span class='ocrx_word' id='word_1_519' title='bbox 2404 2059 2462 2128; x_wconf 61' lang='grc' dir='ltr'>,Ο</span> <span class='ocrx_word' id='word_1_520' title='bbox 2504 2061 2808 2117; x_wconf 81' lang='lat' dir='ltr'><strong>liberatoris</strong></span> <span class='ocrx_word' id='word_1_521' title='bbox 2849 2065 3019 2118; x_wconf 88' lang='lat' dir='ltr'><strong>nostri</strong></span> <span class='ocrx_word' id='word_1_522' title='bbox 3063 2064 3326 2133; x_wconf 86' lang='lat' dir='ltr'><strong>profunda</strong></span> <span class='ocrx_word' id='word_1_523' title='bbox 3372 2064 3700 2133; x_wconf 82' lang='lat' dir='ltr'><strong>providentia!</strong></span> <span class='ocrx_word' id='word_1_524' title='bbox 3726 2062 3759 2121; x_wconf 88' lang='lat'><strong>0</strong></span> 
     </span>
    </p>
   </div>
   <div class='ocr_carea' id='block_1_72' title="bbox 2227 2155 3761 2226">
    <p class='ocr_par' dir='ltr' id='par_1_72' title="bbox 2227 2155 3761 2226">
     <span class='ocr_line' id='line_1_73' title="bbox 2227 2155 3761 2226; baseline 0.001 -17"><span class='ocrx_word' id='word_1_525' title='bbox 2227 2156 2536 2224; x_wconf 71' lang='lat' dir='ltr'><strong>prmstantia</strong></span> <span class='ocrx_word' id='word_1_526' title='bbox 2565 2155 2886 2226; x_wconf 88' lang='lat' dir='ltr'><strong>singularis!</strong></span> <span class='ocrx_word' id='word_1_527' title='bbox 2916 2155 2960 2213; x_wconf 87' lang='grc' dir='ltr'><strong>Ο</strong></span> <span class='ocrx_word' id='word_1_528' title='bbox 2989 2156 3165 2212; x_wconf 91' lang='lat' dir='ltr'><strong>dulcis</strong></span> <span class='ocrx_word' id='word_1_529' title='bbox 3204 2158 3463 2213; x_wconf 79' lang='lat' dir='ltr'><strong>sententia</strong></span> <span class='ocrx_word' id='word_1_530' title='bbox 3494 2156 3761 2212; x_wconf 80' lang='lat' dir='ltr'><strong>l0datnna-</strong></span> 
     </span>
    </p>
   </div>
   <div class='ocr_carea' id='block_1_73' title="bbox 2226 2250 3762 2325">
    <p class='ocr_par' dir='ltr' id='par_1_73' title="bbox 2226 2250 3762 2325">
     <span class='ocr_line' id='line_1_74' title="bbox 2226 2250 3762 2325; baseline 0.001 -22"><span class='ocrx_word' id='word_1_531' title='bbox 2226 2250 2300 2304; x_wconf 92' lang='lat' dir='ltr'><strong>tio</strong></span> <span class='ocrx_word' id='word_1_532' title='bbox 2326 2250 2659 2307; x_wconf 89' lang='lat' dir='ltr'><strong>necessaria!</strong></span> <span class='ocrx_word' id='word_1_533' title='bbox 2693 2250 2865 2307; x_wconf 86' lang='lat' dir='ltr'><strong>Homo</strong></span> <span class='ocrx_word' id='word_1_534' title='bbox 2891 2251 3184 2323; x_wconf 77' lang='lat' dir='ltr'><strong>jttgulatur,</strong></span> <span class='ocrx_word' id='word_1_535' title='bbox 3206 2258 3271 2307; x_wconf 92' lang='grc' dir='ltr'><strong>ιιι</strong></span> <span class='ocrx_word' id='word_1_536' title='bbox 3299 2252 3472 2307; x_wconf 89' lang='lat' dir='ltr'><strong>vivat:</strong></span> <span class='ocrx_word' id='word_1_537' title='bbox 3495 2251 3565 2325; x_wconf 82' lang='grc'><strong>(7)</strong></span> <span class='ocrx_word' id='word_1_538' title='bbox 3587 2265 3762 2322; x_wconf 85' lang='lat' dir='ltr'><strong>percus-</strong></span> 
     </span>
    </p>
   </div>
   <div class='ocr_carea' id='block_1_74' title="bbox 2222 2343 3762 2417">
    <p class='ocr_par' dir='ltr' id='par_1_74' title="bbox 2222 2343 3762 2417">
     <span class='ocr_line' id='line_1_75' title="bbox 2222 2343 3762 2417; baseline 0.001 -19"><span class='ocrx_word' id='word_1_539' title='bbox 2222 2359 2351 2411; x_wconf 87' lang='lat' dir='ltr'><strong>sor,</strong></span> <span class='ocrx_word' id='word_1_540' title='bbox 2384 2344 2827 2416; x_wconf 87' lang='lat' dir='ltr'><strong>percussorisque</strong></span> <span class='ocrx_word' id='word_1_541' title='bbox 2858 2361 2964 2401; x_wconf 91' lang='lat' dir='ltr'><strong>non</strong></span> <span class='ocrx_word' id='word_1_542' title='bbox 3007 2346 3250 2402; x_wconf 90' lang='lat' dir='ltr'><strong>cernitur</strong></span> <span class='ocrx_word' id='word_1_543' title='bbox 3277 2345 3519 2417; x_wconf 85' lang='lat' dir='ltr'><strong>gladius:</strong></span> <span class='ocrx_word' id='word_1_544' title='bbox 3545 2343 3762 2415; x_wconf 70' lang='lat' dir='ltr'><strong>penussi-</strong></span> 
     </span>
    </p>
   </div>
   <div class='ocr_carea' id='block_1_75' title="bbox 2218 2503 3762 2578">
    <p class='ocr_par' dir='ltr' id='par_1_75' title="bbox 2218 2503 3762 2578">
     <span class='ocr_line' id='line_1_76' title="bbox 2218 2503 3762 2578; baseline 0.005 -24"><span class='ocrx_word' id='word_1_545' title='bbox 2218 2503 2475 2578; x_wconf 70' lang='lat' dir='ltr'><strong>gratiam,</strong></span> <span class='ocrx_word' id='word_1_546' title='bbox 2508 2519 2611 2578; x_wconf 81' lang='lat' dir='ltr'><strong>qua</strong></span> <span class='ocrx_word' id='word_1_547' title='bbox 2640 2505 2792 2559; x_wconf 84' lang='lat' dir='ltr'><strong>modo</strong></span> <span class='ocrx_word' id='word_1_548' title='bbox 2818 2505 2980 2578; x_wconf 83' lang='lat' dir='ltr'><strong>geniti</strong></span> <span class='ocrx_word' id='word_1_549' title='bbox 3003 2503 3227 2575; x_wconf 77' lang='lat' dir='ltr'><strong>infantes</strong></span> <span class='ocrx_word' id='word_1_550' title='bbox 3247 2504 3494 2562; x_wconf 89' lang='lat' dir='ltr'><strong>dicuntur</strong></span> <span class='ocrx_word' id='word_1_551' title='bbox 3522 2523 3546 2561; x_wconf 87' lang='lat' dir='ltr'><strong>a</strong></span> <span class='ocrx_word' id='word_1_552' title='bbox 3575 2509 3706 2564; x_wconf 81' lang='lat' dir='ltr'><strong>Petro</strong></span> <span class='ocrx_word' id='word_1_553' title='bbox 3724 2524 3762 2573; x_wconf 90' lang='lat' dir='ltr'><strong>t,</strong></span> 
     </span>
    </p>
   </div>
   <div class='ocr_carea' id='block_1_76' title="bbox 2221 2574 3761 2647">
    <p class='ocr_par' dir='ltr' id='par_1_76' title="bbox 2221 2574 3761 2647">
     <span class='ocr_line' id='line_1_77' title="bbox 2221 2574 3761 2647; baseline 0.003 -20"><span class='ocrx_word' id='word_1_554' title='bbox 2221 2588 2291 2647; x_wconf 67' lang='grc' dir='ltr'><strong>ιι,</strong></span> <span class='ocrx_word' id='word_1_555' title='bbox 2323 2574 2378 2637; x_wconf 78' lang='grc'>2,</span> <span class='ocrx_word' id='word_1_556' title='bbox 2413 2576 2466 2629; x_wconf 89' lang='lat' dir='ltr'><strong>in</strong></span> <span class='ocrx_word' id='word_1_557' title='bbox 2508 2574 2771 2631; x_wconf 85' lang='lat' dir='ltr'><strong>malitiam</strong></span> <span class='ocrx_word' id='word_1_558' title='bbox 2820 2574 2874 2632; x_wconf 75' lang='lat' dir='ltr'><strong>et</strong></span> <span class='ocrx_word' id='word_1_559' title='bbox 2912 2574 3125 2647; x_wconf 83' lang='lat' dir='ltr'><strong>culpant</strong></span> <span class='ocrx_word' id='word_1_560' title='bbox 3168 2594 3278 2635; x_wconf 91' lang='lat' dir='ltr'><strong>non</strong></span> <span class='ocrx_word' id='word_1_561' title='bbox 3326 2580 3644 2635; x_wconf 84' lang='lat' dir='ltr'><strong>mutaverint.</strong></span> <span class='ocrx_word' id='word_1_562' title='bbox 3687 2579 3761 2633; x_wconf 79' lang='lat' dir='ltr'><strong>Ms.</strong></span> 
     </span>
    </p>
   </div>
   <div class='ocr_carea' id='block_1_77' title="bbox 2219 2643 3020 2716">
    <p class='ocr_par' dir='ltr' id='par_1_77' title="bbox 2219 2643 3020 2716">
     <span class='ocr_line' id='line_1_78' title="bbox 2219 2643 3020 2716; baseline 0.001 -17"><span class='ocrx_word' id='word_1_563' title='bbox 2219 2643 2409 2716; x_wconf 88' lang='lat' dir='ltr'><strong>Pontp.</strong></span> <span class='ocrx_word' id='word_1_564' title='bbox 2437 2648 2490 2702; x_wconf 88' lang='lat' dir='ltr'><strong>in</strong></span> <span class='ocrx_word' id='word_1_565' title='bbox 2524 2648 2626 2702; x_wconf 81' lang='lat' dir='ltr'><strong>fine</strong></span> <span class='ocrx_word' id='word_1_566' title='bbox 2653 2649 2800 2703; x_wconf 81' lang='lat' dir='ltr'><strong>addit</strong></span> <span class='ocrx_word' id='word_1_567' title='bbox 2843 2643 3020 2702; x_wconf 62' lang='lat' dir='ltr'><strong>Amen:</strong></span> 
     </span>
    </p>
   </div>
   <div class='ocr_carea' id='block_1_78' title="bbox 2292 2717 3769 2792">
    <p class='ocr_par' dir='ltr' id='par_1_78' title="bbox 2292 2717 3769 2792">
     <span class='ocr_line' id='line_1_79' title="bbox 2292 2717 3769 2792; baseline 0.003 -20"><span class='ocrx_word' id='word_1_568' title='bbox 2292 2717 2501 2792; x_wconf 66' lang='lat' dir='ltr'><strong>Tutior.</strong></span> <span class='ocrx_word' id='word_1_569' title='bbox 2538 2718 2649 2792; x_wconf 76' lang='lat' dir='ltr'><strong>XL.</strong></span> <span class='ocrx_word' id='word_1_570' title='bbox 2684 2749 2755 2759; x_wconf 86' lang='lat'><strong>——</strong></span> <span class='ocrx_word' id='word_1_571' title='bbox 2782 2718 2861 2791; x_wconf 89' lang='grc' dir='ltr'><strong>(ι)</strong></span> <span class='ocrx_word' id='word_1_572' title='bbox 2894 2719 2984 2792; x_wconf 86' lang='lat' dir='ltr'><strong>Sic</strong></span> <span class='ocrx_word' id='word_1_573' title='bbox 3028 2719 3117 2792; x_wconf 59' lang='lat' dir='ltr'><strong>ed.</strong></span> <span class='ocrx_word' id='word_1_574' title='bbox 3148 2719 3281 2777; x_wconf 81' lang='lat' dir='ltr'><strong>Ver.</strong></span> <span class='ocrx_word' id='word_1_575' title='bbox 3312 2738 3327 2776; x_wconf 91' lang='lat'><strong>:</strong></span> <span class='ocrx_word' id='word_1_576' title='bbox 3365 2721 3623 2792; x_wconf 86' lang='lat' dir='ltr'><strong>inscriptio</strong></span> <span class='ocrx_word' id='word_1_577' title='bbox 3653 2722 3769 2777; x_wconf 84' lang='lat' dir='ltr'><strong>codi-</strong></span> 
     </span>
    </p>
   </div>
   <div class='ocr_carea' id='block_1_79' title="bbox 2218 2790 3761 2863">
    <p class='ocr_par' dir='ltr' id='par_1_79' title="bbox 2218 2790 3761 2863">
     <span class='ocr_line' id='line_1_80' title="bbox 2218 2790 3761 2863; baseline 0.005 -22"><span class='ocrx_word' id='word_1_578' title='bbox 2218 2803 2339 2863; x_wconf 74' lang='lat' dir='ltr'><strong>cum</strong></span> <span class='ocrx_word' id='word_1_579' title='bbox 2366 2791 2532 2863; x_wconf 81' lang='lat' dir='ltr'><strong>estde</strong></span> <span class='ocrx_word' id='word_1_580' title='bbox 2558 2790 2820 2863; x_wconf 72' lang='lat' dir='ltr'><strong>Baptismo</strong></span> <span class='ocrx_word' id='word_1_581' title='bbox 2843 2808 2862 2845; x_wconf 90' lang='lat'><strong><em>:</em></strong></span> <span class='ocrx_word' id='word_1_582' title='bbox 2886 2791 3062 2846; x_wconf 85' lang='lat' dir='ltr'><strong>Editio</strong></span> <span class='ocrx_word' id='word_1_583' title='bbox 3082 2790 3290 2847; x_wconf 83' lang='lat' dir='ltr'><strong>Veneta</strong></span> <span class='ocrx_word' id='word_1_584' title='bbox 3306 2808 3428 2855; x_wconf 84' lang='lat' dir='ltr'><strong>cum</strong></span> <span class='ocrx_word' id='word_1_585' title='bbox 3452 2790 3761 2863; x_wconf 70' lang='lat' dir='ltr'><strong>manuscripts</strong></span> 
     </span>
    </p>
   </div>
   <div class='ocr_carea' id='block_1_80' title="bbox 2218 2859 3306 2931">
    <p class='ocr_par' dir='ltr' id='par_1_80' title="bbox 2218 2859 3306 2931">
     <span class='ocr_line' id='line_1_81' title="bbox 2218 2859 3306 2931; baseline 0.002 -16"><span class='ocrx_word' id='word_1_586' title='bbox 2218 2859 2532 2917; x_wconf 77' lang='lat' dir='ltr'><strong>Zenoniauo</strong></span> <span class='ocrx_word' id='word_1_587' title='bbox 2562 2880 2575 2918; x_wconf 89' lang='lat'>:</span> <span class='ocrx_word' id='word_1_588' title='bbox 2601 2861 2729 2918; x_wconf 88' lang='lat' dir='ltr'><strong>Post</strong></span> <span class='ocrx_word' id='word_1_589' title='bbox 2760 2864 3005 2918; x_wconf 82' lang='lat' dir='ltr'><strong>traditum</strong></span> <span class='ocrx_word' id='word_1_590' title='bbox 3028 2864 3306 2931; x_wconf 78' lang='lat' dir='ltr'><strong>baptism.</strong></span> 
     </span>
    </p>
   </div>
   <div class='ocr_carea' id='block_1_81' title="bbox 2294 2932 3767 3007">
    <p class='ocr_par' dir='ltr' id='par_1_81' title="bbox 2294 2932 3767 3007">
     <span class='ocr_line' id='line_1_82' title="bbox 2294 2932 3767 3007; baseline 0.003 -22"><span class='ocrx_word' id='word_1_591' title='bbox 2294 2932 2369 3005; x_wconf 70' lang='lat'><strong>(&#39;2)</strong></span> <span class='ocrx_word' id='word_1_592' title='bbox 2405 2934 2604 3007; x_wconf 80' lang='lat' dir='ltr'><strong>sancto</strong></span> <span class='ocrx_word' id='word_1_593' title='bbox 2628 2935 2843 3005; x_wconf 85' lang='lat' dir='ltr'><strong>preprie</strong></span> <span class='ocrx_word' id='word_1_594' title='bbox 2872 2936 2957 2992; x_wconf 82' lang='lat' dir='ltr'><strong>lex</strong></span> <span class='ocrx_word' id='word_1_595' title='bbox 2984 2945 3091 3007; x_wconf 64' lang='lat' dir='ltr'><strong>est,</strong></span> <span class='ocrx_word' id='word_1_596' title='bbox 3121 2951 3240 3003; x_wconf 71' lang='lat' dir='ltr'><strong>qua:</strong></span> <span class='ocrx_word' id='word_1_597' title='bbox 3279 2951 3486 3007; x_wconf 71' lang='lat' dir='ltr'><strong>pinnam</strong></span> <span class='ocrx_word' id='word_1_598' title='bbox 3511 2937 3767 3007; x_wconf 49' lang='lat' dir='ltr'><strong>adjunt&#39;tam</strong></span> 
     </span>
    </p>
   </div>
   <div class='ocr_carea' id='block_1_82' title="bbox 2222 3003 3769 3078">
    <p class='ocr_par' dir='ltr' id='par_1_82' title="bbox 2222 3003 3769 3078">
     <span class='ocr_line' id='line_1_83' title="bbox 2222 3003 3769 3078; baseline 0.001 -20"><span class='ocrx_word' id='word_1_599' title='bbox 2222 3003 2404 3060; x_wconf 86' lang='lat' dir='ltr'><strong>habet.</strong></span> <span class='ocrx_word' id='word_1_600' title='bbox 2454 3003 2790 3078; x_wconf 84' lang='lat' dir='ltr'><strong>Justinianus</strong></span> <span class='ocrx_word' id='word_1_601' title='bbox 2840 3007 2931 3063; x_wconf 87' lang='lat' dir='ltr'><strong>lib.</strong></span> <span class='ocrx_word' id='word_1_602' title='bbox 2985 3022 3020 3061; x_wconf 90' lang='lat' dir='ltr'>II</span> <span class='ocrx_word' id='word_1_603' title='bbox 3061 3006 3235 3060; x_wconf 88' lang='lat' dir='ltr'><strong>lnstit.</strong></span> <span class='ocrx_word' id='word_1_604' title='bbox 3278 3003 3302 3062; x_wconf 70' lang='grc'><strong>1</strong></span> <span class='ocrx_word' id='word_1_605' title='bbox 3338 3025 3351 3060; x_wconf 91' lang='lat'><strong>:</strong></span> <span class='ocrx_word' id='word_1_606' title='bbox 3397 3006 3518 3063; x_wconf 84' lang='lat' dir='ltr'><strong>Ideo</strong></span> <span class='ocrx_word' id='word_1_607' title='bbox 3550 3003 3592 3062; x_wconf 76' lang='lat' dir='ltr'><strong>et</strong></span> <span class='ocrx_word' id='word_1_608' title='bbox 3635 3008 3769 3078; x_wconf 74' lang='lat' dir='ltr'><strong>legum</strong></span> 
     </span>
    </p>
   </div>
   <div class='ocr_carea' id='block_1_83' title="bbox 2220 3077 3768 3148">
    <p class='ocr_par' dir='ltr' id='par_1_83' title="bbox 2220 3077 3768 3148">
     <span class='ocr_line' id='line_1_84' title="bbox 2220 3077 3768 3148; baseline 0.003 -19"><span class='ocrx_word' id='word_1_609' title='bbox 2220 3093 2306 3130; x_wconf 85' lang='lat' dir='ltr'><strong>eus</strong></span> <span class='ocrx_word' id='word_1_610' title='bbox 2346 3087 2534 3144; x_wconf 85' lang='lat' dir='ltr'><strong>partes,</strong></span> <span class='ocrx_word' id='word_1_611' title='bbox 2576 3077 2756 3147; x_wconf 86' lang='lat' dir='ltr'><strong>quibus</strong></span> <span class='ocrx_word' id='word_1_612' title='bbox 2786 3095 2961 3148; x_wconf 75' lang='lat' dir='ltr'><strong>poenas</strong></span> <span class='ocrx_word' id='word_1_613' title='bbox 3002 3078 3369 3133; x_wconf 83' lang='lat' dir='ltr'><strong>constituimus</strong></span> <span class='ocrx_word' id='word_1_614' title='bbox 3410 3081 3635 3135; x_wconf 78' lang='lat' dir='ltr'><strong>adversus</strong></span> <span class='ocrx_word' id='word_1_615' title='bbox 3671 3077 3768 3142; x_wconf 77' lang='lat' dir='ltr'><strong>eos,</strong></span> 
     </span>
    </p>
   </div>
   <div class='ocr_carea' id='block_1_84' title="bbox 2220 3148 3768 3221">
    <p class='ocr_par' dir='ltr' id='par_1_84' title="bbox 2220 3148 3768 3221">
     <span class='ocr_line' id='line_1_85' title="bbox 2220 3148 3768 3221; baseline 0.001 -21"><span class='ocrx_word' id='word_1_616' title='bbox 2220 3148 2307 3215; x_wconf 87' lang='lat' dir='ltr'><strong>qui</strong></span> <span class='ocrx_word' id='word_1_617' title='bbox 2336 3160 2514 3204; x_wconf 84' lang='lat' dir='ltr'><strong>contra</strong></span> <span class='ocrx_word' id='word_1_618' title='bbox 2560 3152 2694 3221; x_wconf 83' lang='lat' dir='ltr'><strong>leges</strong></span> <span class='ocrx_word' id='word_1_619' title='bbox 2733 3153 2963 3221; x_wconf 75' lang='lat' dir='ltr'><strong>fecerint,</strong></span> <span class='ocrx_word' id='word_1_620' title='bbox 2987 3150 3278 3206; x_wconf 86' lang='lat' dir='ltr'><strong>sanctiones</strong></span> <span class='ocrx_word' id='word_1_621' title='bbox 3313 3167 3563 3207; x_wconf 80' lang='lat' dir='ltr'><strong>vocamus.</strong></span> <span class='ocrx_word' id='word_1_622' title='bbox 3606 3149 3768 3205; x_wconf 77' lang='lat' dir='ltr'><strong>Eodem</strong></span> 
     </span>
    </p>
   </div>
   <div class='ocr_carea' id='block_1_85' title="bbox 2221 3220 3772 3292">
    <p class='ocr_par' dir='ltr' id='par_1_85' title="bbox 2221 3220 3772 3292">
     <span class='ocr_line' id='line_1_86' title="bbox 2221 3220 3772 3292; baseline 0.001 -19"><span class='ocrx_word' id='word_1_623' title='bbox 2221 3234 2382 3292; x_wconf 73' lang='lat' dir='ltr'><strong>sensu</strong></span> <span class='ocrx_word' id='word_1_624' title='bbox 2428 3237 2457 3276; x_wconf 92' lang='lat' dir='ltr'><strong>a</strong></span> <span class='ocrx_word' id='word_1_625' title='bbox 2485 3220 2870 3278; x_wconf 75' lang='lat' dir='ltr'><strong>vetuStioribus</strong></span> <span class='ocrx_word' id='word_1_626' title='bbox 2917 3222 3132 3292; x_wconf 81' lang='lat' dir='ltr'><strong>proprie</strong></span> <span class='ocrx_word' id='word_1_627' title='bbox 3162 3224 3463 3292; x_wconf 85' lang='lat' dir='ltr'><strong>appellatas</strong></span> <span class='ocrx_word' id='word_1_628' title='bbox 3492 3223 3568 3278; x_wconf 90' lang='lat' dir='ltr'><strong>vel</strong></span> <span class='ocrx_word' id='word_1_629' title='bbox 3604 3237 3660 3277; x_wconf 79' lang='lat' dir='ltr'><strong>es</strong></span> <span class='ocrx_word' id='word_1_630' title='bbox 3694 3222 3772 3275; x_wconf 87' lang='lat' dir='ltr'><strong>hoc</strong></span> 
     </span>
    </p>
   </div>
   <div class='ocr_carea' id='block_1_86' title="bbox 2223 3290 3770 3364">
    <p class='ocr_par' dir='ltr' id='par_1_86' title="bbox 2223 3290 3770 3364">
     <span class='ocr_line' id='line_1_87' title="bbox 2223 3290 3770 3364; baseline -0.002 -18"><span class='ocrx_word' id='word_1_631' title='bbox 2223 3290 2455 3347; x_wconf 83' lang='lat' dir='ltr'><strong>Zenonis</strong></span> <span class='ocrx_word' id='word_1_632' title='bbox 2502 3294 2620 3347; x_wconf 89' lang='lat' dir='ltr'><strong>loco</strong></span> <span class='ocrx_word' id='word_1_633' title='bbox 2650 3292 2828 3362; x_wconf 82' lang='lat' dir='ltr'><strong>colligi</strong></span> <span class='ocrx_word' id='word_1_634' title='bbox 2864 3290 3080 3362; x_wconf 81' lang='lat' dir='ltr'><strong>potest,</strong></span> <span class='ocrx_word' id='word_1_635' title='bbox 3113 3290 3315 3364; x_wconf 84' lang='lat' dir='ltr'><strong>quippe</strong></span> <span class='ocrx_word' id='word_1_636' title='bbox 3350 3297 3438 3363; x_wconf 88' lang='lat' dir='ltr'><strong>qui</strong></span> <span class='ocrx_word' id='word_1_637' title='bbox 3476 3294 3770 3364; x_wconf 62' lang='lat' dir='ltr'><strong>interpuncta</strong></span> 
     </span>
    </p>
   </div>
   <div class='ocr_carea' id='block_1_87' title="bbox 2225 3364 3771 3433">
    <p class='ocr_par' dir='ltr' id='par_1_87' title="bbox 2225 3364 3771 3433">
     <span class='ocr_line' id='line_1_88' title="bbox 2225 3364 3771 3433; baseline -0.001 -17"><span class='ocrx_word' id='word_1_638' title='bbox 2225 3364 2575 3431; x_wconf 77' lang='lat' dir='ltr'><strong>parenthesin</strong></span> <span class='ocrx_word' id='word_1_639' title='bbox 2602 3405 2619 3429; x_wconf 94' lang='lat'><strong>,</strong></span> <span class='ocrx_word' id='word_1_640' title='bbox 2648 3375 2701 3417; x_wconf 84' lang='lat' dir='ltr'><strong>ut</strong></span> <span class='ocrx_word' id='word_1_641' title='bbox 2726 3365 2895 3431; x_wconf 81' lang='lat' dir='ltr'><strong>aiunt,</strong></span> <span class='ocrx_word' id='word_1_642' title='bbox 2926 3380 3046 3418; x_wconf 87' lang='lat' dir='ltr'><strong>cum</strong></span> <span class='ocrx_word' id='word_1_643' title='bbox 3082 3365 3318 3421; x_wconf 86' lang='lat' dir='ltr'><strong>clavium</strong></span> <span class='ocrx_word' id='word_1_644' title='bbox 3349 3367 3642 3421; x_wconf 76' lang='lat' dir='ltr'><strong>sanctionem</strong></span> <span class='ocrx_word' id='word_1_645' title='bbox 3664 3366 3771 3433; x_wconf 80' lang='lat' dir='ltr'><strong>piant</strong></span> 
     </span>
    </p>
   </div>
   <div class='ocr_carea' id='block_1_88' title="bbox 2222 3436 3771 3508">
    <p class='ocr_par' dir='ltr' id='par_1_88' title="bbox 2222 3436 3771 3508">
     <span class='ocr_line' id='line_1_89' title="bbox 2222 3436 3771 3508; baseline 0 -20"><span class='ocrx_word' id='word_1_646' title='bbox 2222 3449 2285 3488; x_wconf 80' lang='lat' dir='ltr'><strong>ex</strong></span> <span class='ocrx_word' id='word_1_647' title='bbox 2320 3452 2470 3492; x_wconf 90' lang='lat' dir='ltr'><strong>tnore</strong></span> <span class='ocrx_word' id='word_1_648' title='bbox 2502 3436 2750 3507; x_wconf 87' lang='lat' dir='ltr'><strong>loquendi</strong></span> <span class='ocrx_word' id='word_1_649' title='bbox 2782 3436 3051 3508; x_wconf 81' lang='lat' dir='ltr'><strong>appellat,</strong></span> <span class='ocrx_word' id='word_1_650' title='bbox 3082 3437 3217 3490; x_wconf 87' lang='lat' dir='ltr'><strong>satis</strong></span> <span class='ocrx_word' id='word_1_651' title='bbox 3247 3438 3514 3502; x_wconf 81' lang='lat' dir='ltr'><strong>vulgatam</strong></span> <span class='ocrx_word' id='word_1_652' title='bbox 3543 3440 3644 3507; x_wconf 85' lang='lat' dir='ltr'><strong>ejus</strong></span> <span class='ocrx_word' id='word_1_653' title='bbox 3669 3446 3771 3508; x_wconf 82' lang='lat' dir='ltr'><strong>teut-</strong></span> 
     </span>
    </p>
   </div>
   <div class='ocr_carea' id='block_1_89' title="bbox 2223 3505 3772 3574">
    <p class='ocr_par' dir='ltr' id='par_1_89' title="bbox 2223 3505 3772 3574">
     <span class='ocr_line' id='line_1_90' title="bbox 2223 3505 3772 3574; baseline -0.003 -14"><span class='ocrx_word' id='word_1_654' title='bbox 2223 3509 2368 3574; x_wconf 78' lang='lat' dir='ltr'><strong>pnris</strong></span> <span class='ocrx_word' id='word_1_655' title='bbox 2403 3505 2683 3561; x_wconf 81' lang='lat' dir='ltr'><strong>formulam</strong></span> <span class='ocrx_word' id='word_1_656' title='bbox 2729 3505 2898 3562; x_wconf 74' lang='lat' dir='ltr'><strong>notat.</strong></span> <span class='ocrx_word' id='word_1_657' title='bbox 2945 3505 3097 3562; x_wconf 86' lang='lat' dir='ltr'><strong>Licet</strong></span> <span class='ocrx_word' id='word_1_658' title='bbox 3132 3519 3315 3565; x_wconf 85' lang='lat' dir='ltr'><strong>autem</strong></span> <span class='ocrx_word' id='word_1_659' title='bbox 3346 3505 3578 3564; x_wconf 82' lang='lat' dir='ltr'><strong>clavium</strong></span> <span class='ocrx_word' id='word_1_660' title='bbox 3605 3506 3772 3560; x_wconf 74' lang='lat' dir='ltr'><strong>sancito</strong></span> 
     </span>
    </p>
   </div>
   <div class='ocr_carea' id='block_1_90' title="bbox 2222 3576 3771 3650">
    <p class='ocr_par' dir='ltr' id='par_1_90' title="bbox 2222 3576 3771 3650">
     <span class='ocr_line' id='line_1_91' title="bbox 2222 3576 3771 3650; baseline -0.001 -17"><span class='ocrx_word' id='word_1_661' title='bbox 2222 3591 2394 3644; x_wconf 60' lang='lat' dir='ltr'><strong>postue</strong></span> <span class='ocrx_word' id='word_1_662' title='bbox 2432 3579 2633 3649; x_wconf 87' lang='lat' dir='ltr'><strong>aliquid</strong></span> <span class='ocrx_word' id='word_1_663' title='bbox 2678 3581 3022 3648; x_wconf 86' lang='lat' dir='ltr'><strong>conjunctum</strong></span> <span class='ocrx_word' id='word_1_664' title='bbox 3066 3579 3325 3646; x_wconf 87' lang='lat' dir='ltr'><strong>haberet,</strong></span> <span class='ocrx_word' id='word_1_665' title='bbox 3369 3597 3484 3650; x_wconf 63' lang='lat' dir='ltr'><strong>qua,</strong></span> <span class='ocrx_word' id='word_1_666' title='bbox 3514 3576 3771 3649; x_wconf 75' lang='lat' dir='ltr'><strong>ptenitctttia</strong></span> 
     </span>
    </p>
   </div>
   <div class='ocr_carea' id='block_1_91' title="bbox 2220 3650 3772 3722">
    <p class='ocr_par' dir='ltr' id='par_1_91' title="bbox 2220 3650 3772 3722">
     <span class='ocr_line' id='line_1_92' title="bbox 2220 3650 3772 3722; baseline 0 -20"><span class='ocrx_word' id='word_1_667' title='bbox 2220 3650 2594 3722; x_wconf 88' lang='lat' dir='ltr'><strong>afliciebantur</strong></span> <span class='ocrx_word' id='word_1_668' title='bbox 2620 3666 2725 3705; x_wconf 92' lang='lat' dir='ltr'><strong>non</strong></span> <span class='ocrx_word' id='word_1_669' title='bbox 2750 3652 2781 3703; x_wconf 91' lang='lat' dir='ltr'><strong>ii</strong></span> <span class='ocrx_word' id='word_1_670' title='bbox 2816 3653 2990 3706; x_wconf 89' lang='lat' dir='ltr'><strong>solum</strong></span> <span class='ocrx_word' id='word_1_671' title='bbox 3010 3692 3026 3717; x_wconf 91' lang='lat'><strong>,</strong></span> <span class='ocrx_word' id='word_1_672' title='bbox 3051 3652 3140 3720; x_wconf 91' lang='lat' dir='ltr'><strong>qui</strong></span> <span class='ocrx_word' id='word_1_673' title='bbox 3171 3661 3295 3718; x_wconf 90' lang='lat' dir='ltr'><strong>post</strong></span> <span class='ocrx_word' id='word_1_674' title='bbox 3323 3654 3573 3721; x_wconf 86' lang='lat' dir='ltr'><strong>baptisma</strong></span> <span class='ocrx_word' id='word_1_675' title='bbox 3594 3663 3772 3722; x_wconf 66' lang='lat' dir='ltr'><strong>peccas-</strong></span> 
     </span>
    </p>
   </div>
   <div class='ocr_carea' id='block_1_92' title="bbox 2224 3721 3770 3794">
    <p class='ocr_par' dir='ltr' id='par_1_92' title="bbox 2224 3721 3770 3794">
     <span class='ocr_line' id='line_1_93' title="bbox 2224 3721 3770 3794; baseline -0.001 -20"><span class='ocrx_word' id='word_1_676' title='bbox 2224 3729 2366 3794; x_wconf 82' lang='lat' dir='ltr'><strong>sent,</strong></span> <span class='ocrx_word' id='word_1_677' title='bbox 2398 3721 2494 3777; x_wconf 88' lang='lat' dir='ltr'><strong>sed</strong></span> <span class='ocrx_word' id='word_1_678' title='bbox 2521 3724 2682 3778; x_wconf 89' lang='lat' dir='ltr'><strong>etiam</strong></span> <span class='ocrx_word' id='word_1_679' title='bbox 2708 3722 2798 3793; x_wconf 90' lang='lat' dir='ltr'><strong>qtti</strong></span> <span class='ocrx_word' id='word_1_680' title='bbox 2828 3723 2893 3777; x_wconf 89' lang='lat' dir='ltr'><strong>ad</strong></span> <span class='ocrx_word' id='word_1_681' title='bbox 2926 3722 3193 3791; x_wconf 86' lang='lat' dir='ltr'><strong>baptisma</strong></span> <span class='ocrx_word' id='word_1_682' title='bbox 3217 3725 3448 3794; x_wconf 86' lang='lat' dir='ltr'><strong>propriis</strong></span> <span class='ocrx_word' id='word_1_683' title='bbox 3475 3721 3770 3790; x_wconf 44' lang='lat' dir='ltr'><strong>comperet.</strong></span> 
     </span>
    </p>
   </div>
   <div class='ocr_carea' id='block_1_93' title="bbox 2221 3792 3774 3860">
    <p class='ocr_par' dir='ltr' id='par_1_93' title="bbox 2221 3792 3774 3860">
     <span class='ocr_line' id='line_1_94' title="bbox 2221 3792 3774 3860; baseline 0 -17"><span class='ocrx_word' id='word_1_684' title='bbox 2221 3792 2290 3845; x_wconf 90' lang='lat' dir='ltr'><strong>tis</strong></span> <span class='ocrx_word' id='word_1_685' title='bbox 2316 3796 2674 3860; x_wconf 71' lang='lat' dir='ltr'><strong>accederent,</strong></span> <span class='ocrx_word' id='word_1_686' title='bbox 2711 3803 2767 3848; x_wconf 92' lang='lat' dir='ltr'><strong>ut</strong></span> <span class='ocrx_word' id='word_1_687' title='bbox 2791 3795 3130 3850; x_wconf 79' lang='lat' dir='ltr'><strong>ostendimus</strong></span> <span class='ocrx_word' id='word_1_688' title='bbox 3170 3792 3361 3851; x_wconf 86' lang='lat' dir='ltr'><strong>adnot.</strong></span> <span class='ocrx_word' id='word_1_689' title='bbox 3403 3793 3438 3849; x_wconf 81' lang='grc'><strong>5</strong></span> <span class='ocrx_word' id='word_1_690' title='bbox 3466 3795 3514 3849; x_wconf 90' lang='lat' dir='ltr'><strong>in</strong></span> <span class='ocrx_word' id='word_1_691' title='bbox 3545 3799 3679 3848; x_wconf 86' lang='lat' dir='ltr'><strong>tract.</strong></span> <span class='ocrx_word' id='word_1_692' title='bbox 3704 3804 3774 3845; x_wconf 83' lang='lat' dir='ltr'><strong>su-</strong></span> 
     </span>
    </p>
   </div>
   <div class='ocr_carea' id='block_1_94' title="bbox 2220 3862 3773 3937">
    <p class='ocr_par' dir='ltr' id='par_1_94' title="bbox 2220 3862 3773 3937">
     <span class='ocr_line' id='line_1_95' title="bbox 2220 3862 3773 3937; baseline -0.003 -18"><span class='ocrx_word' id='word_1_693' title='bbox 2220 3865 2520 3937; x_wconf 78' lang='lat' dir='ltr'><strong>periorem;</strong></span> <span class='ocrx_word' id='word_1_694' title='bbox 2553 3876 2729 3921; x_wconf 88' lang='lat' dir='ltr'><strong>tamen</strong></span> <span class='ocrx_word' id='word_1_695' title='bbox 2760 3883 2882 3921; x_wconf 82' lang='lat' dir='ltr'><strong>Clltll</strong></span> <span class='ocrx_word' id='word_1_696' title='bbox 2916 3882 3028 3936; x_wconf 79' lang='lat' dir='ltr'><strong>pra:</strong></span> <span class='ocrx_word' id='word_1_697' title='bbox 3063 3868 3353 3923; x_wconf 84' lang='lat' dir='ltr'><strong>criminum</strong></span> <span class='ocrx_word' id='word_1_698' title='bbox 3384 3867 3630 3937; x_wconf 87' lang='lat' dir='ltr'><strong>gravitate</strong></span> <span class='ocrx_word' id='word_1_699' title='bbox 3651 3862 3773 3917; x_wconf 87' lang='lat' dir='ltr'><strong>levis-</strong></span> 
     </span>
    </p>
   </div>
   <div class='ocr_carea' id='block_1_95' title="bbox 2217 3935 3771 4008">
    <p class='ocr_par' dir='ltr' id='par_1_95' title="bbox 2217 3935 3771 4008">
     <span class='ocr_line' id='line_1_96' title="bbox 2217 3935 3771 4008; baseline -0.001 -21"><span class='ocrx_word' id='word_1_700' title='bbox 2217 3935 2352 4008; x_wconf 86' lang='lat' dir='ltr'><strong>sima</strong></span> <span class='ocrx_word' id='word_1_701' title='bbox 2386 3937 2499 3993; x_wconf 66' lang='lat' dir='ltr'><strong>haec</strong></span> <span class='ocrx_word' id='word_1_702' title='bbox 2527 3953 2679 4008; x_wconf 69' lang='lat' dir='ltr'><strong>poena</strong></span> <span class='ocrx_word' id='word_1_703' title='bbox 2709 3935 2983 4004; x_wconf 83' lang='lat' dir='ltr'><strong>fuerit,et</strong></span> <span class='ocrx_word' id='word_1_704' title='bbox 3033 3938 3147 3993; x_wconf 75' lang='lat' dir='ltr'><strong>haec</strong></span> <span class='ocrx_word' id='word_1_705' title='bbox 3178 3940 3291 4008; x_wconf 87' lang='lat' dir='ltr'><strong>ipsa</strong></span> <span class='ocrx_word' id='word_1_706' title='bbox 3332 3935 3435 3993; x_wconf 84' lang='lat' dir='ltr'><strong>non</strong></span> <span class='ocrx_word' id='word_1_707' title='bbox 3490 3939 3540 3992; x_wconf 90' lang='lat' dir='ltr'><strong>itt</strong></span> <span class='ocrx_word' id='word_1_708' title='bbox 3580 3947 3771 4006; x_wconf 72' lang='lat' dir='ltr'><strong>ptenant,</strong></span> 
     </span>
    </p>
   </div>
   <div class='ocr_carea' id='block_1_96' title="bbox 2219 4006 3775 4081">
    <p class='ocr_par' dir='ltr' id='par_1_96' title="bbox 2219 4006 3775 4081">
     <span class='ocr_line' id='line_1_97' title="bbox 2219 4006 3775 4081; baseline -0.004 -18"><span class='ocrx_word' id='word_1_709' title='bbox 2219 4006 2314 4081; x_wconf 76' lang='lat' dir='ltr'><strong>scd</strong></span> <span class='ocrx_word' id='word_1_710' title='bbox 2341 4008 2410 4081; x_wconf 82' lang='lat' dir='ltr'><strong>in</strong></span> <span class='ocrx_word' id='word_1_711' title='bbox 2443 4006 2537 4065; x_wconf 13' lang='lat' dir='ltr'><strong>rei,</strong></span> <span class='ocrx_word' id='word_1_712' title='bbox 2561 4007 2735 4079; x_wconf 84' lang='lat' dir='ltr'><strong>potius</strong></span> <span class='ocrx_word' id='word_1_713' title='bbox 2761 4009 3084 4065; x_wconf 83' lang='lat' dir='ltr'><strong>beneﬁcium</strong></span> <span class='ocrx_word' id='word_1_714' title='bbox 3129 4006 3448 4081; x_wconf 77' lang='lat' dir='ltr'><strong>exigeretur</strong></span> <span class='ocrx_word' id='word_1_715' title='bbox 3467 4052 3481 4075; x_wconf 93' lang='lat'><strong>,</strong></span> <span class='ocrx_word' id='word_1_716' title='bbox 3512 4018 3643 4065; x_wconf 82' lang='lat' dir='ltr'><strong>recte</strong></span> <span class='ocrx_word' id='word_1_717' title='bbox 3665 4008 3775 4081; x_wconf 78' lang='lat' dir='ltr'><strong>piant</strong></span> 
     </span>
    </p>
   </div>
   <div class='ocr_carea' id='block_1_97' title="bbox 2218 4076 3742 4152">
    <p class='ocr_par' dir='ltr' id='par_1_97' title="bbox 2218 4076 3742 4152">
     <span class='ocr_line' id='line_1_98' title="bbox 2218 4076 3742 4152; baseline -0.004 -19"><span class='ocrx_word' id='word_1_718' title='bbox 2218 4076 2446 4152; x_wconf 72' lang='grc' dir='ltr'>οΙιινίιιιιι</span> <span class='ocrx_word' id='word_1_719' title='bbox 2479 4076 2793 4135; x_wconf 80' lang='lat' dir='ltr'><strong>sanctionem</strong></span> <span class='ocrx_word' id='word_1_720' title='bbox 2820 4084 2976 4150; x_wconf 86' lang='lat' dir='ltr'><strong>vulgo</strong></span> <span class='ocrx_word' id='word_1_721' title='bbox 3027 4076 3355 4152; x_wconf 60' lang='lat' dir='ltr'><strong>appellatam</strong></span> <span class='ocrx_word' id='word_1_722' title='bbox 3386 4081 3526 4136; x_wconf 86' lang='lat' dir='ltr'><strong>Zeno</strong></span> <span class='ocrx_word' id='word_1_723' title='bbox 3551 4078 3742 4134; x_wconf 83' lang='lat' dir='ltr'><strong>vocavit.</strong></span> 
     </span>
    </p>
   </div>
   <div class='ocr_carea' id='block_1_98' title="bbox 2314 4148 3019 4223">
    <p class='ocr_par' dir='ltr' id='par_1_98' title="bbox 2314 4148 3019 4223">
     <span class='ocr_line' id='line_1_99' title="bbox 2314 4148 3019 4223; baseline -0.001 -16"><span class='ocrx_word' id='word_1_724' title='bbox 2314 4148 2369 4223; x_wconf 79' lang='grc'><strong>5)</strong></span> <span class='ocrx_word' id='word_1_725' title='bbox 2403 4151 2501 4207; x_wconf 67' lang='lat' dir='ltr'><strong>Ms.</strong></span> <span class='ocrx_word' id='word_1_726' title='bbox 2534 4153 2689 4208; x_wconf 84' lang='lat' dir='ltr'><strong>Rem.</strong></span> <span class='ocrx_word' id='word_1_727' title='bbox 2719 4148 3019 4207; x_wconf 77' lang='lat' dir='ltr'><strong>occludunt.</strong></span> 
     </span>
    </p>
   </div>
   <div class='ocr_carea' id='block_1_99' title="bbox 2314 4221 3775 4295">
    <p class='ocr_par' dir='ltr' id='par_1_99' title="bbox 2314 4221 3775 4295">
     <span class='ocr_line' id='line_1_100' title="bbox 2314 4221 3775 4295; baseline -0.005 -17"><span class='ocrx_word' id='word_1_728' title='bbox 2314 4221 2368 4295; x_wconf 76' lang='grc'><strong>4)</strong></span> <span class='ocrx_word' id='word_1_729' title='bbox 2399 4223 2573 4295; x_wconf 87' lang='lat' dir='ltr'><strong>Aliqui</strong></span> <span class='ocrx_word' id='word_1_730' title='bbox 2603 4238 2731 4279; x_wconf 89' lang='lat' dir='ltr'><strong>mss.</strong></span> <span class='ocrx_word' id='word_1_731' title='bbox 2757 4224 2938 4293; x_wconf 89' lang='lat' dir='ltr'><strong>legunt</strong></span> <span class='ocrx_word' id='word_1_732' title='bbox 2962 4222 3222 4288; x_wconf 77' lang='lat' dir='ltr'><strong>subsicivi,</strong></span> <span class='ocrx_word' id='word_1_733' title='bbox 3249 4222 3357 4281; x_wconf 86' lang='lat' dir='ltr'><strong>Sed</strong></span> <span class='ocrx_word' id='word_1_734' title='bbox 3386 4232 3507 4281; x_wconf 90' lang='lat' dir='ltr'><strong>sunt</strong></span> <span class='ocrx_word' id='word_1_735' title='bbox 3526 4224 3606 4293; x_wconf 90' lang='lat' dir='ltr'><strong>qui</strong></span> <span class='ocrx_word' id='word_1_736' title='bbox 3633 4221 3775 4295; x_wconf 81' lang='lat' dir='ltr'><strong>legen-</strong></span> 
     </span>
    </p>
   </div>
   <div class='ocr_carea' id='block_1_100' title="bbox 2216 4293 3776 4365">
    <p class='ocr_par' dir='ltr' id='par_1_100' title="bbox 2216 4293 3776 4365">
     <span class='ocr_line' id='line_1_101' title="bbox 2216 4293 3776 4365; baseline -0.004 -17"><span class='ocrx_word' id='word_1_737' title='bbox 2216 4293 2564 4365; x_wconf 80' lang='lat' dir='ltr'><strong>tltttnputeitt</strong></span> <span class='ocrx_word' id='word_1_738' title='bbox 2588 4296 2857 4359; x_wconf 85' lang='lat' dir='ltr'><strong>succisivi,</strong></span> <span class='ocrx_word' id='word_1_739' title='bbox 2887 4296 2972 4349; x_wconf 84' lang='lat' dir='ltr'><strong>vel</strong></span> <span class='ocrx_word' id='word_1_740' title='bbox 3009 4295 3276 4351; x_wconf 80' lang='lat' dir='ltr'><strong>subcisivi.</strong></span> <span class='ocrx_word' id='word_1_741' title='bbox 3323 4295 3455 4352; x_wconf 85' lang='lat' dir='ltr'><strong>Nota</strong></span> <span class='ocrx_word' id='word_1_742' title='bbox 3497 4302 3657 4348; x_wconf 82' lang='lat' dir='ltr'><strong>autem</strong></span> <span class='ocrx_word' id='word_1_743' title='bbox 3696 4294 3776 4343; x_wconf 80' lang='lat' dir='ltr'><strong>hoc</strong></span> 
     </span>
    </p>
   </div>
   <div class='ocr_carea' id='block_1_101' title="bbox 2216 4367 3784 4440">
    <p class='ocr_par' dir='ltr' id='par_1_101' title="bbox 2216 4367 3784 4440">
     <span class='ocr_line' id='line_1_102' title="bbox 2216 4367 3784 4440; baseline -0.004 -18"><span class='ocrx_word' id='word_1_744' title='bbox 2216 4367 2336 4424; x_wconf 91' lang='lat' dir='ltr'><strong>loco</strong></span> <span class='ocrx_word' id='word_1_745' title='bbox 2359 4370 2464 4423; x_wconf 88' lang='lat' dir='ltr'><strong>vim</strong></span> <span class='ocrx_word' id='word_1_746' title='bbox 2487 4367 2714 4440; x_wconf 80' lang='lat' dir='ltr'><strong>elaviutn</strong></span> <span class='ocrx_word' id='word_1_747' title='bbox 2755 4369 2806 4421; x_wconf 90' lang='lat' dir='ltr'><strong>itt</strong></span> <span class='ocrx_word' id='word_1_748' title='bbox 2831 4367 3172 4440; x_wconf 83' lang='lat' dir='ltr'><strong>baptismate,</strong></span> <span class='ocrx_word' id='word_1_749' title='bbox 3205 4369 3403 4437; x_wconf 90' lang='lat' dir='ltr'><strong>quibus</strong></span> <span class='ocrx_word' id='word_1_750' title='bbox 3428 4369 3642 4423; x_wconf 84' lang='lat' dir='ltr'><strong>absoluto</strong></span> <span class='ocrx_word' id='word_1_751' title='bbox 3665 4368 3784 4440; x_wconf 47' lang='lat' dir='ltr'><strong>aut;</strong></span> 
     </span>
    </p>
   </div>
   <div class='ocr_carea' id='block_1_102' title="bbox 2215 4434 3774 4512">
    <p class='ocr_par' dir='ltr' id='par_1_102' title="bbox 2215 4434 3774 4512">
     <span class='ocr_line' id='line_1_103' title="bbox 2215 4434 3774 4512; baseline -0.004 -19"><span class='ocrx_word' id='word_1_752' title='bbox 2215 4441 2371 4493; x_wconf 84' lang='lat' dir='ltr'><strong>vatim</strong></span> <span class='ocrx_word' id='word_1_753' title='bbox 2414 4438 2667 4512; x_wconf 78' lang='lat' dir='ltr'><strong>quidquid</strong></span> <span class='ocrx_word' id='word_1_754' title='bbox 2692 4434 2994 4503; x_wconf 83' lang='lat' dir='ltr'><strong>invenerint,</strong></span> <span class='ocrx_word' id='word_1_755' title='bbox 3027 4439 3161 4512; x_wconf 90' lang='lat' dir='ltr'><strong>nihil</strong></span> <span class='ocrx_word' id='word_1_756' title='bbox 3204 4434 3485 4512; x_wconf 80' lang='lat' dir='ltr'><strong>subcisivi,</strong></span> <span class='ocrx_word' id='word_1_757' title='bbox 3520 4440 3603 4512; x_wconf 76' lang='lat' dir='ltr'><strong>vel</strong></span> <span class='ocrx_word' id='word_1_758' title='bbox 3622 4434 3774 4512; x_wconf 70' lang='lat' dir='ltr'><strong>reliqui</strong></span> 
     </span>
    </p>
   </div>
   <div class='ocr_carea' id='block_1_103' title="bbox 2215 4507 3777 4585">
    <p class='ocr_par' dir='ltr' id='par_1_103' title="bbox 2215 4507 3777 4585">
     <span class='ocr_line' id='line_1_104' title="bbox 2215 4507 3777 4585; baseline 0.02 -18"><span class='ocrx_word' id='word_1_759' title='bbox 2215 4511 2330 4567; x_wconf 83' lang='lat' dir='ltr'><strong>sive</strong></span> <span class='ocrx_word' id='word_1_760' title='bbox 2349 4507 2788 4585; x_wconf 10' lang='lat' dir='ltr'><strong>quoadgbrulpam,</strong></span> <span class='ocrx_word' id='word_1_761' title='bbox 2818 4512 2930 4585; x_wconf 72' lang='lat' dir='ltr'><strong>sivc</strong></span> <span class='ocrx_word' id='word_1_762' title='bbox 2942 4511 3119 4580; x_wconf 69' lang='grc' dir='ltr'><strong>(1υοδά</strong></span> <span class='ocrx_word' id='word_1_763' title='bbox 3136 4526 3358 4585; x_wconf 71' lang='lat' dir='ltr'><strong>poena&quot;!</strong></span> <span class='ocrx_word' id='word_1_764' title='bbox 3389 4509 3713 4585; x_wconf 54' lang='lat' dir='ltr'><strong>relinqnit‘ti.‘</strong></span> <span class='ocrx_word' id='word_1_765' title='bbox 3734 4507 3777 4556; x_wconf 56' lang='grc' dir='ltr'><strong>ει</strong></span> 
     </span>
    </p>
   </div>
   <div class='ocr_carea' id='block_1_104' title="bbox 2219 4576 3777 4649">
    <p class='ocr_par' dir='ltr' id='par_1_104' title="bbox 2219 4576 3777 4649">
     <span class='ocr_line' id='line_1_105' title="bbox 2219 4576 3777 4649; baseline -0.008 -11"><span class='ocrx_word' id='word_1_766' title='bbox 2219 4576 2479 4649; x_wconf 69' lang='lat' dir='ltr'><strong>praeterea</strong></span> <span class='ocrx_word' id='word_1_767' title='bbox 2511 4576 2704 4638; x_wconf 79' lang='lat' dir='ltr'><strong>deletis</strong></span> <span class='ocrx_word' id='word_1_768' title='bbox 2743 4582 2910 4637; x_wconf 90' lang='lat' dir='ltr'><strong>semel</strong></span> <span class='ocrx_word' id='word_1_769' title='bbox 2949 4576 3161 4637; x_wconf 77' lang='lat' dir='ltr'><strong>cunctis</strong></span> <span class='ocrx_word' id='word_1_770' title='bbox 3202 4576 3555 4646; x_wconf 72' lang='lat' dir='ltr'><strong>criminibus,</strong></span> <span class='ocrx_word' id='word_1_771' title='bbox 3583 4576 3777 4633; x_wconf 78' lang='lat' dir='ltr'><strong>nihilex</strong></span> 
     </span>
    </p>
   </div>
   <div class='ocr_carea' id='block_1_105' title="bbox 2216 4648 3772 4724">
    <p class='ocr_par' dir='ltr' id='par_1_105' title="bbox 2216 4648 3772 4724">
     <span class='ocr_line' id='line_1_106' title="bbox 2216 4648 3772 4724; baseline -0.003 -15"><span class='ocrx_word' id='word_1_772' title='bbox 2216 4648 2405 4709; x_wconf 86' lang='lat' dir='ltr'><strong>iisdem</strong></span> <span class='ocrx_word' id='word_1_773' title='bbox 2462 4654 2791 4711; x_wconf 88' lang='lat' dir='ltr'><strong>reviviscere</strong></span> <span class='ocrx_word' id='word_1_774' title='bbox 2827 4655 3053 4721; x_wconf 84' lang='lat' dir='ltr'><strong>sinunt;</strong></span> <span class='ocrx_word' id='word_1_775' title='bbox 3085 4655 3228 4724; x_wconf 66' lang='lat' dir='ltr'><strong>quod</strong></span> <span class='ocrx_word' id='word_1_776' title='bbox 3262 4670 3394 4709; x_wconf 76' lang='lat' dir='ltr'><strong>sane</strong></span> <span class='ocrx_word' id='word_1_777' title='bbox 3424 4651 3643 4708; x_wconf 86' lang='lat' dir='ltr'><strong>iudicant</strong></span> <span class='ocrx_word' id='word_1_778' title='bbox 3670 4648 3772 4724; x_wconf 58' lang='lat' dir='ltr'><strong>illa}</strong></span> 
     </span>
    </p>
   </div>
   <div class='ocr_carea' id='block_1_106' title="bbox 504 4716 3777 4799">
    <p class='ocr_par' dir='ltr' id='par_1_106' title="bbox 504 4716 3777 4799">
     <span class='ocr_line' id='line_1_107' title="bbox 504 4716 3777 4799; baseline -0.002 -15"><span class='ocrx_word' id='word_1_779' title='bbox 504 4716 792 4799; x_wconf 65' lang='lat' dir='ltr'><strong>Remensis</strong></span> <span class='ocrx_word' id='word_1_780' title='bbox 831 4727 897 4783; x_wconf 83' lang='lat' dir='ltr'><strong>ad</strong></span> <span class='ocrx_word' id='word_1_781' title='bbox 931 4716 1225 4784; x_wconf 78' lang='lat' dir='ltr'><strong>Wittonetu</strong></span> <span class='ocrx_word' id='word_1_782' title='bbox 1254 4716 1744 4799; x_wconf 68' lang='lat' dir='ltr'><strong>liotltomacensctn</strong></span> <span class='ocrx_word' id='word_1_783' title='bbox 1776 4741 1896 4796; x_wconf 89' lang='lat' dir='ltr'><strong>cap.</strong></span> <span class='ocrx_word' id='word_1_784' title='bbox 1932 4729 1984 4789; x_wconf 81' lang='lat'><strong>6,</strong></span> <span class='ocrx_word' id='word_1_785' title='bbox 2019 4727 2108 4781; x_wconf 80' lang='lat' dir='ltr'><strong>ulti</strong></span> <span class='ocrx_word' id='word_1_786' title='bbox 2138 4728 2192 4788; x_wconf 90' lang='lat' dir='ltr'>D</span> <span class='ocrx_word' id='word_1_787' title='bbox 2222 4726 2501 4799; x_wconf 82' lang='lat' dir='ltr'><strong>Diligenter</strong></span> <span class='ocrx_word' id='word_1_788' title='bbox 2530 4727 2764 4799; x_wconf 80' lang='lat' dir='ltr'><strong>universa</strong></span> <span class='ocrx_word' id='word_1_789' title='bbox 2802 4716 3370 4799; x_wconf 34' lang='lat' dir='ltr'><strong>crintiua&#39;eipellunt,</strong></span> <span class='ocrx_word' id='word_1_790' title='bbox 3401 4742 3463 4781; x_wconf 89' lang='lat' dir='ltr'><strong>ac</strong></span> <span class='ocrx_word' id='word_1_791' title='bbox 3501 4736 3663 4799; x_wconf 60' lang='lat' dir='ltr'><strong>rursm</strong></span> <span class='ocrx_word' id='word_1_792' title='bbox 3684 4716 3777 4799; x_wconf 58' lang='lat' dir='ltr'><strong>dii}:</strong></span> 
     </span>
    </p>
   </div>
   <div class='ocr_carea' id='block_1_107' title="bbox 504 4797 2110 4872">
    <p class='ocr_par' dir='ltr' id='par_1_107' title="bbox 504 4797 2110 4872">
     <span class='ocr_line' id='line_1_108' title="bbox 504 4797 2110 4872; baseline -0.004 -17"><span class='ocrx_word' id='word_1_793' title='bbox 504 4798 852 4856; x_wconf 72' lang='lat' dir='ltr'><strong>Clodovteum</strong></span> <span class='ocrx_word' id='word_1_794' title='bbox 884 4799 1174 4872; x_wconf 84' lang='lat' dir='ltr'><strong>aliquantis</strong></span> <span class='ocrx_word' id='word_1_795' title='bbox 1206 4813 1341 4872; x_wconf 75' lang='lat' dir='ltr'><strong>cum</strong></span> <span class='ocrx_word' id='word_1_796' title='bbox 1395 4797 1453 4853; x_wconf 89' lang='lat' dir='ltr'><strong>S.</strong></span> <span class='ocrx_word' id='word_1_797' title='bbox 1488 4797 1741 4872; x_wconf 82' lang='lat' dir='ltr'><strong>Remigio</strong></span> <span class='ocrx_word' id='word_1_798' title='bbox 1774 4799 1962 4853; x_wconf 87' lang='lat' dir='ltr'><strong>diebus</strong></span> <span class='ocrx_word' id='word_1_799' title='bbox 1995 4812 2110 4872; x_wconf 87' lang='lat' dir='ltr'><strong>mn-</strong></span> 
     </span>
    </p>
   </div>
   <div class='ocr_carea' id='block_1_108' title="bbox 503 4868 2111 4943">
    <p class='ocr_par' dir='ltr' id='par_1_108' title="bbox 503 4868 2111 4943">
     <span class='ocr_line' id='line_1_109' title="bbox 503 4868 2111 4943; baseline -0.003 -17"><span class='ocrx_word' id='word_1_800' title='bbox 503 4882 680 4927; x_wconf 89' lang='lat' dir='ltr'><strong>ratnm</strong></span> <span class='ocrx_word' id='word_1_801' title='bbox 720 4871 899 4943; x_wconf 90' lang='lat' dir='ltr'><strong>prodit</strong></span> <span class='ocrx_word' id='word_1_802' title='bbox 923 4868 1049 4927; x_wconf 78' lang='lat' dir='ltr'><strong>ante</strong></span> <span class='ocrx_word' id='word_1_803' title='bbox 1074 4869 1360 4943; x_wconf 85' lang='lat' dir='ltr'><strong>baptisma,</strong></span> <span class='ocrx_word' id='word_1_804' title='bbox 1395 4870 1790 4943; x_wconf 31' lang='lat' dir='ltr'><strong>nt‘ptcniteutiaz</strong></span> <span class='ocrx_word' id='word_1_805' title='bbox 1829 4868 2111 4943; x_wconf 81' lang='lat' dir='ltr'><strong>secundum</strong></span> 
     </span>
    </p>
   </div>
   <div class='ocr_carea' id='block_1_109' title="bbox 502 4938 2110 5013">
    <p class='ocr_par' dir='ltr' id='par_1_109' title="bbox 502 4938 2110 5013">
     <span class='ocr_line' id='line_1_110' title="bbox 502 4938 2110 5013; baseline -0.002 -17"><span class='ocrx_word' id='word_1_806' title='bbox 502 4938 843 5011; x_wconf 77' lang='lat' dir='ltr'><strong>apostolicum</strong></span> <span class='ocrx_word' id='word_1_807' title='bbox 883 4938 1217 5013; x_wconf 80' lang='lat' dir='ltr'><strong>prteccptum</strong></span> <span class='ocrx_word' id='word_1_808' title='bbox 1248 4942 1389 5007; x_wconf 85' lang='lat' dir='ltr'><strong>prius</strong></span> <span class='ocrx_word' id='word_1_809' title='bbox 1415 4938 1704 5013; x_wconf 79' lang='lat' dir='ltr'><strong>ablueretur</strong></span> <span class='ocrx_word' id='word_1_810' title='bbox 1734 4941 1998 5013; x_wconf 72' lang='lat' dir='ltr'><strong>lacrymis,</strong></span> <span class='ocrx_word' id='word_1_811' title='bbox 2032 4940 2110 4993; x_wconf 85' lang='lat' dir='ltr'><strong>di-</strong></span> 
     </span>
    </p>
   </div>
   <div class='ocr_carea' id='block_1_110' title="bbox 504 5010 2111 5085">
    <p class='ocr_par' dir='ltr' id='par_1_110' title="bbox 504 5010 2111 5085">
     <span class='ocr_line' id='line_1_111' title="bbox 504 5010 2111 5085; baseline -0.002 -17"><span class='ocrx_word' id='word_1_812' title='bbox 504 5010 649 5068; x_wconf 81' lang='lat' dir='ltr'><strong>cente</strong></span> <span class='ocrx_word' id='word_1_813' title='bbox 672 5013 832 5068; x_wconf 89' lang='lat' dir='ltr'><strong>Beato</strong></span> <span class='ocrx_word' id='word_1_814' title='bbox 871 5010 1029 5068; x_wconf 84' lang='lat' dir='ltr'><strong>Petro</strong></span> <span class='ocrx_word' id='word_1_815' title='bbox 1053 5010 1286 5085; x_wconf 78' lang='lat' dir='ltr'><strong>principe</strong></span> <span class='ocrx_word' id='word_1_816' title='bbox 1304 5010 1661 5085; x_wconf 83' lang='lat' dir='ltr'><strong>apostolorum</strong></span> <span class='ocrx_word' id='word_1_817' title='bbox 1689 5027 1706 5066; x_wconf 87' lang='lat'><strong><em>:</em></strong></span> <span class='ocrx_word' id='word_1_818' title='bbox 1749 5010 2111 5085; x_wconf 55' lang='lat' dir='ltr'><strong>Paenitentiam</strong></span> 
     </span>
    </p>
   </div>
   <div class='ocr_carea' id='block_1_111' title="bbox 508 5081 2111 5159">
    <p class='ocr_par' dir='ltr' id='par_1_111' title="bbox 508 5081 2111 5159">
     <span class='ocr_line' id='line_1_112' title="bbox 508 5081 2111 5159; baseline -0.001 -22"><span class='ocrx_word' id='word_1_819' title='bbox 508 5086 674 5159; x_wconf 85' lang='lat' dir='ltr'><strong>agite,</strong></span> <span class='ocrx_word' id='word_1_820' title='bbox 703 5081 1061 5159; x_wconf 11' lang='lat' dir='ltr'><strong>etgbaptizetur</strong></span> <span class='ocrx_word' id='word_1_821' title='bbox 1090 5081 1436 5159; x_wconf 71' lang='lat' dir='ltr'><strong>unusquisque</strong></span> <span class='ocrx_word' id='word_1_822' title='bbox 1462 5092 1721 5159; x_wconf 49' lang='lat' dir='ltr'><strong>cestrutn.</strong></span> <span class='ocrx_word' id='word_1_823' title='bbox 1748 5081 1908 5139; x_wconf 85' lang='lat' dir='ltr'><strong>Certe</strong></span> <span class='ocrx_word' id='word_1_824' title='bbox 1940 5085 2111 5159; x_wconf 54' lang='lat' dir='ltr'><strong>pinni-</strong></span> 
     </span>
    </p>
   </div>
   <div class='ocr_carea' id='block_1_112' title="bbox 511 5153 2111 5226">
    <p class='ocr_par' dir='ltr' id='par_1_112' title="bbox 511 5153 2111 5226">
     <span class='ocr_line' id='line_1_113' title="bbox 511 5153 2111 5226; baseline -0.001 -16"><span class='ocrx_word' id='word_1_825' title='bbox 511 5153 678 5211; x_wconf 81' lang='lat' dir='ltr'><strong>téntia</strong></span> <span class='ocrx_word' id='word_1_826' title='bbox 716 5153 981 5226; x_wconf 86' lang='lat' dir='ltr'><strong>ejusmodi</strong></span> <span class='ocrx_word' id='word_1_827' title='bbox 1015 5158 1064 5208; x_wconf 90' lang='lat' dir='ltr'><strong>in</strong></span> <span class='ocrx_word' id='word_1_828' title='bbox 1092 5153 1599 5226; x_wconf 83' lang='lat' dir='ltr'><strong>Constitutionibus,</strong></span> <span class='ocrx_word' id='word_1_829' title='bbox 1632 5168 1754 5224; x_wconf 70' lang='lat' dir='ltr'><strong>quze</strong></span> <span class='ocrx_word' id='word_1_830' title='bbox 1799 5155 2111 5223; x_wconf 70' lang='lat' dir='ltr'><strong>aposwlieze</strong></span> 
     </span>
    </p>
   </div>
   <div class='ocr_carea' id='block_1_113' title="bbox 462 5223 2114 5295">
    <p class='ocr_par' dir='ltr' id='par_1_113' title="bbox 462 5223 2114 5295">
     <span class='ocr_line' id='line_1_114' title="bbox 462 5223 2114 5295; baseline -0.002 -12"><span class='ocrx_word' id='word_1_831' title='bbox 462 5238 465 5243; x_wconf 78' lang='lat'><em>‘</em></span> <span class='ocrx_word' id='word_1_832' title='bbox 506 5223 778 5292; x_wconf 77' lang='lat' dir='ltr'><strong>dicuntur,</strong></span> <span class='ocrx_word' id='word_1_833' title='bbox 825 5226 918 5281; x_wconf 90' lang='lat' dir='ltr'><strong>lib.</strong></span> <span class='ocrx_word' id='word_1_834' title='bbox 953 5242 1066 5292; x_wconf 85' lang='lat' dir='ltr'><strong>vu,</strong></span> <span class='ocrx_word' id='word_1_835' title='bbox 1121 5241 1241 5295; x_wconf 87' lang='lat' dir='ltr'><strong>cap.</strong></span> <span class='ocrx_word' id='word_1_836' title='bbox 1288 5226 1377 5287; x_wconf 70' lang='grc'><strong>52,</strong></span> <span class='ocrx_word' id='word_1_837' title='bbox 1412 5223 1921 5295; x_wconf 28' lang='grc' dir='ltr'>ηιίἰειιιιθίνιιιισὶῠιιδ</span> <span class='ocrx_word' id='word_1_838' title='bbox 1950 5239 2114 5280; x_wconf 90' lang='lat' dir='ltr'><strong>cano-</strong></span> 
     </span>
    </p>
   </div>
   <div class='ocr_carea' id='block_1_114' title="bbox 503 5296 2115 5366">
    <p class='ocr_par' dir='ltr' id='par_1_114' title="bbox 503 5296 2115 5366">
     <span class='ocr_line' id='line_1_115' title="bbox 503 5296 2115 5366; baseline -0.004 -10"><span class='ocrx_word' id='word_1_839' title='bbox 503 5314 632 5356; x_wconf 90' lang='lat' dir='ltr'><strong>num</strong></span> <span class='ocrx_word' id='word_1_840' title='bbox 663 5297 898 5353; x_wconf 88' lang='lat' dir='ltr'><strong>decretis</strong></span> <span class='ocrx_word' id='word_1_841' title='bbox 946 5307 1075 5353; x_wconf 89' lang='lat' dir='ltr'><strong>ante</strong></span> <span class='ocrx_word' id='word_1_842' title='bbox 1114 5297 1440 5366; x_wconf 88' lang='lat' dir='ltr'><strong>baptismum</strong></span> <span class='ocrx_word' id='word_1_843' title='bbox 1468 5296 1812 5365; x_wconf 75' lang='lat' dir='ltr'><strong>‘imponenda</strong></span> <span class='ocrx_word' id='word_1_844' title='bbox 1859 5310 1911 5353; x_wconf 90' lang='lat' dir='ltr'><strong>et</strong></span> <span class='ocrx_word' id='word_1_845' title='bbox 1944 5298 2115 5352; x_wconf 89' lang='lat' dir='ltr'><strong>susci-</strong></span> 
     </span>
    </p>
   </div>
   <div class='ocr_carea' id='block_1_115' title="bbox 501 5366 2108 5442">
    <p class='ocr_par' dir='ltr' id='par_1_115' title="bbox 501 5366 2108 5442">
     <span class='ocr_line' id='line_1_116' title="bbox 501 5366 2108 5442; baseline -0.002 -18"><span class='ocrx_word' id='word_1_846' title='bbox 501 5369 695 5442; x_wconf 89' lang='lat' dir='ltr'><strong>pienda</strong></span> <span class='ocrx_word' id='word_1_847' title='bbox 730 5370 1074 5440; x_wconf 68' lang='lat' dir='ltr'><strong>prascipitur;</strong></span> <span class='ocrx_word' id='word_1_848' title='bbox 1103 5385 1232 5442; x_wconf 54' lang='lat' dir='ltr'><strong>qua;</strong></span> <span class='ocrx_word' id='word_1_849' title='bbox 1246 5368 1528 5442; x_wconf 82' lang='lat' dir='ltr'><strong>disciplina</strong></span> <span class='ocrx_word' id='word_1_850' title='bbox 1552 5366 1697 5442; x_wconf 83' lang='lat' dir='ltr'><strong>adeo</strong></span> <span class='ocrx_word' id='word_1_851' title='bbox 1710 5369 1770 5442; x_wconf 84' lang='lat' dir='ltr'><strong>in</strong></span> <span class='ocrx_word' id='word_1_852' title='bbox 1808 5369 1974 5423; x_wconf 91' lang='lat' dir='ltr'><strong>multa</strong></span> <span class='ocrx_word' id='word_1_853' title='bbox 2003 5384 2108 5423; x_wconf 72' lang='lat' dir='ltr'><strong>sa:-</strong></span> 
     </span>
    </p>
   </div>
   <div class='ocr_carea' id='block_1_116' title="bbox 498 5438 2106 5514">
    <p class='ocr_par' dir='ltr' id='par_1_116' title="bbox 498 5438 2106 5514">
     <span class='ocr_line' id='line_1_117' title="bbox 498 5438 2106 5514; baseline -0.002 -15"><span class='ocrx_word' id='word_1_854' title='bbox 498 5438 621 5499; x_wconf 78' lang='lat' dir='ltr'><strong>cula</strong></span> <span class='ocrx_word' id='word_1_855' title='bbox 651 5438 839 5514; x_wconf 86' lang='lat' dir='ltr'><strong>viguit,</strong></span> <span class='ocrx_word' id='word_1_856' title='bbox 869 5438 927 5496; x_wconf 84' lang='lat' dir='ltr'><strong>ut</strong></span> <span class='ocrx_word' id='word_1_857' title='bbox 965 5438 1155 5514; x_wconf 87' lang='lat' dir='ltr'><strong>auctor</strong></span> <span class='ocrx_word' id='word_1_858' title='bbox 1201 5438 1484 5514; x_wconf 68' lang='lat' dir='ltr'><strong>sermonis</strong></span> <span class='ocrx_word' id='word_1_859' title='bbox 1514 5438 1567 5514; x_wconf 81' lang='lat' dir='ltr'><strong>in</strong></span> <span class='ocrx_word' id='word_1_860' title='bbox 1598 5440 1941 5495; x_wconf 87' lang='lat' dir='ltr'><strong>dedicatione</strong></span> <span class='ocrx_word' id='word_1_861' title='bbox 1973 5450 2106 5514; x_wconf 76' lang='lat' dir='ltr'><strong>tem-</strong></span> 
     </span>
    </p>
   </div>
   <div class='ocr_carea' id='block_1_117' title="bbox 500 5510 2104 5586">
    <p class='ocr_par' dir='ltr' id='par_1_117' title="bbox 500 5510 2104 5586">
     <span class='ocr_line' id='line_1_118' title="bbox 500 5510 2104 5586; baseline -0.002 -16"><span class='ocrx_word' id='word_1_862' title='bbox 500 5514 597 5586; x_wconf 87' lang='lat' dir='ltr'><strong>pli,</strong></span> <span class='ocrx_word' id='word_1_863' title='bbox 629 5510 783 5586; x_wconf 85' lang='lat' dir='ltr'><strong>quia</strong></span> <span class='ocrx_word' id='word_1_864' title='bbox 829 5511 1381 5586; x_wconf 9' lang='lat' dir='ltr'><strong>nognnull&#39;tscreditur</strong></span> <span class='ocrx_word' id='word_1_865' title='bbox 1435 5511 1498 5566; x_wconf 89' lang='lat' dir='ltr'><strong>S.</strong></span> <span class='ocrx_word' id='word_1_866' title='bbox 1522 5510 1816 5586; x_wconf 73' lang='lat' dir='ltr'><strong>Ctrsarius,</strong></span> <span class='ocrx_word' id='word_1_867' title='bbox 1842 5526 2012 5586; x_wconf 89' lang='lat' dir='ltr'><strong>_nnm.</strong></span> <span class='ocrx_word' id='word_1_868' title='bbox 2047 5510 2104 5575; x_wconf 82' lang='lat'><strong>5,</strong></span> 
     </span>
    </p>
   </div>
   <div class='ocr_carea' id='block_1_118' title="bbox 502 5581 2107 5656">
    <p class='ocr_par' dir='ltr' id='par_1_118' title="bbox 502 5581 2107 5656">
     <span class='ocr_line' id='line_1_119' title="bbox 502 5581 2107 5656; baseline -0.006 -13"><span class='ocrx_word' id='word_1_869' title='bbox 502 5581 832 5656; x_wconf 56' lang='lat' dir='ltr'><strong>pandentia:</strong></span> <span class='ocrx_word' id='word_1_870' title='bbox 858 5581 1137 5656; x_wconf 86' lang='lat' dir='ltr'><strong>ejusmodi</strong></span> <span class='ocrx_word' id='word_1_871' title='bbox 1155 5591 1584 5656; x_wconf 87' lang='lat' dir='ltr'><strong>contemptorem</strong></span> <span class='ocrx_word' id='word_1_872' title='bbox 1612 5598 1712 5637; x_wconf 88' lang='lat' dir='ltr'><strong>non</strong></span> <span class='ocrx_word' id='word_1_873' title='bbox 1754 5583 1879 5638; x_wconf 80' lang='lat' dir='ltr'><strong>levis</strong></span> <span class='ocrx_word' id='word_1_874' title='bbox 1909 5585 2107 5654; x_wconf 78' lang='lat' dir='ltr'><strong>peccati</strong></span> 
     </span>
    </p>
   </div>
   <div class='ocr_carea' id='block_1_119' title="bbox 500 5654 1463 5728">
    <p class='ocr_par' dir='ltr' id='par_1_119' title="bbox 500 5654 1463 5728">
     <span class='ocr_line' id='line_1_120' title="bbox 500 5654 1463 5728; baseline -0.009 -15"><span class='ocrx_word' id='word_1_875' title='bbox 500 5654 653 5713; x_wconf 78' lang='lat' dir='ltr'><strong>reum</strong></span> <span class='ocrx_word' id='word_1_876' title='bbox 686 5654 944 5728; x_wconf 87' lang='lat' dir='ltr'><strong>peragere</strong></span> <span class='ocrx_word' id='word_1_877' title='bbox 972 5671 1083 5712; x_wconf 92' lang='lat' dir='ltr'><strong>non</strong></span> <span class='ocrx_word' id='word_1_878' title='bbox 1109 5654 1463 5728; x_wconf 72' lang='lat' dir='ltr'><strong>dubitaverit.</strong></span> 
     </span>
    </p>
   </div>
   <div class='ocr_carea' id='block_1_120' title="bbox 571 5724 1708 5798">
    <p class='ocr_par' dir='ltr' id='par_1_120' title="bbox 571 5724 1708 5798">
     <span class='ocr_line' id='line_1_121' title="bbox 571 5724 1708 5798; baseline -0.002 -17"><span class='ocrx_word' id='word_1_879' title='bbox 571 5728 653 5798; x_wconf 84' lang='lat'><strong>(6)</strong></span> <span class='ocrx_word' id='word_1_880' title='bbox 688 5724 841 5783; x_wconf 48' lang='lat' dir='ltr'><strong>Mss:</strong></span> <span class='ocrx_word' id='word_1_881' title='bbox 857 5728 1145 5783; x_wconf 78' lang='lat' dir='ltr'><strong>Rcmensis</strong></span> <span class='ocrx_word' id='word_1_882' title='bbox 1173 5740 1226 5781; x_wconf 92' lang='lat' dir='ltr'><strong>ct</strong></span> <span class='ocrx_word' id='word_1_883' title='bbox 1259 5727 1398 5798; x_wconf 60' lang='lat' dir='ltr'><strong>van,</strong></span> <span class='ocrx_word' id='word_1_884' title='bbox 1428 5724 1708 5798; x_wconf 75' lang='lat' dir='ltr'><strong>receperit.</strong></span> 
     </span>
    </p>
   </div>
   <div class='ocr_carea' id='block_1_121' title="bbox 584 5796 2106 5874">
    <p class='ocr_par' dir='ltr' id='par_1_121' title="bbox 584 5796 2106 5874">
     <span class='ocr_line' id='line_1_122' title="bbox 584 5796 2106 5874; baseline 0.001 -23"><span class='ocrx_word' id='word_1_885' title='bbox 584 5796 669 5871; x_wconf 83' lang='lat'><strong>(7)</strong></span> <span class='ocrx_word' id='word_1_886' title='bbox 728 5803 783 5857; x_wconf 81' lang='lat' dir='ltr'><strong>Si</strong></span> <span class='ocrx_word' id='word_1_887' title='bbox 841 5801 1093 5857; x_wconf 87' lang='lat' dir='ltr'><strong>nimirum</strong></span> <span class='ocrx_word' id='word_1_888' title='bbox 1152 5797 1527 5874; x_wconf 80' lang='lat' dir='ltr'><strong>baptistnalent</strong></span> <span class='ocrx_word' id='word_1_889' title='bbox 1560 5796 1943 5855; x_wconf 82' lang='lat' dir='ltr'><strong>innocentiam</strong></span> <span class='ocrx_word' id='word_1_890' title='bbox 2008 5812 2106 5852; x_wconf 83' lang='lat' dir='ltr'><strong>seu</strong></span> 
     </span>
    </p>
   </div>
   <div class='ocr_carea' id='block_1_122' title="bbox 2216 4784 3775 4877">
    <p class='ocr_par' dir='ltr' id='par_1_122' title="bbox 2216 4784 3775 4877">
     <span class='ocr_line' id='line_1_123' title="bbox 2216 4784 3775 4877; baseline 0.008 -27"><span class='ocrx_word' id='word_1_891' title='bbox 2216 4784 2697 4877; x_wconf 45' lang='lat' dir='ltr'><strong>genérﬂoccludunt</strong></span> <span class='ocrx_word' id='word_1_892' title='bbox 2721 4837 2736 4859; x_wconf 90' lang='lat'><strong>,</strong></span> <span class='ocrx_word' id='word_1_893' title='bbox 2764 4815 2826 4851; x_wconf 86' lang='lat' dir='ltr'><strong>ne</strong></span> <span class='ocrx_word' id='word_1_894' title='bbox 2853 4798 2975 4877; x_wconf 61' lang='lat' dir='ltr'><strong>quid</strong></span> <span class='ocrx_word' id='word_1_895' title='bbox 3004 4796 3100 4877; x_wconf 74' lang='lat' dir='ltr'><strong>illo</strong></span> <span class='ocrx_word' id='word_1_896' title='bbox 3129 4784 3208 4851; x_wconf 65' lang='lat' dir='ltr'><strong>&#39;vel</strong></span> <span class='ocrx_word' id='word_1_897' title='bbox 3237 4784 3503 4877; x_wconf 57' lang='grc' dir='ltr'><strong>[νὶυόιιέζηρ</strong></span> <span class='ocrx_word' id='word_1_898' title='bbox 3534 4784 3775 4877; x_wconf 33' lang='lat' dir='ltr'><strong>inde}???</strong></span> 
     </span>
    </p>
   </div>
   <div class='ocr_carea' id='block_1_123' title="bbox 2214 4859 3779 4940">
    <p class='ocr_par' dir='ltr' id='par_1_123' title="bbox 2214 4859 3779 4940">
     <span class='ocr_line' id='line_1_124' title="bbox 2214 4859 3779 4940; baseline -0.005 -18"><span class='ocrx_word' id='word_1_899' title='bbox 2214 4859 2526 4934; x_wconf 60' lang='lat' dir='ltr'><strong>Excluditur,</strong></span> <span class='ocrx_word' id='word_1_900' title='bbox 2554 4859 3056 4924; x_wconf 52' lang='lat' dir='ltr'><strong>revertatur.&#39;l‘aulo</strong></span> <span class='ocrx_word' id='word_1_901' title='bbox 3084 4879 3204 4938; x_wconf 88' lang='lat' dir='ltr'><strong>post</strong></span> <span class='ocrx_word' id='word_1_902' title='bbox 3236 4859 3372 4924; x_wconf 80' lang='lat' dir='ltr'><strong>ittss.</strong></span> <span class='ocrx_word' id='word_1_903' title='bbox 3406 4868 3606 4923; x_wconf 85' lang='lat' dir='ltr'><strong>Tolent.</strong></span> <span class='ocrx_word' id='word_1_904' title='bbox 3627 4872 3672 4917; x_wconf 86' lang='lat' dir='ltr'><strong>et</strong></span> <span class='ocrx_word' id='word_1_905' title='bbox 3700 4859 3779 4940; x_wconf 53' lang='lat' dir='ltr'><strong>Ya-</strong></span> 
     </span>
    </p>
   </div>
   <div class='ocr_carea' id='block_1_124' title="bbox 2217 4930 3776 5012">
    <p class='ocr_par' dir='ltr' id='par_1_124' title="bbox 2217 4930 3776 5012">
     <span class='ocr_line' id='line_1_125' title="bbox 2217 4930 3776 5012; baseline -0.007 -20"><span class='ocrx_word' id='word_1_906' title='bbox 2217 4941 2333 5012; x_wconf 84' lang='lat' dir='ltr'><strong>tic.,</strong></span> <span class='ocrx_word' id='word_1_907' title='bbox 2360 4930 2684 5012; x_wconf 80' lang='lat' dir='ltr'><strong>peccatorum</strong></span> <span class='ocrx_word' id='word_1_908' title='bbox 2714 4955 2809 5009; x_wconf 89' lang='lat' dir='ltr'><strong>pro</strong></span> <span class='ocrx_word' id='word_1_909' title='bbox 2838 4930 3120 5012; x_wconf 74' lang='lat' dir='ltr'><strong>pertortmi,</strong></span> <span class='ocrx_word' id='word_1_910' title='bbox 3150 4947 3207 4995; x_wconf 88' lang='lat' dir='ltr'><strong>et</strong></span> <span class='ocrx_word' id='word_1_911' title='bbox 3238 4957 3343 4995; x_wconf 87' lang='lat' dir='ltr'><strong>tns.</strong></span> <span class='ocrx_word' id='word_1_912' title='bbox 3372 4940 3492 4997; x_wconf 85' lang='lat' dir='ltr'><strong>Tol.</strong></span> <span class='ocrx_word' id='word_1_913' title='bbox 3525 4954 3634 4993; x_wconf 90' lang='lat' dir='ltr'><strong>cunt</strong></span> <span class='ocrx_word' id='word_1_914' title='bbox 3670 4930 3776 4987; x_wconf 84' lang='lat' dir='ltr'><strong>edit.</strong></span> 
     </span>
    </p>
   </div>
   <div class='ocr_carea' id='block_1_125' title="bbox 2215 5011 3704 5088">
    <p class='ocr_par' dir='ltr' id='par_1_125' title="bbox 2215 5011 3704 5088">
     <span class='ocr_line' id='line_1_126' title="bbox 2215 5011 3704 5088; baseline -0.001 -21"><span class='ocrx_word' id='word_1_915' title='bbox 2215 5011 2350 5088; x_wconf 68' lang='lat' dir='ltr'><strong>Ven.</strong></span> <span class='ocrx_word' id='word_1_916' title='bbox 2383 5011 2665 5088; x_wconf 69' lang='lat' dir='ltr'><strong>occludunt</strong></span> <span class='ocrx_word' id='word_1_917' title='bbox 2695 5027 2790 5088; x_wconf 79' lang='lat' dir='ltr'><strong>pro</strong></span> <span class='ocrx_word' id='word_1_918' title='bbox 2817 5011 3143 5088; x_wconf 65' lang='lat' dir='ltr'><strong>occludunt._</strong></span> <span class='ocrx_word' id='word_1_919' title='bbox 3266 5082 3310 5088; x_wconf 83' lang='lat'><strong>__</strong></span> <span class='ocrx_word' id='word_1_920' title='bbox 3352 5083 3365 5088; x_wconf 86' lang='lat'><em>_</em></span> <span class='ocrx_word' id='word_1_921' title='bbox 3442 5080 3487 5088; x_wconf 74' lang='lat'><strong>__</strong></span> <span class='ocrx_word' id='word_1_922' title='bbox 3595 5078 3633 5088; x_wconf 43' lang='grc' dir='ltr'>κ</span> <span class='ocrx_word' id='word_1_923' title='bbox 3665 5075 3704 5088; x_wconf 47' lang='grc' dir='ltr'>Η</span> 
     </span>
    </p>
   </div>
   <div class='ocr_carea' id='block_1_126' title="bbox 2290 5078 3774 5155">
    <p class='ocr_par' dir='ltr' id='par_1_126' title="bbox 2290 5078 3774 5155">
     <span class='ocr_line' id='line_1_127' title="bbox 2290 5078 3774 5155; baseline -0.001 -18"><span class='ocrx_word' id='word_1_924' title='bbox 2290 5081 2370 5155; x_wconf 80' lang='lat'><strong>(5)</strong></span> <span class='ocrx_word' id='word_1_925' title='bbox 2402 5078 2717 5155; x_wconf 55' lang='lat' dir='ltr'><strong>Legebatur:</strong></span> <span class='ocrx_word' id='word_1_926' title='bbox 2725 5084 2779 5138; x_wconf 88' lang='lat' dir='ltr'><strong>in</strong></span> <span class='ocrx_word' id='word_1_927' title='bbox 2800 5100 2880 5148; x_wconf 87' lang='lat' dir='ltr'><strong>eo,</strong></span> <span class='ocrx_word' id='word_1_928' title='bbox 2905 5083 3000 5138; x_wconf 88' lang='lat' dir='ltr'><strong>sed</strong></span> <span class='ocrx_word' id='word_1_929' title='bbox 3025 5082 3241 5139; x_wconf 80' lang='lat' dir='ltr'><strong>codices</strong></span> <span class='ocrx_word' id='word_1_930' title='bbox 3266 5082 3418 5151; x_wconf 86' lang='lat' dir='ltr'><strong>Tol.,</strong></span> <span class='ocrx_word' id='word_1_931' title='bbox 3442 5078 3774 5155; x_wconf 68' lang='grc' dir='ltr'>ινιιι..ι]τι›ιιι..</span> 
     </span>
    </p>
   </div>
   <div class='ocr_carea' id='block_1_127' title="bbox 2218 5140 3778 5232">
    <p class='ocr_par' dir='ltr' id='par_1_127' title="bbox 2218 5140 3778 5232">
     <span class='ocr_line' id='line_1_128' title="bbox 2218 5140 3778 5232; baseline -0.003 -23"><span class='ocrx_word' id='word_1_932' title='bbox 2218 5140 2434 5232; x_wconf 59' lang='grc' dir='ltr'>Ροῖιιίιη</span> <span class='ocrx_word' id='word_1_933' title='bbox 2467 5140 2562 5223; x_wconf 77' lang='lat' dir='ltr'><strong>Sp.</strong></span> <span class='ocrx_word' id='word_1_934' title='bbox 2591 5166 2645 5212; x_wconf 87' lang='lat' dir='ltr'><strong>et</strong></span> <span class='ocrx_word' id='word_1_935' title='bbox 2687 5154 2817 5211; x_wconf 88' lang='lat' dir='ltr'><strong>Zen.</strong></span> <span class='ocrx_word' id='word_1_936' title='bbox 2848 5140 2901 5209; x_wconf 76' lang='lat' dir='ltr'><strong>in</strong></span> <span class='ocrx_word' id='word_1_937' title='bbox 2936 5172 3020 5210; x_wconf 89' lang='lat' dir='ltr'><strong>reo</strong></span> <span class='ocrx_word' id='word_1_938' title='bbox 3059 5156 3344 5232; x_wconf 69' lang='lat' dir='ltr'><strong>scribunt,</strong></span> <span class='ocrx_word' id='word_1_939' title='bbox 3376 5140 3433 5212; x_wconf 74' lang='lat' dir='ltr'><strong>et</strong></span> <span class='ocrx_word' id='word_1_940' title='bbox 3462 5149 3778 5232; x_wconf 53' lang='lat' dir='ltr'><strong>idipsuntltgl-</strong></span> 
     </span>
    </p>
   </div>
   <div class='ocr_carea' id='block_1_128' title="bbox 2221 5226 3777 5297">
    <p class='ocr_par' dir='ltr' id='par_1_128' title="bbox 2221 5226 3777 5297">
     <span class='ocr_line' id='line_1_129' title="bbox 2221 5226 3777 5297; baseline -0.003 -18"><span class='ocrx_word' id='word_1_941' title='bbox 2221 5226 2347 5280; x_wconf 85' lang='lat' dir='ltr'><strong>bent</strong></span> <span class='ocrx_word' id='word_1_942' title='bbox 2370 5242 2559 5281; x_wconf 88' lang='lat' dir='ltr'><strong>omnes</strong></span> <span class='ocrx_word' id='word_1_943' title='bbox 2587 5242 2709 5282; x_wconf 88' lang='lat' dir='ltr'><strong>cum</strong></span> <span class='ocrx_word' id='word_1_944' title='bbox 2742 5243 2874 5281; x_wconf 89' lang='lat' dir='ltr'><strong>mss.</strong></span> <span class='ocrx_word' id='word_1_945' title='bbox 2913 5237 3023 5281; x_wconf 88' lang='lat' dir='ltr'><strong>tum</strong></span> <span class='ocrx_word' id='word_1_946' title='bbox 3051 5226 3179 5283; x_wconf 88' lang='lat' dir='ltr'><strong>editi</strong></span> <span class='ocrx_word' id='word_1_947' title='bbox 3208 5234 3440 5283; x_wconf 86' lang='lat' dir='ltr'><strong>tractatu</strong></span> <span class='ocrx_word' id='word_1_948' title='bbox 3462 5226 3707 5297; x_wconf 87' lang='lat' dir='ltr'><strong>sequenti,</strong></span> <span class='ocrx_word' id='word_1_949' title='bbox 3734 5232 3777 5269; x_wconf 81' lang='lat' dir='ltr'><strong>In</strong></span> 
     </span>
    </p>
   </div>
   <div class='ocr_carea' id='block_1_129' title="bbox 2216 5297 3779 5378">
    <p class='ocr_par' dir='ltr' id='par_1_129' title="bbox 2216 5297 3779 5378">
     <span class='ocr_line' id='line_1_130' title="bbox 2216 5297 3779 5378; baseline -0.002 -25"><span class='ocrx_word' id='word_1_950' title='bbox 2216 5314 2324 5378; x_wconf 79' lang='lat' dir='ltr'><strong>quo</strong></span> <span class='ocrx_word' id='word_1_951' title='bbox 2353 5297 2495 5354; x_wconf 89' lang='lat' dir='ltr'><strong>idem</strong></span> <span class='ocrx_word' id='word_1_952' title='bbox 2536 5298 2624 5354; x_wconf 91' lang='lat' dir='ltr'><strong>hic</strong></span> <span class='ocrx_word' id='word_1_953' title='bbox 2646 5313 2838 5354; x_wconf 82' lang='lat' dir='ltr'><strong>sensus</strong></span> <span class='ocrx_word' id='word_1_954' title='bbox 2871 5298 3093 5354; x_wconf 87' lang='lat' dir='ltr'><strong>totidem</strong></span> <span class='ocrx_word' id='word_1_955' title='bbox 3124 5299 3627 5371; x_wconf 68' lang='lat' dir='ltr'><strong>verbis-expresws</strong></span> <span class='ocrx_word' id='word_1_956' title='bbox 3654 5305 3779 5362; x_wconf 67' lang='lat' dir='ltr'><strong>repc&#39;</strong></span> 
     </span>
    </p>
   </div>
   <div class='ocr_carea' id='block_1_130' title="bbox 2217 5380 2375 5424">
    <p class='ocr_par' dir='ltr' id='par_1_130' title="bbox 2217 5380 2375 5424">
     <span class='ocr_line' id='line_1_131' title="bbox 2217 5380 2375 5424; baseline 0.006 -1"><span class='ocrx_word' id='word_1_957' title='bbox 2217 5380 2375 5424; x_wconf 73' lang='lat' dir='ltr'><strong>l&#39;lllli‘.</strong></span> 
     </span>
    </p>
   </div>
   <div class='ocr_carea' id='block_1_131' title="bbox 2288 5436 3775 5513">
    <p class='ocr_par' dir='ltr' id='par_1_131' title="bbox 2288 5436 3775 5513">
     <span class='ocr_line' id='line_1_132' title="bbox 2288 5436 3775 5513; baseline -0.006 -18"><span class='ocrx_word' id='word_1_958' title='bbox 2288 5439 2367 5513; x_wconf 89' lang='lat'><strong>(6)</strong></span> <span class='ocrx_word' id='word_1_959' title='bbox 2399 5443 2472 5513; x_wconf 84' lang='lat' dir='ltr'><strong>De</strong></span> <span class='ocrx_word' id='word_1_960' title='bbox 2499 5442 2840 5498; x_wconf 84' lang='lat' dir='ltr'><strong>confessione</strong></span> <span class='ocrx_word' id='word_1_961' title='bbox 2861 5458 2890 5497; x_wconf 90' lang='lat' dir='ltr'><strong>a</strong></span> <span class='ocrx_word' id='word_1_962' title='bbox 2914 5442 3317 5498; x_wconf 88' lang='lat' dir='ltr'><strong>catechumenis</strong></span> <span class='ocrx_word' id='word_1_963' title='bbox 3345 5436 3775 5513; x_wconf 80' lang='lat' dir='ltr'><strong>antebaptismutn</strong></span> 
     </span>
    </p>
   </div>
   <div class='ocr_carea' id='block_1_132' title="bbox 2213 5509 3777 5587">
    <p class='ocr_par' dir='ltr' id='par_1_132' title="bbox 2213 5509 3777 5587">
     <span class='ocr_line' id='line_1_133' title="bbox 2213 5509 3777 5587; baseline 0.003 -22"><span class='ocrx_word' id='word_1_964' title='bbox 2213 5509 2394 5567; x_wconf 85' lang='lat' dir='ltr'><strong>habita</strong></span> <span class='ocrx_word' id='word_1_965' title='bbox 2426 5511 2513 5587; x_wconf 87' lang='lat' dir='ltr'><strong>hic</strong></span> <span class='ocrx_word' id='word_1_966' title='bbox 2542 5527 2721 5569; x_wconf 90' lang='lat' dir='ltr'><strong>sermo</strong></span> <span class='ocrx_word' id='word_1_967' title='bbox 2749 5525 2853 5580; x_wconf 89' lang='lat' dir='ltr'><strong>est,</strong></span> <span class='ocrx_word' id='word_1_968' title='bbox 2881 5529 3006 5570; x_wconf 91' lang='lat' dir='ltr'><strong>cum</strong></span> <span class='ocrx_word' id='word_1_969' title='bbox 3027 5515 3112 5587; x_wconf 79' lang='lat' dir='ltr'><strong>hic</strong></span> <span class='ocrx_word' id='word_1_970' title='bbox 3136 5522 3401 5569; x_wconf 85' lang='lat' dir='ltr'><strong>tractatus</strong></span> <span class='ocrx_word' id='word_1_971' title='bbox 3424 5511 3489 5587; x_wconf 88' lang='lat' dir='ltr'><strong>ad</strong></span> <span class='ocrx_word' id='word_1_972' title='bbox 3517 5509 3777 5587; x_wconf 61' lang='lat' dir='ltr'><strong>neophylt&#39;ii</strong></span> 
     </span>
    </p>
   </div>
   <div class='ocr_carea' id='block_1_133' title="bbox 2213 5581 3776 5659">
    <p class='ocr_par' dir='ltr' id='par_1_133' title="bbox 2213 5581 3776 5659">
     <span class='ocr_line' id='line_1_134' title="bbox 2213 5581 3776 5659; baseline 0 -23"><span class='ocrx_word' id='word_1_973' title='bbox 2213 5583 2745 5659; x_wconf 8' lang='lat' dir='ltr'><strong>recensgbaptizatos‘</strong></span> <span class='ocrx_word' id='word_1_974' title='bbox 2786 5587 2999 5642; x_wconf 85' lang='lat' dir='ltr'><strong>habitus</strong></span> <span class='ocrx_word' id='word_1_975' title='bbox 3031 5585 3214 5659; x_wconf 76' lang='lat' dir='ltr'><strong>fuerit,</strong></span> <span class='ocrx_word' id='word_1_976' title='bbox 3258 5595 3318 5659; x_wconf 89' lang='lat' dir='ltr'><strong>ut</strong></span> <span class='ocrx_word' id='word_1_977' title='bbox 3360 5601 3426 5641; x_wconf 75' lang='lat' dir='ltr'><strong>ex</strong></span> <span class='ocrx_word' id='word_1_978' title='bbox 3468 5581 3776 5659; x_wconf 69' lang='lat' dir='ltr'><strong>inscriptione</strong></span> 
     </span>
    </p>
   </div>
   <div class='ocr_carea' id='block_1_134' title="bbox 2210 5652 3777 5728">
    <p class='ocr_par' dir='ltr' id='par_1_134' title="bbox 2210 5652 3777 5728">
     <span class='ocr_line' id='line_1_135' title="bbox 2210 5652 3777 5728; baseline -0.003 -18"><span class='ocrx_word' id='word_1_979' title='bbox 2210 5661 2273 5728; x_wconf 78' lang='lat' dir='ltr'><strong>et</strong></span> <span class='ocrx_word' id='word_1_980' title='bbox 2297 5656 2401 5711; x_wconf 78' lang='lat' dir='ltr'><strong>[tne</strong></span> <span class='ocrx_word' id='word_1_981' title='bbox 2423 5652 2608 5728; x_wconf 76' lang='lat' dir='ltr'><strong>liquet.</strong></span> <span class='ocrx_word' id='word_1_982' title='bbox 2636 5658 2709 5713; x_wconf 86' lang='lat' dir='ltr'><strong>De</strong></span> <span class='ocrx_word' id='word_1_983' title='bbox 2735 5657 2837 5714; x_wconf 90' lang='lat' dir='ltr'><strong>hac</strong></span> <span class='ocrx_word' id='word_1_984' title='bbox 2871 5672 3032 5728; x_wconf 90' lang='lat' dir='ltr'><strong>porro</strong></span> <span class='ocrx_word' id='word_1_985' title='bbox 3061 5656 3407 5714; x_wconf 84' lang='lat' dir='ltr'><strong>confessione</strong></span> <span class='ocrx_word' id='word_1_986' title='bbox 3428 5656 3553 5712; x_wconf 89' lang='lat' dir='ltr'><strong>satis</strong></span> <span class='ocrx_word' id='word_1_987' title='bbox 3574 5652 3777 5709; x_wconf 76' lang='lat' dir='ltr'><strong>diximus</strong></span> 
     </span>
    </p>
   </div>
   <div class='ocr_carea' id='block_1_135' title="bbox 2211 5725 3755 5797">
    <p class='ocr_par' dir='ltr' id='par_1_135' title="bbox 2211 5725 3755 5797">
     <span class='ocr_line' id='line_1_136' title="bbox 2211 5725 3755 5797; baseline 0.003 -19"><span class='ocrx_word' id='word_1_988' title='bbox 2211 5726 2393 5780; x_wconf 86' lang='lat' dir='ltr'><strong>adnot.</strong></span> <span class='ocrx_word' id='word_1_989' title='bbox 2430 5725 2465 5780; x_wconf 72' lang='grc'>4</span> <span class='ocrx_word' id='word_1_990' title='bbox 2487 5725 2544 5780; x_wconf 89' lang='lat' dir='ltr'><strong>itt</strong></span> <span class='ocrx_word' id='word_1_991' title='bbox 2578 5725 3314 5797; x_wconf 74' lang='lat' dir='ltr'><strong>tractatumpra-cedentem.</strong></span> <span class='ocrx_word' id='word_1_992' title='bbox 3745 5786 3755 5795; x_wconf 56' lang='grc'><strong>,</strong></span> 
     </span>
    </p>
   </div>
   <div class='ocr_carea' id='block_1_136' title="bbox 2283 5798 3775 5876">
    <p class='ocr_par' dir='ltr' id='par_1_136' title="bbox 2283 5798 3775 5876">
     <span class='ocr_line' id='line_1_137' title="bbox 2283 5798 3775 5876; baseline -0.004 -24"><span class='ocrx_word' id='word_1_993' title='bbox 2283 5798 2364 5871; x_wconf 84' lang='grc'><strong>(7)</strong></span> <span class='ocrx_word' id='word_1_994' title='bbox 2386 5798 2631 5873; x_wconf 75' lang='lat' dir='ltr'><strong>Intelligo</strong></span> <span class='ocrx_word' id='word_1_995' title='bbox 2660 5818 2759 5859; x_wconf 85' lang='lat' dir='ltr'><strong>non</strong></span> <span class='ocrx_word' id='word_1_996' title='bbox 2792 5803 3017 5857; x_wconf 81' lang='lat' dir='ltr'><strong>cernitur</strong></span> <span class='ocrx_word' id='word_1_997' title='bbox 3047 5818 3357 5876; x_wconf 80' lang='lat' dir='ltr'><strong>percussor,</strong></span> <span class='ocrx_word' id='word_1_998' title='bbox 3387 5816 3475 5855; x_wconf 75' lang='lat' dir='ltr'><strong>iter</strong></span> <span class='ocrx_word' id='word_1_999' title='bbox 3501 5803 3775 5873; x_wconf 79' lang='lat' dir='ltr'><strong>percussam</strong></span> 
     </span>
    </p>
   </div>
  </div>
