3926 6328
439 258 546 315 495

1804 249 2050 308 SANCTI
2087 249 2378 310 ZENONIS

3605 263 3688 321 496

438 373 654 428 infudit.
674 371 820 427 Idem
849 384 953 424 non
975 367 1212 424 tumidus
1225 366 1456 431 cervice,
1486 379 1594 422 non
1619 374 1804 420 torvus
1832 365 2030 431 fronte,
2061 363 2115 425 Α
2140 383 2231 435 per
2259 369 2398 437 quod
2427 370 2660 440 poteritis
2690 385 2865 424 omnes
2893 373 3108 441 sagittas
3123 370 3268 425 illius
3293 373 3433 438 mali,
3463 390 3568 445 qum
3593 390 3694 433 sunt

441 481 550 522 non
585 466 764 520 minax
790 478 956 518 cornu
980 461 1214 524 Taurus,
1243 460 1336 515 sed
1367 460 1626 530 optimus,
1659 459 1857 522 dulcis,
1883 457 2040 512 blan-

443 557 546 613 dus
587 573 650 612 ac
681 557 828 610 mitis
857 571 954 610 vos
984 555 1240 610 admouet
1269 552 1347 625 (9)
1393 553 1633 618 Vitulus,
1667 562 1725 604 ut
1757 549 1900 604 nulla
1930 549 2038 605 ullo

442 649 497 704 in
525 664 689 720 opere
716 656 996 718 captantes
1022 647 1265 717 auguria,
1299 645 1416 716 ejus
1457 645 1574 699 sine
1611 643 1811 711 malitia
1850 656 2039 698 succe-

442 747 634 802 dentes
666 747 816 818 jugo,
854 759 1164 816 terramque
1204 753 1401 800 vestra:
1436 742 1616 798 carnis
1655 740 1928 796 domando
1957 740 2037 795 fe-

440 839 766 902 cundantes,
800 838 977 893 laetam
1019 838 1324 893 divinorum
1356 837 1625 891 seminum
1669 849 1899 890 messem
1928 848 2036 889 co:-

441 932 668 988 lestibus
691 931 904 986 horreis
921 931 1190 987 inferalis.
1221 931 1285 986 Et
1305 931 1561 985 admonet
1587 929 2040 1000 prosequentibus

439 1023 717 1089 Geminis,
749 1023 799 1079 id
829 1033 912 1080 est
959 1023 1173 1079 duobus
1221 1023 1458 1078 salutare
1505 1023 1826 1078 canentibus
1875 1031 2041 1076 testa-

438 1121 660 1181 mentis,
695 1125 752 1171 ut
779 1116 1150 1187 principaliter
1177 1114 1564 1180 idololatriam,
1614 1115 1998 1184 impudicitiam
2022 1155 2036 1180 ,

441 1210 836 1279 avaritiamque
882 1209 1136 1280 fugiatis,
1178 1224 1301 1279 quae
1331 1217 1413 1263 est
1460 1208 1776 1280 incu_rabilis
1818 1223 2036 1262 cancer.

438 1302 552 1359 Leo
595 1276 774 1360 autem
824 1276 1031 1367 noster,
1072 1276 1214 1356 sicut
1243 1301 1474 1358 Genesis
1524 1276 2035 1370 prbtestaturwen.

438 1413 585 1460 xux,
619 1395 700 1467 9),
723 1397 896 1450 leonis
912 1403 996 1450 est
1024 1395 1258 1459 catulus,
1290 1394 1444 1465 cujus
1466 1395 1565 1448 ista
1591 1394 1672 1464 pia
1701 1404 2039 1450 sacramenta

437 1491 801 1553 celebramus,
857 1488 948 1558 qui
998 1486 1064 1542 ad
1123 1487 1226 1543 hoc
1268 1487 1534 1542 recubans
1575 1486 1932 1548 obdormivit,
1982 1496 2038 1543 ut

2141 463 2258 532 igne
2284 462 2471 531 plente,
2503 463 2803 534 extinguere
2841 463 3037 534 (Ep/ws
3077 480 3151 525 vr,
3203 465 3311 535 11).
3347 467 3459 538 (ιῖ)
3489 467 3534 521 Is
3571 471 3694 525 enim

2142 552 2451 609 infelicibus
2509 568 2616 609 non
2657 569 2978 624 numquam
3046 555 3289 610 immittit
3341 557 3696 627 Capricoruum

2142 647 2292 700 vultu
2320 643 2644 713 deformem,
2669 656 2724 701 et
2753 662 2846 716 per
2868 661 3036 702 cornu
3068 647 3311 702 exilioris
3337 647 3482 703 labra
3509 649 3697 707 liventia

2142 739 2515 812 spumantibus
2539 741 2690 794 venis
2715 738 3003 805 ebulliens,
3031 739 3326 809 palpitante
3352 742 3500 796 ruina
3527 745 3702 813 captivi

2142 842 2254 890 tota
2292 832 2680 888 miserabiliter
2712 847 2806 902 per
2836 833 3079 888 membra
3102 833 3342 888 desaevit.
3377 835 3518 889 Alios
3545 850 3703 891 amen-

2145 935 2247 994 tes,
2279 926 2418 980 alios
2449 925 2700 987 furiosos,
2737 925 2872 980 alios
2904 925 3227 991 homicidas,
3263 925 3399 980 alios
3434 926 3702 996 adulteros,

2143 1021 2278 1075 alios
2301 1020 2616 1088 sacrilegos,
2657 1019 2797 1072 alios
2827 1019 3052 1073 avaritia
3081 1019 3246 1074 efficit
3270 1033 3463 1074 caecos.
3489 1020 3701 1092 Longum

2143 1122 2226 1168 est
2255 1113 2332 1168 ire
2378 1128 2472 1181 per
2499 1112 2732 1182 singula.
2764 1109 2956 1165 Varias
2986 1120 3148 1180 atque
3196 1110 3602 1166 innumerabiles
3629 1128 3707 1168 no-

2143 1207 2298 1264 cendi
2327 1217 2474 1262 artes
2513 1205 2713 1262 habet:
2744 1205 2839 1260 sed
2869 1205 2966 1259 has
2991 1218 3180 1259 omnes
3206 1203 3435 1259 salutari
3463 1204 3707 1274 profluens

2145 1299 2260 1372 (15)
2288 1314 2448 1354 amne
2495 1313 2602 1352 non
2647 1311 2977 1368 magnopere
3014 1303 3200 1351 noster
3245 1295 3510 1365 Aquarius
3551 1296 3708 1354 delere

2143 1392 2458 1458 consuevit;
2486 1406 2644 1462 quem
2665 1389 2972 1445 necessario
2991 1404 3097 1443 uno
3112 1398 3413 1459 sequuntur
3427 1387 3530 1443 duo
3549 1387 3708 1445 Pisces

2146 1487 2200 1542 in
2232 1485 2406 1556 signo,
2441 1483 2493 1538 id
2535 1491 2618 1538 est
2657 1481 2766 1537 duo
2796 1498 2861 1537 ex
2887 1480 3088 1536 Iudaeis
3133 1489 3192 1537 et
3237 1478 3499 1536 Gentibus
3521 1481 3708 1550 populi.

436 1585 682 1639 vinceret
711 1590 969 1646 mortem;
997 1580 1065 1635 ad
1098 1580 1200 1636 hoc
1239 1580 1534 1650 evigilavit,
1564 1589 1622 1634 ut
1648 1581 1825 1636 beatae
1853 1593 2040 1636 resur-

437 1679 698 1735 rectionis
728 1692 838 1731 sum
870 1676 922 1730 in
946 1689 1044 1729 nos
1067 1689 1263 1728 munus
1289 1673 1712 1728 immortalitatis
1744 1672 2036 1728 conferret.

437 1768 607 1838 Quem
640 1775 1016 1838 competenter
1044 1767 1289 1836 sequitur
1337 1765 1498 1835 Virgo
1529 1767 1904 1835 praenuntians
1949 1765 2041 1820 Li-
2071 1784 2119 1843 Β

432 1861 612 1928 bram,
632 1870 688 1916 ut
718 1874 1070 1915 nosceremus
1101 1857 1217 1931 (10)
1239 1858 1330 1913 Dei
1360 1873 1456 1928 per
1482 1857 1705 1924 Filium,
1740 1859 1830 1929 qui
1859 1859 2034 1914 incar-

2145 1581 2482 1652 baptismatis
2509 1593 2646 1648 aqua
2671 1579 2934 1643 viventes,
2967 1577 3018 1631 in
3049 1591 3216 1632 unum
3250 1577 3509 1648 populum
3532 1576 3710 1632 Christi

2147 1691 2254 1731 uno
2286 1674 2442 1746 signo
2473 1670 2689 1744 signati.
3289 1687 3292 1692 ·

2219 1778 2221 1780 '
2631 1761 3048 1820 TRACTATUS
3074 1761 3262 1819 XLIV.

2426 1861 2506 1933 (I)
2537 1858 2616 1913 Ad
2659 1855 2964 1927 Neaphytos
2991 1865 3104 1928 post
3135 1857 3394 1925 baptisma
3420 1855 3526 1911 VII.

435 1964 596 2010 natus
624 1954 894 2024 processit
922 1968 988 2008 ex
1035 1951 1247 2021 virgine
1268 1992 1282 2016 ,
1327 1951 1638 2021 :equitatem
1667 1951 2044 2020 justitiamque

436 2049 603 2104 terris
630 2048 832 2101 illatam
859 2063 871 2098 :
905 2060 1062 2115 quam
1095 2043 1187 2114 qui
1217 2052 1529 2098 constanter
1558 2046 1797 2098 tenuerit
1821 2057 1883 2098 ac
1911 2042 2046 2098 fide-

438 2140 563 2196 liter
609 2137 1023 2203 ministraverit,
1078 2151 1185 2190 non
1229 2136 1405 2192 dicam
1468 2136 1860 2205 Scorpionem,
1913 2135 2044 2201 sed,

439 2233 581 2289 sicut
635 2232 893 2286 Dominus
947 2231 1024 2284 ait
1089 2230 1142 2283 in
1193 2230 1519 2300 Evangelio,
1570 2245 1764 2284 omnes
1819 2230 2046 2285 omnino

439 2333 726 2396 serpentes
751 2324 916 2378 illaesa
942 2324 1120 2394 planta
1145 2323 1399 2378 calcabit.
1434 2323 1539 2379 Sed
1565 2321 1728 2396 264
1748 2338 1846 2378 nec
1869 2324 2044 2392 ipsum

437 2432 654 2489 quoque
685 2417 995 2482 diabolum,
1026 2417 1117 2487 qui
1145 2431 1273 2472 vere
1316 2418 1402 2470 est
1451 2417 1750 2472 acerrimus
1811 2418 2048 2487 Sagitta-

436 2512 573 2572 rius,
608 2507 917 2564 formidabit
945 2523 1200 2578 umquam
1222 2549 1236 2572 ,
1270 2508 1435 2563 variis
1475 2518 1638 2579 atque
1667 2511 1838 2579 igneis
1878 2510 2046 2580 sagit-

440 2604 511 2658 tis
528 2604 642 2676 (11)
665 2613 923 2666 armatus,
948 2602 1116 2656 totius
1134 2602 1353 2656 humani
1374 2602 1589 2671 generis
1603 2604 1753 2658 omni
1771 2611 2046 2657 momento

437 2695 602 2752 corda
632 2680 962 2765 distringens
998 2711 1009 2746 :
1045 2701 1269 2764 propter
1299 2692 1438 2764 quod
1471 2692 1550 2748 sic
1582 2693 1780 2748 Paulus
1814 2697 2046 2764 Aposto-

437 2788 523 2843 lus
553 2788 630 2842 ait
663 2805 676 2841 :
707 2785 919 2840 Induite
957 2801 1046 2840 vos
1074 2795 1396 2840 armaturam
1441 2784 1568 2852 Dei,
1615 2795 1670 2838 ut
1708 2786 1916 2855 possitis
1957 2803 2044 2841 vos

438 2889 674 2934 constare
699 2879 944 2933 adversm
964 2879 1221 2946 nequitias
1243 2878 1458 2943 diaboli,
1484 2889 1693 2948 accepto
1722 2889 1868 2934 scuto
1897 2880 2040 2951 ﬁdei,

441 3026 553 3084 cari
579 3026 812 3091 videtur,
841 3025 1086 3080 diximus
1109 3024 1295 3080 adnot.
1325 3025 1354 3077 7
1387 3026 1437 3079 in
1469 3034 1624 3080 tract.
1657 3025 1748 3087 52,
1777 3034 1831 3081 et
1857 3026 2042 3081 adnot.

445 3100 501 3160 5,
533 3098 589 3153 in
617 3109 776 3152 tract.
806 3096 898 3151 42.
937 3095 1068 3151 Heic
1095 3107 1276 3150 autem
1320 3097 1400 3150 lac
1442 3101 1642 3150 beatum
1683 3097 1789 3151 dici
1833 3097 2050 3152 videtur

445 3169 644 3225 Christi
688 3170 932 3236 sanguis,
964 3168 1055 3239 qui
1087 3168 1420 3236 baptizandis
1448 3175 1724 3236 tamquam
1754 3169 2048 3225 infantibus

2389 1955 2484 2009 Die
2512 1951 2785 2008 dominico
2812 1949 2880 2004 de
2910 1949 3320 2020 comparatione
3348 1948 3531 2004 tritici.

2220 2051 2258 2105 I.
2313 2047 2654 2109 Exultemus,
2688 2042 2905 2106 fratres,
2957 2043 3009 2096 in
3053 2041 3297 2107 Christo,
3347 2041 3580 2112 tantique
3616 2057 3722 2112 pro.

2152 2155 2348 2200 ventus
2369 2139 2594 2207 redditu
2626 2137 2810 2202 ditati,
2843 2136 2957 2190 Deo
2991 2136 3126 2200 patri
3169 2135 3532 2204 omnipotenti
3567 2134 3724 2188 laudes

2148 2245 2204 2293 et
2226 2234 2426 2306 gratias
2465 2232 2805 2295 referamus;
2831 2231 2918 2298 qui
2951 2227 3112 2300 265
3151 2227 3381 2295 zizania,
3410 2228 3607 2295 lolium,
3630 2227 3725 2298 lap-

2149 2343 2268 2400 pas,
2294 2325 2522 2382 tribulos
2553 2326 2602 2378 in
2630 2325 2750 2378 lzeta
2782 2321 3047 2377 frumenta
3073 2322 3344 2390 mutavit,
3370 2337 3486 2394 qua:
3512 2321 3724 2392 diligenti

2151 2425 2300 2479 cultu
2340 2429 2587 2490 purgata,
2628 2418 2957 2487 molarisque
2985 2415 3180 2486 lapidis
3219 2417 3310 2486 pio
3361 2415 3592 2486 pondere
3629 2415 3728 2470 feli-

2151 2516 2290 2570 citer
2335 2513 2526 2576 fracta,
2579 2509 2959 2566 ordinabiliter
3009 2510 3092 2583 (2)
3139 2518 3312 2578 creta,
3367 2511 3510 2566 omni
3553 2509 3728 2566 furfure

2155 2608 2392 2675 abjecto,
2425 2605 2653 2660 mirifico
2685 2604 2975 2674 Splendore
2998 2605 3051 2659 in
3079 2605 3310 2659 farinam
3339 2589 3728 2660 candidam'mi-

2150 2712 2414 2765 cuerum;
2469 2714 2589 2767 quae
2639 2699 2792 2754 nullo
2841 2699 3144 2754 adulterata
3197 2700 3469 2756 fermento
3514 2708 3611 2765 est,
3656 2697 3725 2771 (5)

2156 2808 2443 2864 conspersa
2486 2809 2549 2849 ac
2575 2793 2796 2849 subacta
2822 2793 3130 2864 diligenter.
3163 2794 3253 2849 Sal
3285 2795 3516 2852 inditum
3541 2805 3614 2850 est
3635 2793 3728 2858 illi;

2154 2887 2384 2958 levigata
2427 2895 2510 2941 est
2550 2886 2672 2940 oleo
2705 2884 2784 2958 (4)
2815 2885 3079 2954 cremiali,
3107 2885 3304 2942 officiis
3333 2870 3733 2960 competentibus

2155 3030 2317 3084 lectio
2358 3029 2438 3082 vel
2470 3043 2610 3083 nunc
2638 3026 2884 3100 paSehali
2911 3037 3154 3098 tempore
3196 3030 3416 3100 legitur.
3451 3029 3556 3100 llae
3597 3025 3729 3098 panis

2155 3101 2374 3171 quidem
2403 3101 2811 3169 comparatione
2841 3099 2932 3154 alii
2964 3116 3177 3170 quoque.
3207 3099 3400 3156 Patres
3421 3101 3486 3155 de
3512 3099 3730 3168 Neophy-

2156 3177 2226 3226 tis
2271 3172 2558 3240 loquentes
2598 3180 2843 3235 utuntur,
2871 3187 2992 3225 cum
3025 3171 3148 3226 illos
3178 3188 3245 3226 ex
3284 3173 3451 3227 Paulo
3481 3187 3626 3242 panes
3650 3184 3732 3239 ap-

444 3241 843 3312 porrigebatur.
876 3238 990 3294 Ms.
1022 3239 1174 3292 Rem.
1192 3254 1490 3362 ‘perperam
1521 3239 1652 3293 lacte
1679 3240 1878 3294 beatum
1905 3242 2049 3311 vagi-
2073 3238 2119 3303 C
2155 3238 2376 3312 pellant.
2397 3242 2531 3297 Vide
2560 3245 2699 3296 inter
2716 3253 2943 3296 cmteros
2971 3241 3334 3314 Augustinum
3356 3238 3520 3300 serui.
3545 3238 3731 3299 cum;

445 3313 576 3362 turis
607 3313 888 3362 hiantibus.
916 3319 1025 3362 etc.
1055 3309 1152 3362 Ms.
1240 3319 1315 3362 at.
1349 3311 1480 3362 lacte
1511 3313 1638 3362 item
1683 3312 1890 3362 scribit.
1922 3312 2048 3362 Pos-
2152 3323 2207 3362 nt
2234 3329 2447 3362 nnxxrx.
2482 3314 2570 3362 ubi
2611 3315 2860 3362 eamdem
2893 3314 3203 3362 alletmriam
3238 3316 3359 3362 fuse
3394 3313 3727 3362 nrnsenuitur.

445 3309 576 3367 turis
605 3309 888 3376 hiantibus,
916 3319 1025 3366 etc.
1055 3309 1152 3364 Ms.
1192 3309 1315 3364 Vat.
1349 3311 1480 3364 lacte
1511 3313 1638 3365 item
1683 3312 1890 3366 scribit.
1921 3309 2048 3367 Pos-

446 3393 534 3438 tea
575 3399 705 3438 mss.
756 3383 938 3448 Rem.,
985 3382 1197 3450 Pomp.,
1236 3380 1381 3448 Vat.,
1432 3380 1589 3449 Urb.,
1625 3381 1757 3437 Zen.
1807 3391 1864 3438 et
1915 3383 2047 3438 edit.

446 3455 614 3520 Ven.,
645 3453 876 3524 infundit
899 3469 997 3524 pro
1023 3453 1235 3520 infudit.

521 3525 604 3597 (9)
653 3525 930 3579 Christum
961 3525 1014 3579 in
1047 3524 1344 3597 Scripturis
1375 3539 1567 3594 agnum
1596 3538 1741 3594 szepe
1787 3525 2050 3595 appellari

453 3596 631 3668 palam
675 3603 760 3650 est
793 3597 1079 3668 omnibus;
1114 3596 1361 3650 eumdem
1394 3604 1584 3668 autem
1617 3598 1795 3650 vocari
1836 3612 2052 3666 quoque

453 3666 683 3739 vitulum
711 3676 936 3739 testatur
958 3666 1016 3722 S.
1039 3667 1297 3720 Barnabte
1322 3667 1548 3736 epistola
1576 3684 1724 3721 num.
1742 3667 1796 3732 8,
1823 3684 1982 3739 quam
2000 3671 2048 3722 in

452 3738 596 3794 hanc
623 3753 735 3793 rem
768 3737 1222 3808 S.Hieronymns
1253 3739 1499 3791 laudatin
1515 3753 1633 3807 cap.
1659 3737 2053 3801 ant,vers.i9

455 3810 781 3866 Ezechielis.
833 3807 1076 3861 Inferius,
1107 3810 1406 3861 idolatriam
1449 3823 1545 3877 pro
1590 3810 1942 3863 idololatriant
2001 3812 2050 3864 in

458 3899 593 3936 mss.
630 3881 786 3936 Rem.
816 3889 872 3934 et
895 3879 1082 3946 Pomp.
1108 3879 1250 3948 quod
1275 3880 1526 3949 frequens
1549 3895 1669 3935 esse
1698 3882 1749 3934 in
1777 3881 2054 3938 eodicibus

454 3954 567 4024 jam
589 3949 982 4024 animadvertit
1007 3950 1275 4024 Baluzius.

534 4024 645 4094 (10)
679 4023 804 4094 Mss.
831 4022 984 4076 Rem.
1017 4031 1070 4077 et
1099 4021 1255 4083 Zeu.,
1286 4036 1378 4092 per
1400 4018 1594 4094 Filium
1627 4021 1737 4076 Dei.
1770 4021 1904 4077 Nota
1936 4039 2057 4094 pro-

461 4092 609 4150 cessit
637 4111 699 4149 ea:
749 4093 954 4164 Virgine
980 4108 1081 4164 pro
1113 4103 1264 4146 natus
1302 4101 1376 4146 est
1406 4107 1468 4146 ea:
1504 4092 1735 4163 Virgine.

539 4165 654 4238 (11)
688 4166 784 4220 Hic
816 4164 1114 4238 adjectivus
1155 4179 1276 4238 cum
1298 4164 1558 4238 sequenti
1584 4178 1728 4238 rara,
1773 4164 1867 4238 sed
1897 4181 1923 4217 a
1957 4165 2059 4222 Ze-

464 4234 608 4291 none
636 4234 756 4292 non
802 4236 976 4290 aliena
1002 4237 1212 4306 syntaxi
1245 4235 1310 4288 ad
1341 4234 1680 4304 Sagittarium
1712 4235 1964 4293 refertur.

537 4307 652 4378 (12)
685 4307 813 4361 Mss.
847 4307 1036 4375 Pomp.
1067 4321 1187 4362 cum
1212 4306 1332 4359 aliis
1361 4314 1416 4359 et
1455 4321 1574 4378 eum
1599 4306 1757 4361 editis
1789 4308 1856 4360 ita
1889 4309 2058 4377 prima

465 4376 630 4432 manu
665 4378 917 4437 habebat,
951 4378 1046 4432 sed
1079 4387 1379 4433 correctum
1415 4388 1500 4431 est
1541 4376 1656 4441 Iis;
1697 4393 1802 4432 non
1849 4376 2057 4448 placet:

467 4451 512 4503 is
544 4460 722 4504 autem
748 4461 836 4506 est
857 4450 1122 4504 diabolus.
1143 4451 1271 4503 Dein
1299 4463 1397 4516 pro
1425 4449 1702 4518 deformem
1725 4460 1771 4521 et
1797 4467 1886 4521 per
1905 4467 2062 4505 cornu

466 4521 715 4588 exilioris,
752 4522 1100 4591 manuscripti
1134 4521 1250 4576 libri
1289 4521 1506 4591 Tolent.
1533 4530 1709 4591 atque
1739 4520 2059 4588 lenoniam,

2152 3323 2207 3370 ct
2234 3329 2448 3378 ccxxtx,
2482 3314 2575 3384 ubi
2611 3315 2860 3368 eamdem
2893 3313 3203 3384 allegoriam
3238 3316 3359 3371 fuse
3394 3313 3727 3384 prosequitur,

2155 3399 2210 3441 et
2242 3385 2406 3440 simul
2438 3383 2694 3455 explicat.

2228 3457 2308 3528 (‘2)
2340 3453 2523 3510 Cretus
2554 3456 2654 3509 hoc
2682 3456 2801 3510 loco
2832 3470 2938 3510 non
2965 3471 2994 3510 a
3024 3471 3213 3528 cresco,
3250 3457 3395 3512 unde
3422 3466 3584 3511 rrelus
3611 3453 3730 3528 idem

2155 3525 2246 3583 est
2266 3543 2326 3582 ac
2355 3538 2591 3588 creatus.
2621 3527 2956 3597 progenitus,
2990 3527 3083 3581 Sed
3121 3543 3146 3579 a
3179 3544 3336 3582 cerno
3365 3529 3623 3598 originem
3651 3525 3732 3579 du-

2154 3601 2249 3664 cit,
2281 3599 2422 3668 qnod
2446 3598 2712 3667 significat
2738 3601 2980 3652 cribrare.
3022 3598 3225 3652 Plinius
3255 3600 3356 3654 lih.
3388 3615 3571 3662 χχχιιι,
3600 3612 3727 3668 num.

2154 3670 2244 3729 26,
2282 3667 2400 3739 pag.
2433 3669 2562 3734 260,
2598 3679 2731 3725 tum.
2780 3685 2838 3735 Il,
2873 3669 3054 3724 Cribro
3101 3671 3239 3723 tenui
3280 3673 3527 3734 cernitur,
3563 3677 3614 3724 et
3650 3667 3728 3722 lib.

2158 3756 2313 3801 xvm,
2342 3757 2489 3795 num.
2527 3742 2613 3806 19,
2647 3755 2768 3812 pag.
2803 3740 2886 3800 M.
2920 3742 3172 3812 farinario
3209 3742 3380 3795 cribro
3422 3740 3730 3812 subcernitnr.

2158 3813 2294 3867 Ilinc
2321 3827 2448 3883 ergo
2479 3811 2832 3866 ordinabiliter
2859 3810 2998 3866 creta
3021 3813 3301 3875 dicuntur,
3327 3829 3447 3882 qua:
3473 3810 3731 3883 exrordine

2157 3882 2398 3939 cribrata
2425 3893 2569 3938 sunt.
2608 3883 2778 3938 Simili
2808 3898 2969 3937 sensu
3007 3883 3146 3952 apud
3180 3883 3480 3938 Palladium
3529 3882 3616 3936 lib.
3649 3895 3730 3944 xu,

2159 3970 2275 4024 cap.
2309 3954 2412 4019 22,
2449 3954 2572 4008 bene
2602 3955 2725 4008 creti
2755 3955 2962 4008 cineris.

2234 4021 2310 4151 (5)
2338 4025 2436 4079 Ms.
2470 4027 2624 4081 llem.
2654 4034 2708 4081 et
2740 4026 2871 4081 edit.
2900 4024 3058 4088 Ven.,
3089 4042 3378 4097 consparsa
3411 4043 3422 4078 :
3453 4033 3504 4082 et
3531 4037 3649 4079 sane
3671 4021 3734 4077 si-

2261 4105 2362 4151 iter
2403 4098 2545 4151 apud
2573 4096 2965 4151 Tertullianum
3009 4097 3101 4150 lib.
3147 4114 3196 4150 IV
3225 4097 3487 4151 adversus
3535 4094 3730 4151 Marcio-

2160 4094 2362 4152 militer
2403 4098 2545 4164 apud
2573 4096 2965 4151 Tertullianum
3009 4097 3101 4150 lib.
3147 4114 3196 4150 IV
3217 4094 3487 4152 adversus
3535 4094 3730 4151 Marcio-

2163 4183 2285 4223 nem
2315 4183 2434 4237 cap.
2467 4183 2622 4233 xxtv,
2664 4168 2756 4221 alii
2785 4167 2971 4237 legunt
3011 4170 3444 4235 consparsionum
3484 4185 3574 4238 pro
3607 4181 3731 4238 cons-

2163 4241 2480 4310 persionum.
2517 4244 2588 4310 At
2632 4255 2906 4309 conspersa
2953 4255 3019 4293 ex
3062 4241 3424 4295 communiori
3468 4237 3732 4310 scriptione

2165 4307 2466 4382 prmfertur.
2498 4309 2659 4382 Hunc,
2681 4307 2860 4364 autem
2903 4320 3107 4366 textum
3150 4313 3370 4382 eggegie
3408 4307 3629 4364 illustrat
3664 4307 3731 4361 lo-

2165 4379 2260 4436 cus
2287 4381 2507 4436 Catonis
2538 4381 2606 4436 de
2634 4381 2713 4436 Re
2741 4389 2876 4436 rust.
2908 4396 3026 4450 cap.
3063 4383 3131 4437 74
3167 4379 3469 4436 {Farinam
3498 4382 3547 4434 in
3567 4387 3732 4450 morta-

2165 4454 2299 4506 rium
2349 4453 2516 4506 indito
2540 4469 2558 4507 :
2587 4469 2774 4520 aquam
2804 4447 3058 4521 paulatim
3080 4455 3282 4519 addito,
3310 4453 3618 4524 subigitoque
3635 4447 3732 4519 pul-

2166 4525 2288 4578 chre
2319 4542 2336 4577 :
2384 4524 2476 4578 ubi
2518 4524 2753 4596 subigere
2792 4539 2888 4595 pro
2934 4535 3236 4593 attrectare,
3283 4523 3512 4597 agitare,
3555 4523 3734 4576 miscere

468 4593 696 4674 deforme
739 4609 1026 4688 peragat-nu
1066 4593 1314 4648 exilioris.
1349 4593 1448 4647 Ms.
1498 4590 1715 4658 Urbin.,
1759 4593 2058 4662 deformem,
2089 4627 2144 4688 Β
2169 4597 2382 4650 dicitur.

467 4663 556 4734 qui
580 4663 745 4717 cornu
769 4663 999 4734 exiliens.

543 4734 658 4805 (15)
690 4735 828 4788 Edit.
864 4733 987 4788 Ver.
1019 4749 1140 4787 cum
1170 4734 1376 4802 aliquot
1406 4748 1535 4788 mss.
1566 4750 1735 4799 omne,
1750 4750 2058 4806 perperam.

473 4805 596 4860 Non
624 4821 930 4877 magnopere
958 4820 1053 4875 pro
1080 4822 1180 4858 non
1220 4822 1408 4875 magno
1447 4821 1618 4873 opere,
1649 4805 1960 4873 seu’faeile,
1997 4807 2064 4861 de

469 4894 578 4948 quo
604 4879 726 4932 vide
751 4877 938 4931 adnot.
971 4879 1004 4931 9
1046 4878 1096 4930 in
1131 4884 1289 4930 tract.
1324 4877 1376 4938 6,
1414 4877 1508 4930 lib.
1541 4891 1580 4931 ι.

543 4970 747 5025 ΤιιΑοτ.
764 4966 1105 5038 Χιλινέίι)
1125 4966 1298 5021 Prima
1315 4967 1532 5036 inscrip.
1553 4966 1604 5020 in
1621 4967 1705 5021 ed.
1725 4967 1846 5022 Ver.
1862 4969 1916 5022 In
1931 4968 2065 5024 Zen.

473 5050 528 5095 et
548 5042 635 5094 ed.
664 5043 819 5106 Ven.,
845 5039 912 5093 ad
942 5037 1244 5109 Neophytos
1268 5054 1285 5090 .·
1318 5041 1368 5092 in
1396 5037 1604 5092 ceteris
1629 5054 1758 5093 mss.
1784 5053 1961 5094 autem
1985 5056 2069 5094 sc-

473 5112 667 5167 cunda.
684 5111 837 5166 Sicut
864 5121 1040 5164 autem
1059 5111 1229 5163 vineae
1253 5111 1709 5178 comparatiOneni
1734 5109 1951 5164 S.Zeuo
1977 5127 2064 5166 ex-

475 5181 683 5253 plicans
712 5192 778 5235 tr.
812 5182 880 5235 27
914 5182 1175 5247 rationem
1202 5182 1304 5233 vini
1333 5179 1496 5253 apud
1520 5182 1767 5249 antiques
1798 5181 2065 5236 condendi

473 5251 902 5309 satisenucleate
927 5252 1271 5320 breviterque
1294 5251 1363 5305 0b
1378 5252 1567 5305 oculos
1592 5252 1800 5320 pOsuit;
1829 5253 1898 5307 ita
1925 5269 2064 5308 nunc

474 5325 934 5393 comparationem
967 5323 1128 5376 tritici
1159 5322 1456 5392 Neu'phytis
1489 5323 1880 5390 propositurus,
1915 5326 2056 5378 anti-

472 5412 632 5466 quam
673 5397 823 5464 panis
850 5393 1169 5448 conficiendi
1205 5393 1465 5466 rationein
1496 5409 1600 5447 non
1634 5397 1809 5447 minus
1835 5394 2061 5466 diligen-

473 5465 558 5523 ter
607 5471 788 5539 paucis
835 5466 1102 5539 exhibet;
1135 5467 1217 5539 de_
1248 5480 1350 5539 qua
1399 5465 1618 5539 allegari
1669 5467 1806 5539 solet
1854 5465 2059 5522 Seneca

474 5534 634 5607 epist'.
685 5541 776 5604 90,
823 5537 918 5594 sed
965 5552 1031 5591 eo
1079 5534 1402 5591 luculentius
1450 5536 1642 5607 multo
1677 5535 1822 5590 Zeno
1879 5546 2061 5592 noster

470 5611 617 5665 illam
659 5611 900 5678 eXponit.
933 5607 1100 5678 llujus
1143 5616 1322 5662 autem
1353 5606 1772 5674 comparationis
1817 5610 2059 5663 occasio-

401 5700 412 5714 -
477 5696 600 5735 nem
626 5682 775 5736 dedit
819 5680 1047 5734 fortasse
1077 5679 1272 5733 Paulus
1302 5678 1582 5749 apostolus
1623 5695 1718 5749 per
1746 5679 2060 5747 allegoriam

473 5751 540 5822 de
586 5753 790 5823 azymis
833 5751 1174 5821 paschalibus
1201 5749 1245 5819 (l
1292 5748 1415 5806 Cor.
1466 5766 1520 5820 v,
1547 5748 1633 5822 7);
1684 5765 1804 5822 qua:
1838 5751 2059 5822 quidem

2243 4686 2322 4758 (4)
2350 4685 2632 4743 Germinali
2659 4687 2935 4744 habebant
2961 4690 3091 4744 editi
3124 4700 3178 4745 et
3208 4691 3454 4745 nonnulli
3485 4702 3627 4750 mss.,
3652 4682 3730 4740 sed

2173 4759 2226 4835 in
2260 4760 2380 4835 aliis
2409 4760 2582 4835 tribus
2611 4759 2791 4821 Rem.,
2825 4760 2946 4815 Tol.
2995 4771 3051 4816 et
3097 4760 3223 4816 Urb.
3275 4761 3509 4835 greny’ali
3546 4759 3734 4835 legitur.

2176 4830 2324 4903 llanc
2369 4830 2654 4886 lectionem
2688 4841 2745 4886 ut
2779 4835 3140 4887 retiueremus
3169 4829 3312 4903 pene
3346 4829 3620 4903 suaserant
3643 4829 3733 4903 duo

2174 4901 2418 4974 ejusdem
2451 4902 2637 4974 smculi
2675 4910 2945 4967 auctores,
2979 4903 3071 4972 qui
3098 4897 3343 4974 grémiale
3371 4904 3536 4957 oleum
3564 4897 3732 4974 simili-

2177 4983 2257 5044 ter
2289 4972 2508 5039 habent,
2540 4973 2802 5044 Quiuctus
2827 4971 3078 5044 Octavius
3099 4971 3434 5030 'lloratianus
3462 4989 3576 5041 cap.
3607 4971 3655 5035 9,
3685 4974 3730 5020 et

2177 5043 2496 5118 Theodorus
2529 5043 2835 5100 Priscianus
2866 5046 3032 5118 lib.rl,
3059 5046 3264 5118 cap..§,
3297 5060 3434 5118 quos
3461 5054 3625 5098 tamen
3651 5051 3736 5118 pro

2175 5130 2280 5168 uno
2313 5116 2609 5184 eodemque
2640 5126 2862 5170 auctore
2894 5109 3171 5171 habendos
3201 5109 3481 5171 Fabricius
3519 5109 3734 5184 ostendit

2175 5190 2224 5238 in
2259 5181 2584 5240 bibliotheca
2636 5187 2820 5240 latina.
2853 5187 2959 5242 Sed
2987 5189 3180 5242 melius
3207 5188 3449 5241 cremiale
3475 5181 3730 5255 legendum

2172 5267 2282 5319 est;
2316 5275 2348 5328 g
2375 5260 2517 5311 enim
2544 5273 2639 5326 pro
2662 5275 2688 5310 c
2712 5257 2764 5311 in
2796 5274 2929 5328 mss.
2962 5259 3222 5328 scriptum
3246 5274 3392 5327 saepe
3423 5259 3729 5328 observatur,

2169 5338 2224 5382 et
2271 5321 2370 5382 hac
2420 5321 2626 5382 ratione
2670 5331 2812 5397 apud
2853 5321 3211 5385 Columellam
3246 5321 3343 5383 lib:
3379 5344 3483 5386 ιιι.
3515 5321 3728 5397 φιλλ-9.

2167 5399 2584 5472 αγειιιὶίιμςίωι·
2631 5399 2682 5472 in
2708 5394 2844 5472 'mss.
2883 5401 2972 5454 ubi
3000 5402 3190 5454 cremia
3230 5413 3378 5455 reete
3403 5394 3726 5472 edit_um_fu_il;

2167 5465 2221 5524 et
2239 5465 2490 5524 similiter
2511 5471 2776 5524 cremiales
2793 5471 3000 5526 arbores
3031 5473 3313 5536 legendum
3343 5470 3541 5524 notavit
3563 5465 3730 5536 Nerius

2169 5542 2552 5612 Analectorum
2599 5558 2746 5596 num.
2783 5543 2870 5606 11.
2901 5544 3040 5612 apud
3074 5532 3360 5609 Ulpianum
3390 5541 3482 5595 lib.
3517 5552 3644 5612 xxiv,
3673 5532 3726 5586 Ι).

2171 5611 2248 5686 tit.
2280 5613 2341 5686 Ii,
2369 5611 2428 5665 Il.
2461 5614 2523 5686 de
2561 5614 2726 5667 soluto
2756 5606 3104 5679 matrimonio,
3196 5613 3400 5686 10,_ubi
3431 5611 3481 5664 in
3507 5606 3728 5686 Pandec-

2171 5685 2238 5736 tis
2284 5683 2612 5739 Florentinis
2657 5687 2924 5752 gremiales
2963 5678 3174 5740 arbores
3201 5681 3472 5739 scribitur.
3502 5678 3729 5752 Cremiuut

2168 5763 2347 5809 autem
2377 5765 2430 5810 et
2456 5756 2702 5810 cremiale
2727 5773 2755 5812 a
2785 5757 3062 5813 cremando
3089 5764 3332 5822 vocatur,
3366 5752 3502 5825 quod
3526 5759 3727 5815 cremari
