3838 6322
96 299 196 358 497

93 511 295 582 egregia
337 522 549 567 coctura
593 525 757 564 suave
787 511 1126 575 redolentes,
1156 510 1247 582 qui
1288 511 1498 566 excocti
1537 519 1666 565 sunt

95 618 193 659 non
219 601 394 669 furno,
420 603 513 659 sed
545 601 718 668 fonte;
751 617 859 657 non
890 601 1150 667 humano,
1175 601 1271 658 sed
1294 602 1418 673 igne
1441 602 1662 658 divino:

94 710 193 752 non
217 696 339 751 illos
366 710 493 752 aurs
521 696 762 763 corrupit
788 714 803 752 :
841 709 952 751 non
978 695 1154 751 fumus
1180 710 1398 750 amarus
1430 696 1615 752 infecit
1648 714 1661 751 :

94 802 194 844 non
224 786 391 858 frigus
410 787 588 843 elisit:
616 787 781 859 266
806 786 971 858 (quod
997 788 1114 857 plus
1147 788 1254 859 est)
1287 787 1365 860 (5)
1397 789 1515 844 sine
1551 788 1661 845 fer-

93 889 264 936 mento
299 879 459 935 levati
487 888 632 935 sunt.
653 877 815 935 Certe
839 878 917 951 (ϐ)
943 880 1214 935 cacabacii
1245 895 1353 935 non
1380 890 1525 946 sunt,
1557 895 1665 938 non

91 972 292 1037 vetusti,
338 986 444 1027 non
475 972 602 1038 usti,
661 986 771 1027 non
823 972 1001 1038 crudi,
1031 987 1140 1027 non
1179 972 1401 1028 mucidi.
1436 974 1666 1031 Lacteus

92 1065 194 1121 illis
220 1064 369 1120 color
387 1075 502 1122 est:
532 1063 740 1120 lacteus
766 1077 931 1135 sapor
952 1075 1056 1121 est.

91 1254 234 1310 facile
261 1262 455 1323 potest.
491 1252 694 1309 Cremia
719 1252 939 1325 quidem
979 1252 1120 1322 apud
1154 1252 1512 1311 Columellam
1550 1255 1670 1312 loco

90 1327 292 1383 laudato
335 1325 638 1396 suntAligna
680 1324 861 1380 tenuia
887 1336 943 1378 et
968 1324 1134 1390 sicca,
1157 1340 1279 1395 quae
1308 1328 1482 1396 ignem
1511 1326 1671 1384 facile

90 1398 408 1465 cnncipiunt.
461 1394 583 1452 Leni
620 1397 830 1466 quidem
870 1396 1011 1469 igne
1037 1407 1083 1450 et
1130 1394 1366 1469 tenuibus
1392 1400 1669 1453 admodum

91 1469 253 1541 lignis,
279 1483 394 1539 que
421 1469 611 1541 gremia
637 1469 817 1541 rustici
855 1468 1161 1539 nppelhmt,’
1200 1470 1458 1540 fornacem
1492 1470 1668 1523 int-en.

90 1538 254 1595 4m
284 1538 298 1595 :
326 1548 383 1594 et
427 1538 552 1611 hinc
578 1538 898 1611 intelligitur
940 1540 1086 1594 locus
1128 1538 1328 1608 vulgati
1362 1542 1672 1608 interpretis

93 1629 167 1681 ps.
191 1627 261 1678 Cl,
309 1611 383 1666 ιε
435 1610 567 1666 Ossa
614 1627 731 1666 mea
760 1610 895 1683 sicut
933 1613 1178 1683 eternium
1202 1622 1488 1683 arguunt;
1517 1614 1674 1683 cujus

91 1684 226 1739 vocis
253 1683 703 1755 significationem
733 1682 983 1739 eamdem
1029 1681 1188 1755 affert
1230 1681 1597 1755 Hieronymus
1620 1683 1674 1755 in

91 1770 200 1824 cap.
249 1752 506 1810 (Osee.
555 1752 835 1810 Cremiales
877 1756 1003 1808 item
1035 1754 1260 1808 arbores
1292 1754 1344 1807 in
1390 1752 1674 1809 Pandectis

89 1836 230 1888 sunt,
259 1843 379 1893 qua:
421 1825 578 1880 facile
605 1827 998 1881 accenduntur.
1037 1824 1113 1879 Ex
1153 1824 1241 1879 his
1269 1839 1401 1894 ergo
1436 1825 1674 1879 cremiale

90 1898 248 1953 oleum
276 1897 564 1967 legendum
588 1899 792 1965 pariter
810 1910 891 1951 est
915 1896 1055 1965 apud
1078 1906 1409 1967 memoratos
1435 1895 1676 1965 Scripto-

94 1986 205 2031 res;
234 1980 285 2022 et
313 1966 671 2038 significatur,
706 1969 780 2022 uti
812 1976 866 2022 et
886 1968 1025 2037 apud
1054 1966 1358 2033 Zenonem,
1385 1983 1675 2038 commune

94 2042 282 2101 oleum.
311 2037 458 2107 quod
489 2042 541 2096 in
575 2039 816 2095 lucernis
842 2038 1084 2093 adhiberi
1115 2039 1343 2092 solebat.
1370 2037 1673 2093 Nutmdutn

93 2112 315 2181 denique
343 2121 463 2176 est,
495 2111 682 2166 farina:
715 2126 946 2164 massam
974 2110 1085 2178 jam
1118 2124 1467 2178 conspersum
1513 2121 1677 2180 atque

91 2186 377 2249 subactam,
422 2193 620 2253 praeter
659 2184 740 2237 sal
787 2182 1035 2241 inditum.
1085 2181 1209 2234 oleo
1257 2196 1472 2250 quoque
1510 2196 1673 2236 cons-

95 2255 232 2325 pergi
260 2252 641 2317 consdevisse,
689 2264 749 2309 ut
788 2255 943 2323 panis
975 2254 1162 2317 lieret;
1192 2252 1536 2325 quodlagmen
1569 2268 1676 2307 non

95 2324 156 2379 de
177 2326 317 2379 omni
352 2341 494 2392 pane
520 2324 922 2395 intelligendum
955 2334 1226 2392 putamus,
1260 2324 1351 2376 sed
1379 2324 1446 2379 de
1470 2324 1675 2395 aliquo,

95 2412 269 2469 quem;
289 2396 410 2451 heic
439 2397 505 2450 ad
532 2396 846 2469 Neophytos
880 2399 1075 2469 Auctor
1117 2395 1403 2469 transfert,
1430 2406 1486 2449 ut
1514 2397 1680 2469 signi-

97 2470 208 2524 lieet
222 2466 430 2533 oleum,
452 2485 558 2537 quo
585 2466 661 2522 illi
689 2466 812 2537 ungi
835 2466 1081 2520 solebant
1109 2467 1225 2520 sive
1244 2476 1373 2520 ante
1390 2466 1676 2536 baptisma,

95 2540 201 2594 sive
228 2549 371 2609 post,
404 2540 709 2609 pramertim
740 2540 792 2594 in
838 2539 1155 2603 chrismate,
1190 2551 1288 2607 pro
1317 2554 1425 2605 quo
1470 2541 1682 2609 Augus-

99 2611 230 2663 linus
253 2624 426 2665 serm.
451 2611 577 2672 227,
605 2613 772 2664 oleum
798 2609 1051 2678 appellat.

162 2680 241 2755 (5)
262 2681 530 2755 Spectare
554 2695 745 2737 auctor
772 2682 982 2736 videtur
1010 2680 1102 2734 illa
1123 2679 1270 2734 Pauli
1302 2680 1367 2749 (l,
1391 2678 1512 2734 Cor.
1540 2680 1678 2755 v.7),

97 2751 178 2806 ubi
205 2755 417 2823 primos
448 2754 567 2809 illos
587 2755 914 2808 christianos
941 2766 1161 2823 azymos
1192 2766 1358 2821 panes
1391 2762 1569 2815 vocat,
1591 2751 1682 2823 qui

96 2822 291 2880 scilicet
314 2836 640 2896 expurgatu,
683 2834 737 2879 ut
763 2827 859 2889 ait,
893 2822 1060 2896 veteri
1091 2822 1358 2896 fermento
1385 2822 1686 2878 malitizeet

99 2897 363 2965 nequitize,
390 2894 533 2951 nova
557 2896 946 2965 conSpersione
987 2894 1105 2948 sine
1134 2895 1242 2948 ullo
1267 2896 1554 2959 fermento,
1576 2908 1685 2965 quo

98 2983 266 3023 massa
291 2977 401 3022 tota
434 2968 815 3038 corrumpitur,
843 2966 1018 3038 azymi
1046 2966 1231 3021 nutndi
1257 2965 1324 3021 de
1353 2968 1500 3021 fonte
1525 2965 1685 3023 levati

97 3047 229 3094 sunt

164 3109 244 3183 (6)
291 3108 576 3183 Cacabacei
625 3110 909 3183 legendum
954 3106 1125 3183 videri
1171 3115 1370 3181 potest,
1417 3107 1684 3183 siquidem

99 3178 416 3238 Tertulliani
460 3178 975 3238 codices'advereus
1020 3178 1411 3248 Herniogeuem
1438 3194 1557 3247 cap.
1591 3178 1684 3246 41,

1225 303 1431 361 LIBER
1473 302 1535 359 ll.
1576 302 1997 363 TRACTATUS
2036 305 2222 363 XLIV.

98 426 400 488 temperata,
420 417 472 473 in
490 430 652 489 partes
674 429 897 487 azymos
912 416 1144 473 reddita.
1175 415 1261 484 lli,
1289 432 1425 487 quos
1445 417 1661 484 videtis,
1694 420 1742 481 Α

1704 1871 1751 1932 Β

3260 310 3365 366 498

1842 415 1904 471 ιι.
1937 417 2044 473 Sed
2064 417 2331 487 fortassis,
2378 420 2520 490 quod
2546 420 2789 476 nonnulli
2816 418 2896 495 (7)
2925 421 3095 477 forma
3115 421 3369 478 videntur

1772 508 2033 576 minores,
2057 511 2101 566 si
2128 525 2285 567 secus
2308 513 2464 585 267
2496 514 2695 585 aliquid
2732 514 2802 571 de
2828 516 3032 586 pistore
3056 517 3322 573 sentiatur
3349 560 3364 583 ,

1771 617 1891 658 mea
1935 602 2071 659 nihil
2104 605 2360 671 interest,
2410 606 2603 662 fratres
2636 625 2646 659 :
2675 609 2798 678 quia
2848 608 2951 664 etsi
2980 623 3183 680 pauper
3208 623 3329 665 sum
3353 650 3369 675 ,

1772 702 1965 758 tamen
1987 695 2217 750 frontem
2248 711 2423 751 meam
2472 707 2648 765 tueor,
2696 706 2753 754 et
2801 697 2959 756 fidem
3013 715 3189 756 meam
3222 701 3371 755 novi.

1772 787 1934 845 Certe
1961 789 2005 843 si
2036 788 2164 857 quid
2191 788 2387 853 sciunt,
2427 789 2610 846 dicant
2642 790 2719 863 (8)
2747 792 3006 861 operarii,
3032 793 3124 863 qui
3157 808 3372 850 mecum

1772 889 1917 936 sunt.
1951 881 2126 936 Lucro
2151 881 2387 953 gaudeo,
2419 882 2514 938 sed
2542 883 2660 938 sine
2704 882 2828 938 furti
2858 886 3211 953 conscientia,
3240 900 3372 942 sane

1772 976 2056 1031 conﬁteor.
2107 976 2349 1047 Denique
2378 985 2435 1032 et
2472 990 2567 1032 vos
2589 975 2833 1032 retinetis
2862 977 2944 1050 (9)
2990 979 3202 1047 pondus
3230 976 3375 1034 auti—

1772 1086 1936 1142 quum
1974 1089 1987 1126 :
2032 1070 2243 1127 habetis
2284 1071 2541 1143 agiuam:
2589 1070 2838 1142 exagium
2873 1069 3057 1138 facite,
3108 1070 3374 1142 quemad-

1777 1263 1893 1333 v_nci
1924 1261 2285 1332 intelligenda:
2317 1262 2485 1318 facem
2516 1262 2787 1333 prmferet.
2824 1263 2916 1320 Sic
2936 1272 3114 1318 autem
3140 1262 3232 1318 ille
3258 1265 3371 1319 ait:

1778 1330 1906 1406 Cum
1931 1330 2180 1402 redi/icio,
2211 1351 2325 1404 qua:
2346 1330 2697 1398 immaeulata,
2727 1335 2897 1389 adhuc
2914 1336 3083 1404 aperis
3109 1336 3184 1389 tui
3208 1337 3377 1406 gratia

1776 1403 2078 1478 splendent,
2124 1403 2400 1478 obseurata
2448 1407 2629 1461 muniis
2657 1407 2967 1478 insipientia:
2994 1421 3147 1466 metu,
3194 1403 3380 1478 eunt

1816 1475 1934 1546 igno
1979 1476 2206 1530 uersibus
2259 1478 2384 1531 meis
2424 1488 2543 1532 utar
2580 1475 2770 1543 verba,
2812 1480 3058 1532 cacabata
3095 1477 3379 1532 ridentibus

1778 1546 2044 1618 multis...
2076 1548 2351 1618 adspicies,
2383 1558 2488 1603 etc.
2522 1549 2610 1602 ubi
2660 1548 2905 1603 cacabata
2943 1548 3166 1616 vulgare
3206 1548 3378 1618 quod-

1775 1615 1901 1669 dam
1925 1615 2248 1687 adjectivum
2271 1619 2524 1674 Paulinus
2551 1630 2791 1686 usurpat,
2817 1630 2873 1674 ut
2895 1615 3094 1689 aliquid
3121 1615 3374 1688 amplius,

1776 1702 1935 1762 quam
1966 1689 2288 1762 obscuratum
2326 1690 2615 1762 significet.
2655 1690 2937 1762 Denigrata
2980 1691 3200 1762 exponit
3236 1691 3376 1762 [los-

1778 1759 1987 1831 weitlus
2017 1760 2066 1812 in
2097 1759 2532 1816 annotationibus
2563 1778 2617 1831 p.
2649 1759 2943 1818 906.7llinc
2977 1759 3095 1815 olla:
3126 1761 3381 1816 cacabata:

1779 1829 1925 1901 apud
1963 1830 2234 1901 Pelagium
2266 1834 2317 1887 in
2352 1832 2489 1887 Vitis
2515 1829 2730 1888 Patrum
2773 1833 2957 1887 libello
2982 1848 3068 1896 xv,
3101 1844 3226 1886 sunt
3251 1832 3377 1887 ollze

1780 1898 2006 1970 fuligine
2045 1898 2359 1973 denigratze.
2408 1902 2593 1974 Itaque
2639 1921 2793 1971 panes
2820 1904 3075 1958 cacabacii
3106 1913 3231 1957 sunt
3262 1903 3380 1957 vul—

1778 1985 1935 2041 gares
1962 1983 2015 2027 et
2047 1974 2181 2028 viles
2227 1989 2415 2043 panes.
2448 1990 2516 2029 ex
2567 1975 2740 2030 farina
2785 1991 2890 2030 non
2934 1974 3227 2030 lectissima
3278 1988 3380 2029 nec

1782 2044 1920 2097 bene
1952 2044 2183 2099 cribrata
2229 2046 2433 2100 cnntliti
2453 2087 2468 2109 ,
2499 2056 2555 2100 et
2580 2046 2781 2101 idcirco
2811 2046 2977 2112 fusci,
3023 2046 3218 2115 quibus
3246 2058 3380 2101 sane

1781 2130 1937 2185 panes
1967 2116 2114 2187 lactei
2139 2117 2327 2170 coloris
2356 2116 2505 2172 Zeno
2535 2118 2781 2187 opponit,
2812 2127 2910 2172 nec
2938 2132 3043 2171 non
3088 2116 3212 2170 illos
3231 2160 3245 2180 ,
3286 2118 3381 2185 qui

1781 2196 1931 2238 certa
1963 2184 2132 2239 forma
2155 2201 2413 2259 certoque
2443 2184 2781 2259 signonomti
2811 2204 2839 2241 a
2870 2187 3160 2259 pistoribus
3182 2184 3381 2259 venum

1782 2269 2144 2330 exponuntur.
2177 2258 2418 2313 Tandem
2459 2257 2511 2313 hi
2542 2260 2801 2313 cacabucii
2832 2274 3001 2330 panes
3033 2258 3110 2312 illi
3151 2257 3382 2330 esseivi-

1783 2326 2002 2398 dentur,
2042 2344 2177 2398 quos
2204 2331 2441 2386 sordidos
2467 2340 2518 2387 et
2554 2326 2914 2385 Sardinienses
2953 2340 3108 2384 vocat
3157 2329 3242 2384 lex
3273 2328 3381 2384 Va-

1784 2397 2062 2475 lentiniani
2102 2400 2167 2454 de
2206 2400 2413 2456 Annon.
2462 2403 2601 2475 civil.
2646 2412 2693 2456 et
2736 2419 2859 2475 pun.
2906 2402 3055 2475 grati.
3090 2401 3284 2475 quibus
3314 2417 3384 2459 ex

1783 2467 2014 2524 adverso
2043 2472 2183 2525 locat
2211 2486 2379 2539 panes
2404 2473 2655 2537 mundos;
2683 2467 2747 2529 ei
2770 2467 3089 2527 forte'etiam
3110 2467 3264 2526 idem
3297 2480 3383 2525 est

1785 2540 2009 2607 plebeius
2031 2540 2121 2595 ille
2144 2546 2317 2611 panis,
2350 2546 2436 2597 cui
2458 2544 2761 2614 siligineum
2779 2559 2843 2598 ex
2877 2543 3168 2598 lectissima
3202 2542 3376 2597 farina

1784 2621 2122 2683 compactum
2153 2615 2377 2683 opponit
2406 2614 2615 2669 Seneca
2644 2614 2804 2682 epist.
2834 2629 2981 2669 cxtx.

1858 2680 1938 2752 (7)
1974 2680 2351 2753 Difﬁcultatem
2385 2685 2502 2739 hate
2530 2680 2691 2740 verba
2734 2685 3024 2740 maximam
3058 2685 3234 2753 primo
3258 2686 3383 2740 ads-

1788 2763 1945 2820 pectu
1993 2752 2355 2826 ingesserunt,
2412 2770 2534 2810 cum
2576 2770 2679 2810 non
2731 2759 2913 2810 statim
2964 2752 3379 2826 intelligeretur,

1786 2824 2057 2892 quomodo
2081 2840 2149 2879 ex
2188 2825 2481 2897 Neophytis
2510 2826 2727 2895 quidam
2772 2827 2941 2897 [arma
2968 2824 3188 2881 minores
3212 2827 3382 2881 videri

1787 2903 2030 2969 possent,
2061 2907 2117 2950 ut
2149 2897 2342 2952 exinde
2371 2897 2631 2953 adversus
2660 2899 2947 2967 pistorem,
2978 2897 3030 2969 id
3061 2908 3145 2951 est
3169 2898 3385 2969 episco—

1791 2979 1936 3041 pum_
1962 2963 2265 3041 Zenonem,
2308 2970 2397 3037 qui
2444 2985 2505 3025 se
2555 2963 2844 3041 pauperem
2894 2963 3221 3039 proﬁtetur,‘
3255 2969 3384 3025 furti

1789 3036 2028 3110 suspicio
2065 3036 2335 3105 rediret,a
2365 3054 2472 3110 qua
2493 3036 2962 3096 se'vindicandum
2995 3040 3099 3095 hoc
3139 3040 3258 3096 loco
3290 3057 3386 3110 pu-

1791 3107 1943 3182 tavit.
1988 3109 2059 3164 At
2092 3125 2215 3165 cum
2243 3128 2308 3167 ex
2343 3107 2462 3166 aliis
2501 3113 2816 3168 tractatibus
2859 3118 3100 3177 constet,
3154 3107 3383 3182 pueros,

1791 3177 2186 3245 adolescentes,
2207 3182 2437 3251 juvenes
2480 3196 2536 3238 et
2565 3199 2724 3239 senes
2752 3177 3175 3253 quamplurimas
3196 3177 3382 3249 cujusl

100 3255 399 3328 cacqbaceus
437 3255 732 3328 sci-ibunt._
746 3254 867 3328 Sed
916 3250 1218 3328 cacaliacius
1272 3250 1412 3328 apnd
1434 3321 1444 3328 _
1467 3249 1687 3328 Papiam
1717 3264 1763 3328 ρ
1793 3265 2088 3328 que_sexus
2117 3261 2174 3306 et
2199 3249 2526 3328 conditionis
2560 3249 2863 3328 baptizatos
2900 3249 3092 3316 fuisse,
3139 3254 3233 3328 qui
3274 3253 3385 3308 fere

102 3324 286 3393 legitur
317 3340 440 3382 voc.
478 3324 659 3379 Panis.
692 3324 967 3387 Similiter,
1002 3324 1099 3387 ait,
1131 3334 1177 3377 rt
1208 3321 1506 3377 cacabacius
1536 3323 1684 3391 panis

101 3398 292 3450 calidus
334 3398 545 3450 siccat:
592 3396 815 3469 frigidus
856 3411 974 3469 vero
1006 3395 1173 3469 minus
1203 3393 1372 3469 multo
1414 3394 1581 3469 siccus
1623 3410 1686 3469 ea:

102 3478 240 3536 parte
284 3477 549 3523 extenuat.
587 3464 880 3523 Cacabacei
928 3464 1252 3535 significatio
1282 3479 1446 3536 penes
1475 3464 1685 3518 Tertul-

104 3534 293 3592 lianum
325 3539 623 3609 perturbati
644 3550 699 3594 et
722 3534 1019 3592 turbulenti
1049 3548 1249 3595 nimus.
1278 3536 1366 3609 qui
1397 3534 1448 3609 in
1474 3536 1687 3609 cacabis

104 3605 478 3665 ehullietitibus
527 3609 975 3680 deprehenditur,
1030 3610 1134 3661 vim
1189 3607 1461 3680 eXpritnit.
1514 3605 1688 3680 Motus

104 3697 198 3734 non
240 3676 721 3745 turbulentum—nec
763 3680 1075 3735 cacabnceus
1112 3680 1360 3804 (scilicet
1397 3676 1463 3732 ad
1503 3679 1688 3732 cacahi

105 3767 194 3804 seu
238 3754 356 3804 οιιω
408 3752 632 3804 undiaue
675 3752 963 3804 ebulliemis
993 3752 1110 3804 simi
1138 3751 1415 3804 itudinem.
1459 3759 1511 3802 ut
1544 3748 1688 3804 idem

105 3767 194 3806 seu
238 3754 356 3808 olla:
408 3752 632 3823 undique
675 3752 963 3808 ebulliemis
993 3748 1415 3813 similitudinem,
1459 3759 1511 3802 ut
1544 3748 1689 3808 idem

108 3824 217 3896 ipse
246 3822 929 3896 pauloantedixerat),sed
952 3822 1261 3896 compositus
1288 3832 1331 3874 et
1360 3828 1686 3896 temperatus.

107 3894 224 3950 lltcc
248 3890 590 3963 signiﬁcatio
619 3898 707 3966 qui
743 3890 965 3965 panibus
992 3893 1289 3966 convenire
1330 3904 1513 3966 queat,
1548 3890 1691 3966 haud

109 3967 321 4030 intelligi
357 3976 553 4037 potest.
583 3963 699 4022 Alia
729 3963 891 4035 igitur
922 3963 1293 4033 interpretatio
1323 3963 1689 4037 exquirenda,

106 4054 219 4104 quze
258 4032 497 4094 Zenonis
523 4047 680 4093 Male
723 4032 850 4092 huic
892 4039 1008 4089 voci
1061 4037 1417 4103 responderit.
1456 4032 1693 4088 Joannes

109 4107 379 4164 Filesacus
400 4109 491 4166 lib.
534 4110 912 4166 tSelectoi-um
942 4123 1062 4177 cap.
1093 4109 1127 4163 3
1152 4115 1207 4160 et
1229 4104 1296 4160 M
1339 4121 1368 4159 a
1408 4107 1695 4171 κακαϐίζιιν

109 4182 378 4250 pertlictttn
409 4197 539 4236 voce
583 4181 834 4247 deducit,
883 4190 937 4232 ut
989 4180 1234 4249 garrulus
1264 4188 1318 4230 et
1349 4194 1583 4246 nugaces
1624 4179 1696 4231 si-

108 4249 342 4321 guilicet.
397 4252 502 4307 Sed
550 4254 650 4306 etsi
695 4251 744 4305 id
799 4250 1110 4306 hominibus
1156 4249 1447 4321 convenire
1491 4258 1692 4321 queat,

111 4320 282 4379 tamen
306 4339 428 4378 cum
453 4333 641 4377 auctor
667 4340 773 4377 non
801 4324 1067 4385 ilOllllllCS,
1096 4320 1187 4376 sed
1216 4334 1380 4390 panes
1402 4320 1697 4375 carabacios

109 4396 369 4464 appellet;
414 4395 545 4449 nihil
590 4402 675 4449 est
728 4396 870 4464 quod
913 4395 964 4447 iu
1016 4392 1157 4447 hanc
1199 4391 1525 4464 seut-utinm
1569 4406 1694 4445 eum

109 4462 341 4522 locutum
384 4466 689 4521 credamus.
738 4462 908 4518 Porro
955 4481 1019 4518 ex
1068 4462 1281 4517 cacabis
1326 4463 1464 4515 hanc
1508 4478 1694 4516 vocem

110 4539 353 4592 derivare
402 4539 575 4606 palam
624 4546 727 4592 est.
775 4536 973 4589 Cacabi
1021 4547 1199 4589 autem
1228 4543 1401 4606 erant
1449 4535 1695 4606 coquinae

110 4623 228 4663 vasa
261 4626 330 4665 ex
361 4609 599 4665 Varrone
631 4609 700 4663 de
741 4608 945 4676 Lingua
975 4606 1160 4660 Latina
1206 4605 1298 4657 lib.
1332 4620 1407 4669 tv,
1435 4618 1495 4676 ca

110 4696 334 4748 quorum
379 4680 512 4735 duas
564 4682 773 4747 species
802 4675 1098 4734 Gulumella
1141 4676 1420 4748 distinguit
1468 4675 1502 4728 li

112 4746 227 4820 cap.
255 4753 321 4808 Η
355 4765 404 4807 et
448 4752 539 4814 46.
582 4746 825 4822 [tgulinos
870 4760 917 4802 et
956 4764 1143 4803 teneas.
1182 4746 1372 4822 Fuisse
1418 4753 1594 4801 autem
1641 4756 1696 4801 et

113 4818 364 4889 pistorios
384 4818 637 4884 cacabos,
662 4823 751 4875 ubi
780 4835 944 4891 panes
985 4835 1014 4874 a
1064 4818 1380 4891 pistoribus_
1397 4832 1697 4891 coqueren-

114 4887 215 4955 tur.
245 4911 315 4949 ex
339 4896 437 4951 hoc
459 4896 618 4949 unico
645 4887 882 4948 Zenonis
912 4892 1029 4945 loco
1058 4887 1316 4957 eolltgunt
1341 4887 1695 4943 Casaubonus

114 4967 162 5019 in
190 4968 590 5025 llelioaabalum
621 4963 913 5034 Lampridii
959 4977 1078 5033 pag.
1131 4961 1343 5034 150,_et
1387 4975 1460 5034 ex_
1498 4958 1695 5034 eo_Bn-

115 5038 361 5108 lengerus
402 5041 468 5093 de
513 5029 787 5091 Convivii}.
828 5034 922 5090 lib.
961 5029 1049 5108 'tv,
1075 5047 1196 5102 cap,
1230 5030 1315 5092 18.
1353 5042 1418 5108 _et
1448 5031 1482 5084 ii
1527 5029 1692 5096 dicti,

114 5103 374 5180 inquiunt.
402 5124 560 5181 panes
584 5108 861 5167 cacabucii.
893 5107 980 5174 qui
1002 5118 1236 5181 saporem
1256 5103 1450 5181 malum
1477 5116 1697 5181 ea'_aqua

111 5181 162 5233 in
186 5174 374 5234 eacabo
402 5174 646 5303 calelactu
694 5186 987 5233 retinerent.
1034 5174 1139 5230 Sed
1174 5188 1348 5243 neque
1377 5174 1490 5228 haec
1533 5174 1699 5228 inter-

115 5255 345 5303 pretatio
372 5251 501 5303 μθιὶε
525 5251 650 5303 aeit.
680 5265 801 5303 cum
833 5263 940 5302 non
983 5247 1116 5302 satis
1166 5246 1516 5303 intelligatur.
1564 5258 1699 5303 auo-

115 5255 345 5321 pretatio
372 5246 650 5309 satisfacit.
680 5265 801 5303 cmn
833 5263 940 5321 non
983 5247 1116 5302 satis
1166 5246 1516 5321 intelligatur,
1564 5258 1699 5314 quo-

115 5317 272 5377 iuodo
315 5323 543 5391 pistores
571 5322 620 5374 in
661 5320 945 5391 coquendo
980 5332 1121 5387 pane
1151 5317 1367 5371 cacabis
1395 5326 1694 5384 uterentur,

113 5410 177 5449 ex
213 5390 407 5465 quibus
450 5393 651 5465 malus,
698 5398 755 5465 ut
804 5390 878 5444 illi
920 5398 1136 5465 putant,
1192 5403 1354 5465 sapor
1406 5391 1455 5442 iu
1503 5403 1695 5465 panem

114 5459 285 5534 ipsum
331 5478 430 5518 suo
457 5478 576 5518 cum
624 5464 950 5518 detrimento
986 5460 1209 5515 rediret.
1240 5459 1564 5534 Memoratns
1598 5459 1700 5515 Pa-

116 5533 225 5605 pias
274 5535 595 5607 clibanicium
640 5549 852 5607 pauent
876 5540 1126 5587 recenset
1177 5542 1396 5607 coctum
1435 5533 1486 5607 in
1531 5541 1697 5607 testa,

114 5601 473 5674 eumdetnque
510 5601 706 5661 siccum
737 5604 892 5658 valde
920 5614 1171 5667 testatur,
1211 5611 1269 5656 ut
1313 5601 1480 5655 videri
1532 5606 1702 5672 pos~it

114 5679 280 5742 idem,
307 5691 373 5730 ac
396 5691 551 5742 quem
578 5678 901 5730 cacabacinm
943 5674 1102 5742 paulo
1130 5680 1258 5727 ante
1292 5674 1535 5738 vocavit;
1569 5684 1702 5728 testa

117 5759 296 5804 autem
327 5744 516 5800 cattabi
541 5750 744 5815 species
773 5756 875 5801 est.
900 5746 971 5800 At
997 5745 1056 5799 S.
1094 5744 1299 5797 Paulini
1340 5743 1529 5798 Nolani
1556 5745 1706 5799 locus

118 5833 183 5875 ex
216 5817 381 5889 epist.
418 5830 602 5885 xxxtu,
647 5834 793 5874 num.
837 5817 890 5884 9,
936 5832 1055 5889 pag.
1082 5816 1211 5888 2M,
1240 5815 1371 5871 edit.
1414 5815 1542 5873 Ver.
1589 5815 1709 5872 huic

1545 4603 1776 4743 131:0

1792 3336 1860 3376 ex
1895 3320 2162 3377 Gentibus
2190 3325 2256 3378 ad
2289 3320 2649 3380 Christianam
2695 3325 3010 3391 religionem
3045 3320 3386 3390 transibant;

1787 3395 2048 3465 suspicari
2075 3395 2335 3463 coepimus
2384 3397 2674 3451 nonnullos
2726 3410 2921 3465 pueros
2966 3394 3051 3448 vel
3072 3395 3390 3450 adolescen-

1792 3463 1932 3517 tulos
1960 3465 2254 3520 Gentilium
2299 3466 2367 3522 ad
2416 3466 2679 3536 baptisma
2727 3463 3029 3534 susceptos.
3064 3481 3160 3534 per
3184 3466 3387 3536 allego-

1790 3536 1926 3589 riam
1958 3536 2179 3591 minores
2215 3537 2385 3602 [ormu
2414 3537 2580 3594 videri
2632 3540 2902 3606 patuisse,
2943 3541 3144 3608 quippe
3181 3537 3272 3608 qui
3313 3539 3385 3593 ob

1790 3614 2005 3661 :etatem
2030 3608 2191 3662 nimis
2215 3617 2458 3663 teneram
2488 3624 2591 3663 non
2621 3608 2930 3664 viderentur
2949 3623 3071 3663 esse
3093 3609 3384 3676 ejusmodi,

1794 3684 1852 3732 ut
1890 3678 2021 3748 satis
2064 3681 2173 3748 apti
2202 3690 2258 3734 et
2284 3681 2564 3741 instructi.
2610 3680 2693 3736 vel
2739 3680 2893 3734 liberi
2926 3679 3193 3748 baptisma
3241 3687 3389 3746 pete.

1793 3758 1938 3804 rent.
1973 3747 2111 3804 Hinc
2130 3761 2310 3807 autem
2344 3752 2467 3805 furti
2498 3751 2776 3820 cujusdam
2806 3747 3041 3818 suspicio
3071 3752 3123 3805 in
3162 3750 3386 3820 Episco-

1797 3835 1922 3885 pum
1952 3822 2167 3886 recidit,
2194 3836 2259 3876 ac
2286 3823 2330 3876 si
2357 3824 2583 3891 cupidus
2610 3822 2847 3878 lucrandi
2875 3822 3157 3891 plurimos,
3193 3837 3389 3891 pueros

1795 3906 2042 3955 minores,
2073 3909 2234 3960 quam
2268 3909 2363 3962 par
2384 3904 2547 3960 esset,
2583 3895 2633 3949 id
2676 3905 2758 3949 est
2790 3894 3031 3948 nondum
3060 3895 3139 3947 sui
3165 3906 3388 3962 compo-

1797 3972 1900 4027 tes,
1932 3979 2028 4017 nec
2046 3965 2280 4037 idoneos
2303 3966 2393 4033 qui
2427 3966 2493 4018 de
2534 3964 2794 4037 capienda
2838 3964 3097 4037 religione
3122 3962 3388 4019 decerne-

1799 4043 1940 4096 rent.
1975 4036 2057 4089 vel
2086 4050 2192 4089 non
2221 4038 2355 4091 satis
2399 4036 2687 4092 instructos
2732 4052 2794 4089 ac
2823 4036 3098 4105 probatos,
3129 4050 3157 4088 a
3192 4048 3387 4103 parcn-

1796 4115 1908 4159 tum
1938 4106 2196 4163 lateribus
2224 4108 2600 4171 abstraxisset,
2630 4108 2771 4178 quod
2800 4107 2918 4160 sine
2944 4105 3087 4160 furto
3125 4120 3247 4178 esse
3280 4121 3388 4161 non

1800 4184 2030 4247 poterat,
2052 4192 2175 4233 cum
2204 4179 2344 4233 filios
2373 4194 2405 4232 a
2435 4176 2749 4247 parentibus
2774 4179 3043 4232 abducere
3071 4190 3177 4231 non
3206 4176 3387 4243 liceat,

1798 4246 1901 4302 nisi
1922 4258 2202 4318 computes
2218 4251 2298 4303 sui
2330 4251 2678 4305 Christianam
2705 4249 2863 4303 [idem
2886 4249 3158 4317 amplecti,
3181 4257 3389 4317 patres.-

1797 4334 1902 4391 que
1930 4320 2184 4376 deserere
2238 4322 2421 4377 velint.
2453 4320 2574 4391 Ipse
2600 4323 2817 4391 quidem
2866 4320 3010 4375 Zeno
3040 4319 3108 4372 ab
3139 4320 3239 4374 hac
3270 4335 3389 4374 sus-

1800 4390 2012 4460 picione
2053 4407 2159 4446 non
2191 4394 2347 4447 aliter
2383 4407 2445 4448 se
2479 4390 2685 4462 purgat,
2733 4408 2894 4461 quam
2936 4393 3392 4462 experimentoet

1799 4462 2115 4532 probatione
2140 4462 2378 4529 illorum,
2407 4478 2541 4532 quos
2570 4461 2703 4530 ipsis
2725 4462 3060 4518 auditoribus
3086 4461 3393 4529 probandos

1798 4533 2040 4598 exhibet,
2073 4533 2205 4589 nihil
2232 4534 2503 4597 dubitans,
2536 4534 2664 4601 quin
2695 4549 2883 4588 omnes
2913 4532 3198 4597 tripondes,
3234 4533 3284 4586 id
3307 4542 3393 4588 est

1800 4603 1883 4673 (ut
1920 4604 2334 4675 explicabimus)
2364 4609 2493 4660 satis
2536 4605 2858 4665 instructos,
2892 4603 3091 4675 liberos
3132 4618 3194 4657 ac
3232 4617 3391 4670 pares

1800 4675 2013 4729 rmteris
2040 4673 2321 4738 omnibus,
2342 4684 2501 4730 actate
2522 4676 2654 4730 nihil
2683 4675 3031 4743 impediente.
3073 4673 3387 4729 inveniendi

1799 4746 1925 4801 sint.
1957 4745 2118 4800 Forte
2139 4746 2300 4801 etiam
2327 4746 2563 4816 loquitur
2585 4746 2655 4801 de
2680 4745 2901 4814 adultis,
2919 4761 3055 4815 quos
3078 4760 3182 4799 non
3203 4745 3387 4816 statim

1801 4816 2207 4885 suscipiendos,
2243 4815 2346 4872 nisi
2377 4815 2604 4873 multum
2637 4818 2844 4886 probati
2883 4826 2939 4873 et
2981 4816 3226 4870 instructi
3259 4815 3392 4871 fuis-

1799 4897 1939 4952 sent,
1971 4890 2236 4945 sententia
2270 4898 2406 4953 erat,
2435 4905 2536 4957 qua
2568 4890 2922 4957 quorumdam
2954 4887 3007 4941 in
3050 4887 3238 4957 iisdem
3269 4901 3392 4941 sus-

1798 4959 2062 5027 cipiendis
2112 4960 2364 5015 celeritas
2409 4956 2927 5029 reprehendebatur.
2977 4957 3113 5013 Vide
3154 4956 3393 5015 Martene

1800 5040 1931 5084 tom.
1963 5045 1980 5084 ι
2010 5030 2078 5086 de
2112 5033 2325 5099 Antiqu.
2362 5031 2505 5086 Eccl.
2542 5031 2685 5085 ritib.
2719 5046 2837 5099 cap.
2874 5032 2926 5097 1,
2957 5040 3060 5083 art.
3090 5032 3145 5094 8,
3181 5044 3327 5083 num.
3358 5030 3392 5083 5

1799 5110 1853 5155 et
1896 5103 2265 5171 sequentibus.
2308 5101 2475 5172 Hujus
2513 5110 2693 5158 autem
2726 5101 3164 5172 reprehensionis
3202 5102 3393 5157 cadent

1799 5172 2093 5228 vindicatio
2117 5184 2219 5229 est.

1827 5300 1834 5313 ,
1876 5244 1955 5316 (8)
2001 5243 2276 5313 Operarii,
2331 5245 2422 5315 qui
2473 5245 2522 5299 in
2592 5243 2998 5316 cajechumenis
3038 5243 3395 5308 instruendis,

1802 5314 2099 5385 preb'audis
2162 5333 2224 5372 ac
2306 5314 2581 5372 initiandis
2635 5314 2842 5371 Zenoni
2908 5316 3390 5385 cooperabantur,

1803 5388 2132 5459 quosque,si
2156 5387 2282 5458 quid
2310 5397 2498 5443 contra
2527 5403 2585 5442 se
2604 5386 2670 5442 de
2698 5387 2985 5459 neophytis
3004 5388 3199 5459 sciant,
3231 5394 3394 5459 testes

1804 5456 2061 5529 appellat,
2105 5456 2481 5529 proculdubio
2526 5471 2651 5514 sunt
2700 5456 2997 5529 presbjteri
3052 5467 3106 5511 et
3157 5456 3393 5519 diaconi,

1805 5527 1889 5586 ac
1928 5527 2152 5602 proinde
2180 5531 2385 5587 clerum
2435 5528 2639 5585 Zenoni
2674 5529 2787 5600 jam
2832 5527 2999 5584 fuisse
3054 5528 3395 5581 manilestum

1804 5615 1907 5657 θςι.

1882 5675 1963 5742 t9)
1991 5673 2088 5728 llic
2112 5673 2263 5728 locus
2284 5688 2404 5728 cum
2435 5670 2500 5726 ad
2534 5671 2769 5741 pistorii,
2798 5679 2856 5724 ut
2897 5672 2969 5724 ita
3002 5669 3267 5742 dicamus,
3304 5680 3398 5742 pa-

1816 5744 1901 5799 nis
1926 5737 2156 5810 pondus,
2183 5744 2324 5811 quod
2354 5744 2437 5797 vel
2468 5737 2592 5795 olim
2616 5751 2821 5797 certum
2849 5754 2969 5795 esse
3001 5738 3250 5806 debebat,
3276 5737 3409 5811 allec

1818 5821 1999 5885 guricc
2031 5809 2321 5886 pertint-at,
2355 5824 2502 5868 recte
2534 5826 2631 5882 pro
2657 5812 2917 5883 edignam,
2958 5812 3102 5883 quod
3132 5811 3327 5882 legitur
3354 5809 3409 5864 ih
