3926 6328
438 288 547 343 503

1763 287 2008 343 SANC’I‘I
2053 285 2348 343 ZENONIS

3602 285 3697 343 {illi

439 412 741 472 temporum
788 400 1015 459 solemni
1065 400 1290 471 vestigio
1337 398 1453 456 dies
1499 399 1752 457 salutaris
1797 399 2031 455 advenit.
2063 399 2536 470 Aquoquehodic
2558 399 2990 470 competentibus
3017 398 3181 473 274
3204 409 3702 475 prmstaturus,quos

439 493 586 549 Idem
610 494 692 549 sui
714 506 1011 559 successor,
1044 492 1291 562 idemque
1324 491 1601 558 decessor,
1626 491 1868 562 longaeva
1892 505 2037 546 sem-
2132 493 2245 565 jam
2279 510 2423 549 nunc
2449 493 2574 550 felix
2607 494 2801 550 invitat
2818 508 3068 559 occasus,
3093 506 3151 551 ut
3177 496 3315 551 sacri
3342 498 3524 554 oceani
3550 499 3703 556 lacteo

440 600 539 653 per
568 594 727 640 aetate
759 583 1025 650 novellus,
1056 582 1135 657 (3)
1165 585 1289 639 anni
1330 598 1544 655 parens,
1576 584 1810 654 annique
1840 597 2035 653 proge-

437 674 578 741 nies,
607 674 899 737 antecedit,
934 676 1281 747 sequiturque
1325 684 1565 745 tempora
1595 685 1651 730 et
1686 674 1881 729 smcula
1913 673 2034 728 infi-

440 769 571 823 nita.
604 769 750 823 Parit
771 768 871 823 sibi
899 769 968 824 de
997 767 1103 825 line
1135 770 1490 839 principium;
1532 777 1796 825 etlatnen
1826 784 1855 822 a
1884 768 2037 825 cunis

438 860 765 931 genitalibus
794 876 900 916 non
944 863 1169 918 recedit.
1200 859 1450 917 Profecto
1492 864 1815 918 sacramenti
1859 861 2036 916 domi.

439 956 547 1012 nici
580 955 869 1027 imaginem
900 964 1109 1027 portat;
1143 971 1265 1011 nam
1289 969 1484 1011 occasu
1506 956 1835 1026 passionem,
1860 969 2040 1009 resur-

437 1048 846 1118 rectionemque
892 1058 1013 1105 ortu
1060 1048 1301 1105 redivivo
1344 1048 1721 1113 concelebrat,
1755 1063 1847 1117 per
1876 1062 2039 1118 quem

440 1141 598 1198 nobis
658 1157 853 1199 munus
909 1142 1101 1198 futurae
1158 1142 1508 1199 beatitudinis
1573 1142 1855 1213 pollicetur
1891 1160 1902 1197 ι
1936 1141 2040 1197 hoc

440 1248 659 1303 quoque
689 1235 889 1289 uestris
921 1234 1000 1307 (4)
1032 1234 1469 1305 competentibus
1499 1243 1872 1303 praestaturus,
1905 1247 2039 1303 quos

440 1339 585 1382 nunc
617 1326 805 1380 invitat
831 1326 964 1382 felix
991 1341 1235 1393 occasus,
1260 1336 1318 1382 ut
1340 1327 1481 1384 sacri
1504 1327 1691 1383 oceani
1719 1328 1892 1384 lacteo
1918 1340 2041 1398 pro-

441 1417 610 1471 fundo
649 1417 908 1482 demersi,
943 1419 1023 1491 (5)
1047 1419 1174 1475 inde
1204 1418 1417 1475 ttOVello
1447 1420 1758 1487 novellique
1786 1434 1906 1474 cum
1954 1420 2042 1476 die

441 1520 808 1580 resurgentes,
837 1511 1117 1568 nobiscum
1140 1511 1350 1581 possint
1380 1510 1447 1568 ad
1469 1510 1895 1583 immortalitatis
1922 1512 2041 1581 glo-

442 1605 580 1660 riam
609 1607 912 1676 pervenire.

818 1743 978 1815 273
1017 1742 1430 1801 TRACTATUS
1469 1742 1677 1800 XLVII.

800 1860 803 1867 “
961 1860 1038 1916 De
1066 1858 1150 1934 (l)
1182 1859 1390 1916 Pascha
1416 1859 1503 1917 III.

514 1976 738 2032 Stabilis
766 1989 978 2041 cursor,
1005 1974 1319 2031 multiformi
1342 1975 1513 2046 gratia
1541 1963 1819 2032 redimitus
1846 1975 1924 2050 (Ξ.)
1951 1991 2045 2047 per

445 2078 748 2139 temporum
780 2069 1034 2140 ambages
1066 2068 1373 2139 pernicibus
1408 2068 1609 2140 plantis
1643 2084 1738 2124 sua
1768 2054 2045 2125 recalcans

442 2162 627 2218 ofﬁcio
664 2163 896 2217 solemni
934 2163 1161 2233 vestigia
1196 2162 1315 2217 dies
1352 2160 1604 2217 salutaris
1631 2161 1866 2217 advenit.
1900 2160 2042 2216 Idem

444 2254 548 2310 sibi
593 2268 897 2322 successor,
929 2252 1184 2324 idemque
1227 2251 1512 2322 decessor,
1546 2252 1785 2323 longaeva
1832 2266 2046 2323 semper

446 2355 611 2402 :etate
642 2346 905 2413 novellus,
938 2347 1063 2401 anni
1092 2360 1311 2417 parens,
1340 2346 1574 2417 annique
1615 2346 1921 2417 progenies,
1953 2362 2048 2401 an-

447 2438 666 2508 tecedit,
694 2454 815 2511 quae
857 2440 1141 2513 sequitutt,
1172 2446 1454 2510 tempora.
1491 2447 1548 2495 et
1592 2440 1788 2496 sa:cula
1840 2440 2047 2495 inﬁnita

444 2532 782 2590 disseminat.
813 2532 962 2589 Parit
980 2532 1082 2588 sibi
1102 2532 1172 2589 de
1200 2531 1307 2587 fine
1337 2531 1692 2603 principium;
1728 2531 1827 2588 hoc
1849 2533 2049 2588 nostris

700 2672 709 2696 l

448 2720 709 2776 Vaticano
752 2727 808 2775 et
851 2716 1110 2776 Urbinate
1137 2728 1566 2790 pertemporum,
1596 2716 1693 2773 sed
1725 2716 1901 2790 male;
1941 2717 2043 2773 nisi

445 2792 586 2849 forte
614 2791 759 2847 desit
787 2791 1124 2846 accusativus
1138 2786 1408 2861 ambages,
1436 2790 1515 2844 uti
1551 2786 1800 2859 sequenti
1838 2790 1890 2842 in
1931 2799 2037 2842 tra-

445 2872 590 2920 ctatu
622 2862 869 2918 habetur.

460 2988 463 2991 Α
521 2934 605 3009 (5)
647 2932 926 3009 f’aschalis
951 2932 1236 3009 dies_anni
1270 2929 1717 3009 parensdicitur,
1746 2930 1888 3009 quod
1918 2928 2046 3009 inde

445 3000 621 3062 annus
652 3004 896 3074 incipiat,
926 3019 1028 3073 qua
1065 3003 1134 3057 de
1176 3018 1235 3058 re
1274 3000 1408 3057 Satis
1436 3001 1672 3057 diximus
1711 3000 1897 3056 adnot.
1930 3001 1965 3055 2
1991 3000 2045 3055 in

448 3086 738 3133 tractatum
766 3078 1126 3145 superiorem.

521 3146 728 3219 (tl)gDe
770 3143 1204 3219 competentibus
1226 3143 1349 3201 vide
1379 3160 1497 3215 qua:
1528 3143 1858 3200 dicenturiu
1893 3152 2048 3200 tract.
2081 3143 2126 3207 C

448 3215 542 3286 50,
569 3215 752 3273 adnot.
782 3215 838 3273 5.
901 3215 912 3217 ἡ

464 3359 485 3363 Α
521 3289 600 3363 (5)
629 3288 885 3363 Tractatu
921 3288 1167 3363 sequenti
1213 3287 1330 3363 haec
1375 3287 1562 3363 eadem
1609 3286 1909 3343 efferuntur
1934 3288 2051 3342 sic:

448 3358 730 3434 Surgentcs
758 3359 877 3414 inde
905 3360 1105 3414 novello
1128 3358 1314 3414 novelli
1348 3376 1465 3413 cum
1489 3359 1573 3415 die
1590 3400 1606 3427 ,
1636 3368 1742 3414 etc.

519 3438 1116 3509 Tuc'r.XLVll.—(l)
1138 3438 1196 3493 In
1222 3455 1351 3495 mss.
1369 3448 1425 3494 et
1451 3438 1583 3509 edit.
1615 3438 1776 3501 Ven.,
1802 3436 2053 3509 Prwfatio

451 3511 757 3577 Paschalis;
779 3514 832 3566 in
858 3510 982 3565 Ver.
998 3508 1130 3569 edit.
1148 3509 1429 3566 dePascIta
1452 3508 1563 3564 VII
1569 3550 1582 3564 .
1602 3509 1898 3568 Similisest
1916 3508 2054 3579 prte-

447 3584 689 3647 cedcuti,
721 3598 786 3638 ac
814 3581 1038 3650 proinde
1065 3583 1318 3637 adnutata
1365 3580 1564 3637 ibidem
1593 3582 1714 3640 lteic
1757 3582 2052 3652 repetenda

449 3664 597 3709 snnt.
628 3653 684 3708 In
718 3652 1000 3722 marginali
1029 3652 1381 3708 adnotatione
1406 3670 1508 3708 ms.
1530 3653 1685 3708 Rem.
1720 3656 1838 3710 haec
1868 3654 2053 3723 legun-

451 3732 539 3779 tur
569 3742 580 3777 :
617 3724 807 3789 Quinta
832 3723 964 3792 feria
988 3727 1193 3791 pascha:
1231 3725 1287 3779 in
1331 3738 1579 3779 conventu
1605 3724 1850 3793 fratribus
1878 3741 2053 3780 coram

453 3795 696 3863 pontiﬁce
723 3794 988 3849 recitando
1025 3806 1144 3847 ante
1168 3797 1458 3849 stationem.
1510 3796 1584 3851 De
1612 3803 1890 3863 (eottventu
1921 3797 2052 3852 satis

450 3865 686 3921 diximus
726 3865 911 3919 adnot.
937 3866 964 3920 l
999 3864 1053 3919 in
1086 3875 1222 3921 tract
1262 3863 1354 3920 41.
1396 3867 1565 3921 Statio
1594 3875 1772 3920 autem
1799 3881 1828 3917 a
1860 3868 2052 3922 stando

451 3936 621 4003 dicta,
638 3937 780 4007 quod
812 3936 1043 4006 populus
1065 3945 1189 4007 ante
1212 3936 1380 3991 Deum
1407 3947 1576 4001 stans,
1603 3950 1790 4005 preces
1807 3936 2049 4001 offerret.

451 4010 553 4067 etsi
580 4006 706 4063 oliiu
741 4023 836 4076 pro
863 4007 981 4078 ipso
1000 4006 1207 4078 jejunio
1234 4015 1445 4078 sumpta
1497 4007 1658 4062 fuerit
1690 4012 1779 4075 (ut
1813 4018 1956 4074 patet
1981 4025 2052 4064 ex

454 4079 669 4135 Hermae
713 4080 806 4134 lib.
835 4077 916 4145 ut,
952 4077 1129 4135 Simil.
1157 4079 1211 4143 4,
1246 4077 1297 4132 in
1341 4094 1499 4143 quem
1532 4079 1707 4135 locutu
1743 4079 1858 4132 vide
1887 4078 2052 4134 Cetr-

452 4150 574 4205 lerii
600 4152 787 4205 adnot.
805 4149 922 4220 56),
942 4157 1227 4220 prepterea
1243 4151 1386 4218 quod
1409 4149 1634 4219 singulis
1649 4150 1835 4216 jejunti
1860 4150 2051 4207 diebus

453 4222 717 4277 stationes
743 4222 1109 4285 haberentur;
1143 4234 1319 4273 tamen
1347 4220 1577 4288 subinde
1608 4223 1844 4289 prccttio
1875 4225 2050 4278 omnis

453 4293 712 4347 solemnis
734 4333 749 4357 ,
782 4308 902 4361 qua:
951 4292 1298 4359 processione
1341 4292 1540 4347 ittdtCta
1572 4291 1638 4346 de
1666 4308 1765 4346 una
1795 4292 1861 4347 ad
1888 4292 2048 4349 aliam

451 4364 763 4428 ecclesiam,
788 4366 867 4418 vel
888 4363 1203 4434 oratorium,
1231 4372 1322 4417 aut
1348 4368 1509 4417 etiam
1532 4363 1596 4416 ad
1620 4363 1835 4434 aliquod
1856 4364 2048 4431 altare,

453 4435 877 4490 ibidentrstando
909 4433 1206 4489 habebatur
1226 4452 1253 4486 a
1285 4436 1506 4504 populo,
1537 4436 1689 4489 statio
1714 4433 1824 4488 dici
1854 4434 2041 4501 cmpit.

452 4504 574 4563 Hoc
604 4518 773 4561 sensu
806 4507 858 4560 in
885 4505 1168 4575 marginali
1204 4506 1552 4561 adnotatione
1576 4508 1729 4559 statio
1757 4506 2039 4576 accipitur,

452 4590 578 4630 cum
631 4590 726 4647 per
774 4576 1054 4647 paschales
1095 4576 1234 4644 dies,
1282 4578 1478 4647 quibus
1532 4576 1734 4632 nullum
1782 4577 2042 4646 jejunium

452 4590 578 4630 cum
628 4590 726 4702 ﬁer
774 4590 1054 4701 paschales
1095 4590 1234 4644 utes,
1282 4590 1478 4647 quibus
1532 4590 1734 4632 nultum
1782 4593 2042 4646 jejunium

452 4656 597 4718 erat.
666 4664 712 4705 aa
740 4663 771 4701 a
797 4649 971 4718 itaque
997 4648 1257 4718 stationes
1275 4650 1352 4707 .atl
1380 4660 1672 4718 sequentes
1701 4658 1956 4703 tractatus
1990 4651 2043 4703 in

453 4716 709 4774 Remensi
757 4716 1200 4789 ms.'designatae
1247 4716 1592 4775 haberentur.
1644 4719 1839 4773 llarum
1885 4735 2048 4789 porro

455 4787 1292 4861 supplicationum“paschalium
1346 4790 1591 4845 meminit
1640 4789 1699 4845 S.
1755 4787 2049 4861 Gregorius

454 4856 791 4931 Turonensis
818 4858 871 4912 itt
906 4857 1043 4931 libro
1068 4857 1294 4931 deAVitis
1318 4861 1455 4931 l‘P.,
1493 4876 1611 4931 cap.
1637 4861 1691 4921 6.
1717 4856 1941 4931 ejusque
1979 4865 2052 4917 ri-

424 4996 427 5003 ,
458 4940 545 5003 tus
575 4930 1099 5003 nonnullarrnbricm
1134 4928 1188 5003 in
1219 4930 1452 5003 antiquis
1483 4928 1833 5002 quarumdam
1856 4928 2050 4988 Eccle-

455 5000 658 5056 siarutu
682 5001 997 5072 Ordinibus,
1022 5015 1117 5055 seu
1130 4999 1429 5072 Qrdinar’iis
1459 4999 1823 5072 reperiuntur.
1846 5003 1900 5057 ltt
1927 5019 2052 5059 nos-

461 5081 540 5125 lra
596 5083 776 5127 autem
806 5071 1106 5127 Veronensi
1138 5071 1376 5128 Ecclesia
1410 5071 1627 5128 easdem
1659 5075 1919 5128 stationes
1956 5078 2051 5129 ha-

456 5140 597 5214 bitas
626 5141 777 5198 feriis
800 5145 857 5209 ‘2,
887 5142 943 5208 3,
977 5144 1009 5196 4
1047 5151 1101 5197 et
1126 5140 1173 5214 H5
1196 5185 1210 5209 ,
1250 5141 1386 5198 infra
1428 5155 1672 5199 octavam
1718 5144 1954 5214 paschm,
1982 5162 2048 5202 ex

459 5213 561 5268 hac
601 5213 831 5282 aliisque
878 5212 1262 5282 marginalibus
1305 5212 1746 5270 adnotationibus
1793 5213 2047 5272 Remensi

457 5285 630 5339 codici
676 5284 853 5339 affixis
896 5299 996 5339 suo
1040 5285 1178 5358 loco‘
1207 5284 1462 5358 deinceps
1506 5284 1806 5358 referendis
1860 5288 2046 5358 liquet,

457 5370 685 5424 quarum
716 5357 1017 5424 catalogum
1059 5354 1114 5409 in
1155 5353 1414 5410 feriarum
1452 5356 1646 5412 seriem
1678 5358 1748 5411 ob
1775 5353 1963 5418 oculos
1995 5353 2046 5414 in

457 5428 695 5499 generali
726 5426 1037 5499 pr.cfattone
1068 5428 1362 5499 posuimus.
1392 5426 1529 5483 Nam
1551 5429 1675 5483 aliis
1696 5428 1887 5486 diebus
1906 5429 2051 5499 ejus-

458 5496 582 5552 dem
614 5496 966 5553 hebdomadas
994 5497 1257 5554 stationes
1284 5500 1607 5554 haberentur
1636 5514 1821 5564 necne,
1851 5496 2048 5560 os'na-

460 5568 529 5639 tis
570 5569 761 5622 iisdem
808 5584 912 5641 non
940 5579 1157 5641 consult
1187 5587 1199 5623 :
1226 5577 1288 5641 at
1331 5569 1516 5625 haberi
1556 5570 1909 5627 nihilominus
1953 5589 2049 5641 po-

461 5638 635 5704 tucre,
658 5650 714 5693 ttt
742 5656 807 5696 ne
829 5640 880 5694 in
906 5640 1096 5696 codice
1118 5638 1331 5694 laudato
1360 5645 1559 5696 mentio
1586 5642 1827 5697 faetcnda
1860 5638 2041 5708 fuerit,

457 5711 600 5778 quod
633 5710 729 5764 has
767 5721 895 5767 ante
940 5710 1200 5766 stationes
1240 5714 1321 5766 Vt'l
1366 5713 1520 5777 nihil,
1553 5716 1634 5767 vel
1683 5713 1783 5767 alia
1825 5714 2046 5770 aliunde

457 5779 618 5838 lectio
657 5783 995 5840 recitaretur.
1034 5781 1299 5855 Equidem
1344 5784 1399 5840 in
1443 5781 1637 5856 Carpso
1681 5784 1860 5842 rituali
1904 5784 2044 5843 libro

2142 583 2404 655 profundo
2427 584 2682 653 demersi,
2701 594 2983 657 surgentes
3003 586 3128 643 inde
3152 587 3363 643 novello
3384 590 3572 644 novelli
3595 606 3703 647 cum

2139 675 2248 742 die,
2282 691 2378 731 sua
2416 678 2532 732 luce
2572 676 2867 743 radiantes,
2900 678 3176 744 nobiscum
3207 681 3414 749 possint
3456 681 3708 738 immorta-

2141 770 2308 826 litatis
2346 785 2442 839 per
2477 771 2683 826 aerium
2716 774 2984 826 tramitem
3015 785 3175 827 cursu
3205 784 3420 827 servato
3449 774 3513 828 ad
3538 790 3704 844 repro-

2142 865 2416 920 missionis
2441 874 2671 936 tempus,
2709 864 2796 921 ubi
2827 866 2878 920 in
2913 878 3227 937 perpetuum
3256 867 3374 936 quis
3394 868 3581 935 oritur,
3604 883 3708 939 per-

2141 973 2345 1015 ventre.

2589 1093 3003 1151 rnacrarus
3046 1050 3272 1150 XLV-Ill.

2664 1206 2741 1261 De
2769 1206 2849 1279 (l)
2882 1206 3084 1263 Pascha
3113 1207 3203 1263 IV.

2214 1320 2297 1394 (2)
2329 1321 2504 1377 Morte
2547 1336 2643 1378 sua
2673 1321 2881 1388 vivens,
2906 1320 3144 1393 sepulcri
3173 1322 3301 1378 nido
3327 1331 3614 1394 vegetatus,
3637 1326 3710 1381 in-

2145 1414 2508 1470 numerabiles
2541 1425 2844 1485 temporum
2871 1425 3043 1471 metas
3069 1414 3147 1487 (5)
3174 1417 3397 1487 perenni
3421 1431 3604 1485 curru,
3622 1434 3714 1475 una

2143 1510 2443 1579 eademque
2501 1508 2679 1566 orbita
2741 1510 2976 1565 lustrans
3028 1509 3144 1565 dies
3196 1524 3424 1581 magnus
3474 1509 3713 1567 advenit:

2143 1615 2359 1657 menses
2397 1601 2451 1655 in
2496 1611 2765 1671 tempora,
2789 1609 3030 1673 tempora
3059 1602 3111 1655 in
3135 1616 3333 1668 annos,
3360 1616 3527 1669 annos
3553 1601 3601 1655 in
3628 1617 3717 1656 sa:-

2144 1694 2261 1748 cula
2290 1693 2555 1764 pandens.
2588 1693 2718 1749 Siue
2741 1708 2904 1764 pausa
2922 1694 3119 1753 crescit
3138 1694 3192 1748 in
3216 1693 3462 1761 senium;
3486 1703 3538 1750 et
3559 1704 3716 1763 tamen

2070 1795 2120 1856 Β
2146 1802 2175 1842 a
2207 1786 2361 1843 cunis
2391 1786 2716 1858 genitalibus
2739 1803 2845 1843 non
2879 1786 3103 1843 recedit.
3132 1785 3387 1842 Profecto
3420 1786 3716 1842 sacramenti

2150 1878 2409 1935 dominici
2442 1880 2728 1951 imaginem
2758 1889 2968 1951 portat;
3017 1895 3137 1935 nam
3181 1895 3379 1935 occasu
3416 1880 3713 1950 passionum,

2152 1972 2712 2044 resurrectionemque
2761 1981 2881 2027 ortu
2931 1971 3168 2029 redivivo
3219 1973 3590 2038 concelebrat,
3635 1987 3715 2043 per

2152 2082 2314 2135 quem
2361 2067 2523 2122 nobis
2550 2082 2764 2139 quoque
2793 2068 3247 2124 resurrectionem
3295 2067 3485 2123 futura:
3512 2066 3717 2124 beatitu-

2152 2158 2295 2214 dinis
2323 2160 2624 2231 pollicetur.

2523 2294 2685 2368 275
2712 2294 3128 2352 rnacrarus
3166 2293 3362 2352 xux.

2693 2407 2773 2466 De
2799 2410 2879 2483 (l)
2914 2407 3117 2464 Pascha
3152 2408 3215 2465 V.

2224 2525 2552 2606 Sempiterni
2583 2534 2667 2608 (2)
2694 2548 2887 2592 currus
2916 2536 3100 2607 auriga
3143 2533 3334 2590 teretis
3364 2545 3519 2590 metae
3546 2547 3631 2589 sua
3657 2547 3727 2586 rc-

2152 2731 2254 2772 ms.
2285 2714 2618 2775 Veronensis
2646 2716 2932 2782 Ecclesiae,
2959 2718 3053 2788 qui
3081 2726 3207 2773 ante
3234 2718 3471 2774 medium
3499 2716 3729 2774 duodeci-

2153 2804 2301 2844 mum
2351 2791 2610 2845 sarculum
2656 2804 2690 2861 7a
2738 2789 3387 2861 Stephanopresbytero
3435 2799 3489 2844 et
3530 2799 3728 2861 cantore

2154 2864 2392 2930 scriptus
2412 2861 2528 2926 fuit,
2559 2870 2615 2916 ut
2645 2860 2815 2917 fusius
2838 2860 3197 2925 ostendimus,
3225 2858 3447 2917 dissert.
3474 2861 3529 2926 '5,
3547 2876 3657 2930 cap.
3678 2858 3726 2924 ἱ,

2157 2929 2186 3002 §
2220 2932 2274 2995 I,
2299 2932 2521 3001 singulis
2558 2930 2908 2987 hebdomadas
2952 2932 3217 3000 paschalis
3258 2931 3452 2988 diebus
3495 2934 3729 2987 stationes

2155 3002 2221 3056 ad
2267 3013 2443 3059 certas
2469 3004 2730 3059 ecclesias
2761 3005 3105 3075 assignantur
3125 3045 3137 3065 .
3172 3019 3401 3074 quarum
3444 3004 3529 3060 hic
3551 3003 3731 3058 catalo-

2154 3088 2283 3144 gum
2312 3074 2731 3145 appendendum
2764 3074 3033 3144 putamus,
3061 3090 3183 3130 cum
3232 3076 3533 3145 prmsertim
3578 3075 3729 3145 eccle-

2158 3144 2393 3210 siarum,
2414 3146 2481 3199 ad
2514 3160 2647 3215 quas
2675 3148 2936 3201 stationes
2978 3148 3029 3201 itt
3078 3144 3341 3203 Rentensi
3387 3146 3571 3204 codice
3614 3144 3729 3199 indi—

2156 3225 2294 3271 cata:
2320 3217 2914 3289 Itabebantur,nontiua
2936 3232 3265 3289 cognoscere
3293 3231 3593 3289 pergratum
3614 3231 3729 3271 non.

2159 3288 2324 3343 nullis
2351 3286 2621 3357 praecipue
2650 3286 3051 3345 Veronensibus
3079 3287 3319 3345 futurum
3352 3286 3442 3346 sil.

2229 3357 2389 3432 ξετερι
2498 3407 2514 3432 ,_
2534 3360 2705 3432 Statio
2731 3362 2799 3415 ad
2823 3360 2887 3417 S.
2922 3361 3261 3432 Stephanum.

2187 3503 2198 3513 .
2228 3429 2387 3485 Feria
2415 3428 2536 3495 ΙΙΙ,
2569 3431 2738 3488 Statio
2774 3433 2842 3487 ad
2887 3432 2994 3490 SS.
3017 3428 3300 3506 'Apostolos
3348 3451 3395 3491 et
3435 3434 3496 3492 8.
3525 3431 3729 3489 Lauren-

2158 3511 2303 3556 lium.

2226 3571 2384 3629 Feria
2412 3573 2438 3627 Ι
2456 3572 2520 3638 γ.
2553 3574 2723 3631 Statio
2742 3577 2810 3631 ad
2837 3575 2943 3633 SS.
2977 3573 3196 3632 Petrum
3223 3586 3271 3632 ct
3299 3575 3571 3633 Joannem.

2231 3644 2386 3700 Feria
2425 3644 2486 3707 γ,
2514 3646 2685 3703 Statio
2713 3648 2781 3700 ad
2809 3647 2865 3704 Si
2906 3645 3166 3703 Firmum.

2209 3715 2388 3842 tigrin
2422 3716 2524 3785 VI,
2559 3717 2730 3773 Statio
2754 3719 2823 3773 ad
2852 3719 2913 3774 8.
2956 3718 3177 3774 Mariam
3211 3719 3474 3794 Organam
3500 3730 3546 3773 et
3570 3716 3625 3774 S.
3652 3716 3730 3771 Vi-

2155 3797 2327 3841 tatem.

2229 3858 2477 3922 Sabbato,
2510 3859 2681 3923 Statio
2704 3861 2771 3915 ad
2803 3860 2864 3917 8.
2890 3861 3151 3918 Zenonem
3177 3872 3223 3917 et
3252 3863 3311 3919 S.
3342 3861 3635 3918 Proculam.

2187 4000 2199 4012 _
2228 3927 2294 3984 In
2327 3929 2597 3986 Dominica
2635 3943 2831 3988 octava:
2872 3932 3113 4000 Paschw,
3147 3934 3317 3991 Statio
3344 3937 3414 3989 ad
3445 3934 3503 3991 8.
3535 3933 3730 3987 Anasta-

2153 4016 2307 4056 διαηι.

2226 4072 2449 4147 (‘2)g_Ms‘.
2479 4072 2698 4147 Urltiuﬂ
2731 4092 2821 4145 per
2848 4077 3111 4147 temporis.
3159 4076 3295 4132 Dein
3323 4093 3422 4132 suo
3455 4092 3547 4146 pro
3572 4091 3657 4130 sua
3683 4074 3728 4128 in

2154 4144 2599 4218 nissuVaticano,
2643 4146 2899 4203 Retnensi
2945 4144 3009 4204 ac
3055 4147 3392 4218 Pompeiano
3434 4144 3726 4218 legitttr_:et

2152 4213 2260 4270 dies
2283 4214 2571 4272 Saluatoris
2596 4233 2693 4287 pro
2709 4219 2817 4277 dies
2838 4220 3078 4274 salutaris
3098 4219 3155 4274 in
3180 4213 3376 4277 eodem
3400 4213 3582 4275 codice
3604 4216 3730 4272 Vati-

2152 4300 2312 4342 cauo.
3370 4292 3377 4303 ’

2223 4356 2425 4434 Timor.
2443 4359 2675 4416 XLVIII.
2700 4360 2865 4434 --(i)
2896 4360 3171 4434 Tractatus
3200 4361 3424 4434 Pascha:
3444 4362 3496 4416 in
3524 4375 3644 4434 mss.
3674 4362 3731 4411 At

2151 4428 2215 4507 de
2249 4429 2457 4507 Rosc/ta
2496 4448 2663 4486 sermo
2705 4428 2856 4507 trt_
2894 4432 3026 4488 edit.
3062 4433 3189 4490 Ver.
3222 4433 3270 4489 Α
3300 4435 3477 4507 medio
3498 4433 3560 4487 ad
3588 4431 3745 4507 linem.

2073 4534 2126 4594 Β
2151 4502 2450 4594 subitis-est
2477 4505 2724 4558 tractatui
2748 4502 2840 4568 46,
2868 4514 2924 4558 ut
2941 4507 3253 4594 tit-inferenti.
3274 4506 3496 4594 patebit.

2228 4580 2310 4653 (‘2)
2344 4582 2466 4637 Htec
2490 4591 2702 4651 sumpta
2732 4593 2942 4638 suntex
2967 4585 3052 4650 iis,
3075 4600 3198 4655 qua:
3221 4584 3291 4640 de
3320 4583 3573 4641 thnice
3592 4581 3731 4650 vulgo

2155 4651 2428 4718 dictitatur,
2466 4655 2608 4724 quod
2641 4655 2856 4724 quidem
2887 4651 3109 4710 anitnal'
3133 4657 3547 4710 resurrectionis
3575 4663 3626 4708 et
3652 4667 3731 4722 pa-

2156 4724 2358 4779 schalis
2385 4724 2951 4798 proittdc_symbolnm
3001 4724 3190 4781 Patres
3231 4740 3379 4798 saepe
3426 4737 3733 4781 commemo-

2160 4804 2303 4859 rant,
2333 4797 2406 4849 uti
2438 4806 2493 4850 et
2522 4795 2580 4850 S.
2609 4795 2780 4863 Zeno,
2814 4807 2970 4853 tract.
3002 4798 3089 4863 l6,
3113 4798 3208 4853 lib.
3238 4813 3279 4865 ι,
3310 4795 3459 4857 itum.
3491 4798 3544 4853 9.

2232 4887 2312 4960 (5)
2346 4887 2597 4960 Τηιριτιιιι
2623 4887 2716 4950 49.
2744 4887 3052 4960 Sempiterni
3092 4905 3276 4944 currus
3304 4891 3361 4944 lit
3398 4892 3622 4954 mentio;
3652 4882 3730 4960 ubi

2232 4907 2312 4960 (ο)
2357 4907 2597 4943 "aetatu
2623 4907 2716 4950 se.
2744 4907 2865 4944 nem
2906 4907 3051 4943 iterm
3092 4907 3276 4944 currus
3304 4907 3361 4944 tit
3398 4907 3622 4954 mentio;
3652 4907 3730 4940 unt

2163 4955 2287 5013 licet
2311 4975 2412 5013 ms.
2441 4958 2629 5030 Pontp.
2661 4976 2839 5014 cursus
2867 4907 3084 5027 babeat,
3117 4973 3295 5017 tamen
3330 4968 3386 5016 ut
3412 4976 3592 5015 currus
3617 4956 3731 5013 reti-

2156 5038 2363 5091 neatur,
2399 5030 2639 5085 additum
2665 5031 2862 5102 aurigae
2888 5047 3082 5087 nomen
3113 5033 3322 5087 suadet.
3352 5033 3424 5088 At
3454 5033 3568 5086 heic
3592 5042 3731 5084 cursu

2155 5115 2253 5171 pro
2299 5117 2454 5154 curru
2502 5103 2661 5158 habet
2706 5103 2872 5158 editio
2909 5102 3137 5169 Veneta;
3167 5116 3222 5161 et
3251 5112 3319 5158 tr.
3349 5103 3439 5173 50,
3468 5119 3560 5158 nec
3583 5102 3730 5173 otioso

2153 5169 2311 5225 cursu
2339 5187 2529 5227 omnes
2558 5185 2613 5227 et
2640 5188 2770 5230 mss.
2805 5185 2856 5228 et
2884 5173 3013 5230 editi
3044 5174 3163 5230 libri
3209 5192 3316 5230 tton
3358 5169 3582 5230 absimili
3612 5169 3730 5225 scri-

2153 5252 2309 5322 plura
2340 5243 2651 5313 praeferunt.
2685 5244 2985 5317 Utrumque
3017 5247 3179 5303 scribi
3210 5256 3265 5302 et
3293 5246 3515 5319 intelligi
3544 5242 3728 5314 'aequis-

2153 5329 2292 5370 snne
2324 5323 2518 5382 potest.

2226 5407 2937 5483 Tasc1‘.XL_IX.-—(l)_Sic
2967 5412 3017 5464 in
3052 5411 3239 5477 editis;
3273 5413 3323 5467 itt
3358 5425 3488 5466 mss.
3519 5416 3684 5464 autem
3713 5420 3726 5456 :

2152 5476 2285 5534 Item
2314 5483 2367 5554 in
2397 5481 2481 5537 die
2531 5476 2767 5536 Paschal
2792 5476 2908 5554 'llic
2931 5498 3146 5554 quoque
3193 5493 3481 5546 tractatus,
3523 5483 3653 5536 sicut
3683 5484 3731 5530 et

2148 5552 2330 5605 cmtcri
2356 5563 2666 5621 sequentes,
2685 5553 2937 5607 nonnulla
2954 5552 3112 5609 habet
3141 5555 3362 5620 similia,
3389 5554 3575 5617 iisdem
3601 5560 3731 5618 saepe

2148 5622 2328 5677 verbis
2355 5638 2636 5693 expressa,
2668 5625 2810 5694 quod
2842 5625 3011 5680 semel
3038 5627 3315 5681 monuisse
3349 5625 3593 5682 sufficiat.

2222 5712 2299 5785 (2)
2332 5714 2429 5769 Ms.
2466 5715 2652 5790 Pomp.
2673 5757 2687 5780 ,
2713 5731 2912 5769 cursus.
2945 5716 3003 5790 Iti
3031 5730 3131 5773 ms.
3156 5716 3277 5774 Tol.
3305 5733 3401 5790 pro
3426 5723 3593 5771 teretis
3612 5709 3730 5767 scri-

2147 5784 2293 5842 bitur
2319 5787 2545 5873 terrestis
2567 5826 2582 5853 ,
2612 5788 2751 5846 forte
2779 5789 3052 5875 terrestris.
