3926 6328
456 262 561 320 iiii?

459 377 763 439 nitentibus
812 391 1035 447 curam,
1087 376 1169 448 (6)
1213 377 1630 439 Catechumcnis
1690 380 1827 438 locis
1868 382 2049 452 viam,
2081 386 2127 447 Α

455 470 905 543 Competentibus
954 470 1036 543 (7)
1076 473 1360 529 remissam
1393 472 1635 529 omnium
1686 481 2053 544 peccatorum.

458 565 657 637 Sicque
702 574 929 622 cunctos
976 567 1031 620 in
1076 580 1237 622 unam
1287 564 1489 623 Christi
1534 569 1783 639 corporis
1826 567 2057 640 gratiam

463 668 816 732 congregatos
851 659 919 716 ad
948 660 1190 718 cmiestia
1232 676 1397 734 regna
1430 662 1676 733 perducit
1698 706 1714 731 ,
1751 680 1844 735 per
1875 664 2058 722 Domi-

459 766 586 807 num
631 761 686 808 et
733 751 1070 809 Salvatorem
1109 763 1355 811 nostrum
1391 753 1577 811 Jesum
1604 754 1890 814 Christum
1917 797 1932 823 ,
1964 755 2056 829 qui

457 854 542 903 est
567 846 885 905 benedictus
910 847 963 903 in
994 846 1190 905 saecula
1218 848 1565 907 saiculorum.
1600 847 1681 921 (8)

887 981 1053 1055 373
1080 978 1501 1039 rnscrs'ms
1541 982 1627 1040 Li.

973 1093 1053 1151 De
1082 1093 1166 1169 (Ι)
1200 1092 1408 1152 Pascha
1437 1096 1551 1154 VII.

528 1208 777 1282 Perpetis
830 1213 957 1268 anni
1008 1213 1282 1285 pernicem
1328 1228 1544 1272 cursum
1595 1215 1649 1272 in
1696 1214 1776 1289 (Ξ)
1823 1217 2056 1277 bisseni!)

458 1303 772 1361 mutationis
822 1314 1205 1376 augmentum,
1256 1321 1362 1363 una
1391 1306 1726 1377 eademque,
1758 1323 1859 1367 nec
1906 1310 2052 1381 ipsa,

456 1396 552 1452 sed
578 1397 696 1468 ipsa
720 1398 891 1457 orbita
922 1399 1337 1471 circumducens
1357 1442 1374 1467 ,
1402 1400 1521 1459 dies
1544 1417 1772 1474 magnus
1800 1404 2052 1477 advenit,

456 1504 556 1546 suo
584 1491 685 1549 sibi
710 1506 929 1564 semper
960 1494 1205 1551 novellus
1228 1510 1446 1552 occasu.
1477 1495 1630 1567 Quod
1662 1498 1938 1569 praeterit,
1968 1515 2055 1557 se?

455 1583 640 1653 quitur
681 1584 764 1657 (5)
798 1602 812 1639 :
845 1586 986 1656 quod
1010 1585 1245 1643 futurum
1268 1598 1370 1652 est,
1393 1590 1684 1646 antecedit.
1723 1590 1776 1647 In
1805 1593 2056 1658 omnibus

456 1694 629 1735 novus
657 1690 775 1746 est;
805 1688 863 1737 et
904 1690 1079 1737 tamen
1112 1683 1164 1738 in
1216 1683 1471 1739 omnibus
1500 1693 1655 1740 vetus
1693 1696 1795 1741 est.
1833 1685 2054 1744 Punctis

455 1862 595 1921 ﬁlius
627 1862 884 1927 horarum
909 1905 927 1933 ,
966 1866 1056 1937 qui
1099 1878 1249 1937 pater
1288 1876 1373 1923 est
1410 1868 1651 1927 omnium
1695 1870 2045 1927 siliculorum.

452 1954 551 2011 ilic
579 1964 664 2012 est
696 1956 848 2024 dies,
892 1955 1120 2024 fratres,
1149 1974 1258 2029 quo
1285 1975 1315 2014 a
1341 1958 1575 2015 Domino
1604 1970 1791 2016 nostro
1820 1971 2049 2018 cunctus

432 2046 765 2118 J‘edcmplus
794 2057 881 2105 est
904 2050 1086 2114 orbis;
1116 2064 1225 2121 quo
1266 2052 1504 2108 acthereo
1528 2053 1737 2109 semine
1763 2053 2011 2110 novellus
2031 2096 2046 2121 ,

452 2140 533 2213 (4)
564 2141 617 2197 id
660 2148 747 2199 est
785 2151 976 2201 noster
1026 2143 1325 2201 viviﬁcatus
1363 2156 1445 2202 est
1491 2147 1740 2217 populus.
1782 2147 1915 2216 Hic,
1968 2149 2049 2206 in.

449 2247 643 2304 quam,
672 2233 765 2304 qui
791 2234 947 2290 nobis
968 2237 1384 2294 resurrectionis
1413 2247 1679 2294 monstrat
1702 2239 2046 2310 exemplum:

448 2324 606 2401 cujus
651 2341 781 2382 sane
818 2327 1130 2384 conditione
1180 2344 1278 2386 nos
1323 2330 1595 2387 beatiores
1643 2346 1869 2387 sumus:
1917 2332 2047 2404 quia

449 2417 542 2476 ille
567 2418 767 2477 occidit
787 2463 801 2491 ,
833 2435 1049 2495 semper
1079 2430 1136 2478 ut
1160 2424 1340 2489 vivat;
1386 2423 1559 2480 ﬁdelis
1587 2433 1769 2482 autem
1801 2435 1920 2497 post
1956 2440 2046 2483 se-

446 2583 744 2640 diolanensi
788 2584 1062 2641 Ambrosii
1101 2600 1224 2641 sevo
1268 2585 1401 2642 feria
1450 2594 1600 2642 sexta
1638 2587 1690 2640 in
1743 2586 2042 2642 Parascevo

446 2656 772 2728 pasnitentes
810 2656 1297 2713 reconciliabantur
1355 2674 1421 2712 ex
1468 2658 1712 2728 ejusdem
1752 2659 1915 2726 epist.
1966 2673 2037 2714 sx

444 2727 513 2800 ad
542 2727 938 2800 Mareellinam,
975 2744 1122 2785 nutu.
1150 2728 1253 2795 26,
1283 2729 1427 2800 quod
1460 2727 1634 2798 ipsum
1665 2729 1836 2785 multo
1865 2730 2039 2786 serius

445 2799 677 2855 obtinuit
707 2800 759 2854 in
793 2800 1047 2871 Hispania
1076 2813 1131 2856 et
1169 2799 1374 2871 aliquot
1410 2800 1702 2857 Gallicanis
1734 2800 1994 2857 Ecclesiis
2020 2842 2036 2867 ,

446 2872 523 2924 ιιιὶ
547 2872 738 2941 probat
763 2870 1000 2928 Hancne
1026 2881 1101 2926 to.
1129 2888 1162 2927 ιι
1189 2870 1470 2941 ἀθίΑηιίιι.
1498 2873 1645 2928 Eccl.
1676 2872 1840 2927 liitib.
1866 2872 1959 2933 lib.
1988 2889 2039 2938 i,

444 2957 495 2995 (ε.
528 2942 597 3007 6,
642 2950 746 2997 art.
779 2943 849 3008 ὅ,
896 2958 953 2997 ιι.
991 2943 1078 2999 i0.
1125 2943 1231 3000 Sed
1280 2942 1420 2998 forte
1466 2945 1815 3010 penitentiam
1860 2960 2040 3000 curam

445 3011 596 3069 Zeno
633 3024 821 3079 vocat,
853 3030 955 3083 qua
988 3014 1061 3069 illi
1107 3016 1341 3084 perfecte
1371 3016 1586 3069 Christo
1630 3014 2033 3079 reddebantur,

444 3084 591 3157 quod
619 3084 684 3139 ad
731 3100 939 3141 sacram
977 3086 1226 3157 synaxim
1271 3087 1389 3156 ipso
1418 3087 1593 3142 solum
1635 3086 1723 3140 dio
1766 3088 2037 3156 pascliatis

446 3155 887 3212 admitterentur.

518 3225 599 3299 (6)
643 3228 919 3298 Duplicem
967 3228 1055 3284 hic
1102 3239 1254 3285 n0tat
1300 3229 1744 3299 baptizandorum
1808 3228 2034 3299 gradqu

444 3297 939 3355 Catechumenorum
966 3312 1020 3355 et
1043 3297 1463 3370 Corripetentium.
1505 3300 1622 3355 Etsi
1660 3297 2036 3357 eitim'omucs

442 3370 751 3443 baptizandi
781 3373 1017 3442 sequiori
1058 3382 1217 3428 aetate
1254 3374 1307 3428 in
1346 3384 1457 3428 tres
1488 3372 1570 3427 vel
1619 3384 1850 3443 quatuor
1875 3372 2034 3429 etiam

440 3441 641 3512 gradus
670 3441 1138 3514 distinguebantur
1158 3486 1172 3510 ,
1203 3454 1262 3499 nt
1287 3444 1469 3500 videre
1491 3444 1619 3500 licet
1639 3441 1785 3511 apud
1822 3444 2036 3499 Dttcan-

440 3514 626 3586 giui_n;
683 3515 812 3570 olim
862 3524 1040 3571 tamen
1081 3531 1187 3571 non
1220 3516 1321 3571 nisi
1373 3516 1426 3570 in
1455 3516 1594 3570 duos
1640 3516 1840 3586 gradus
1885 3514 1972 3570 hic
2002 3530 2033 3571 a

443 3583 1113 3658 S._Zenone_menioratos
1141 3587 1381 3643 distincti
1419 3587 1570 3643 fuere
1594 3627 1609 3651 ,
1648 3583 1723 3642 ἰιι
1770 3588 1936 3658 liquet
1956 3602 2033 3658 ex

440 3656 692 3727 Origene,
726 3656 819 3712 lib.
841 3673 896 3713 ιιι
921 3659 973 3712 in
996 3660 1213 3727 Celsum
1233 3702 1247 3721 .
1278 3660 1336 3716 S.
1368 3659 1611 3724 Isidoro,
1658 3659 1754 3716 lib.
1778 3656 1912 3714 ii'de
1939 3657 2035 3713 01'-

442 3726 580 3781 ﬁciis
634 3728 867 3793 divinis,
920 3728 1216 3795 Rhabano,
1259 3731 1354 3785 lib.
1387 3747 1405 3786 ι
1435 3732 1503 3786 de
1547 3730 1889 3787 Institutione
1919 3733 2032 3787 cle-

442 3800 715 3872 ricorum,
763 3807 819 3854 et
863 3799 1131 3855 Leidrado
1176 3802 1522 3872 Lugdunensi
1561 3802 1632 3856 de
1678 3801 2034 3858 Sacramento

441 3870 733 3939 baptismi,
761 3885 878 3941 cap.
916 3873 967 3926 t.
1004 3872 1116 3927 l'loc
1155 3870 1334 3943 autem
1381 3875 1521 3929 inter
1561 3884 1819 3943 utrosque
1844 3873 2035 3928 discri-

438 3957 563 3997 men
614 3943 934 4008 intercedit,
983 3944 1124 4014 quod
1186 3942 1550 3999 Cauchuineni
1589 3960 1617 3999 ιι
1656 3942 2034 4002 catecliesibus

438 4014 721 4069 audiendis
752 4014 881 4069 dicti
921 4016 1088 4086 (unde
1117 4024 1172 4070 et
1198 4016 1464 4071 audientes
1489 4032 1519 4070 a
1553 4015 1756 4070 Latinis
1787 4015 2035 4083 patribus

438 4100 587 4155 saepe
636 4086 976 4157 appellantur
997 4127 1015 4154 ,
1055 4086 1390 4157 Tertulliano
1411 4086 1482 4143 de
1512 4087 1735 4153 Poenit.,
1763 4087 2034 4157 Cypriano

438 4170 527 4225 ep.
559 4172 655 4229 siit
684 4164 752 4229 et
776 4156 848 4210 94
879 4166 935 4212 et
974 4156 1118 4229 aliis)
1148 4159 1316 4214 verbo
1350 4159 1442 4214 Dei
1486 4156 1870 4213 erudiebaiitur
1891 4199 1906 4223 ,
1934 4170 1994 4214 ut
2016 4199 2031 4225 ,

439 4227 583 4296 quod
625 4227 684 4284 S.
717 4227 866 4283 Zeno
892 4229 1000 4295 ait,
1032 4227 1167 4284 viam
1193 4230 1325 4285 lucis
1352 4238 1785 4300 cognoscerent:
1818 4229 2033 4299 Compe-

439 4308 599 4353 tcrites
627 4310 811 4371 autem
852 4310 1007 4356 erant
1054 4301 1109 4355 lii
1136 4342 1148 4361 .
1180 4302 1270 4371 qui
1313 4303 1363 4355 in
1406 4304 1489 4357 via
1532 4301 1726 4357 salutis
1760 4302 1869 4370 jam
1901 4303 2034 4358 satis

439 4369 721 4445 instructi,
748 4369 1029 4445 (baptisma
1076 4369 1233 4428 enixe
1275 4374 1435 4430 simul
1480 4372 1875 4445 postulabant;
1907 4388 2030 4430 nam

436 4440 562 4509 quid
609 4442 756 4497 aliud
812 4452 930 4498 sunt
983 4441 1382 4516 Competentes,
1434 4440 1609 4517 inquit
1652 4444 2028 4517 Augustinus.

437 4527 606 4567 serm.
631 4528 810 4590 Δ(ςιικνι
833 4555 848 4582 ,
879 4531 1041 4590 num.
1079 4518 1105 4572 1
1132 4560 1145 4583 ,
1173 4535 1327 4590 quam
1373 4516 1528 4577 simul
1575 4516 1838 4590 petentes?
1874 4519 2031 4590 ειιιί

440 4585 674 4662 peractis
722 4588 1037 4662 scrutiniis,
1082 4590 1137 4645 in
1179 4585 1374 4662 vigiliis
1418 4585 1759 4661 potissimum
1814 4589 2031 4659 pascha:

437 4655 871 4725 baptizabantur,
906 4661 1171 4715 remissam
1206 4655 1435 4717 omnium
1479 4655 2028 4732 peccatoram'conse-

438 4735 685 4797 quentes.

509 4798 706 4875 (7)Ms.
733 4799 890 4855 Rem.
922 4802 1167 4875 remissa,
1198 4818 1480 4875 perperam
1505 4821 1519 4871 ;
1550 4805 1857 4861 accusativo
1886 4807 2031 4863 enim

435 4884 559 4925 casn
589 4872 692 4928 hoc
721 4887 915 4927 nomen
946 4873 1148 4946 elatum
1178 4872 1243 4931 ex
1268 4872 1522 4930 contextu
1557 4885 1734 4946 patet,
1763 4885 1822 4932 et
1847 4878 2030 4932 remis-

434 4959 544 5019 sam
576 4954 898 5019 peccatorum
925 4943 1180 5001 similiter
1205 4947 1464 5015 scriptum
1482 4943 1682 5019 legitur
1704 4959 1858 5019 tract.
1897 4964 1991 5004 xw
2014 4989 2028 5015 ,

435 5013 531 5070 lib.
578 5013 626 5081 ι,
657 5034 710 5070 ιι.
748 5016 848 5079 12.
884 5015 935 5069 in
978 5033 1136 5084 quem
1181 5013 1358 5073 locum
1404 5013 1761 5075 vidc'adnot.
1795 5018 1901 5085 53,
1937 5013 2030 5076 tibi

433 5086 699 5141 remissam
728 5101 825 5153 pro
847 5086 1202 5144 remissionem
1235 5090 1353 5145 aliis
1381 5091 1634 5146 usitatum
1666 5092 2025 5148 ostendimus.

531 5157 587 5226 8)
620 5156 755 5213 Cod.
787 5157 907 5214 Tol.
938 5160 1106 5213 addit.
1142 5177 1311 5215 amen.

553 5244 707 5285 nscr.
739 5228 826 5284 LI.
853 5228 1024 5297 --(i)
1058 5231 1149 5287 Sic
1173 5228 1227 5288 in
1255 5233 1376 5288 Ver.
1409 5233 1539 5289 edit.
1565 5232 1620 5289 lii
1647 5248 1775 5289 mss.
1811 5243 1866 5290 et
1894 5233 2027 5290 edit.

436 5301 569 5358 Ven.
600 5299 847 5373 Prtefatio
873 5299 1176 5370 paschalis:
1208 5305 1377 5360 codex
1420 5321 1548 5362 vero
1577 5307 1861 5361 Bernensis
1892 5306 2031 5361 hanc

434 5383 613 5450 notam
648 5373 702 5450 in
733 5374 973 5450 margine
1008 5375 1232 5433 exhibet
1256 5375 1369 5450 :VIn
1397 5379 1639 5449 paschate
1666 5388 1851 5450 quarta
1898 5380 2029 5450 feria

430 5444 689 5521 paschalis
731 5446 784 5498 in
831 5456 1078 5521 conventa
1122 5449 1367 5521 fratribus
1397 5444 1583 5505 'coram
1616 5444 1856 5521 pontiﬁce
1898 5444 2027 5504 reci-

430 5518 593 5575 tande
615 5525 731 5571 ante
756 5518 1044 5573 stationem.

503 5591 588 5662 (2)
624 5589 967 5662 Coniunctim
1013 5593 1231 5648 bissenis
1284 5592 1638 5662 scripsimus,
1668 5602 1728 5646 ut
1768 5594 1823 5650 in
1868 5607 2027 5656 mss..

430 5659 727 5720 licet’editi
775 5661 1027 5720 distincte
1075 5668 1150 5721 bis
1188 5682 1326 5722 sema
1374 5659 1679 5735 praeferant.
1717 5665 1805 5721 Sic
1841 5673 1896 5719 et
1940 5665 2028 5720 alii

441 5740 670 5796 aliorum
692 5743 973 5791 auctorum
999 5740 1216 5796 codices
1240 5748 1289 5795 et
1320 5739 1447 5794 editi
1477 5738 1807 5809 coniunctim
1837 5736 2033 5805 sacpius

442 5809 693 5868 eamdem
745 5821 941 5866 vocem
996 5813 1284 5891 scripsere.
1328 5811 1543 5876 Biuena
1589 5819 1771 5871 autem
1817 5809 2035 5872 actitatis

2063 3336 2108 3400 C

2060 4726 2110 4788 ι)

1782 267 2028 329 SANC'I'I
2065 267 2358 332 ZENONIS

3617 293 3702 349 ΞΜ

2156 387 2350 443 caudae
2375 388 2671 448 nativitatis
2700 403 2950 449 occasum
2983 405 3272 467 resurgens
3290 436 3305 464 ,
3338 397 3549 460 horrore
3570 418 3705 461 mim-

2160 493 2321 550 quam
2348 480 2691 554 intercipitur
2712 482 3080 544 tenebrarum.

2577 619 2743 691 279
2779 617 3194 679 TRACTATUS
3223 622 3326 679 LII.

2646 707 2726 765 De
2754 709 2835 783 (1)
2862 710 3070 766 Pascha
3106 711 3243 769 Vili.

2228 800 2488 871 Specioso
2531 801 2737 857 circulo
2778 816 2934 858 sacer
2964 801 3194 860 inﬂexus
3231 806 3368 874 dies,
3399 807 3449 863 in
3487 810 3707 869 mundani

2160 893 2344 963 operis
2370 892 2536 963 pens'a
2571 891 2655 965 (2)
2686 894 2946 966 quadriga
2982 905 3285 968 temporum
3326 899 3507 968 iertur,
3534 902 3710 960 duode-

2160 986 2246 1040 nis
2270 985 2535 1041 mensium
2564 987 2769 1057 perpeti
2798 1002 2960 1043 curru
2993 990 3377 1047 mutationibus
3395 992 3560 1059 dives,
3587 995 3708 1051 nulla

2158 1080 2394 1135 statione
2417 1088 2744 1135 contentus:
2781 1079 2905 1151 quia
2939 1082 3319 1138 immortalitas
3342 1084 3455 1155 eius
3497 1097 3572 1141 est
3602 1101 3708 1141 cur-

2157 1186 2273 1228 sus.
2306 1171 2501 1227 Verum
2529 1184 2733 1241 currat,
2764 1188 2832 1229 sn
2867 1184 3132 1242 recurrat,
3158 1178 3465 1249 ambiguum
3490 1190 3598 1235 est:
3622 1195 3706 1236 cu-

2153 1265 2243 1336 jus
2274 1266 2605 1336 praeteritum
2638 1273 2825 1336 restat,
2852 1276 2914 1323 ut
2942 1268 3151 1325 redeat.
3178 1270 3308 1327 Mira
3333 1285 3545 1343 prorsus
3570 1274 3706 1329 ratio!

2158 1359 2636 1416 lnnumerabitium
2667 1364 2991 1420 sscculorum
3018 1363 3234 1421 diversa
3278 1381 3518 1422 mensura
3547 1360 3727 1424 conte?

2157 1452 2326 1508 rendo
2359 1452 2585 1508 innovat
2613 1455 2824 1524 spatia;
2856 1463 2913 1511 et
2928 1464 3108 1513 tamen
3148 1457 3270 1529 ejus
3322 1472 3532 1529 semper
3563 1461 3710 1517 orbita

2156 1555 2240 1602 est
2269 1560 2409 1601 una:
2438 1550 2528 1617 qui
2557 1562 2656 1603 nos
2702 1547 2982 1617 admonet,
3014 1550 3230 1619 fratres,
3277 1552 3536 1623 passionis
3558 1567 3713 1610 resur-

2158 1641 2522 1711 recnonisque
2573 1641 2863 1701 dominicae
2912 1644 3199 1704 unanimes
3246 1654 3407 1716 atque
3449 1647 3711 1705 concordes

2157 1732 2412 1787 salutaria
2435 1733 2711 1789 celebrare
2743 1735 3029 1805 mysteria;
3070 1750 3167 1806 per
3212 1736 3491 1794 Dominum
3515 1747 3568 1795 et
3603 1752 3713 1794 con-

2664 1917 3079 1997 rnscrsi‘iis
3100 1939 3231 1998 Llll.

2677 2028 2757 2085 De
2790 2029 2873 2104 (1)
2912 2031 3120 2087 Pascha
3152 2033 3247 2091 IX.

2226 2145 2540 2217 Magniﬁcus
2563 2186 2580 2214 ,
2611 2143 2803 2203 fratres
2832 2144 3212 2215 dilectissimi,
3245 2148 3558 2207 saeculorum
3583 2159 3713 2223 pater

2155 2239 2309 2294 adest
2336 2239 2472 2305 dies,
2497 2239 2643 2295 omni
2671 2254 2868 2308 genere
2886 2239 3158 2296 fructuum
3184 2241 3383 2300 fetibus
3403 2243 3613 2314 pollens,
3640 2243 3711 2298 di-

2154 2332 2266 2388 vite
2295 2329 2437 2399 sinu,
2470 2334 2759 2388 momentis
2779 2332 2973 2403 quibus
3000 2334 3155 2412 velis,
3185 2344 3421 2408 quatuor
3443 2344 3711 2407 temporum

2152 2440 2379 2483 munera
2406 2423 2489 2499 (2)
2532 2440 2864 2499 expungens.
2894 2422 2974 2500 (5)
3020 2424 3264 2498 Denique
3310 2426 3714 2499 Competentibus

2143 2582 2427 2643 duodecim
2467 2601 2687 2641 menses
2730 2597 2977 2657 spectat,
3025 2602 3123 2656 per
3167 2602 3309 2657 quos
3354 2602 3523 2644 annua
3568 2590 3712 2645 orbita

2144 2657 2513 2729 circumducta
2540 2701 2554 2724 ,
2611 2657 2727 2713 dies
2776 2658 3043 2727 paschalis
3084 2658 3243 2723 redit.
3296 2659 3540 2719 Vividum
3578 2676 3715 2729 porro

2142 2730 2199 2785 S.
2232 2728 2469 2787 Zenonis
2512 2730 2786 2799 ingenium
2829 2745 2894 2786 es
2930 2729 3033 2784 illis
3055 2730 3251 2799 {verbis
3284 2728 3712 2801 deprehenditur,

2142 2816 2267 2874 cum
2334 2801 2457 2874 anni
2522 2801 2773 2874 orbitam,
2823 2816 2927 2872 qua
2977 2815 3195 2858 cursum
3252 2818 3409 2859 suum
3479 2803 3715 2874 paschalis

2143 2872 2259 2945 dies
2316 2871 2711 2935 circumducit,
2779 2871 2934 2929 unam
3008 2876 3341 2945 eamdemque
3408 2871 3494 2933 nec
3538 2876 3712 2943 ipsaet.

2143 2944 2233 2997 sed
2286 2946 2451 3016 ipsam
2499 2958 2590 3011 per
2637 2945 2961 3016 antitliesim
3001 2955 3196 3008 vocat;
3250 2944 3283 3001 a
3311 2960 3416 3016 qua
3470 2947 3714 3007 locutione

2145 3030 2253 3070 non
2302 3015 2529 3071 multum
2578 3014 2851 3071 absimilis
2910 3015 3037 3081 illa,
3077 3030 3183 3085 qua
3230 3014 3389 3072 tract.
3433 3018 3529 3085 i6,
3560 3017 3648 3074 lib.
3681 3033 3712 3081 i,

2144 3102 2291 3142 num.
2325 3085 2391 3152 8,
2424 3087 2491 3141 de
2524 3085 2779 3142 Pliteiiice
2813 3088 2922 3155 jam
2948 3088 3067 3156 jam
3109 3098 3230 3155 post
3269 3102 3517 3143 occasum
3548 3103 3710 3144 renas-

2143 3169 2301 3214 cente
2328 3172 2636 3214 sermonem
2664 3158 2904 3214 faciens:
2940 3157 3208 3226 Denique,
3243 3160 3453 3229 inquit,
3480 3161 3604 3228 festo
3637 3174 3715 3215 ex-

2143 3230 2299 3300 sultat
2326 3229 2381 3300 in
2410 3232 2609 3287 tumulo
2629 3273 2643 3295 ,
2676 3246 2780 3284 non
2804 3231 2989 3285 umbra
3008 3271 3022 3292 ,
3048 3232 3139 3284 sed
3162 3230 3350 3285 veritas
3375 3247 3393 3286 :
3415 3248 3514 3286 non
3538 3231 3711 3300 imago,

2143 3301 2231 3354 sed
2266 3299 2486 3384 Phaestia:
2512 3319 2530 3356 :
2560 3319 2662 3357 non
2699 3302 2839 3366 alia.
2877 3302 2965 3356 sed
2993 3302 3220 3372 quamvis
3266 3303 3448 3357 melior
3474 3302 3605 3369 alia,
3642 3299 3711 3355 th

2143 3388 2257 3426 men
2290 3389 2431 3439 prior
2453 3389 2591 3441 ipsa.

2213 3442 2292 3515 (ὅ)
2326 3442 2562 3515 Advenit.
2595 3443 2839 3511 Sequitur
2860 3485 2873 3509 ,
2905 3442 3073 3515 quod,
3102 3451 3211 3499 etc.
3233 3484 3249 3509 ,
3278 3445 3332 3499 in
3364 3460 3466 3500 ms.
3494 3444 3604 3500 Vat.

2211 3514 2296 3582 (Δ)
2328 3514 2394 3569 Id
2422 3526 2497 3571 est
2523 3514 2850 3572 Christianus
2873 3517 3118 3571 vitticattis
3146 3524 3221 3570 est
3249 3517 3490 3586 populus.
3523 3517 3573 3573 In
3593 3514 3707 3571 Cod.

2141 3586 2271 3645 Urb.
2295 3597 2349 3642 et
2377 3588 2514 3642 {arte
2542 3600 2653 3642 tum
2683 3587 2739 3641 id
2764 3597 2837 3641 est
2865 3596 3063 3651 noster,
3097 3594 3207 3641 tum
3235 3588 3293 3643 id
3318 3585 3391 3644 est
3417 3585 3712 3642 Christianus

2137 3659 2459 3727 glossemata
2508 3667 2671 3727 sunt,
2715 3673 2837 3729 qua:
2882 3674 2915 3713 e
2958 3660 3237 3729 margine.
3285 3659 3380 3717 ubi
3417 3673 3448 3713 a
3486 3660 3710 3729 quopiam

2138 3728 2353 3785 fuerant
2382 3730 2659 3799 apposita,
2692 3728 2743 3784 in
2775 3738 2977 3785 textum
3010 3728 3310 3799 irrepsere.
3507 3728 3516 3729 ί
3604 3789 3608 3793 ι

2209 3800 2412 3858 Tum“.
2431 3797 2616 3858 UL—
2632 3803 2717 3871 (1)
2743 3801 2799 3857 lii
2829 3816 2985 3867 niss.,
3004 3797 3202 3870 Incipit
3215 3798 3491 3872 Praefatio.
3508 3797 3711 3872 velitati

2139 3872 2413 3943 Praifatt'o.
2437 3872 2495 3928 In
2524 3874 2655 3929 edit.
2686 3870 2819 3929 Ven.
2854 3887 2975 3928 cuin
3006 3871 3142 3927 Zen.
3169 3912 3185 3935 ,
3223 3870 3474 3943 Praefatio
3505 3870 3712 3943 Pascha-

2138 3945 2204 4021 l_is
2227 3942 2345 4021 :in
2379 3943 2505 4021 Ver.
2559 3956 2615 4000 et
2652 3944 2866 4021 caeteris
2895 3943 2960 4000 de
3006 3943 3259 4021 Pascha:
3308 3959 3473 4021 sermo
3512 3942 3707 4021 multis.

2136 4016 2295 4071 Rcui.
2324 4020 2436 4070 haec
2468 4017 2519 4072 in
2552 4017 2796 4086 margine
2833 4025 3019 4071 notata
3066 4015 3286 4084 objicit:
3334 4015 3570 4071 Secunda
3595 4015 3709 4086 feria

2137 4086 2409 4141 Paschalis
2430 4088 2484 4141 iii
2505 4084 2753 4143 concentu
2784 4086 3030 4158 fratribus
3070 4088 3338 4149 recitanda
3362 4102 3535 4142 coram
3556 4084 3711 4155 ponti-

2134 4158 2232 4228 ﬁce
2260 4170 2379 4212 ante
2405 4162 2695 4214 stationem.

2206 4228 2287 4301 (2)
2324 4231 2588 4301 Qiiadri'ga
2619 4229 2884 4286 ablativus
2902 4238 2990 4285 est
3016 4269 3034 4297 ,
3089 4239 3144 4284 et
3174 4237 3408 4301 quatuor
3446 4227 3565 4287 anni
3590 4237 3708 4287 teni-

2133 4316 2325 4372 porum
2365 4304 2484 4357 loeo
2526 4304 2762 4370 ponitur.
2986 4333 2993 4337 ι

2208 4372 2786 4451 (_5)liiCodd.Pomp_.
2816 4372 3026 4451 gtUrb.
3062 4372 3249 4451 Arnen.
3294 4447 3307 4451 Α
3365 4445 3377 4451 _
3445 4441 3478 4451 ﬁ
3575 4441 3586 4451 λ
3637 4440 3663 4451 μ

2204 4440 2412 4500 Tusca.
2445 4444 2580 4500 LIII.
2600 4474 2671 4489 -
2698 4440 2782 4513 (i)
2816 4445 2914 4501 Ed.
2957 4444 3117 4506 Ven.,
3152 4443 3409 4513 Prcfatio
3434 4440 3703 4513 Paschalis.

2132 4515 2235 4571 Ms.
2264 4515 2393 4570 Zeti.
2418 4515 2595 4571 addit:
2623 4504 2717 4587 pro
2743 4504 3082 4587 baptizandis.
3106 4504 3263 4572 Edit.
3281 4504 3416 4575 'Ver.
3441 4515 3502 4569 de
3522 4504 3705 4587 Pascat

2140 4603 2384 4659 ‘tTmOJX
2414 4604 2507 4657 pro
2530 4581 2871 4659 baptizandis.
2901 4586 3139 4659 Tandem
3165 4590 3353 4647 επιειιὶ
3380 4600 3534 4651 tnss.,
3565 4581 3706 4639 Trato

2135 4667 2270 4713 talus
2302 4657 2539 4714 Pascha.

2209 4729 2290 4802 (2)
2328 4731 2584 4803 Expungo
2611 4743 2710 4800 pro
2736 4728 2986 4803 distribuo
3022 4730 3283 4803 accipitur
3303 4737 3401 4803 ,ιιι
3431 4736 3581 4784 tract.
3608 4722 3670 4783 58
3687 4763 3703 4789 ,

2138 4804 2384 4877 expungit
2409 4802 2749 4886 apophoreta,
2782 4802 2833 4884 id
2861 4802 3286 4885 estmonuscula
3299 4802 3532 4882 domoin
3549 4808 3706 4876 trant-

2137 4872 2360 4930 fcrenda
2392 4874 2687 4929 distribuit.
2732 4873 2867 4929 Vide
2898 4874 3097 4931 ibidem
3125 4874 3311 4928 adnot.
3347 4871 3438 4929 16.
3480 4876 3566 4925 hic
3596 4882 3704 4936 qui-

2137 4946 2259 5001 dem
2290 4948 2343 5024 in
2362 4946 2555 5024 Class.
2605 4944 2938 5024 cremabat.
2968 4943 3227 5024 διαιράςιςης
3252 4944 3706 5024 ρἰἱεοννεεριιησ-

2136 5026 2217 5071 tor
2242 5018 2505 5082 redditur,
2530 5031 2593 5071 ac
2622 5022 2669 5070 si
2695 5015 2927 5072 dividere
2943 5057 2958 5082 ,
2992 5015 3086 5072 seti
3114 5016 3417 5072 distribuere
3441 5022 3494 5067 et
3529 5026 3705 5079 expuu-

2134 5106 2252 5161 gere
2273 5088 2414 5163 idem
2444 5088 2771 5163 signiﬁcent,
2801 5103 2865 5163 ac
2893 5088 3117 5163 verbum
3148 5087 3400 5163 Graecum
3423 5084 3639 5163 διαιρέαξο

2208 5152 2667 5237 (5)_Deniqi'is_pro
2698 5152 2874 5237 paucis
2900 5158 3105 5215 Zenoni
3130 5160 3385 5237 usitatum
3414 5152 3702 5237 ..ιιιςχιάιξζᾳ

2136 5226 2343 5303 poteris
2368 5248 2430 5287 ex
2463 5226 2675 5296 indice;
2699 5226 3014 5303 'vinilicatur
3040 5239 3219 5303 autem
3262 5231 3378 5289 haec
3401 5226 3703 5303 significatio

2133 5296 2317 5361 annot.
2346 5304 2399 5369 4,
2438 5304 2491 5359 in
2522 5314 2678 5358 tract.
2710 5304 2740 5357 Ἰ
2792 5302 2950 5372 huius
3000 5301 3147 5373 libri.
3186 5302 3357 5357 Porro
3396 5300 3455 5373 in
3481 5296 3630 5353 editis
3653 5300 3703 5373 et

2134 5390 2266 5431 mss.
2303 5375 2439 5429 mala
2464 5370 3088 5446 interpunctioiie__erat:
3124 5372 3352 5441 Denique
3380 5370 3699 5446 Conipetentt-

2132 5447 2226 5502 bus
2249 5448 2438 5503 nostris
2459 5442 2637 5515 ﬁnitur
2665 5450 2864 5517 hyeme.
2892 5443 3062 5499 Hodie
3100 5453 3424 5517 peccatorum
3450 5442 3561 5501 eteo
3594 5450 3701 5490 con-

2133 5522 2266 5591 fecto
2293 5514 2638 5591 (laetabuntur.
2669 5514 2951 5591 Quodnam
3003 5525 3324 5591 peccatorum
3366 5514 3551 5575 oleum,
3602 5524 3698 5591 quo

2137 5579 2304 5644 lauari
2356 5579 2739 5658 CompeteutEs
2792 5579 3059 5644 debeant?
3109 5593 3557 5658 errorrspertus.
3609 5579 3697 5636 Ms.

2134 5661 2324 5731 Pomp.
2352 5657 2682 5731 peccatorum
2729 5660 2983 5724 habt-bat,
3020 5666 3077 5713 et
3100 5657 3557 5731 εθςιιιιιιξλιιᾳιιιιε
3589 5665 3700 5731 citr-

2134 5722 2288 5790 rexit'
2303 5722 2626 5802 peccatores;
2654 5732 2750 5788 scd
2772 5745 2950 5801 neque
2969 5722 3220 5803 proinde
3249 5726 3536 5803 difﬁcultas
3553 5722 3701 5803 plano

2132 5798 2371 5870 diluitur.
2401 5803 2588 5882 Itaque
2612 5803 2718 5866 alia
2758 5798 3194 5879 iiite‘rpunctione
3224 5798 3475 5864 utendum
3496 5798 3695 5863 consui-
