3926 6328
197 304 291 363 509

1329 301 1536 360 LIBER
1576 297 1641 360 ΙΙ.
1685 302 2100 364 ΤΒΑΟΤΑῚΠΒ
2137 305 2246 362 LV.

3357 305 3461 359 ιςιιι

198 415 382 472 nostris
417 413 598 472 ﬁnitur
623 412 814 486 hycms
857 411 1014 468 hodie
1050 424 1433 484 peccatorum:
1483 415 1608 471 oleo
1633 429 1766 471 con-
1792 421 1840 480 Α
1869 418 1964 480 lus,
1999 418 2292 485 liberatur;
2325 401 2690 490 resolutisque
2731 409 2894 473 'undis
2934 419 3015 474 via
3045 432 3166 474 cum
3208 432 3463 490 persecu-

197 510 322 565 lccto
346 507 504 581 280
531 508 869 561 ltrtahuntur.
899 506 1072 562 Hodie
1099 523 1194 563 eos
1213 509 1372 566 etiam
1397 523 1492 563 ver
1519 507 1764 565 arridens

195 603 420 658 diversos
449 603 498 655 in
532 600 694 657 liores
729 599 944 656 diverso
965 600 1290 657 charismate
1319 600 1395 674 (4)
1431 601 1760 658 redditurum

195 707 288 765 est,
311 712 426 753 cum
444 695 649 751 salubri
670 695 811 750 unda
841 694 1065 766 perfusi,
1093 695 1326 765 limpida:
1354 695 1559 752 aestatis
1585 712 1763 753 messe

190 790 487 864 gaudentes,
517 788 595 862 (5)
640 804 833 860 panem
872 805 1065 844 novum
1103 791 1368 861 cmperint
1405 789 1760 863 manducaref:

192 899 312 956 quos
333 884 638 939 autumnale
660 899 873 954 quoque
906 899 1011 937 non
1048 884 1345 940 morabitur
1369 892 1624 949 mustum,
1654 901 1761 955 quo

189 977 364 1046 repleti
407 977 799 1048 inebriatiqnc,
835 976 1061 1034 feliciter
1089 977 1318 1048 Spiritus
1366 979 1534 1034 sancti
1583 979 1762 1036 calore

189 1067 489 1123 terrebunt:
522 1069 612 1140 qui
644 1079 700 1122 ut
722 1084 1012 1139 numquam
1060 1068 1448 1137 refrigescant,
1475 1069 1556 1143 (6)
1590 1069 1762 1126 omni-

191 1162 276 1216 bus
306 1162 457 1217 nobis
487 1162 760 1234 praestabit
783 1162 925 1218 Deus
954 1162 1112 1218 Pater
1139 1164 1502 1234 omnipotens.

581 1301 740 1372 εει
763 1297 1177 1356 macrinus
1213 1299 1347 1354 LIV.

713 1392 794 1447 De
817 1393 895 1465 (l)
930 1391 1112 1448 Exodo
1137 1392 1178 1449 Ι.

739 1483 770 1538 Ι
773 1503 803 1538 ιι
834 1486 916 1538 die
946 1483 1181 1540 Pascha.

245 1579 388 1634 Sicut
413 1577 576 1634 lectio
597 1578 774 1634 divina
802 1587 1049 1644 testatur,
1080 1579 1132 1633 in
1163 1577 1397 1652 Atigypto
1417 1594 1445 1633 a
1476 1580 1760 1636 Pharaone

179 1673 474 1742 populoque
502 1672 620 1742 ejus
642 1671 804 1727 lsrael
836 1672 930 1728 Dei
955 1673 1182 1741 populus
1222 1672 1304 1744 (2)
1327 1673 1650 1743 captivitatis
1679 1677 1761 1728 in-

178 1765 306 1833 genti
334 1765 467 1835 jugo
513 1764 775 1818 acerrime
819 1765 1164 1834 premebatur
1195 1763 1391 1838 (Exod.
1433 1783 1480 1820 c.
1516 1767 1574 1835 t).
1608 1767 1759 1821 llunc

179 1858 301 1911 Deus
330 1859 578 1927 pr;ccipit
609 1857 898 1927 proﬁcisci,
931 1857 1068 1912 duce
1088 1857 1271 1930 Moyse
1298 1858 1547 1925 videlicet
1568 1868 1622 1915 et
1649 1861 1758 1916 Aa—

175 1964 258 2002 ron
282 1949 422 2022 (cap.
471 1965 568 2013 xu,
589 1949 680 2019 5|)
700 1991 714 2015 ,
741 1951 844 2004 iter
871 1949 1278 2018 demonstrante
1307 1952 1464 2006 nubis
1511 1953 1759 2010 columna

172 2056 258 2112 per
283 2041 450 2106 diem,
487 2043 674 2098 eadem
706 2043 843 2114 ignis
869 2058 1083 2114 quoque
1110 2059 1206 2114 per
1231 2055 1443 2100 noctem
1469 2045 1609 2118 (cap.
1645 2062 1758 2112 xm,

172 2135 224 2189 2|
275 2147 318 2190 et
361 2136 485 2206 22).
536 2136 784 2192 Finditur
829 2152 1015 2203 mare;
1067 2149 1119 2192 et
1171 2137 1358 2194 dextra
1407 2139 1646 2210 laevaque
1706 2143 1756 2195 in

172 2226 440 2296 abruptum
476 2228 703 2297 digestis
742 2230 1030 2299 aggeribus
1059 2240 1282 2300 stupens
1311 2231 1451 2286 unda
1491 2233 1758 2287 solidatur

174 2318 298 2389 (xiv,
319 2319 384 2374 21
406 2319 600 2392 e122).
632 2321 725 2376 Dei
743 2323 972 2392 populus
995 2323 1212 2392 navigat
1235 2323 1454 2392 plantis.
1483 2323 1618 2380 Mira
1639 2327 1748 2380 res!

171 2410 267 2466 lter
287 2414 404 2482 ejus
433 2413 685 2472 barbaris
713 2416 1064 2471 vehementer
1092 2416 1428 2486 urgentibus,
1463 2432 1560 2472 nec
1587 2432 1753 2487 eques

171 2514 329 2573 potest
358 2508 540 2576 sequi,
573 2522 672 2562 nec
711 2507 880 2562 navis.
919 2507 1078 2561 Maria
1110 2523 1230 2561 cum
1265 2509 1577 2563 mulieribus
1610 2521 1753 2581 tym-

172 2610 351 2664 panum
378 2600 561 2670 quatit
588 2598 680 2670 (xv
703 2641 719 2664 ,
743 2598 872 2671 20);
899 2599 1131 2671 hymnus
1170 2602 1414 2667 canitur;
1461 2602 1553 2656 Dei
1585 2618 1755 2672 popu-

171 2775 296 2816 mus.
331 2762 526 2817 Oleum
562 2777 723 2832 porro
753 2762 823 2816 ab
863 2760 1100 2832 antiquis
1139 2775 1352 2816 sacrum
1380 2760 1626 2816 Chrisma
1674 2761 1759 2815 in-

174 2833 415 2903 telligitur
441 2831 661 2888 dicente
691 2831 883 2901 Optato
907 2831 1000 2886 lib.
1057 2849 1124 2886 vn
1191 2833 1406 2886 advers.
1463 2833 1750 2903 Parmen.:

176 2902 337 2958 Oleum
365 2908 636 2958 nominant
662 2905 806 2958 illum
835 2905 1117 2972 liquorem,
1141 2907 1225 2970 qui
1255 2906 1308 2956 in
1339 2905 1544 2957 nomine
1563 2902 1755 2958 Christi

171 2976 410 3041 conditur,
437 2977 580 3046 quod
604 2977 846 3041 chrisma,
867 2986 1136 3045 postquam
1165 2973 1425 3030 conditum
1448 2985 1540 3038 est,
1588 2977 1754 3028 uomi-

173 3058 327 3103 natur.
353 3049 498 3103 Cum
533 3065 664 3102 vero
702 3048 825 3101 huic
850 3048 973 3118 oleo
1005 3047 1198 3102 (milia:
1231 3051 1428 3118 fructus
1467 3062 1494 3118 ξι
1537 3046 1756 3101 Zenone

175 3119 444 3176 tribuatur.
477 3120 613 3175 illud
645 3117 874 3174 indicari
903 3119 1115 3173 videtur
1138 3159 1152 3183 ,
1186 3115 1342 3182 unde,
1372 3128 1429 3172 ut
1457 3115 1762 3188 Cyprianus

171 3189 236 3243 ait
252 3193 406 3258 epist.
432 3193 530 3255 70,
563 3191 808 3256 baptizati
840 3200 1122 3258 unguntur.
1157 3205 1264 3256 quo
1286 3191 1495 3244 scilicet
1523 3193 1609 3243 die
1638 3205 1759 3256 pas—

171 3245 328 3318 chalis
353 3245 643 3334 Neophyti'
665 3245 1376 3334 conﬁrmabantur.:Oleunt
1402 3261 1596 3314 donum
1628 3245 1755 3328 8ρὶ-
1783 3245 1826 3305 C

173 3334 284 3386 ritus
306 3331 692 3390 sancli’atictor
721 3342 880 3387 vocat
912 3345 979 3386 tr.
1021 3331 1107 3395 14,
1144 3332 1215 3386 lib
1248 3347 1306 3396 tt,
1339 3331 1405 3386 de
1435 3347 1540 3402 quo
1569 3345 1755 3400 aperte

173 3403 495 3474 Augustinus
527 3406 762 3475 loquitur
790 3420 954 3458 serm.
990 3419 1203 3464 ccxxm
1225 3447 1237 3465 ,
1272 3419 1430 3473 quem
1463 3402 1528 3458 ad
1576 3403 1750 3471 bapti-

175 3486 304 3530 zzttos
321 3477 408 3533 die
445 3476 723 3546 paschatis
772 3475 980 3530 habuit.
1014 3477 1198 3543 Neque
1222 3484 1404 3528 tamen
1447 3475 1753 3542 negarimns

175 3547 448 3618 signiﬁcari
487 3564 645 3618 posse
687 3547 830 3601 illam
860 3547 1206 3602 charismatis
1263 3549 1605 3613 unctionem,
1636 3563 1754 3616 qua:

173 3617 296 3672 inter
324 3617 581 3688 baptismi
612 3622 749 3674 ritus
780 3628 1117 3674 accensetnr.

236 3690 307 3762 (4)
333 3693 429 3746 Ms.
471 3693 663 3760 Pomp.
693 3701 747 3745 et
774 3692 903 3744 edit.
953 3689 1412 3762 Ven.redditurus
1433 3689 1550 3762 sine
1591 3690 1756 3762 parti-5

173 3759 274 3815 cul‘a
300 3775 392 3829 est,
427 3779 554 3834 quae
584 3759 711 3818 item
755 3764 912 3818 decSt
935 3763 984 3815 in
1016 3761 1173 3816 codd.
1225 3762 1343 3817 ’l‘ol.
1393 3769 1449 3818 et
1486 3759 1614 3814 Zen.
1647 3761 1754 3815 Sed

172 3829 480 3889 redditurum
511 3846 586 3887 est
613 3835 770 3904 plane
801 3834 1106 3901 legendum.
1135 3848 1256 3888 cum
1286 3835 1349 3888 ad
1388 3847 1478 3887 ver
1509 3829 1766 3886 neutrius’

173 3911 366 3970 gent-ris
391 3907 686 3971 referatur,
720 3905 860 3976 quod
912 3905 1226 3958 redditurum
1260 3947 1273 3968 ,
1329 3907 1380 3958 id
1413 3913 1495 3958 est
1521 3912 1753 3976 mutatu-

173 3990 274 4047 rum
299 4019 312 4042 ,
372 3989 469 4033 est.
544 3975 931 4047 Competentes
981 3977 1034 4030 in
1082 3977 1235 4042 ﬂores
1269 3976 1492 4029 diversos
1523 4015 1536 4037 ,
1568 3975 1755 4043 quales

172 4046 415 4121 Ncophyti
447 4063 619 4104 suave
650 4046 958 4121 redoletues
980 4048 1245 4116 appellari
1274 4049 1485 4109 solent;
1519 4050 1594 4100 uti
1625 4061 1756 4121 sane

173 4117 440 4174 dulcissimi
471 4121 628 4189 ﬂores
657 4121 753 4172 mei
797 4133 826 4172 a
859 4118 1078 4173 Zenone
1129 4131 1390 4173 vocantur
1444 4125 1600 4189 tract.
1648 4117 1714 4172 15
1739 4158 1753 4183 ,

172 4189 252 4244 lib.
277 4207 312 4257 ι,
349 4209 404 4246 ιι.
433 4188 493 4259 5,
525 4194 575 4245 in
607 4191 732 4245 line.
766 4191 969 4245 Diversi
1001 4203 1179 4245 autem
1221 4201 1346 4244 sunt
1389 4188 1444 4243 hi
1495 4188 1654 4242 ﬂores
1688 4205 1753 4244 ex

172 4262 487 4324 charismate
509 4262 751 4324 diverso,
781 4261 988 4316 scilicet
1018 4278 1080 4316 ex
1125 4261 1336 4316 diversa
1361 4259 1756 4330 praeparatione

171 4346 225 4386 ac
265 4336 404 4401 tide,
458 4334 530 4391 de
555 4348 666 4405 quo
714 4333 1028 4388 discrimine
1083 4331 1232 4388 Zeno
1287 4333 1420 4388 satis
1487 4340 1644 4387 tract.
1687 4332 1752 4387 51

171 4415 212 4458 el
237 4407 318 4462 55.

232 4477 305 4537 (ἧς
332 4478 499 4544 Panis
517 4476 605 4530 hic
634 4485 719 4532 est
745 4476 1079 4532 Eucharistia
1099 4476 1201 4530 sub
1236 4477 1386 4545 panis
1411 4474 1592 4544 specie
1624 4489 1755 4529 neo—

173 4545 336 4620 pltytis
365 4549 494 4604 data
524 4590 537 4613 ,
572 4551 730 4603 sicuti
766 4564 866 4603 vox
900 4559 1137 4620 iniustum
1167 4547 1413 4620 eamdem
1468 4545 1756 4620 Eucharis-

171 4618 285 4694 tiain
311 4621 612 4694 signiﬁcat,
642 4635 801 4689 quam
831 4619 1078 4694 sub_vini_
1093 4619 1274 4694 specie
1301 4619 1461 4694 iidem
1495 4618 1757 4694 percipie-
1783 4634 1836 4694 D

171 4690 305 4744 bant.
331 4688 425 4747 llis
461 4688 741 4761 allegoriis
768 4706 892 4746 cum
935 4690 991 4761 S.
1044 4689 1192 4756 Ζειιο
1220 4691 1270 4744 in
1314 4690 1480 4744 rebus
1509 4688 1630 4742 aliis
1651 4690 1754 4744 t're-

171 4773 385 4830 quenter
409 4760 617 4827 utitur,
647 4771 759 4817 tum
789 4778 915 4816 vero
940 4760 1272 4831 frequentius
1292 4762 1342 4814 in
1374 4761 1648 4832 mysteriis
1675 4775 1757 4813 sa-

171 4836 558 4904 cramentisque
581 4834 880 4892 indicandis
909 4875 922 4899 ,
945 4849 1064 4904 qua:
1094 4848 1163 4904 ne
1194 4840 1380 4901 aperte
1413 4833 1590 4885 verbis
1635 4847 1762 4901 pro-

171 4905 288 4972 priis
313 4903 747 4977 exponerentur,
773 4922 838 4960 ex
866 4903 1047 4960 arcani
1076 4903 1619 4977 disciplinagcautum
1646 4904 1760 4977 lite—

171 4986 278 5040 rat,
320 4974 531 5048 de'qua
571 4992 630 5032 re
673 4979 825 5048 plura
873 4976 1188 5031 Emmanuel
1232 4974 1650 5029 Schclestratius
1690 4975 1758 5048 in

172 5057 388 5104 tractatur
416 5047 678 5119 singulari
702 5050 768 5104 de
791 5047 1082 5117 Disciplina
1123 5047 1307 5102 arcani
1343 5061 1461 5119 cap.
1494 5047 1529 5100 4
1549 5047 1754 5119 ,_artic.

173 5120 338 5182 unico,
390 5120 418 5192 §
451 5115 846 5186 5,'lucu|cnter
871 5115 1149 5192 disseruit,
1184 5119 1273 5192 ubi
1319 5131 1371 5174 et
1399 5117 1544 5172 hunc
1575 5115 1753 5172 Zeno-

171 5192 260 5255 nis,
294 5191 461 5258 quem
482 5193 891 5257 antiquissimum
918 5200 964 5246 et
990 5191 1344 5245 doctissimum
1377 5199 1638 5244 auctorem
1658 5204 1753 5245 v0-

169 5273 266 5324 cat,
291 5267 471 5318 locutu
500 5261 829 5318 considerat.

231 5334 306 5405 (6)
334 5336 467 5392 Mss.
511 5333 632 5389 Tol.
658 5345 708 5389 et
738 5334 855 5388 Vat.
888 5349 1011 5389 cum
1058 5333 1186 5388 edit.
1223 5331 1364 5405 Ven.
1395 5335 1448 5387 in
1497 5334 1752 5390 omnibus.

170 5403 358 5462 Eadem
383 5407 556 5462 editio
579 5422 700 5460 cum
737 5421 838 5458 ms.
873 5406 1060 5475 Pomp.
1086 5407 1139 5461 in
1181 5407 1283 5460 line
1305 5404 1454 5460 addit
1481 5405 1660 5461 Amen.

233 5475 763 5549 Tuc'r.LlV.-(I)
799 5477 922 5532 Mss.
962 5477 1104 5549 vat.
1135 5477 1280 5541 'l‘ol.,
1309 5476 1463 5541 Urb.,
1489 5476 1678 5547 Pomp.
1703 5488 1758 5534 et

172 5547 316 5621 index
342 5552 538 5605 Belin:
574 5547 842 5606 Tractatns
863 5551 966 5603 diei
988 5548 1202 5603 Pascha:
1217 5551 1367 5619 cujus
1389 5565 1569 5621 supra,
1600 5549 1652 5604 id
1675 5559 1758 5606 est

173 5619 223 5673 S.
249 5620 505 5686 ZenOnis,
539 5623 631 5692 qui
663 5630 994 5677 memoratus
1025 5623 1196 5677 fuerat
1241 5623 1292 5674 in
1318 5619 1573 5678 clauSulis
1617 5631 1758 5677 trac-

172 5698 364 5747 tatuum
422 5692 792 5762 superiorum.
844 5692 1099 5749 Concinit
1144 5701 1322 5750 autem
1368 5692 1456 5748 hic
1497 5702 1756 5752 tractatus

172 5779 282 5838 cum
306 5767 518 5838 aliquot
545 5779 670 5823 mox
705 5765 1055 5835 subiiciendis
1081 5807 1095 5832 ,
1123 5767 1218 5838 qui
1245 5766 1314 5821 de
1353 5765 1537 5838 Exodo
1567 5766 1620 5824 in
1663 5769 1758 5824 iis-

173 5836 284 5898 dem
307 5836 446 5904 mss.
483 5839 849 5904 inscribuntur
873 5881 888 5908 ,
921 5846 980 5902 ut
999 5839 1122 5915 jure
1143 5836 1270 5903 iure
1292 5836 1484 5902 eadem
1528 5842 1756 5917 inscrip.

1871 521 1986 567 tore
2023 511 2236 569 deletur
2257 512 2366 583 (xtv
2387 553 2402 580 ,
2433 512 2550 585 28).
2581 514 2850 580 Quantum
2883 513 3198 583 spiritaliter
3236 507 3460 584 intelligi

1871 605 2051 673 datur,
2078 604 2345 678 Egyptus
2386 605 2615 666 mundus
2655 614 2740 663 est
2777 607 2899 662 iste.
2952 605 3162 662 Pharao
3209 620 3332 663 cum
3367 621 3462 676 po-

1869 699 1995 770 pulo
2023 714 2123 754 suo
2170 697 2416 758 diabolus
2462 707 2520 755 et
2560 699 2784 769 spiritus
2817 699 2993 754 omnis
3022 699 3344 770 iniquitatis.
3379 698 3458 756 lso

1866 792 1978 848 rael
2023 791 2251 863 populus
2300 791 2640 848 Christianus
2669 831 2685 858 ,
2735 792 2826 862 qui
2872 790 3140 862 proﬁcisci
3186 790 3408 862 jubetur
3439 833 3454 859 ,

1866 894 1924 940 ut
1973 884 2038 940 ad
2069 884 2248 942 futura
2289 883 2602 940 contendat.
2644 884 2855 957 Moyses
2882 893 2936 939 et
2980 885 3160 942 Aaron
3209 899 3306 956 per
3353 884 3405 940 id
3437 925 3452 952 ,

1867 976 1950 1048 (5)
1970 975 2110 1048 quod
2130 985 2306 1044 erant,
2327 975 2710 1041 sacerdotium,
2735 990 2827 1044 per
2845 991 2999 1030 suum
3026 991 3334 1042 numerum,
3357 975 3456 1030 de-

1865 1071 2238 1128 monstrabant
2283 1069 2512 1124 duorum
2558 1076 3002 1135 testamentorum
3036 1076 3453 1124 sacramentum.

1865 1161 2128 1219 Columna
2177 1163 2314 1216 viam
2344 1161 2726 1216 demonstrans
2751 1159 3002 1216 Christus
3047 1170 3130 1219 est
3173 1161 3453 1217 Dominus.

1864 1255 2017 1324 Quod
2058 1254 2326 1325 duplicem
2352 1253 2508 1310 nubis
2539 1262 2591 1308 et
2622 1253 2760 1323 ignis
2799 1253 3086 1324 imaginem
3114 1253 3289 1324 gerit,
3314 1252 3457 1322 judi-

1862 1349 1944 1404 cia
1976 1348 2081 1404 duo
2123 1347 2413 1418 designat,
2469 1362 2633 1402 unum
2677 1362 2829 1416 aqum
2858 1387 2872 1411 ,
2902 1347 3044 1416 quod
3081 1355 3293 1417 gestum
3328 1355 3412 1402 est
3441 1387 3456 1411 .

1863 1443 2003 1512 ignis
2033 1441 2295 1507 alterum,
2328 1440 2470 1511 quod
2503 1439 2585 1512 (4)
2626 1441 2885 1495 1“ιιιιιιίιιιι.
2934 1439 3015 1510 (5)
3055 1439 3202 1494 Mare
3249 1439 3450 1493 fontem

1863 1536 2027 1608 282
2044 1550 2255 1588 sacrum
2286 1533 2548 1590 debemus
2573 1535 2848 1604 accipere:
2880 1535 2930 1588 in
2953 1533 3279 1604 quo~quibus
3301 1532 3458 1603 aquis

1863 1629 1958 1686 Dei
1995 1628 2135 1682 servi
2169 1627 2485 1694 liberantur,
2529 1625 2720 1684 iisdem
2755 1668 2768 1691 ,
2812 1627 2900 1696 qui
2949 1640 3054 1680 non
3088 1626 3294 1696 fugiunt
3319 1667 3333 1688 ,
3363 1625 3457 1682 sed

1863 1730 2080 1790 portant
2108 1728 2352 1791 peccata,
2384 1719 2652 1776 delentur.
2682 1719 2880 1784 Maria,
2920 1734 3040 1788 quae
3061 1733 3184 1773 cum
3216 1717 3459 1774 mulieri-

1789 1829 1835 1889 Β
1864 1814 1965 1869 bus
1993 1825 2302 1886 tympanum
2329 1813 2522 1884 quatit,
2554 1823 2711 1884 typus
2734 1811 2990 1868 Ecclesiae
3017 1810 3116 1866 luit
3141 1828 3152 1864 :
3187 1825 3307 1881 qua:
3332 1824 3454 1866 cum

1866 1908 2121 1964 omnibus
2153 1906 2413 1966 Ecclesiis
2440 1948 2454 1973 ,
2488 1922 2622 1978 quas
2651 1905 2878 1977 peperit,
2917 1906 3172 1978 hymnum
3200 1919 3406 1962 canens
3439 1948 3455 1971 ,

1864 2011 1919 2055 et
1947 1998 2025 2071 (6)
2055 2002 2287 2069 pectoris
2341 2015 2528 2056 verum
2581 2011 2895 2072 tympanum
2952 1999 3199 2070 quatiens
3230 2039 3245 2065 ,
3292 2012 3463 2068 pupu-

1864 2093 1972 2149 lum
2027 2092 2393 2172 Christianum
2449 2092 2598 2149 ducit
2662 2106 2766 2149 non
2815 2092 2866 2145 in
2921 2107 3203 2158 eremum,
3247 2089 3340 2147 sed
3391 2091 3456 2145 ad

1863 2186 2082 2243 cmlum.

2386 2277 2806 2338 TRACTATUS
2829 2278 2938 2335 LV.

2399 2393 2480 2449 De
2511 2392 2591 2466 (l)
2632 2393 2815 2450 Exodo
2842 2392 2904 2448 ll.

1934 2508 2154 2566 Sacram
2186 2509 2358 2581 legem
2395 2509 2485 2578 qui
2517 2509 2833 2580 spiritaliter
2860 2507 3073 2578 accipit,
3117 2505 3332 2575 fratres,
3358 2506 3462 2562 iste

1866 2615 1970 2670 est,
2002 2606 2090 2675 qui
2119 2605 2235 2675 ejus
2268 2606 2443 2660 fructu
2472 2603 2551 2675 (2)
2597 2602 2848 2659 Iactatur.
2889 2600 3063 2658 Judaei
3098 2600 3300 2656 etenim
3338 2613 3462 2654 cum

1865 2761 1940 2815 tio
1971 2761 2021 2813 in
2070 2759 2228 2815 editis
2285 2760 2407 2814 huic
2457 2773 2672 2829 quoque
2709 2757 2956 2812 tractatui
3007 2754 3219 2829 prgclixa
3273 2755 3455 2810 fuerit.

1865 2831 2164 2900 Utrumque
2190 2846 2318 2886 vero
2341 2827 2550 2886 titulum
2583 2827 2634 2883 et
2665 2830 2909 2884 Codicum
2942 2837 2994 2882 et
3022 2827 3318 2900 editionum
3349 2831 3458 2900 hoc

1865 2906 2042 2976 primo
2062 2897 2124 2976 in
2183 2912 2412 2957 tractatu
2442 2902 2757 2976 retinnimus
2783 2943 2803 2976 ,γ
2830 2915 2948 2955 cum
2979 2900 3040 2976 in_
3072 2899 3188 2968 ipso
3208 2897 3456 2976 paschali

1865 2971 2004 3030 l'esto
2059 2975 2146 3030 hic
2192 2984 2449 3030 tractatus
2497 2975 2714 3027 habitus
2764 2975 2834 3026 sit
2865 2971 3153 3026 occasione
3207 2971 3455 3025 lectionis

1865 3049 2038 3103 Exodi
2065 3048 2133 3101 de
2162 3047 2305 3100 rubri
2343 3046 2508 3099 maris
2541 3045 2798 3109 transitu,
2831 3044 2922 3114 qui
2956 3041 3225 3114 paschalis
3250 3051 3303 3096 et
3327 3041 3456 3111 bap-

1868 3119 2330 3190 tismisymbolum
2359 3117 2476 3179 fuit,
2505 3132 2569 3171 ex
2601 3132 2708 3185 quo
2727 3113 2888 3190 etiam
2914 3129 2980 3190 ea
3010 3114 3169 3190 lectio
3202 3113 3306 3190 ho_c
3327 3126 3452 3190 pas-

1867 3193 2007 3246 chali
2041 3185 2284 3258 tctnpore
2326 3189 2540 3244 recitari
2573 3197 2627 3242 et
2661 3185 2927 3257 ettplicari
2974 3185 3215 3258 solebat.
3252 3185 3452 3258 Eadem

1862 3265 1998 3318 ratio
2019 3264 2086 3318 de
2107 3256 2342 3327 caneris,
2373 3263 2462 3330 qui
2495 3256 2789 3329 sequentur
2819 3300 2833 3325 ,
2862 3257 3178 3312 tractatibus
3207 3256 3450 3311 habenda

1860 3343 1963 3392 cst.
2039 3353 2041 3356 ‘

1933 3403 2011 3474 (2)
2044 3404 2182 3459 Editi
2212 3420 2332 3459 cum
2360 3403 2550 3472 paucis
2573 3417 2737 3466 utss.,
2768 3400 3075 3474 replicatur.

1933 3468 2014 3550 (5)
2033 3468 2386 3550 Sparaverius
2401 3477 2742 3550 correctione
2760 3468 3144 3550 additioneque
3165 3468 3451 3550 legendum

1861 3540 2040 3618 putat:
2072 3540 2280 3617 Moyses
2307 3557 2355 3600 et
2385 3546 2557 3600 Aaron
2607 3562 2696 3616 per
2717 3544 2769 3598 id
2799 3588 2814 3611 ,
2867 3559 2968 3609 quo
2994 3551 3142 3618 erant
3169 3585 3182 3604 ,
3215 3540 3452 3596 sacerdo-

1859 3614 2008 3684 tium,
2041 3614 2229 3689 perque
2255 3634 2401 3672 suum
2429 3614 2695 3670 numerum
2718 3657 2731 3676 ,
2757 3623 2862 3670 etc.
2900 3619 2966 3689 At
2989 3614 3123 3669 nihil
3162 3627 3298 3689 Opus
3321 3621 3405 3666 est
3433 3653 3448 3676 ,

1858 3708 1982 3746 cum
2006 3691 2062 3747 S.
2089 3687 2325 3748 Zénonis
2357 3704 2509 3744 mens
2551 3690 2621 3742 sit
2653 3690 2880 3742 innuere
2905 3687 3139 3758 Moysctn
3186 3692 3242 3739 et
3271 3687 3450 3739 Aaron

1862 3781 1950 3830 per
1971 3764 2044 3824 id,
2071 3763 2206 3827 quod
2229 3770 2371 3816 erant
2394 3761 2575 3831 (erant
2594 3771 2774 3814 autth
2800 3762 3131 3821 sacerdotes,
3158 3771 3240 3825 ps.
3265 3769 3449 3817 ιον-ιιι,

1861 3835 1918 3905 6)
1945 3839 2345 3890 demonstrasse
2366 3832 2728 3905 sacerdotium
2758 3871 2772 3895 ,
2805 3847 2893 3894 per
2921 3846 3088 3905 suum»
3115 3841 3449 3905 verrinum;-

1857 3897 1973 3962 ruut
2000 3906 2406 3960 demonstrasse
2426 3904 2534 3958 duo
2562 3911 2901 3966 testamenta,
2932 3916 3052 3968 quae
3081 3897 3302 3954 binariis
3329 3898 3449 3966 qni-

1860 3979 2068 4048 busque
2099 3977 2333 4031 numeris
2356 3973 2656 4048 signiﬁcata
2687 3973 2956 4048 allii-mare
2972 3970 3215 4026 solemne
3245 3968 3452 4024 Zenoni

1858 4045 2070 4115 {uin—ut
2092 4051 2253 4118 liquet
2281 4063 2344 4102 ex
2388 4045 2543 4102 tract.
2575 4047 2664 4111 15,
2695 4045 2788 4099 lib.
2824 4061 2879 4099 tt.

1930 4143 2009 4216 (4)
2033 4142 2307 4197 Iudicatur
2343 4140 2482 4216 ignis
2503 4140 2764 4210 judicium
2792 4156 2806 4203 ;
2833 4153 2942 4216 quo
2968 4136 3073 4216 sub
3111 4135 3453 4216 tin_emnntttttf

1859 4215 1910 4269 di
1938 4205 2122 4269 omnia
2164 4205 2654 4267 cuncreinabnntur
2677 4226 2742 4264 ex
2773 4227 2806 4264 ιι
2853 4205 3002 4264 Petri
3039 4223 3093 4261 ιιι
3117 4248 3132 4269 ,
3168 4207 3229 4260 7:
3258 4205 3381 4259 (ζιειί
3404 4213 3449 4258 ει

1859 4296 1996 4343 terra
2019 4287 2126 4359 igni
2147 4286 2397 4359 (reservati
2421 4284 2635 4359 irt‘diem
2649 4283 2839 4359 judicii
2867 4291 2916 4359 et
2938 4279 3241 4359 perditionis
3263 4279 3330 4330 im
3339 4279 3450 4359 pio-

1857 4376 1969 4413 rum
2017 4351 2310 4423 hominum;
2355 4355 2497 4427 quod
2539 4351 2711 4481 ipsum
2741 4351 3086 4426 signitiéavit;
3119 4351 3354 4405 Joannes
3398 4351 3453 4402 in

1859 4432 2081 4481 Anocal.
2114 4445 2233 4481 can.
2257 4444 2358 4481 xx.
2381 4443 2526 4481 vers.
2631 4436 2683 4480 et
2711 4441 2865 4481 seua.

1857 4432 2081 4500 Apocal.
2114 4445 2233 4499 cap.
2257 4444 2358 4493 xx,
2381 4443 2526 4482 vers.
2554 4432 2586 4481 9
2631 4436 2683 4480 et
2711 4441 2865 4496 seqq.

1931 4523 2014 4596 (5)
2042 4523 2298 4596 Baptismi
2330 4533 2514 4596 typum
2557 4516 3020 4596 fuisse-Erythraei
3057 4513 3236 4596 _maris
3263 4511 3456 4596 transi-

1865 4581 2076 4664 tut‘n,'ut
2103 4581 2582 4667 innuitnu's'adnot.
2620 4591 2672 4657 l,
2713 4581 2914 4646 dise'rte
2957 4581 3448 4667 traduntucutnfeo

1865 4655 2006 4722 none
2033 4665 2208 4720 sancti
2239 4665 2429 4720 Patres
2452 4706 2465 4726 ,
2493 4665 2633 4717 intt‘r
2660 4655 2794 4732 quos
2830 4677 2995 4716 unum
3034 4656 3292 4732 Cyrillum
3328 4655 3454 4732 l_|ic-_

1858 4738 2308 4811 rosolymitanutu
2334 4726 2763 4811 commemorare
2783 4735 2855 4787 sit
2874 4726 3451 4811 satis...q'ui_Catechpsi

1861 4812 1884 4867 1
1924 4811 1991 4882 ad
2013 4796 2233 4882 trecens
2263 4809 2626 4866 illutninalos:
2685 4803 2957 4882 Tyrannus
2988 4796 3082 4856 ille
3107 4842 3120 4864 ,
3142 4797 3325 4882 inquit
3352 4796 3450 4879 .(id

1861 4891 1945 4936 est
1973 4879 2205 4951 Pharao)
2229 4883 2295 4934 ad
2324 4889 2465 4933 mare
2497 4894 2654 4951 usque
2677 4874 2862 4951 veteres
2893 4874 3288 4951 prrscqnebatur
3300 4885 3332 4951 ε.
3347 4874 3455 4940 ipse

1861 4969 1977 5007 vero
2009 4943 2281 5024 impudens
2329 4943 2666 5024 improbitatis
2701 4943 3173 5024 prittceps_dtettt011
3222 4943 3288 4995 ad
3316 4943 3453 5024 ipsas

1863 5041 2021 5093 usque
2048 5011 2299 5078 salutares
2325 5011 2488 5077 undas
2510 5034 2557 5075 te
2586 5011 2906 5093 sequ'cbatur.
2941 5016 3044 5071 Ille
3078 5031 3142 5071 ea:
3164 5028 3303 5068 mare
3331 5011 3454 5068 tub-

1863 5089 2055 5150 mersus
2076 5107 2146 5148 est
2164 5113 2181 5150 :
2202 5097 2297 5150 iste
2315 5095 2364 5148 iu
2391 5111 2521 5162 aqua
2551 5089 2734 5146 salutis
2756 5089 3058 5158 suﬂ'ocatur.

1938 5165 2018 5239 (6)
2049 5167 2174 5230 Mss.
2209 5167 2327 5222 Tol.
2361 5176 2414 5239 et
2440 5165 2563 5239 Vat.
2585 5206 2598 5230 ,
2630 5165 3130 5239 peccatorisyerum.

1930 5230 2136 5296 'i'ntcr.
2160 5239 2269 5293 LV.
2298 5268 2370 5280 -—-
2399 5238 2475 5311 (ι)
2510 5237 2563 5292 ln
2596 5230 2696 5290 ms.
2731 5231 3036 5311 Πριαμίδης
3061 5241 3308 5311 tractatus
3329 5230 3452 5311 _s_ine

1860 5312 1968 5368 alio
1996 5315 2170 5368 titulo.
2195 5299 2696 5372 Cmteri‘ttimtussq
2722 5317 2831 5362 tum
2847 5305 2976 5362 edit.
2999 5304 3058 5358 dc
3093 5301 3293 5360 Exodo.
3327 5299 3454 5372 Ha_-c

1861 5394 2040 5454 autem
2099 5370 2902 5454 marginalisrubricalegitur
2937 5377 3142 5454 in_tus._
3166 5370 3453 5454 “ungula

1783 5455 1790 5458 ’
1863 5452 2073 5510 Pascha
2095 5445 2268 5509 coram
2297 5453 2537 5536 pontiﬁce
2566 5452 2618 5504 in
2655 5445 3175 5536 cttbi'cuIOIreeitanda
3201 5451 3315 5515 post
3341 5445 3454 5496 dia-

1863 5544 2110 5582 conorum
2136 5522 2498 5598 ingressione»:
2524 5526 2635 5592 ipso
2663 5523 2744 5575 die
2764 5522 3040 5591 paschalis.

1937 5623 2016 5695 (2)
2049 5621 2404 5689 Sparaverius
2452 5615 2934 5695 legendunt__putat
2982 5614 3305 5695 laetatura}
3345 5623 3451 5691 qua

1862 5681 2203 5754 correctione
2251 5708 2360 5747 non
2417 5681 2644 5751 multum
2713 5681 2983 5754 discrepat
3043 5698 3144 5736 nts.
3202 5681 3323 5754 fl‘ol.
3364 5681 3450 5754 “in

1859 5751 1969 5842 quod
2005 5751 2206 5823 tutatus
2248 5763 2528 5826 scribitur.
2557 5763 2628 5818 At
2670 5751 3024 5834 tactatur'pro
3069 5753 3299 5829 parcitur
3345 5751 3452 5826 dici

1857 5843 2050 5925 potuit.
