3926 6328
480 289 578 346 fill
932 284 939 287 “
1856 291 2099 349 SANCTI
2140 292 2431 350 ZENONIS
3631 300 3724 359 512

477 411 768 492 carnaliter
793 409 1073 477 sentiunt,
1113 381 1558 483 iu.grcgibusquc
1602 412 1844 483 pecuinis
1869 424 2066 483 agnum
2099 416 2144 472 Λ
2177 415 2249 467 ltti
2302 411 2546 467 criminis
2599 410 2928 483 gratularis?
2962 409 3017 467 ln
3070 408 3305 485 Egypto
3343 414 3501 491 284
3538 423 3729 479 senisu

481 503 773 577 (3)bifaria
797 511 986 559 natura
1021 502 1374 559 commissum
1398 544 1415 570 ,
1446 503 1535 576 qui
1573 504 1801 560 inveniri
1831 519 1938 560 non
1979 519 2076 575 po-
2175 505 2289 571 diu,
2322 502 2402 579 (4)
2431 521 2537 561 non
2593 516 2741 563 sorte
2790 507 3078 579 peregrini,
3124 506 3219 562 sed
3268 512 3478 569 merito.
3523 513 3730 585 Ereptus

483 610 629 668 test,
673 605 964 671 quaerunt,
1016 598 1097 654 sic
1148 596 1232 672 (4)
1269 613 1465 669 agnum
1521 612 1713 654 verum
1752 596 2030 654 Christum
2058 639 2071 664 ,
2177 613 2238 654 es
2288 598 2456 653 inde:
2516 614 2623 655 non
2677 609 2763 655 tua
2798 603 3021 659 evasisti
3050 605 3264 663 virtute.
3300 605 3556 663 Columna
3596 611 3732 668 nubis

480 707 642 765 quem
698 691 1060 756 invenerant,
1123 689 1508 759 perdiderunt:
1565 704 1691 745 non-
1722 691 1869 745 enim
1918 689 2078 745 intel—
2177 696 2235 746 te
2284 690 2536 760 perduxit
2589 707 2686 761 per
2738 693 2902 760 diem,
2956 706 3013 750 ut
3065 696 3147 769 (5)
3204 691 3731 758 ostenderet'ctecum

482 786 713 852 lexere,
747 786 871 854 quia
922 799 990 840 ex
1028 783 1197 839 hmdis
1249 785 1482 839 humana
1522 783 1907 855 designabatur
1949 798 2076 840 caro
2183 781 2381 856 (Exod.
2406 774 2712 855 xm):ignis
2738 787 2987 842 columna
3005 801 3426 860 pcrnoclem,ul
3450 793 3737 852 admoneret

483 878 596 934 suis
622 888 816 933 onuSIa
850 877 1086 946 peccatis
1121 919 1135 943 ,
1167 892 1235 933 ex
1279 877 1469 933 ovibus
1496 877 1718 947 spiritus
1745 877 2074 947 maiestatis:

485 986 606 1042 qum
632 979 859 1041 utraque
879 970 932 1026 in
958 969 1178 1026 Christo
1222 981 1475 1027 concreta
1504 1012 1519 1037 ,
1551 986 1746 1041 agnum
1780 972 2076 1043 legitimum

487 1048 880 1133 praestiterunt.
914 1062 1011 1119 Hic
1031 1073 1116 1119 est
1144 1078 1312 1132 agnus
1331 1108 1346 1133 ,
1379 1064 1593 1132 fratres,
1625 1064 1694 1121 de
1720 1080 1827 1136 quo
1857 1065 1939 1138 (5)
1968 1065 2078 1122 Lex

487 1156 594 1210 ait:
629 1155 834 1211 Pascha
861 1166 936 1211 est
960 1155 1171 1210 Domini
1196 1157 1394 1226 (Exod.
1436 1174 1545 1225 xu,
1571 1159 1629 1215 11
1657 1200 1671 1224 ,
1700 1158 1813 1230 2'1).
1845 1159 2077 1230 Aposto-

488 1247 575 1305 lus
608 1264 824 1320 quoque
873 1248 1099 1305 Paulus:
1152 1248 1361 1304 Pascha
1417 1261 1646 1306 nostrum
1684 1252 1979 1307 immolatus
2008 1262 2083 1307 est

492 1343 728 1397 Christus
752 1341 796 1415 (Ι
860 1340 981 1397 Cor.
1012 1359 1046 1397 v
1076 1385 1091 1408 ,
1117 1344 1193 1413 7).
1230 1342 1340 1399 Cur
1385 1352 1565 1399 autem
1616 1344 1868 1415 dignatus
1922 1343 2085 1399 fuerit

494 1431 785 1500 immolari,
805 1433 1042 1489 Joannes
1065 1434 1303 1505 Baptista
1327 1448 1451 1491 ante
1476 1435 1787 1505 prmdieavit
1816 1435 1901 1490 his
1922 1435 2083 1509 233

491 1526 710 1582 verbis:
757 1527 888 1583 Ecce
922 1544 1082 1600 agnus
1122 1525 1254 1595 Dei,
1286 1545 1433 1595 ecce,
1463 1531 1550 1600 qui
1590 1529 1721 1583 tollit
1753 1528 1828 1602 (6)
1878 1541 2086 1598 peccata

493 1620 690 1674 mundi.
723 1618 902 1692 (Joan.
930 1635 967 1689 ι,
992 1618 1107 1693 29).
1133 1620 1229 1677 Hic
1250 1620 1431 1693 itaque
1454 1618 1729 1678 dictus‘est
1759 1622 1836 1695 (7)
1854 1622 2086 1693 primiti-

2181 890 2448 931 arsurum.
2493 877 2730 949 Angelus
2762 880 2995 949 praevius
3025 891 3112 936 tua
3145 893 3325 938 castra
3379 886 3661 954 promovit,
3684 874 3735 943 ut

2181 968 2346 1021 etiam
2398 970 2650 1038 pra'scnti
2685 970 2798 1027 Deo
2840 972 3151 1041 probareris
3181 975 3418 1046 ingratus
3458 976 3586 1049 (cap.
3614 980 3734 1047 xiv).

2184 1060 2287 1116 Per
2317 1076 2464 1117 mare
2511 1062 2736 1130 pedibus
2776 1064 3084 1132 ambulasti,
3120 1078 3174 1121 ut
3217 1069 3476 1138 patereris
3517 1068 3569 1124 in
3617 1078 3736 1125 terra

2184 1151 2524 1224 naufragium
2559 1153 2696 1227 (cap.
2718 1156 2870 1225 svnt).
2901 1158 2981 1212 Ad
3007 1158 3109 1213 hoc
3136 1173 3266 1215 sane
3290 1160 3344 1214 in
3373 1175 3550 1216 eremo
3573 1177 3737 1232 aquam

2184 1245 2253 1323 de
2285 1256 2433 1315 petra
2470 1247 2677 1315 bibisti,
2718 1265 2913 1305 manna
2944 1251 3011 1305 de
3041 1252 3180 1307 coelo
3209 1253 3592 1324 gustasti(cap.
3624 1254 3737 1326 xvi),

2188 1348 2243 1394 ut
2270 1355 2391 1394 cum
2443 1355 2595 1396 esses
2642 1342 2706 1396 ad
2758 1352 3055 1413 egestatem
3089 1345 3430 1414 postmodum
3472 1346 3741 1413 devolutus,

2188 1431 2586 1501 pnctcritorum
2628 1433 2891 1491 bonorum
2937 1436 3315 1493 recordatione
3357 1437 3531 1494 acrius
3556 1445 3745 1509 torque-

2188 1540 2346 1580 I‘Cl’lS.

2679 1630 3098 1701 TRACTATUS
3137 1643 3295 1700 LVII.

497 1728 616 1781 vus,
644 1713 766 1785 quia
784 1723 1021 1781 paternis
1051 1713 1389 1787 antiquitatis
1407 1720 1553 1772 solus
1583 1727 1667 1772 est
1688 1716 1961 1772 conscius.
1986 1715 2085 1771 Hic

497 1805 573 1851 {Ri
606 1815 845 1851 nmini-nc
890 1807 1010 1851 mnia
1036 1819 1152 1851 nnel
1184 1809 1357 1851 incum
1373 1824 1477 1851 nnn
1508 1819 1588 1851 pet
1617 1809 1775 1851 nllna
1814 1808 1911 1851 "in
1938 1825 2083 1851 eam-
2117 1800 2164 1851 ’Β
2688 1775 2769 1832 De
2932 1776 3117 1834 Exado
3159 1780 3225 1837 Iv

493 1805 573 1879 (8)
606 1815 866 1876 maturus,
890 1807 1013 1880 quia
1036 1819 1158 1880 post
1184 1809 1357 1879 ipsum
1373 1824 1478 1865 non
1508 1819 1593 1867 est
1617 1809 1777 1865 ullus.
1814 1808 1911 1864 Hie
1937 1825 2083 1865 sem-
2116 1800 2164 1861 B

497 1902 764 1971 piternus,
787 1902 914 1974 quia
935 1901 1149 1959 occisus
1175 1912 1279 1969 est,
1309 1913 1364 1960 et
1393 1903 1642 1960 inventus
1671 1912 1756 1961 est
1778 1904 1953 1959 vivus.
1982 1902 2083 1959 Hic

491 1994 871 2051 immaculatus
898 2011 927 2049 a
962 2006 1207 2067 peccato,
1240 1996 1365 2067 quia
1411 1998 1561 2052 solus
1586 2006 1670 2051 est
1700 1995 1952 2051 mundus.
1988 1995 2089 2051 llic

491 2085 746 2141 salutaris
782 2129 796 2155 ,
835 2087 957 2157 quia
1009 2103 1105 2156 per
1132 2087 1304 2157 ipsum
1355 2089 1625 2143 vincimus
1678 2096 1932 2144 mortem.
1990 2088 2090 2143 llic

494 2180 789 2244 masculus,
822 2181 944 2251 quia
979 2180 1072 2236 Dei
1097 2189 1181 2235 est
1202 2180 1393 2236 virtus.
1440 2180 1537 2236 llic
1567 2223 1581 2247 ,
1613 2182 1827 2252 inquam
1863 2223 1877 2247 ,
1918 2195 2088 2251 agnus

492 2271 785 2343 perfectus,
808 2274 932 2344 quia
957 2274 1008 2329 in
1038 2269 1157 2344 ip‘so
1180 2290 1406 2346 magnus
1431 2274 1521 2330 ille
1546 2274 1798 2331 sacerdos
1820 2275 1907 2345 pio
1940 2289 2089 2346 mys-

493 2365 633 2420 terio
660 2380 757 2420 sua
783 2367 999 2420 victima
1033 2366 1295 2434 inclusus,
1332 2366 1492 2423 hodie
1522 2367 1690 2422 Deum
1721 2365 1959 2424 reddidit
1992 2368 2092 2420 bo-

494 2458 716 2526 minem,
750 2474 907 2530 quem
941 2458 1022 2532 (9)
1051 2459 1241 2515 litavit.

987 2594 1408 2653 TRAC'I‘ATUS
1446 2595 1582 2651 LVI.

993 2711 1074 2767 De
1116 2709 1200 2787 (l)
1247 2710 1432 2767 Exodo
1465 2710 1553 2766 Ill.

564 2849 803 2920 Tempus
856 2866 964 2905 non
1011 2848 1162 2914 sinit,
1194 2847 1431 2912 fratres,
1479 2848 1557 2919 (2)
1591 2847 1809 2918 imagini
1861 2846 2089 2902 reddere

493 2944 801 2999 veritatem.
835 2941 1219 2999 Verumtamen
1252 2942 1440 2998 Iudaee
1466 2941 1593 3013 quid
1613 2943 1695 3013 (3)
1720 2941 2090 2997 monumentis

2263 1911 2415 1980 Mira,
2450 1914 2642 1970 fratres
2673 1914 2752 1985 (2)
2785 1915 3074 1981 carissimi,
3108 1916 3356 1973 historiae
3384 1931 3551 1972 sacrae
3575 1919 3646 1973 sic
3682 1926 3751 1973 est

2196 2007 2435 2077 perlecta
2485 2010 2747 2064 narratio.
2793 2010 2925 2064 Cum
2962 2008 3177 2065 lsraelis
3218 2011 3450 2080 populus
3478 2012 3752 2079 (3)enormi

2193 2098 2520 2169 Captivitatis
2545 2099 2676 2171 jugo
2709 2100 3006 2170 depressus
3032 2142 3048 2167 ,
3093 2117 3123 2155 a
3163 2116 3295 2172 rege
3327 2101 3603 2158 Pharaone
3627 2102 3752 2157 duris

2192 2193 2601 2251 conditionibus
2631 2195 2682 2248 in
2727 2193 2965 2266 Egypto
2995 2204 3283 2250 necaretur
3305 2194 3506 2265 (Exod.
3534 2211 3642 2266 cap.
3688 2195 3749 2265 t);

2196 2288 2549 2343 miseratione
2578 2286 2696 2353 Dei,
2744 2287 2882 2343 duce
2926 2286 3111 2358 Moyse
3137 2328 3154 2355 ,
3182 2288 3370 2357 jussus
3400 2297 3483 2343 est
3523 2287 3752 2358 prolicisei

2201 2381 2339 2452 (cap.
2378 2379 2495 2451 xu).
2528 2380 2663 2436 Huic
2694 2395 2802 2437 non
2828 2383 3079 2437 circulus“
3093 2383 3224 2437 solis
3252 2395 3352 2453 per
3378 2382 3541 2446 diem,
3571 2381 3656 2437 sed
3679 2397 3757 2437 co-

2197 2472 2381 2528 lumna
2414 2474 2608 2537 nubis;
2635 2489 2742 2529 non
2768 2474 2998 2530 candida
3030 2474 3196 2545 luna,
3229 2477 3329 2531 sed
3373 2476 3509 2547 ignis
3535 2476 3754 2530 columna

2197 2582 2295 2638 per
2325 2576 2540 2622 noctem
2569 2566 2677 2623 iter
2706 2568 2972 2638 pandebat
3002 2568 3244 2640 ignotum
3277 2586 3294 2623 :
3325 2570 3416 2640 qui
3436 2580 3494 2624 ut
3516 2570 3647 2625 inter
3666 2567 3756 2623 duo

2196 2661 2468 2717 elementa
2506 2661 2772 2729 pervenit,
2806 2660 3003 2716 ibidem
3053 2660 3133 2734 (4)
3171 2662 3542 2732 praesentaria:
3580 2661 3754 2716 exitum

2194 2753 2383 2808 mortis
2423 2753 2645 2821 expavit
2677 2752 2818 2820 (cap.
2848 2751 2982 2823 xiv).
3018 2752 3154 2808 Hinc
3174 2752 3323 2809 enim
3352 2752 3753 2824 persequentium

2194 2846 2356 2919 285
2388 2844 2767 2916 [Egyptiorum
2794 2844 3003 2900 infestis
3025 2846 3382 2902 mucronibus
3403 2843 3484 2922 (5)
3504 2844 3755 2917 premeba-

2195 2952 2323 2996 tur:
2355 2939 2479 2996 inde
2522 2940 2688 2995 maris
2718 2955 2912 3011 magno
2959 2940 3180 2997 clausus
3229 2942 3390 2997 obice
3423 2940 3753 3012 premebatur.

561 3103 641 3172 (ὅ)
671 3102 872 3174 Bifaria
901 3112 1089 3159 natura
1113 3119 1304 3174 agnum
1334 3111 1521 3158 auctor
1549 3110 1739 3169 vocat,
1769 3102 1860 3172 qui
1890 3116 1956 3157 ex
1985 3100 2086 3157 du-
2113 3109 2159 3173 α

490 3174 619 3244 plici
652 3176 928 3230 medorum
956 3186 1012 3230 et
1059 3177 1263 3228 ovium.
1289 3176 1472 3243 specie
1499 3184 1712 3230 constat
1743 3214 1758 3240 ,
1791 3184 1848 3229 ut
1893 3189 1960 3229 ex
2001 3188 2086 3229 se-

489 3247 779 3317 quentibus
821 3247 1136 3301 tractatibus
1165 3246 1409 3317 liquebit.

565 3315 642 3441 (ἓ)
676 3317 849 3374 Voces
877 3335 1068 3390 agnum
1098 3330 1148 3372 et
1180 3314 1443 3372 Christum
1474 3316 1673 3372 absunt
1720 3332 1750 3371 a
1783 3331 1885 3371 ms.
1927 3316 2085 3371 Rem.

624 3389 916 3441 olentinate
963 3405 1091 3441 vero
1121 3388 1381 3441 Christum
1412 3389 1587 3441 deest.

488 3390 545 3444 In
577 3388 925 3443 Tolentinate‘
963 3405 1091 3445 vero
1121 3388 1381 3444 Christum
1412 3389 1587 3444 deest.

565 3459 644 3531 (5)
678 3459 825 3515 Edit.
857 3460 990 3516 Ven.
1026 3477 1122 3531 pro
1164 3460 1274 3515 Lex
1325 3462 1399 3515 ait
1448 3460 1679 3516 habebat
1730 3460 1911 3514 litare:
1942 3458 2085 3514 Edit.

491 3530 631 3586 Ver.
679 3532 888 3587 (celari:
938 3530 1040 3587 ms.
1097 3533 1228 3587 Zen.
1276 3543 1329 3587 et
1376 3533 1471 3601 Sp.
1518 3533 1742 3585 la’tare:
1787 3532 1884 3585 sed
1940 3532 2089 3586 nullo

491 3616 653 3672 sensu
682 3643 696 3665 ,
726 3604 816 3672 qni
846 3604 1165 3659 satisfaciat.
1213 3601 1407 3660 Caneri
1437 3602 1657 3658 codices
1697 3602 1808 3657 Lex
1840 3603 1948 3664 ait.
1998 3603 2090 3657 ubi

492 3671 600 3748 Lex
628 3671 782 3748 sicuti
816 3676 1011 3748 passim
1045 3690 1139 3748 pro
1171 3675 1371 3748 Moysis
1401 3674 1553 3748 libris
1582 3674 1847 3748 s_umitur_,
1878 3675 2087 3748 ut_alibi

491 3742 972 3800 animadvertimus
995 3786 1009 3809 ,
1046 3742 1131 3800 ita
1164 3742 1309 3801 nunc
1342 3745 1543 3800 indicat
1571 3745 1768 3805 librum
1800 3745 2006 3803 Exodi.
2036 3747 2086 3799 in

492 3830 598 3884 quo
629 3815 843 3884 quidem
879 3825 1060 3871 textus
1117 3816 1322 3871 Pascha
1362 3827 1436 3872 est
1474 3817 1681 3870 Domini
1734 3817 1951 3886 legitur.
1985 3816 2091 3871 Ne-

490 3902 597 3958 que
619 3896 848 3958 inoveat,
881 3888 1023 3957 quod
1055 3889 1106 3941 in
1128 3892 1338 3958 vulgata
1365 3889 1484 3955 eius
1507 3887 1609 3943 loci
1643 3888 2089 3957 interpretatione

490 3956 559 4012 sit
588 3975 602 4011 :
637 3956 829 4025 Phase,
862 3956 917 4012 id
943 3969 1015 4013 est
1036 3956 1280 4013 transitus
1328 3958 1573 4013 Domini:
1626 3956 1817 4028 pascha
1856 3960 1999 4014 enim
2036 3966 2091 4013 et

493 4028 674 4101 phase,
698 4029 782 4085 vel
810 4033 1059 4085 transitus
1087 4031 1227 4085 idem
1263 4044 1429 4095 sunt;
1473 4045 1595 4085 nam
1622 4070 1636 4094 ,
1671 4041 1739 4101 ut,
1779 4030 2087 4101 Hieronymi

494 4100 672 4171 verbis
701 4110 914 4157 utamur
940 4102 993 4156 in
1025 4118 1146 4171 cap.
1172 4103 1239 4157 5i
1292 4102 1444 4157 Isaiae
1468 4142 1482 4166 ,
1513 4117 1633 4171 pag.
1682 4100 1810 4171 δεῇ,
1844 4100 2086 4156 ιοιιιζινιε

494 4170 829 4241 Manifestum
855 4185 927 4227 est
972 4170 1164 4242 pascha
1196 4216 1210 4241 ,
1260 4176 1356 4228 hoc
1385 4184 1457 4226 est
1483 4216 1496 4234 ,
1527 4170 1685 4240 phase
1733 4170 1949 4227 Domini
1987 4190 2090 4227 non

493 4243 780 4314 passionem
829 4245 1123 4314 significare
1150 4287 1165 4307 .
1213 4247 1302 4300 sed
1347 4244 1645 4299 transitum.
1706 4244 1842 4299 Hinc
1895 4245 2086 4299 eadem

492 4311 804 4388 Zenoniana
836 4311 1211 4388 interpretatio
1259 4328 1512 4386 usurpata
1560 4316 1750 4370 visitur
1792 4330 1826 4388 7a
1877 4314 2090 4388 Tertul-
2191 4314 2323 4388 dura
2350 4324 2406 4370 et
2431 4311 2717 4370 criminosa
2746 4327 2920 4386 gesta,
2950 4317 3144 4388 quibus
3176 4317 3253 4371 illi
3280 4311 3479 4372 divinis
3502 4312 3751 4372 beneﬁciis

494 4386 640 4459 liano
678 4386 938 4459 adversus
966 4387 1184 4444 ludaeos
1206 4405 1327 4459 cap.
1365 4389 1449 4454 ll,
1483 4396 1539 4444 et
1559 4387 1862 4458 praesertim
1894 4403 1923 4441 a
1943 4386 2088 4443 Gan-
2192 4386 2336 4441 male
2364 4388 2780 4459 responderunt.

494 4454 676 4531 denti”
704 4472 875 4531 serm.
909 4458 966 4526 2,
993 4475 1113 4531 pag.
1140 4454 1256 4516 40.’
1360 4529 1369 4531 Α
1560 4454 1577 4458 ⁷
1614 4530 1617 4531 ν
1906 4529 1913 4531 ξ
2111 4503 2166 4531 η
2198 4459 2347 4531 μμ)
2377 4454 2712 4531 Judtrosuon
2732 4457 3275 4531 sorte‘peregrini,sed
3301 4458 3750 4531 utloquiluljlt'tCI-

572 4526 654 4600 (θ)
696 4503 966 4585 stat...)
993 4503 1241 4586 ᾓᾶὲιῗὲὶ
1276 4529 1395 4587 Tol.
1434 4531 1511 4586 Ita
1549 4530 1710 4586 etiam
1753 4540 1869 4585 erat
1903 4529 1954 4584 in
1979 4545 2080 4584 ms.
2111 4503 2167 4564 Ι)
2192 4503 2402 4595 58ζηῦιῖ
2432 4503 3753 4594 necessitatex'ed'mrcrii’o:sciliectuolivsit‘a-ctituia,

498 4596 712 4675 P_0tnp.,
753 4602 846 4657 sed
877 4614 1181 4659 correctum
1214 4614 1509 4675 peccatum,
1540 4604 1619 4657 uti
1660 4612 1715 4658 et
1743 4603 1794 4657 in
1823 4600 1983 4658 editis
2009 4603 2086 4659 le-
2192 4600 2246 4656 in
2277 4602 2589 4675 captivitate
2613 4602 2812 4656 diutius
2843 4604 3061 4675 relictos
3087 4602 3339 4659 afﬁrmat.

2263 3100 2345 3174 (2)
2387 3101 2623 3175 Reddere
2664 3104 2925 3157 veritatem
2977 3105 3192 3175 imagini
3227 3103 3370 3159 idem
3402 3113 3483 3160 est
3515 3118 3587 3175 ac,
3611 3103 3756 3171 expli-

2191 3188 2319 3229 care
2347 3174 2475 3246 quid
2518 3174 2698 3241 imago
2738 3191 2833 3230 seu
2864 3175 3031 3246 ﬁgura
3060 3174 3192 3230 vere
3240 3176 3526 3246 signiﬁcet.
3580 3174 3755 3230 Indicnt

2192 3256 2370 3319 autem
2428 3245 2576 3319 Zeno
2622 3261 2681 3300 se
2727 3245 2991 3301 brevitate
3031 3245 3329 3319 temporis,
3360 3248 3502 3319 quod
3540 3246 3667 3301 inter
3691 3252 3756 3299 tot

2192 3316 2369 3372 ofﬁcia
2422 3317 2691 3386 paschalia
2723 3319 2984 3389 reliquum
3023 3316 3157 3383 est,w
3182 3316 3464 3388 impediri,
3501 3318 3753 3388 quominus

2191 3390 2364 3457 possit
2390 3402 2698 3459 exitonere,
2731 3390 2857 3459 quid
2891 3391 3186 3457 spectarit,
3228 3390 3371 3458 quod
3397 3389 3589 3446 Judzeis
3613 3390 3752 3453 olim,

2192 3459 2319 3533 dum
2339 3476 2411 3533 ex
2448 3458 2681 3531 Egypto
2713 3458 2923 3515 liberati
2960 3459 3207 3533 fuerunt,
3255 3464 3310 3515 in
3356 3462 3582 3533 imagine
3608 3461 3754 3533 conti-

2192 3530 2286 3600 git.
2338 3530 2395 3586 In
2451 3530 2803 3603 ms.’l’omp.,
2835 3532 3074 3603 imaginis
3108 3534 3303 3604 legitur
3334 3551 3346 3587 :
3388 3533 3440 3588 in
3469 3530 3590 3588 cdit.
3640 3531 3752 3586 Ven.

2192 3603 2425 3666 veritate,
2451 3618 2678 3668 quorum
2703 3612 2952 3658 neutrum
2987 3603 3180 3672 placet.

2265 3673 2346 3745 (5)
2394 3673 2725 3727 Monumentn
2745 3676 2990 3729 criminis
3034 3674 3347 3731 Judteorum
3390 3685 3575 3730 auctor
3599 3672 3754 3743 appel-

2193 3743 2282 3818 lat
2316 3747 2485 3813 ipsum
2523 3745 2691 3818 Exodi
2725 3746 3028 3813 historiam,
3062 3763 3127 3802 ex
3159 3761 3261 3818 qua
3297 3749 3472 3814 palam
3513 3755 3591 3800 est
3632 3748 3753 3818 ipsos

2192 3815 2307 3870 sive
2339 3821 2389 3869 in
2421 3816 2747 3885 captivitate,
2774 3819 2887 3872 sive
2916 3820 3041 3871 dum
3078 3814 3460 3882 liberarentur,
3483 3819 3592 3872 sive
3614 3814 3751 3870 etiam

2194 3898 2336 3956 post,
2369 3889 2530 3942 variis
2558 3888 2877 3942 criminibus
2898 3904 3021 3944 reos
3051 3888 3220 3945 fuisse
3240 3932 3255 3954 ,
3285 3889 3429 3959 quod
3463 3889 3513 3943 in
3554 3902 3753 3956 sequen-

2194 3958 2336 4011 tibus
2359 3961 2491 4012 satis
2520 3963 2760 4027 eXpouit.
2791 3960 3010 4015 Iudices
3031 3975 3191 4028 parre
3220 3958 3392 4015 Exodi
3427 3960 3687 4013 historiam
3710 3960 3750 4011 in

2191 4030 2273 4084 sui
2302 4030 2536 4083 nominis
2566 4031 3089 4085 commendationem
3142 4033 3432 4102 ingessisse
3457 4073 3470 4095 ,
3518 4034 3566 4084 in
3607 4043 3753 4102 eaque

2193 4115 2473 4169 perperam
2496 4104 2793 4170 gratulatus
2819 4102 2966 4157 Zeno
2992 4099 3246 4167 allirmai,
3272 4104 3416 4171 quod
3458 4117 3558 4157 non
3598 4099 3751 4154 minus

2194 4173 2317 4225 inde
2344 4172 2555 4242 gloria-,
2571 4188 2727 4242 quant
2749 4175 3056 4244 ignominia:
3077 4176 3127 4227 iu
3145 4174 3291 4243 ipsos
3312 4173 3498 4229 redeat
3522 4191 3534 4227 :
3560 4173 3599 4226 si
3625 4172 3748 4244 cnim

2195 4252 2378 4316 patent
2399 4244 2577 4316 divina
2611 4247 2741 4313 ipsis
2758 4243 2951 4300 collata
2980 4245 3264 4311 beneﬁcia,
3289 4246 3588 4316 produntur
3611 4243 3750 4316 etiam

489 4670 654 4740 gitur.

563 4742 644 4816 (7)
688 4743 941 4799 Tractatu
964 4746 1035 4801 62
1067 4745 1224 4814 hujus
1245 4746 1389 4809 libri,
1409 4746 1497 4803 ubi
1520 4744 1717 4799 similia
1743 4752 2083 4816 repetuntur,

495 4809 794 4888 Primitivus
825 4855 839 4879 ,
873 4816 1047 4885 inquit
1096 4809 1285 4871 auctor
1334 4819 1465 4886 quia
1508 4825 1695 4888 praeter
1729 4809 1939 4872 Patrem
1967 4827 2087 4871 ante

490 4884 661 4953 ipsum
689 4888 862 4942 nullus
881 4895 933 4941 et
954 4884 1172 4955 primus.

564 4958 646 5029 (8)
686 4958 1043 5029 Sparaverius
1084 4960 1268 5014 mallet
1313 4958 1415 5029 legi
1451 4960 1653 5024 unicus,
1705 4967 1757 5014 et
1797 4959 1955 5016 bene.
2018 4960 2085 5013 At

494 5027 708 5101 laudato
733 5027 893 5084 iract.
925 5030 1018 5097 62,
1039 5042 1271 5085 maturus
1294 5027 1578 5101 repetitur,
1602 5032 1695 5085 sed
1720 5031 1823 5084 alia
1851 5032 2082 5097 ratione,

492 5100 612 5166 quia
640 5111 862 5155 wtcrnus
892 5111 988 5157 est.
1040 5103 1209 5157 Porro
1249 5100 1567 5155 auctoritate
1608 5116 1709 5156 ms.
1753 5102 1907 5156 Rem.
1950 5105 2088 5155 anti-

493 5172 739 5240 quissimi
786 5174 1103 5241 scripsimus
1130 5182 1332 5229 nonest
1361 5174 1501 5227 ullus
1563 5187 1659 5243 pro
1684 5189 1749 5229 eo
1781 5173 1923 5243 quod
1959 5173 2086 5228 alibi

492 5243 748 5298 scribitur
782 5255 852 5296 est
885 5245 1078 5300 nullus.

566 5313 647 5388 (9)
691 5313 951 5388 Nimirum
979 5317 1286 5388 sacriﬁcavit
1305 5358 1319 5381 ,
1359 5315 1555 5386 quippe
1582 5314 1722 5388 quod
1753 5313 1999 5388 Christus
2029 5330 2087 5371 se

492 5385 751 5441 hominem
776 5386 884 5441 Deo
914 5387 1050 5457 patri
1085 5385 1179 5456 per
1204 5399 1434 5442 mortem
1457 5385 1874 5454 crucisoblulit,
1906 5398 1962 5442 ut
1985 5393 2083 5441 ho-

494 5458 693 5513 minem
722 5458 926 5512 faceret
950 5460 1181 5527 quodam
1211 5459 1370 5513 modo
1404 5460 1587 5514 Deum.

564 5529 1016 5604 Tasc'rLLVl.—g
1031 5530 1111 5604 (1)
1152 5531 1275 5604 Mss.
1311 5530 1469 5604 Rem.
1492 5529 1611 5585 'I‘ol.
1645 5528 1952 5604 Vat._Urb_.,
1985 5531 2084 5604 Sc-

492 5602 698 5669 qucntia
736 5600 943 5673 Exodi;
972 5600 1181 5673 remp.
1241 5601 1399 5666 Zen.,
1444 5600 1577 5655 Item
1647 5603 1712 5655 de
1765 5600 1982 5668 Exodo;
2035 5603 2088 5658 in

494 5673 656 5747 editis
681 5674 745 5726 de
773 5671 977 5747 Exodo.
1001 5674 1099 5747 Hie
1127 5671 1288 5747 porro
1313 5683 1567 5747 tractatus
1596 5673 1791 5729 similis
1817 5684 1899 5747 est
1928 5681 2088 5747 tract.

497 5742 567 5798 58
597 5754 652 5798 et
684 5745 930 5812 utrique,
980 5754 1039 5800 ut
1067 5742 1276 5802 facilius
1313 5746 1713 5814 intelligantur,
1738 5745 2088 5800 conferendi:

494 5815 690 5871 alicubi
717 5819 882 5879 enim,
916 5817 1004 5871 ubi
1033 5820 1263 5885 variant,
1295 5833 1436 5875 unus
1463 5832 1531 5873 ex
1559 5819 1735 5873 altero
1762 5817 2083 5888 explicatur;

2265 4673 2344 4741 (5)
2383 4672 2481 4728 Ms.
2515 4672 2698 4738 Rem.,
2727 4674 3025 4729 custodiret.
3721 4682 3749 4741 _'

2265 4737 2471 4816 'I‘tiscr.
2488 4743 2623 4799 LVII
2636 4784 2647 4795 .
2661 4737 2731 4785 -έ-
2744 4747 2822 4816 (1)
2838 4747 2964 4801 Mss.
2997 4744 3188 4815 Incipit
3213 4744 3385 4800 Exodi
3415 4742 3629 4816 secunda
3640 4758 3659 4807 ;

2194 4813 2278 4890 de
2306 4814 2509 4890 Exodo.
2571 4816 2664 4890 llic
2694 4810 2953 4890 tractatus
3004 4810 3129 4890 post
3172 4818 3457 4873 lectionem
3486 4817 3553 4872 de
3591 4810 3755 4869 Exodo

2195 4886 2507 4961 haliitus‘ex
2543 4888 2964 4961 primaiperiodo
2989 4886 3350 4961 cognoscitur.

2267 4958 2346 5027 (ἳ)
2378 4958 2513 5034 ,Μθεο
2542 4952 2686 5034 Tol},
2720 4952 2932 5031 Pomp.,
2966 4952 3109 5034 Vati.
3134 4962 3292 5025 Urb.,
3321 4952 3756 5034 dilectissimi;8.ic

2192 5027 2347 5084 deest
2377 5032 2427 5083 in
2461 5044 2563 5084 ms.
2606 5029 2727 5084 Vat.
2766 5040 2821 5087 et
2857 5026 3001 5095 sane
3046 5033 3323 5089 abundare
3363 5032 3587 5087 videtur.
3639 5026 3753 5080 Dein

2193 5100 2432 5170 prefecta
2463 5116 2560 5170 pro
2587 5102 2809 5171 perlecta
2839 5104 2892 5159 in
2923 5120 3024 5159 ms.
3057 5104 3179 5160 'I‘ol.

2265 5171 2351 5244 (5)
2394 5171 2509 5227 Duo
2532 5170 2666 5228 mss.
2715 5173 2873 5230 Rem.
2907 5187 2960 5230 et
2991 5176 3134 5241 Tol.,
3170 5176 3223 5230 in
3255 5176 3387 5231 ormi
3408 5192 3426 5229 :
3456 5189 3555 5229 ms.
3590 5170 3752 5236 Pomp.

2193 5244 2369 5297 mortis
2395 5260 2407 5295 :
2436 5245 2525 5315 alii
2556 5255 2735 5299 autem
2764 5257 2875 5301 tum
2892 5262 3051 5315 mss.,
3081 5260 3189 5302 tum
3220 5248 3347 5301 editi
3370 5250 3560 5300 in'ortu
3588 5247 3756 5315 praeter

2192 5329 2361 5390 unum
2389 5314 2630 5369 codicem
2667 5316 2979 5390 Urbinatem
3003 5361 3017 5385 ,
3047 5322 3135 5389 qui
3167 5314 3754 5390 genuinani_lecli0Item

2195 5386 2364 5462 textui
2409 5392 2667 5462 insertam
2702 5388 2968 5462 exhibuit.
3019 5386 3191 5462 Paulo
3226 5400 3344 5460 post
3369 5386 3640 5462 prehensus
3674 5394 3756 5462 pro

2192 5458 2462 5532 depressus
2491 5459 2543 5512 in
2569 5458 2757 5532 eodem
2784 5476 2886 5514 ms.
2916 5460 3073 5527 Urb.,
3096 5455 3345 5532 drin'pro
3368 5455 3508 5514 Duce
3529 5455 3694 5526 Moyse
3712 5455 3754 5504 in

2195 5543 2295 5603 ms.
2324 5529 2539 5603 Pomp.,
2558 5530 2780 5603 _hloyses
2806 5533 2980 5587 solum
3012 5532 3225 5603 legitur.

2291 5600 2343 5672 4)
2384 5602 2527 5656 Edit.
2557 5600 2694 5657 Ven.
2728 5600 3071 5671 prtesentattc.

2292 5664 2351 5743 5')
2389 5672 2469 5728 Ne
2497 5664 2775 5743 repetatur
2794 5689 2896 5728 vox
2924 5675 3269 5746 premebatur,
3299 5676 3425 5746 qum‘
3449 5671 3632 5746 iterum
3650 5664 3753 5746 hoc

2194 5739 2385 5799 eodem
2433 5739 2677 5800 membro
2704 5739 2960 5813 occurrit,
2998 5760 3119 5802 eam
3150 5739 3499 5816 Sparaverius
3521 5743 3617 5797 hoc
3646 5739 3752 5793 loco

2194 5816 2474 5872 subaudiri
2504 5818 2710 5883 mallet,
2742 5818 2826 5873 vel
2855 5817 2960 5890 legi
2991 5820 3296 5874 terrebatur.
3335 5818 3458 5875 Post
3484 5824 3646 5886 pauca
3672 5818 3757 5880 pro
