3838 6322
56 297 146 352 515
1184 286 1386 343 LIBER
1425 285 1490 343 II.
1531 282 1948 342 TRACTATUS
1985 284 2124 341 LIX.
3200 285 3309 343 5η

55 412 235 472 Etenim
265 407 337 463 ilii
366 404 523 462 nulla:
550 405 764 461 inerant
794 418 994 470 naves,
1035 403 1179 461 nulla
1214 402 1607 460 transfretandi
1636 405 1691 465 Α
1721 401 1961 473 Denique
1987 416 2176 458 eremo
2211 403 2483 476 exciperis
2514 401 2710 474 (Exod.
2746 417 2865 474 cap.
2897 401 3065 472 xvn),
3115 417 3226 474 quo
3254 412 3309 460 te

53 501 303 577 praesidia:
336 512 455 554 cum
498 495 675 552 subito
713 496 891 552 divina
942 496 1284 567 providentia
1337 495 1605 552 scinditur
1710 511 1854 551 nunc
1886 495 2197 565 pervenisse
2245 496 2552 567 cognoscis.
2579 494 2682 552 Ubi
2714 510 2846 575 sane
2882 495 2948 550 ad
2981 494 3083 550 hoc
3108 509 3306 567 aquam

54 611 182 655 mare
207 611 219 648 :
243 607 392 664 aqum
413 591 602 647 dextra
631 590 876 661 laevaque
902 590 1081 661 gelido
1105 598 1327 660 stupot'e
1355 589 1601 655 frenaue,
1630 637 1635 641 .
1707 585 1777 642 de
1803 596 1955 657 petra
1980 586 2183 652 bibisti,
2211 602 2406 642 manna
2430 587 2501 644 de
2550 586 2691 643 οωΙο
2715 586 2943 657 gustasti
2975 585 3115 659 (cap.
3169 587 3304 659 xvr),

54 692 231 746 vitreos
257 685 555 754 diriguntur
581 683 634 739 in
669 697 874 751 muros,
907 683 1285 753 praestolantes
1317 683 1604 738 transitum
1707 688 1768 735 ut
1792 681 1964 737 scires
1993 680 2180 747 miser,
2208 679 2338 750 quid
2358 677 2539 736 fueras
2580 677 2911 750 perditurus.
2940 677 3024 752 (4)

53 783 135 840 Dei
164 779 357 852 populi,
382 786 441 833 ut
470 775 549 850 (6)
577 774 1031 846 persequentibus
1057 790 1208 832 mare
1238 778 1363 830 sint.
1392 774 1608 831 Induci-
2198 796 2286 852 ..ιη
2308 836 2324 852 ι
2344 830 2610 852 nmmm
2636 810 2641 813 .

56 830 546 932 iur'itivvriamvlsrael'
568 830 834 939 ingratiis,
858 868 911 923 in
939 830 1041 939 qua
1068 882 1170 925 nec
1190 830 1407 938 gladios
1433 868 1609 938 possit
2198 830 2616 889 TRACTATUS
2664 831 2804 889 LIX-

56 968 242 1031 timere,
286 977 384 1019 nec
412 961 626 1017 ﬂuctus.
665 959 799 1016 Mira
830 960 950 1016 res!
984 958 1168 1015 medio
1196 959 1609 1030 pulverulentus
1898 978 1906 987 ο
2136 998 2145 1007 ,
2224 948 2304 1006 Dc
2346 948 2430 1023 (I)
2461 948 2651 1005 Exodo
2685 947 2773 1004 Vl.

55 1058 258 1117 exsultat
283 1055 336 1110 in
362 1053 655 1127 profundo,
675 1051 861 1124 (7)qui
887 1052 1028 1107 circa
1059 1067 1120 1107 se
1142 1051 1346 1108 videret
1382 1051 1611 1108 feliciter

56 1148 356 1220 triumphum
421 1161 579 1201 suum
636 1146 814 1215 perire
866 1144 1169 1216 naufragio.
1216 1145 1345 1201 llaec
1389 1145 1611 1202 Judmus

56 1241 303 1315 praedicat,
321 1237 549 1294 fratres:
578 1246 631 1293 et
655 1247 831 1293 tamen
858 1238 967 1292 Deo
987 1237 1216 1293 demens
1242 1238 1420 1294 adhuc
1439 1253 1613 1309 usque

57 1351 147 1389 non
171 1329 351 1395 credit,
382 1328 478 1401 qui
505 1338 587 1386 est
607 1328 924 1387 benedictus
951 1330 1002 1385 in
1037 1330 1236 1386 saecula
1263 1330 1609 1388 steculorum.

57 1427 224 1483 Amen.

1784 1084 2155 1154 Jndmifunde
2176 1098 2235 1141 se
2262 1083 2450 1140 b'ealos
2475 1090 2685 1154 putant,
2730 1082 2974 1139 infelices
3013 1084 3139 1140 inde
3185 1100 3309 1142 esse

1716 1180 2276 1237 noscunturzetenim
2317 1176 2400 1252 (2)
2453 1176 2793 1233 commodius
2835 1186 2966 1247 puto
3007 1179 3206 1232 misero
3255 1184 3310 1234 in

1714 1282 1857 1329 statu
1888 1289 1989 1329 suo
2013 1274 2275 1338 manenti,
2306 1287 2468 1343 quam
2514 1271 2674 1327 beato
2728 1273 2779 1325 itt
2820 1271 3034 1327 ultimas
3067 1271 3312 1327 miserias

1718 1366 1995 1421 devoluto.
2015 1364 2146 1420 Nam
2174 1366 2251 1438 (5)
2277 1364 2575 1436 praedicant
2615 1373 2795 1436 patres
2826 1379 2956 1419 suos
2994 1363 3310 1438 Egyptiqu

1714 1459 1975 1531 populum
2006 1456 2262 1530 fugiendo
2306 1456 2519 1514 delesse
2573 1456 2771 1531 (Exod.
2803 1474 2919 1529 cap.
2968 1457 3113 1530 xiv):
3145 1458 3312 1515 Deum

1717 1554 1831 1609 suis
1860 1552 2143 1623 praefuisse
2161 1552 2476 1622 majoribus,
2495 1568 2795 1624 eorumque
2816 1553 2918 1608 iter
2935 1553 3276 1624 praecessisse
3296 1573 3309 1609 :

1720 1660 1825 1701 nou
1855 1645 2239 1717 intelligentes,
2266 1645 2387 1716 quia
2419 1645 2614 1723 exinde
2642 1660 2739 1702 eos
2765 1661 2793 1701 a
2833 1645 2969 1702 facie
3004 1660 3099 1700 sua
3139 1661 3317 1702 remo-

1722 1749 1831 1804 tos,
1848 1749 1970 1808 post
2001 1752 2157 1792 suum
2179 1738 2396 1792 dorsum
2413 1736 2758 1810 cum(4)’post
2781 1736 2973 1793 futuris
2999 1737 3275 1808 abjecerat
3301 1755 3313 1791 :

112 1830 331 1901 Tempus
362 1844 467 1886 non
498 1829 629 1885 sinit
653 1829 871 1899 imagini
909 1829 1142 1886 reddere
1167 1831 1477 1888 veritatem.
1508 1830 1615 1886 Vc-
1645 1797 1693 1858 Β
1722 1797 1986 1904 (5)
2017 1829 2358 1902 Erythraznm
2387 1797 2686 1900 quoquehi
2719 1830 2966 1900 geminas
3004 1797 3153 1899 ripas
3194 1845 3313 1885 me-

52 1934 354 1990 runttatneu,
405 1924 615 1988 Judtec,
645 1924 812 1996 286
847 1924 974 1995 quid
1002 1922 1084 1994 (2)
1115 1923 1488 1996 designatione
1540 1926 1614 1981 tui
1722 1925 1871 1979 dium
1903 1926 2130 1979 scissum
2159 1937 2330 1988 mare,
2360 1921 2643 1994 ductisque
2671 1921 2866 1977 dextra
2894 1922 3137 1994 laevaque
3164 1938 3323 1994 agge-

50 2018 270 2073 criminis
293 2016 619 2089 gratularis?
660 2017 716 2073 In
743 2016 978 2089 Egypto
1006 2017 1219 2074 servisti
1247 2018 1342 2074 diu
1379 2034 1485 2074 non
1514 2034 1613 2075 ne-
1724 2018 1870 2073 ribus
1888 2017 1940 2072 in
1970 2017 2145 2075 aciem
2169 2017 2402 2088 stipatis,
2428 2015 2689 2072 undarum
2726 2016 2892 2070 salvo
2923 2017 3155 2087 liquore,
3197 2032 3319 2073 are-

50 2111 301 2179 cessitate,
341 2110 438 2167 sed
472 2110 669 2168 merito
697 2107 894 2181 (Exod.
931 2125 1046 2182 cap.
1081 2110 1144 2182 ι).
1178 2110 1410 2183 Ereptus
1440 2126 1500 2167 es
1530 2111 1613 2165 in-
1721 2112 1919 2169 factam
1948 2111 2201 2183 profundi
2234 2111 2286 2168 in
2320 2120 2491 2167 Semet
2522 2119 2711 2166 contra
2759 2125 2819 2166 se
2848 2110 3324 2182 obnixam,stupi-

48 2203 105 2259 de
140 2202 287 2276 (cap.
343 2203 625 2273 xv):nou
658 2214 748 2257 tua
785 2203 1008 2258 evasisti
1066 2202 1289 2257 virtute.
1346 2202 1610 2258 Columna
1721 2205 1851 2260 dam
1886 2202 2209 2275 pependisse
2265 2213 2512 2257 naturam
2538 2218 2571 2274 _:
2614 2202 2756 2274 viam
2806 2202 2948 2257 inter
2990 2201 3187 2257 ﬂuctus
3238 2199 3320 2275 (6)

48 2298 190 2355 nubis
219 2308 272 2355 te
291 2297 516 2375 deduxit
546 2312 642 2367 per
691 2296 833 2352 diem
866 2336 880 2362 ,
921 2308 982 2351 ut
1015 2296 1327 2352 ostenderet
1368 2309 1569 2351 mecum
1602 2314 1616 2351 :
1726 2297 1981 2352 micuisse
2027 2305 2297 2351 terrenam
2327 2336 2342 2361 ,
2376 2311 2496 2366 qua:
2526 2295 2710 2367 utique
2739 2310 2847 2363 non
2872 2294 3111 2371 C(BICSIis
3138 2296 3325 2367 populi

50 2391 170 2462 ignis
216 2390 465 2448 columna
516 2405 615 2462 per
639 2400 878 2455 noctem,
913 2398 972 2444 ut
1019 2388 1346 2460 significaret
1372 2405 1618 2446 arsurum
1725 2391 1982 2446 meritum
2003 2433 2016 2457 ,
2047 2390 2143 2446 sed
2193 2389 2397 2446 terreni
2430 2405 2523 2460 per
2549 2391 2735 2446 orbem
2769 2402 2939 2446 totum
2971 2391 3326 2464 dispersiouts

48 2492 173 2552 (cap.
194 2481 333 2554 xm).
361 2482 599 2554 Angelus
630 2491 716 2538 tua
760 2490 936 2537 castra
972 2481 1228 2552 praecedit
1254 2499 1267 2535 :
1298 2482 1490 2537 necubi
1512 2484 1624 2538 cri-
1725 2483 1920 2539 futura:
1972 2482 2324 2538 denuntiabat
2368 2482 2617 2537 exitium.
2674 2481 2799 2537 Ideo
2844 2497 2940 2539 eos
2984 2484 3036 2539 in
3083 2500 3329 2540 eremum

48 2593 155 2634 tuen
182 2593 425 2636 excuses.
453 2578 555 2634 Per
585 2593 734 2633 mare
758 2577 1006 2634 ambulas
1041 2578 1183 2649 (cap.
1231 2586 1341 2650 xiv)
1366 2597 1379 2632 :
1403 2580 1621 2635 veloces
1723 2581 1847 2637 inde
1875 2582 2127 2653 perduxit
2155 2579 2349 2649 (Exod.
2381 2595 2497 2650 cap.
2530 2578 2655 2649 xv),
2704 2577 3037 2649 vulneraque
3078 2579 3329 2635 detesta-

48 2675 197 2744 pedes
224 2676 305 2749 (5)
344 2685 463 2730 tuos
509 2675 579 2729 ad
629 2672 1012 2730 effundendum
1060 2672 1378 2745 sanguinem
1425 2674 1619 2729 dextra
1724 2677 1848 2733 bilis
1893 2678 2093 2732 mentis
2126 2673 2364 2751 curanda
2397 2672 2538 2729 lacte
2597 2686 2719 2727 cum
2777 2670 2941 2727 melle
2993 2670 3329 2742 providendo

48 2767 269 2840 horaque
300 2771 356 2825 in
380 2782 442 2825 se
466 2767 744 2839 refugiens
773 2767 911 2821 unda
944 2774 1177 2822 testatur
1215 2764 1444 2839 (Psalm.
1473 2766 1617 2841 xm).
1724 2769 2058 2826 commonuit
2087 2768 2227 2840 (cap.
2279 2766 2398 2838 xw)
2444 2781 2457 2819 :
2493 2778 2615 2819 nam
2671 2764 2901 2819 inlirmis
2953 2778 3017 2820 ac
3062 2763 3330 2836 languidis

485 1578 901 1639 TRACTATUS
941 1581 1126 1638 LVIII.

528 1672 605 1729 De
656 1674 738 1747 (l)
782 1673 967 1730 Exodo
1022 1675 1088 1730 V.

51 2960 238 3013 clausus
262 2969 392 3012 mss.
422 2954 582 3009 Rem.
604 2951 725 3009 Tol.
754 2952 976 3018 clansui,
1005 2960 1056 3009 et
1081 2950 1331 3009 cod.Vat.
1354 2967 1455 3024 pro
1481 2954 1625 3009 clau-

50 3048 127 3084 sas
151 3028 288 3082 obice
306 3026 493 3083 scribit
514 3025 717 3081 clausui
746 3024 981 3095 obiicere.

113 3100 189 3173 (6)
226 3099 325 3155 Ms.
358 3098 579 3173 Pomp.,_
605 3094 1006 3173 transeuntibus,
1071 3095 1217 3173 quod
1244 3095 1288 3150 si
1340 3096 1621 3173 legendum

1730 2962 1834 3020 ret,
1866 2954 2062 3026 quibus
2107 2968 2252 3026 sane
2286 2953 2466 3026 omnia
2497 2961 2816 3026 evenerunt,
2848 2966 2967 3023 qua:
3016 2950 3070 3007 in
3103 2950 3324 3012 Veteris

1725 3023 2054 3082 Testamenti
2103 3024 2287 3096 figuris
2335 3023 2661 3081 indicantur.
2694 3024 2791 3078 Hic
2816 3038 2977 3096 porro
3032 3030 3319 3093 tractatus,

1731 3100 1913 3168 paucis
1938 3095 2159 3162 additis,
2181 3096 2504 3168 quibusdam
2550 3097 2788 3159 mutatis,
2820 3095 3018 3168 eadem
3040 3097 3319 3168 continet,

51 3165 134 3239 sit,
163 3165 220 3227 ut
242 3186 375 3226 sane
396 3170 674 3240 probabile
702 3177 808 3233 est,
838 3168 1032 3240 desunt
1076 3169 1176 3222 hoc
1204 3167 1323 3221 loco
1350 3169 1625 3235 aliqun,et
1728 3165 1849 3240 quae
1882 3178 2141 3223 tractatus
2166 3168 2255 3223 56.
2297 3167 2431 3223 Vide
2458 3167 2621 3238 igitur
2648 3182 2768 3238 qua:
2815 3167 3015 3222 ibidem
3044 3165 3332 3224 adnotavi-

52 3239 501 3330 supplendumsic
531 3259 543 3295 :
576 3249 631 3295 ut
671 3239 1048 3321 transeuntibus
1077 3254 1251 3330 aggetj‘.
1279 3241 1626 3330 persequenti-
1652 3265 1697 3330 ρ
1733 3239 1872 3330 unus.

53 3309 133 3368 bas
148 3309 295 3369 mare
322 3313 405 3366 sit.
433 3312 601 3384 Agger
627 3311 927 3384 posuimus,
978 3323 1099 3364 cum
1129 3309 1286 3384 unda:
1309 3309 1435 3366 hinc
1462 3321 1625 3381 atque

54 3385 166 3441 ltinc
193 3381 495 3453 suspensae,
514 3381 678 3439 tract.
711 3381 801 3453 59.
829 3382 1433 3453 αθςενεεᾲθριιθιιθηιυτ.

113 3456 187 3531 (7)
226 3451 319 3531 Sic
339 3471 469 3531 ιιιιιςἶ
493 3454 611 3509 Tol.
641 3462 697 3509 et
716 3452 845 3508 Zen.
878 3451 1062 3507 caeteri
1091 3452 1218 3506 editi
1245 3463 1301 3507 et
1328 3467 1458 3509 mss.
1484 3454 1628 3523 quia,

53 3527 186 3600 quod
213 3527 612 3600 tuinttsplftcet.

119 3599 317 3655 Tusca.
350 3594 703 3667 LVIll.—(I)
747 3595 874 3650 Mss.
906 3595 1000 3663 Sp.
1023 3606 1076 3650 et
1107 3594 1239 3651 Zen.
1268 3595 1412 3650 addit
1442 3596 1509 3649 ad
1526 3595 1629 3649 Ju-

55 3672 202 3731 Xwos.
224 3678 406 3725 contra
438 3684 574 3737 quos
600 3684 731 3722 sane
762 3666 1044 3736 posteriori
1075 3682 1289 3735 quoque
1316 3675 1472 3721 aetate
1494 3675 1634 3720 trac-

55 3754 187 3797 tatus
207 3759 232 3793 a
256 3740 505 3796 Patribus
544 3754 945 3808 neunttmquam
973 3737 1188 3792 habitos
1211 3738 1442 3805 (ulalios
1465 3747 1634 3794 testes

57 3812 384 3882 omittamus)
419 3826 486 3867 ex
524 3808 753 3882 Possidii
785 3808 1260 3882 indicnloliquet:
1306 3810 1393 3864 ubi
1428 3824 1633 3882 memo-

56 3895 232 3939 rantur
256 3883 313 3941 S.
345 3878 629 3953 Augustini
655 3880 897 3953 adversus
933 3878 1161 3953 JudtB08_
1177 3889 1431 3935 tractatus
1476 3880 1627 3947 duos,

59 3956 141 4028 qui
164 3956 350 4026 injuria
380 3950 680 4024 temporum
712 3952 1121 4028 interciderunt.
1137 3950 1196 4028 _l_d
1214 3964 1396 4028 autem
1423 3966 1491 4006 ne
1512 3953 1632 4007 cui-

60 4023 191 4097 piam
213 4023 290 4082 sit
312 4023 528 4093 mirum,
553 4040 674 4097 cum
702 4033 825 4092 post
845 4023 1112 4097 redditam
1136 4023 1396 4078 Ecclesia:
1422 4038 1632 4097 pacem,

59 4095 111 4153 et
137 4107 410 4168 postquam
453 4096 703 4168 ecclesia:
731 4095 1315 4168 pultlicazpatuerttttt,
1365 4110 1429 4150 ea
1467 4096 1630 4149 disci-

60 4166 193 4239 plina
224 4169 439 4225 inducta
477 4166 886 4239 fuerit,_utgad
934 4166 1322 4239 Episcoporum
1355 4181 1635 4239 sermones

60 4236 413 4297 exaudiendus
431 4255 537 4294 non
557 4249 662 4293 tam
679 4236 867 4293 fideles
883 4247 937 4293 et
955 4236 1451 4303 catechumeni,sed
1473 4236 1637 4292 haere-

62 4308 674 4377 tici,Gentiles,etJudmi
694 4307 1092 4379 exciperentur;
1115 4307 1256 4364 unde
1275 4324 1396 4364 can.
1419 4309 1487 4363 84
1508 4323 1639 4363 con-

61 4386 160 4437 cilii
177 4382 611 4453 Cartltaginensis
647 4396 696 4435 tv
719 4380 984 4453 sancitum
1010 4379 1259 4451 legimus,
1290 4391 1346 4434 ut
1370 4382 1639 4453 episcopus

62 4456 254 4509 nullum
289 4451 550 4522 prohibeat
579 4451 779 4523 ingredi
815 4453 1079 4507 ecclesiam
1097 4492 1114 4516 ,
1148 4461 1195 4505 et
1223 4452 1404 4523 audire
1434 4451 1640 4505 uerbum

66 4524 176 4592 Dei,
202 4528 302 4581 sive
330 4525 600 4589 Gentilem,
628 4521 733 4579 sive
756 4523 1193 4588 hwreticum,siue
1213 4521 1455 4578 Iudicum
1482 4537 1640 4591 usque

62 4600 127 4649 ad
155 4597 366 4653 Missam
391 4595 890 4652 catechumenorum.
918 4594 1093 4651 Missae
1122 4597 1635 4650 catechumenorum

65 4670 275 4723 numine
302 4670 613 4739 intelligitur
632 4666 721 4722 illa
753 4666 958 4739 missio,
991 4681 1096 4739 qua
1118 4663 1490 4739 catechutneni
1515 4672 1636 4734 post
1663 4657 1716 4718 D

66 4739 300 4796 divinum
335 4737 555 4797 verbum
599 4737 1028 4793 dimittebantur.
1085 4738 1160 4791 Ex
1206 4737 1306 4791 hac
1348 4752 1478 4792 vero
1506 4750 1638 4790 cou-

67 4810 344 4868 suetudine
368 4854 382 4875 ,
412 4821 472 4867 ut
499 4819 723 4867 testatur
747 4809 1035 4865 concilium
1085 4807 1386 4863 Valentium
1426 4822 1547 4863 can.
1586 4808 1635 4872 t,

69 4884 300 4938 nonnulli
334 4883 398 4939 ad
444 4882 604 4939 fidem
636 4880 1066 4950 perducebantur
1098 4897 1112 4933 :
1147 4878 1411 4950 Sicenim,
1444 4877 1638 4948 inquit.

70 4950 381 5020 Pontiﬁcum
408 4949 772 5024 praedicatione
813 4952 1018 5024 audita,
1053 4949 1329 5005 nonnullos
1375 4950 1443 5004 ad
1487 4950 1642 5024 ﬁdem

70 5035 309 5079 ato-actos
354 5022 606 5082 evidenter
644 5024 852 5079 scimus.
918 5023 1041 5078 Haec
1090 5032 1268 5077 autem
1317 5037 1415 5078 nos
1462 5036 1526 5076 ea
1575 5022 1646 5076 de

72 5109 231 5148 causa
269 5098 523 5151 monitum
557 5093 841 5164 voluimus,
873 5110 979 5150 nou
1008 5094 1152 5164 quod
1194 5095 1356 5149 hosce
1388 5102 1647 5148 tractatus

73 5180 101 5217 τι
132 5166 345 5223 Zenone
375 5167 636 5223 adversus
671 5163 890 5221 Iudaeos
924 5163 1048 5220 vere
1095 5176 1392 5233 praesentes
1436 5163 1650 5221 habitos

75 5236 240 5293 fuisse
259 5239 559 5303 credamus,
601 5238 694 5293 sed
732 5244 790 5291 ut
815 5245 1092 5307 apparent,
1123 5252 1282 5307 quam
1322 5236 1649 5293 imbecillum

76 5308 141 5362 si:
185 5326 369 5368 eorum
416 5318 816 5381 argumentum,
863 5310 950 5374 qui
999 5317 1060 5364 ut
1096 5308 1369 5365 Zenonem
1410 5309 1477 5363 ad
1509 5309 1650 5381 antis

76 5381 265 5449 quiora
291 5379 753 5444 smcula‘evebant,
790 5380 871 5434 his
896 5383 1209 5437 tractatibus
1241 5389 1484 5446 utuntur,
1513 5395 1577 5434 ac
1603 5379 1652 5434 si

81 5453 390 5514 posterioris
410 5454 509 5509 :evi
541 5452 809 5507 antistites
835 5451 1095 5508 adversus
1123 5450 1343 5507 Judaeos
1365 5451 1577 5521 publice
1600 5451 1654 5505 in

82 5522 335 5579 Ecclesiis
361 5541 467 5580 non
499 5522 873 5579 disseruerint.
922 5522 1192 5579 Caeterum
1220 5521 1507 5577 occasione
1547 5522 1657 5576 lec-

80 5594 286 5667 tinuum
313 5595 663 5667 paschalium,
681 5594 949 5667 inquibus
976 5593 1045 5649 de
1072 5593 1272 5667 divinis
1292 5607 1420 5663 erga
1439 5591 1659 5667 Iudaeos

84 5663 355 5722 beneﬁciis
383 5682 565 5723 sermo
591 5676 705 5730 est,
737 5663 837 5720 hes
870 5673 1125 5721 tractatus
1160 5682 1189 5719 a
1220 5663 1438 5720 Zenone
1465 5665 1659 5718 recita-

89 5746 176 5792 tos
202 5738 384 5807 liquet,
405 5737 798 5806 utexprobrntu
825 5739 1060 5808 ipsorum
1090 5737 1282 5806 ingrati
1310 5734 1473 5789 animi
1504 5734 1657 5796 vitio,

86 5824 272 5867 verum
304 5811 397 5867 Dei
428 5809 629 5867 cultum
668 5812 735 5867 ad
774 5809 1100 5866 christianos
1130 5808 1448 5864 translatum
1475 5820 1664 5862 moue-

1805 3312 1861 3381 (‘2
1926 3310 2212 3365 Tractatus
2241 3308 2329 3375 56,
2364 3309 2523 3365 habet
2547 3310 2889 3364 monumentis
2919 3309 2996 3363 tui
3021 3310 3273 3367 criminis.

1807 3310 1886 3455 (53
1928 3382 2083 3455 ﬁdit.
2108 3381 2267 3446 νειμ,
2297 3398 2461 3455 suos.
2574 3454 2579 3455 γ
2709 3451 2747 3455 _

1830 3381 1886 3446 5)
1934 3382 2074 3435 Ιεῖάἰο.
2108 3381 2267 3446 Ven,
2297 3398 2440 3437 suos.

1830 3386 1886 3455 5)
1934 3386 2074 3435 fidit.
2108 3386 2267 3446 Ven.,
2297 3398 2440 3437 suos.

1807 3386 1886 3525 (4)
1927 3453 2025 3525 Ms.
2053 3453 2206 3525 Bern.
2238 3452 2514 3510 concludit
2540 3454 2621 3510 sic
2652 3471 2664 3509 :
2702 3451 2932 3525 Explicit
2979 3461 3231 3509 tractatus
3270 3454 3335 3509 de

1734 3522 1922 3579 Exodo
1952 3524 2013 3579 S.
2043 3522 2286 3579 Zenonis.

1806 3596 2009 3651 Tusca.
2028 3592 2453 3670 ιλιι-(ηιῑά
2476 3597 2743 3670 Ven.cum
2759 3611 2858 3670 ms.
2894 3596 3027 3652 Zen.
3055 3594 3334 3670 delectaris

1736 3667 1879 3722 hunc
1899 3678 1955 3721 et
1980 3678 2268 3738 sequentes
2282 3667 2404 3722 octo
2428 3678 2583 3723 tract.
2601 3668 2875 3724 inscribit:
2892 3684 3023 3721 mss.
3057 3669 3243 3725 caeleri
3270 3670 3335 3723 de

1734 3738 1942 3795 Exodo.
1968 3738 2270 3810 Utrumque
2299 3739 2509 3795 titulum
2543 3741 2832 3810 praeposuit
2868 3738 3195 3797 Veronensis
3217 3739 3333 3797 edi-

1735 3812 1833 3877 tio,
1858 3810 2002 3880 quod
2030 3810 2198 3866 semel
2224 3813 2497 3867 monuisse
2520 3811 2772 3866 suftlr-iat.

1808 3882 1889 3957 (Ξ)
1931 3884 2029 3939 Ms.
2057 3882 2188 3940 Urb.
2221 3900 2333 3939 esse
2354 3884 2694 3957 commodius.
2720 3883 2795 3938 Ne
2814 3893 2990 3937 autem
3025 3883 3335 3957 aequinocti-

1739 3954 1938 4011 tionem
1972 3957 2218 4025 patiaris,
2248 3955 2475 4011 subaudi
2505 3955 2700 4009 homini
2732 3956 2939 4018 misero,
2970 3963 3023 4008 et
3053 3954 3333 4025 signiﬁca-

1738 4038 1825 4082 tur
1855 4028 2169 4097 praeclarius
2199 4028 2371 4081 multo
2396 4027 2478 4097 agi
2510 4041 2633 4080 cum
2664 4029 2881 4081 homine
2909 4026 3133 4093 misero,
3160 4026 3251 4095 qui
3276 4026 3331 4081 in

1737 4114 1838 4153 suo
1873 4108 2018 4153 statu
2062 4106 2294 4162 maneat,
2328 4112 2489 4167 quam
2519 4112 2641 4152 cum
2672 4098 2833 4155 beato
2862 4107 2912 4151 et
2945 4097 3110 4164 felici,
3142 4099 3230 4168 qui
3275 4098 3328 4152 in

1739 4170 1987 4226 miserias
2018 4170 2237 4224 ultimas
2262 4169 2607 4237 devolvatnr.

1811 4263 1893 4336 (5)
1934 4262 2081 4318 Edit.
2117 4262 2244 4319 Ver.
2272 4272 2327 4319 et
2360 4263 2567 4336 aliquot
2611 4278 2738 4336 mss.
2775 4262 3056 4336 prafdicnt:
3088 4262 3331 4336 correxi:

1740 4333 1859 4391 mus
1877 4349 1939 4389 ex
1960 4336 2197 4404 quinque
2225 4349 2356 4389 mss.
2387 4345 2441 4388 et
2469 4333 2598 4389 edit.
2618 4333 2755 4389 Vcn.
2783 4334 2984 4404 quippe
3013 4334 3337 4390 nominativi

1742 4407 1861 4462 loco
1878 4404 2065 4477 (Indici
2095 4406 2489 4477 intelliguntur.

1816 4476 1896 4549 (ι)
1938 4474 2301 4549 Postfuturis
2334 4492 2429 4545 pro
2446 4474 3003 4549 ipostetjsaccipitur,
3057 4490 3160 4547 qua
3198 4489 3335 4549 voce

1743 4544 2017 4605 Vitruvius
2045 4544 2138 4603 lib.
2180 4563 2253 4615 Ix,
2296 4544 2419 4615 cap.
2444 4548 2496 4612 7,
2522 4558 2578 4603 et
2603 4544 2807 4603 Gellius
2835 4545 2930 4600 lib.
2956 4544 3087 4615 xvu,
3128 4561 3249 4616 cap.
3276 4547 3330 4614 7,

1743 4622 1811 4677 de
1841 4634 2061 4691 re,qua:
2089 4617 2346 4689 deinceps
2380 4616 2555 4673 futura
2589 4627 2694 4686 est,
2731 4626 2973 4673 utuntur.

1818 4715 1900 4785 (5)
1928 4710 2083 4785 Hunc
2108 4720 2313 4785 textum
2348 4712 2772 4785 contaminatum
2811 4710 3170 4785 Sparaverius
3194 4711 3307 4785 judi

1741 4781 1894 4849 cans,
1928 4781 2307 4853 corrigendum
2350 4787 2587 4852 putavit,
2634 4782 2708 4838 ita
2741 4792 2920 4840 tamen
2945 4792 3004 4839 ut
3032 4784 3185 4839 illum
3213 4784 3334 4839 sine

1743 4856 1978 4926 antiquis
2020 4854 2169 4909 libris
2208 4869 2404 4909 sanare
2441 4870 2500 4910 se
2539 4871 2644 4910 non
2684 4869 2846 4925 posse
2894 4854 3171 4924 professus
3217 4854 3336 4911 sit:

1746 4927 2305 5000 Erytltrwruntquoque
2332 4927 2389 4980 in
2417 4928 2649 5000 geminas
2684 4928 2829 4998 ripas
2872 4925 3342 5000 medinmscissttm

1747 4996 1911 5065 mare,
1965 4998 2229 5069 ductisque
2273 4996 2454 5053 dextra
2490 4996 3153 5070 lanaque'aggeribns,_in
3179 4997 3344 5070 aciem

1747 5072 1950 5141 stipatis
1993 5067 2165 5135 undis,
2207 5071 2336 5126 sudo
2376 5071 2574 5139 liquore
2605 5067 2839 5141 arefacti
2864 5067 3110 5140 profundi
3137 5069 3343 5135 semita,

1756 5139 1935 5199 contra
1962 5159 2015 5197 se
2040 5143 2279 5198 obnixam
2307 5142 2570 5211 stupidum
2599 5139 2898 5212 pependisse
2936 5148 3215 5212 naturam.)
3234 5140 3345 5195 Co—

1758 5216 1906 5272 dices
1933 5217 2113 5283 plures
2142 5210 2427 5269 habuimus
2446 5254 2461 5279 ,
2504 5213 2638 5269 nihil
2666 5210 2774 5268 tale
2805 5211 3075 5267 subolet-it
3102 5210 3345 5278 uspiam;

1758 5296 1814 5344 et
1841 5303 1907 5343 ex
1934 5286 2368 5355 interpunctione
2392 5327 2409 5351 ,
2440 5300 2600 5355 quam
2635 5283 2946 5355 posuimus,
2973 5297 3079 5337 non
3114 5283 3182 5336 ita
3213 5297 3348 5336 con-

1761 5354 2089 5425 taminatum
2121 5359 2221 5414 hoc
2264 5354 2634 5412 testimdnium
2663 5354 2834 5410 videri
2876 5368 3037 5425 posse
3080 5363 3351 5423 putamus,

1762 5438 1821 5484 ut
1848 5424 2077 5496 intelligi
2103 5436 2371 5498 nequeat.,

1835 5519 1916 5592 (6)
1937 5517 2217 5592 (Miscuisse
2244 5518 2513 5592 habebant
2530 5514 2672 5592 editi
2697 5523 2765 5592 e_t_
2778 5529 2911 5568 mss.
2942 5511 3230 5592 nfﬂtlullii
3245 5525 3355 5592 me-

1766 5583 1870 5645 lior
1899 5583 2011 5644 visa
2050 5600 2134 5644 est
2166 5590 2326 5645 lectio
2358 5605 2491 5646 mss.
2530 5587 2689 5644 Rem.
2721 5585 2843 5640 Vat.
2878 5594 2935 5640 et
2962 5583 3151 5652 Pomp.
3193 5583 3361 5637 Paulo

1768 5672 1888 5731 post
1916 5660 1970 5715 in
1994 5675 2095 5715 ms.
2130 5660 2224 5728 Sp.
2247 5662 2442 5715 meritis
2463 5661 2658 5731 legitur
2687 5671 2784 5731 pro
2811 5654 3049 5731 meritum
3074 5669 3093 5718 ;
3125 5654 3176 5707 iu
3203 5655 3359 5731 item.

1766 5723 1957 5787 Exitum
1998 5748 2093 5802 pro
2137 5723 2383 5791 exitium.-
2429 5742 2482 5784 et
2514 5723 2645 5784 inde
2677 5723 2868 5781 eodem
2898 5724 3053 5781 lieni.
3086 5739 3208 5781 cum
3240 5723 3361 5784 Tol.

1768 5814 1823 5862 ct
1852 5804 2040 5874 Pomp.
2077 5802 2220 5859 Adeo
2245 5820 2343 5874 pro
2371 5802 2397 5857 1
2404 5804 2518 5857 deo.
