3926 6328
434 315 538 373 52'!

1370 302 1615 362 SANCTI
1653 299 1942 359 ZENONIS
1980 300 2109 357 LIB.
2152 301 2217 369 ll,
2258 298 2506 391 TBACT.
2549 292 2809 359 LXXVII.
3586 314 3671 372 θέε

435 434 481 488 0
511 430 634 487 felix
661 421 1179 500 supplicium,’quod
1215 420 1582 478 incolumitate
1620 426 1908 491 superante
1933 416 2032 472 im-
2060 417 2108 478 Λ
2139 416 2292 471 alveo
2311 416 2465 471 navis
2493 413 2639 489 (Jan.
2673 431 2691 470 ι
2728 425 2775 471 et
2819 413 2911 484 u):
2946 427 3042 470 nec
3071 424 3181 470 tres
3204 417 3371 485 pueri,
3392 434 3491 490 quo
3513 423 3675 479 ardere

440 523 742 582 mortalitas
770 520 1134 592 prosequitur,
1165 524 1219 570 ct
1247 528 1447 569 corona
1477 515 1491 567 !

885 650 1301 711 TRACTATUS
1325 648 1587 707 LXXVII.

951 770 1030 825 De
1057 770 1137 843 (i)
1178 766 1514 823 DanielelX.
1576 808 1578 811 ι

512 889 630 948 Non
651 886 814 944 hodie
843 886 975 943 mihi
1006 886 1072 941 ad
1097 901 1190 941 vos
1210 899 1391 941 sermo
1413 893 1517 949 est,
1538 881 1731 936 fratres
1745 877 2031 944 carissimi,

439 981 798 1057 son-3m
830 979 907 1052 (2)
945 980 1014 1034 de
1039 978 1288 1033 humanis
1308 976 1496 1046 gestis,
1526 984 1619 1029 aut
1648 972 1858 1028 meritis
1891 989 1904 1021 ε
1935 985 2036 1027 nec

442 1078 526 1149 (5)
542 1077 742 1131 'Daniel
765 1074 1034 1130 inducitur
1054 1073 1197 1128 inter
1223 1070 1567 1126 frementium
1591 1070 1804 1124 leonum
1821 1066 2038 1123 rabidos

443 1173 617 1229 rictus
640 1168 940 1241 intrepidus
974 1167 1133 1239 (Dan.
1161 1184 1207 1221 ε.
1251 1163 1382 1237 xxv).
1416 1163 1624 1220 caelesti
1673 1160 1905 1233 prandio
1952 1176 2038 1213 sa-

444 1275 531 1320 tur
565 1282 578 1317 :
609 1277 710 1319 nec
736 1261 823 1335 (t)
849 1260 1013 1317 Jonas
1043 1260 1185 1314 inter
1213 1265 1505 1312 :estuantes
1539 1254 1804 1325 procellas
1832 1252 2036 1310 sollici-

442 1357 592 1427 tique
613 1346 779 1410 maris
794 1353 990 1409 ﬂuctus
1012 1352 1232 1407 insanos
1253 1349 1418 1405 tutior
1433 1348 1596 1419 piscis
1612 1347 1753 1412 alvo,
1774 1362 1930 1418 quam
1955 1343 2036 1418 (5)

445 1555 612 1609 patria.
643 1538 775 1594 Cum
804 1550 935 1593 vero
981 1551 1113 1590 mss.
1158 1520 1613 1609 libridignatione
1634 1545 1735 1601 pro
1786 1529 2039 1600 dignitate

445 1604 717 1694 habeant;
748 1619 949 1664 mutata
977 1606 1409 1677 interpunctione
1438 1604 1672 1673 optimus
1694 1616 1886 1658 sensus
1906 1616 2038 1658 con-

446 1691 607 1737 Sisttt.

516 1752 720 1809 TBACT.
759 1748 1181 1823 LXXVIl.-g-(i)
1204 1746 1259 1823 In
1283 1746 1370 1803 ed.
1396 1746 1582 1802 titulus
1598 1753 1715 1800 erat
1740 1742 1890 1823 :__Pro
1914 1744 2038 1823 fidei

447 1826 683 1890 veritate,
713 1840 872 1895 quem
896 1815 1201 1895 reperimus
1220 1821 1271 1895 i_n
1302 1835 1408 1895 uno
1431 1816 1889 1895 re_centﬁms._Zen.
1915 1815 2033 1871 Cae-

2140 507 2461 579 putabantur
2492 506 2761 571 incendio,
2786 506 2854 561 de
2884 506 2995 561 suis
3029 506 3388 564 inreusoribus
3422 512 3675 570 vindicati:

2138 600 2233 655 sed
2255 599 2322 655 de
2351 599 2581 654 Domino
2608 608 2819 665 nostro,
2851 613 3012 669 quem
3064 599 3084 669 (
3109 598 3240 669 proh
3268 600 3411 654 nefas
3439 602 3451 655 !
3475 600 3492 674 )
3538 621 3679 662 vene-

2140 702 2328 747 rantur
2346 692 2442 761 (6)
2465 691 2673 747 externi
2723 689 2800 763 (si
2829 700 3011 746 tamen
3042 691 3321 748 dicendum
3346 694 3445 766 est)
3472 697 3544 751 sui
3584 714 3683 755 car-

2143 792 2295 855 punt.
2330 784 2473 839 Sane
2504 782 2585 855 (7)
2622 783 2783 838 nullis
2840 786 3171 854 argumentis
3215 797 3474 853 armatus,
3519 791 3685 860 quibus

2144 878 2225 933 illi
2252 877 2484 933 libenter
2514 887 2777 945 utuntur,
2845 878 2936 948 qui
2985 876 3228 934 adversis
3264 881 3532 936 veritatem
3576 882 3687 941 falsa

2143 980 2494 1040 componunt,
2527 969 2622 1025 sed
2651 969 2962 1025 coelestibus
2991 970 3311 1027 testimoniis
3366 974 3563 1040 multis,
3591 991 3687 1031 ma-

2145 1063 2371 1129 nifestis,
2408 1079 2471 1118 ac
2495 1064 2666 1134 puris,
2698 1074 2756 1118 ut
2788 1062 2932 1119 docti
2961 1064 3220 1136 probent,
3263 1064 3433 1121 minus
3476 1069 3691 1125 instructi

2142 1170 2202 1211 se
2247 1171 2306 1211 se
2358 1155 2707 1221 confirment,
2741 1154 2904 1211 rudes
2936 1155 3179 1223 discant,
3235 1155 3316 1229 (8)
3356 1157 3569 1229 ipsique,
3617 1161 3690 1230 qui

2142 1247 2522 1320 blasphemare
2547 1249 2811 1311 nituntur,
2851 1247 3043 1304 salutis
3082 1263 3195 1305 sure
3219 1248 3359 1306 bono
3384 1252 3463 1307 vel
3502 1266 3630 1320 sero,
3655 1253 3693 1309 si

2140 1353 2319 1415 petest
2346 1342 2482 1408 fieri,
2511 1341 2828 1413 resipiscant
2853 1340 2956 1413 (9).

2146 1540 2229 1585 ter
2258 1540 2332 1585 tot
2362 1529 2684 1586 Arianorum
2711 1542 2832 1583 eum
2858 1526 3180 1585 Christianis
3206 1527 3443 1595 dissidia,
3466 1530 3697 1587 Christia-

2146 1619 2255 1657 nos
2279 1604 2615 1657 divinitatem
2659 1599 2859 1656 Christi
2911 1600 3142 1669 simplici
3195 1601 3299 1656 ﬁde
3345 1616 3408 1656 ac
3449 1603 3698 1662 traditione

2143 1672 2497 1730 defendentes
2526 1672 2820 1742 probabant
2844 1672 3076 1741 quodam
3101 1670 3286 1738 modo,
3312 1672 3698 1731 adverSabantur

2144 1754 2322 1800 autem
2347 1746 2670 1801 Arianorum
2703 1753 2847 1798 artes
2894 1754 2945 1797 et
2994 1744 3104 1797 vim
3130 1784 3146 1805 .
3195 1759 3300 1805 qua
3343 1744 3426 1799 isti
3463 1746 3524 1800 ad
3568 1746 3696 1803 suam

2145 1816 2395 1872 hzeresim
2444 1815 2695 1871 tuendam
2752 1813 3055 1869 utebantur.
3115 1813 3374 1869 Audiatur
3415 1816 3695 1875 Ammianus

452 1896 552 1952 teri
598 1885 836 1951 habent:
894 1885 1158 1947 Tractatus
1205 1889 1441 1945 Danielis
1488 1892 1541 1944 in
1589 1888 1812 1949 Pascha,
1865 1904 2025 1958 quem
2057 1888 2107 1948 B
2141 1889 2499 1950 Marcellinus,
2525 1888 2774 1958 ethnicus
2797 1886 3030 1955 scriptor
3069 1885 3228 1958 hujus
3273 1888 3443 1941 :clatis
3483 1890 3689 1955 celeber,

447 1968 672 2039 proinde
687 1968 739 2022 in
753 1968 947 2039 seriem
965 1971 1285 2039 tractatuum
1308 1962 1372 2017 de
1404 1961 1615 2015 Daniete
1625 1960 2028 2039 conjiciendum

441 2031 771 2110 putavimus.
804 2036 1007 2094 Ultimo
1031 2044 1209 2089 autem
1262 2034 1384 2110 loco
1427 2031 1707 2110 ponendus
1740 2032 1886 2085 visus
1914 2041 2028 2110 est,

441 2104 563 2166 cum
609 2110 814 2165 Auctor
859 2110 993 2162 alios
1019 2113 1278 2160 tractatus
1306 2106 1374 2159 de
1418 2105 1578 2158 trium
1629 2118 1917 2171 puerorum
1952 2104 2033 2155 in-

443 2182 637 2237 cendio
664 2182 732 2235 ab
761 2195 820 2235 se
845 2179 955 2246 jam
980 2177 1192 2232 habitos
1219 2185 1627 2230 commemoret.
1654 2173 1790 2228 Male
1815 2172 2032 2243 quidem

447 2253 510 2307 de
536 2251 750 2307 Daniele
797 2254 939 2304 hunc
991 2258 1275 2303 tractatum
1318 2247 1536 2302 inscribi
1590 2251 1856 2314 putamus,
1912 2260 2035 2300 cum

450 2339 557 2379 non
586 2325 659 2378 sit
684 2331 968 2386 tractatus,
998 2322 1051 2374 in
1082 2334 1189 2389 quo
1211 2318 1279 2373 de
1307 2317 1525 2371 Daniele
1555 2327 1762 2386 agatur,
1815 2316 1910 2389 scd
1945 2334 2039 2385 p0-

445 2399 551 2450 tius
576 2394 839 2461 longioris
864 2388 1123 2447 tractatus
1144 2390 1453 2453 exordimu,
1485 2388 1539 2442 in
1565 2402 1673 2461 quo
1705 2405 1809 2442 non
1839 2388 1906 2461 de
1935 2389 2038 2461 Da—

444 2467 609 2527 niele.
642 2460 742 2521 nec
771 2463 1015 2528 deJona,
1048 2476 1148 2517 nec
1166 2463 1234 2515 de
1264 2461 1436 2516 tribus
1460 2460 1672 2529 pueris,
1698 2474 1797 2514 nec
1825 2460 1893 2513 de
1939 2460 2039 2514 bu-

444 2538 620 2593 manis
649 2538 838 2608 gestis,
887 2544 977 2590 aut
1004 2534 1248 2608 meritis,
1291 2532 1385 2588 sed
1414 2528 1477 2585 de
1515 2528 1739 2585 Domino
1776 2541 2038 2608 nostrose

444 2602 689 2664 acturum
721 2607 1024 2674 pollicetur.
1050 2603 1211 2659 Forte
1236 2603 1338 2659 hoc
1359 2612 1475 2658 erat
1498 2618 1662 2656 unum
1691 2618 1755 2674 ex
1778 2602 2039 2667 exordiis,

442 2696 564 2751 quae
594 2695 625 2734 a
654 2673 863 2749 magnis
882 2690 1097 2747 quoque
1119 2676 1425 2751 oratoribus
1448 2673 2039 2751 parataadnmavimus

444 2744 497 2806 iit
530 2744 912 2807 Admonitionc
935 2744 1060 2802 ante
1089 2757 1245 2801 tract.
1275 2746 1366 2811 30,
1400 2746 1596 2814 quibus
1623 2745 1745 2800 dein
1776 2744 2039 2799 orationis

444 2837 642 2892 corpus
667 2838 734 2877 ex
763 2830 1004 2886 tempore
1032 2817 1454 2892 subjiciebatur;
1488 2826 1543 2871 et
1574 2815 1697 2892 hinc
1745 2817 1883 2892 forte
1932 2816 2042 2870 fac—

445 2886 560 2948 tum
593 2902 679 2948 est
723 2901 781 2946 ut
819 2892 1021 2959 reliqua
1072 2889 1245 2959 oratio
1275 2904 1339 2943 ex
1393 2898 1639 2954 tempore
1681 2886 1887 2952 habita,
1941 2901 2042 2942 nec

445 2966 645 3031 scripta
676 2963 1034 3018 desideretur.
1067 2958 1138 3014 At
1176 2975 1298 3013 cum
1337 2960 1477 3014 absit
1500 2959 1673 3012 oratio
1713 2959 1830 3028 ipsa
1851 3000 1866 3025 ,
1920 2973 2041 3031 quae

445 3036 515 3091 ad
541 3028 742 3091 Christi
776 3043 1034 3088 :cternam
1080 3031 1480 3100 generationem
1524 3031 1847 3098 pertinuisse
1889 3028 2040 3084 vide-

450 3116 537 3162 tur
566 3105 1031 3180 (nam_adversum
1055 3102 1381 3180 Arianorum
1430 3100 1678 3155 haeresim
1710 3116 1769 3156 se
1800 3100 2044 3172 disputa-

449 3171 629 3233 turum
697 3176 846 3231 Zeno
902 3171 1132 3245 recipit)
1185 3187 1414 3243 cumque
1469 3187 1597 3227 mss.
1651 3171 1898 3245 nunties,
1938 3188 2043 3245 uno

449 3255 696 3319 excepto,
738 3251 798 3301 de
828 3245 1045 3319 Daniele
1090 3243 1417 3319 inscribant,
1460 3258 1686 3319 eamque
1736 3243 2044 3319 inscriptio-

447 3314 824 3376 nem-laudent
844 3318 1086 3375 Joannes
1112 3317 1434 3372 Veronensis
1460 3314 1871 3377 Mausionarius,
1891 3314 2045 3371 Guil-

449 3391 644 3448 lehnus
674 3391 1025 3455 Pastrentzus,
1055 3399 1109 3444 et
1134 3387 1330 3443 Petrus
1351 3387 1420 3442 de
1460 3386 1762 3451 Natalibus,
1793 3388 1882 3456 qui
1912 3386 2045 3441 allec

449 3476 580 3534 gant
630 3463 695 3517 de
753 3460 967 3534 Daniele
1008 3461 1063 3513 in
1107 3458 1322 3514 Pascha
1363 3467 1611 3534 tractatus
1650 3474 1743 3534 _n,_
1792 3457 2042 3534 nimirum

450 3529 708 3590 tractatus
745 3532 838 3598 69,
883 3540 942 3586 et
987 3540 1347 3602 praesentem,
1394 3530 1581 3598 quieo
1627 3529 1784 3602 titulo
1828 3530 1880 3583 in
1913 3544 2043 3602 mss.

451 3613 843 3677 praenotantur,
894 3600 1006 3675 jam
1052 3602 1195 3657 hunc
1250 3602 1465 3657 titulum
1515 3600 1655 3656 haud
1685 3600 2046 3657 deserendum

454 3677 780 3747 putavimus.

528 3746 609 3819 (2)
645 3745 887 3819 ln_dicare
918 3745 1020 3819 ho_c
1047 3744 1166 3819 loco
1197 3746 1397 3819 Auctor
1426 3744 1636 3799 videtur
1667 3744 1909 3819 habitum
1935 3743 2048 3819 jam

457 3814 616 3874 tract.
652 3817 720 3872 16
747 3817 841 3870 lib.
870 3831 930 3880 ιι,
961 3814 1038 3869 De
1061 3815 1326 3882 Susanna,
1360 3817 1413 3870 in
1449 3832 1557 3886 quo
1591 3814 1809 3886 quidem
1838 3816 1903 3870 de
1952 3814 2049 3869 hu-

456 3891 624 3945 manis
653 3889 828 3957 gestis,
857 3896 946 3941 aut
976 3888 1166 3941 meritis
1195 3888 1391 3957 agitur.

534 3962 613 4031 (5)
644 3957 721 4016 De
753 3961 857 4016 hoc
886 3960 1070 4031 paucis
1096 3959 1205 4031 egit
1228 3967 1385 4012 tract.
1409 3957 1462 4031 8,
1494 3957 1588 4031 lib.
1617 3975 1655 4022 l,
1687 3974 1742 4012 n.
1776 3960 1830 4014 5.

452 4044 468 4097 ς
528 4028 612 4104 (ᾧ)
641 4031 777 4088 Vide
807 4039 960 4087 tract.
999 4030 1085 4095 l7,
1121 4028 1310 4104 lib._u_,
1340 4030 1430 4099 qui
1452 4031 1514 4083 de
1547 4029 1686 4083 Jona
1714 4030 2047 4086 inscribitur.

554 4098 610 4157 5)
640 4105 792 4157 Alveo
830 4105 984 4157 abest
1006 4116 1035 4155 a
1068 4116 1169 4154 ms.
1197 4098 1317 4154 Tol.

554 4108 610 4172 5)
640 4108 792 4157 Alveo
830 4108 984 4157 abest
1006 4116 1035 4155 a
1068 4116 1169 4154 ms.
1197 4108 1317 4154 'I‘ol.

529 4108 606 4245 (ὅ)
635 4173 866 4237 Externi,
892 4174 982 4237 qui
1010 4170 1290 4245 Dominum
1318 4179 1547 4225 nostrum
1572 4172 1753 4228 Jesum
1781 4172 2052 4245 Christum

460 4263 493 4299 a
514 4243 644 4307 suis,
674 4245 726 4299 id
756 4255 839 4299 est
866 4247 935 4299 ab
965 4244 1196 4314 Arianis,
1228 4253 1463 4314 carptum
1486 4245 1857 4298 venerabantur
1882 4243 1948 4314 (si
1978 4253 2051 4298 ta-

458 4332 572 4387 men
595 4316 866 4370 dicendum
889 4325 961 4369 est
990 4330 1010 4379 ;
1058 4313 1221 4387 quod
1251 4313 1303 4368 hi
1340 4328 1444 4387 non
1475 4330 1602 4370 vero
1645 4326 1699 4370 et
1744 4313 2056 4372 Christiano

459 4384 606 4442 Cltlltt
648 4387 792 4441 illum
824 4386 1234 4456 venerarentur)
1269 4384 1508 4452 profecto
1551 4387 1759 4443 Ethnici
1790 4395 1952 4451 sunt;
1999 4396 2055 4442 et

466 4457 610 4515 forte
639 4457 715 4513 illi
738 4473 804 4513 ex
834 4456 1097 4515 Gentibus
1128 4457 1466 4529 potissimum
1494 4457 1821 4526 innuuntur,
1852 4457 1944 4529 qui
1976 4459 2056 4513 in-

470 4596 800 4618 ﬁ

2136 1961 2227 2015 lib.
2264 1976 2380 2023 ut,
2414 1973 2533 2029 cap.
2570 1958 2676 2014 16:
2721 1956 3067 2012 Christianam
3117 1957 3412 2026 religionem
3450 1960 3702 2014 absolutam

2137 2041 2183 2103 et
2204 2033 2493 2101 simplicem
2540 2029 2682 2103 anili
2716 2029 3077 2098 superstitione
3106 2030 3427 2100 confundens
3455 2031 3708 2103 (ConSIan-

2140 2102 2244 2157 tius
2274 2106 2569 2173 Imperator
2591 2101 2917 2156 Arianorum
2950 2104 3230 2172 patronus)
3263 2103 3316 2156 in
3340 2118 3437 2172 qua
3462 2101 3707 2158 scrutanda

2139 2177 2435 2247 perplexius
2463 2189 2616 2245 quam
2660 2174 3285 2247 contponendaigravius,
3327 2175 3556 2228 excitavit
3581 2175 3705 2229 dissi-

2140 2244 2524 2317 dia'plurima’;
2564 2260 2680 2316 qtae
2709 2261 2977 2318 progressa
3007 2244 3175 2318 fusius
3203 2246 3335 2300 aluit
3370 2248 3709 2302 concertatione

2140 2319 2443 2380 verborum,
2489 2329 2541 2371 ut
2590 2317 2813 2370 catervis
2852 2317 3191 2383 Autistitum,
3231 2318 3480 2387 jumentia
3522 2317 3708 2388 publicis

2142 2390 2280 2444 ultro
2306 2390 2535 2459 citroque
2557 2388 2961 2442 discurrentibus
2994 2405 3082 2457 per
3107 2389 3355 2460 synodos,
3381 2406 3502 2459 quas
3550 2388 3705 2457 appel-

2145 2462 2274 2526 lant,
2309 2464 2433 2513 dunt
2478 2463 2634 2514 ritum
2677 2472 2879 2513 omnem
2908 2460 3003 2513 ad.
3024 2476 3174 2514 suum
3227 2460 3429 2516 trahere
3469 2471 3710 2516 conaretur

2142 2533 2437 2597 arbitrium,
2490 2532 2563 2586 rei
2598 2531 2924 2587 rehicularite
2968 2533 3255 2587 succideret
3299 2549 3491 2588 nervos.
3519 2532 3709 2588 Themi~

2144 2604 2283 2660 stius
2306 2604 2410 2657 alia
2441 2604 2649 2658 ratione
2671 2601 2923 2666 Arianos,
2952 2604 3042 2673 qui
3073 2614 3267 2660 contra
3299 2605 3588 2661 Catholicos
3607 2619 3710 2673 pcr-

2145 2678 2482 2731 secutinneai
2535 2674 2939 2729 acerbissimam
2996 2685 3282 2730 moverant
3327 2677 3425 2731 sub
3475 2677 3707 2737 Valente,

2146 2748 2506 2815 comprimere
2532 2754 2758 2799 cooatus
2784 2745 2837 2799 in
2861 2761 2919 2800 ea
2938 2747 3182 2803 oratione
3202 2748 3273 2801 ad
3302 2747 3542 2803 eumdem
3568 2748 3711 2813 Impe-

2147 2830 2403 2882 ratorem,
2438 2833 2558 2886 quae
2588 2819 3019 2895 aspersam-mrtuo;
3065 2818 3399 2895 inscribitur,
3431 2820 3566 2895 idum
3594 2818 3712 2895 divi-

2148 2905 2243 2943 nas
2274 2906 2360 2961 res
2392 2904 2552 2956 supra
2572 2890 2873 2961 humanam
2922 2890 3349 2946 ratiocinationis
3396 2892 3495 2945 vim
3539 2890 3713 2961 positas

2147 2960 2436 3015 ostendere
2463 2959 2689 3025 studuit,
2724 2969 3010 3019 veneratus
3052 2971 3136 3017 est
3186 2963 3296 3016 alio
3324 2963 3479 3017 modo
3507 2959 3712 3017 divinam

2150 3032 2309 3087 Verbi
2333 3033 2764 3105 generationem,
2789 3034 3106 3105 perindeAac
3129 3032 3421 3101 Catholici,
3453 3036 3541 3105 qui
3583 3033 3716 3087 Aria-

2151 3119 2339 3157 norum
2390 3103 2762 3158 curiositatem
2813 3117 2938 3159 cum
3004 3103 3223 3160 Zenone
3277 3103 3712 3162 criminabantur:

2149 3190 2318 3249 eaque
2343 3177 2558 3249 ratione
2602 3174 2749 3249 idem
2788 3176 3005 3249 gentilis
3047 3175 3413 3249 PhilosOphus
3461 3193 3491 3232 a
3518 3176 3716 3249 Valente

2150 3246 2492 3322 obtinuit,__ut
2521 3260 2643 3300 cum
2674 3243 2999 3322 Christianis
3023 3249 3209 3303 mitius
3237 3243 3441 3322 ageret,
3473 3248 3605 3320 quod
3629 3246 3717 3322 ξιξ-

2148 3325 2344 3381 crates,
2388 3318 2480 3388 lib,
2514 3333 2586 3383 tv,
2619 3333 2739 3388 cap.
2769 3318 2861 3378 '52,
2889 3326 2945 3372 et
2972 3317 3313 3376 Sozomenu's
3344 3321 3440 3376 lib.
3478 3317 3548 3386 vt,
3569 3334 3615 3374 c.
3638 3317 3715 3383 56,

2151 3390 2388 3443 tradunt.
2443 3387 2519 3443 Ea
2569 3387 2751 3444 autem
2800 3389 3084 3446 Theu‘tistii
3130 3392 3308 3448 oratio
3358 3394 3424 3448 ad
3471 3391 3719 3447 Valentem

2150 3459 2326 3514 adhuc
2350 3469 2545 3515 exstat.

2357 3530 2684 3611 Argumentis
2721 3532 2984 3611 sanabis
3030 3541 3277 3611 acturum
3308 3534 3622 3611 pollicetur,
3665 3531 3720 3586 iis

2153 3602 2385 3666 scilicet,
2426 3604 2619 3673 quibus
2640 3602 2825 3658 Ariani
2852 3604 3086 3659 divinam
3111 3605 3316 3662 Christi
3335 3602 3721 3672 generationem

2151 3674 2418 3729 curiosius
2472 3675 3279 3749 perscrutari“deleembantur,
3330 3693 3490 3749 quam
3520 3674 3722 3749 Arianae

2153 3760 2269 3820 rum
2300 3746 2744 3820 consuetudinem
2777 3746 2902 3801 alibi
2929 3746 3156 3820 S._Zeno
3182 3746 3718 3820 smpe'rcprebendit.

2153 3815 2289 3871 Vide
2318 3819 2454 3871 inter
2482 3819 2584 3871 alia
2609 3826 2781 3874 totum
2807 3827 2962 3873 tract.
2992 3818 3042 3881 l,
3073 3819 3165 3875 lib.
3197 3836 3235 3885 ι.
3264 3815 3378 3877 ἠις.
3413 3815 3550 3883 Vat.,
3580 3834 3723 3873 arma-

2154 3898 2238 3961 tur
2256 3904 2358 3961 pro
2388 3899 2659 3955 armatus;
2690 3889 2784 3945 sed
2819 3899 3105 3959 utrumque
3134 3891 3237 3961 legi
3261 3901 3461 3961 potest,
3484 3892 3600 3946 dttm
3631 3904 3721 3943 non

2154 3959 2220 4014 ad
2252 3959 2485 4015 Zen0nis
2520 3976 2830 4030 personam,
2882 3962 2975 4016 sed
3022 3962 3088 4015 ad
3117 3959 3407 4020 sermonem
3447 3959 3720 4023 referatur,

2153 4033 2242 4101 qui
2262 4033 2425 4106 nullis
2454 4035 2770 4106 argumentis
2791 4042 3024 4088 armatus
3047 4034 3316 4106 proditur.

2230 4102 2311 4170 (8)
2359 4100 2557 4157 Coutr'a
2592 4105 2822 4159 Arianos
2867 4120 2999 4176 ergo
3025 4100 3307 4176 disputare
3351 4107 3514 4163 multa
3561 4102 3725 4160 hocin

2158 4182 2385 4250 tractatu
2413 4176 2624 4230 volebat
2654 4177 2711 4232 S.
2739 4176 2978 4250 Antistes
3009 4193 3022 4227 :
3052 4187 3106 4231 et
3130 4177 3254 4232 hinc
3284 4194 3497 4250 quoque
3523 4177 3728 4234 Arianos

2156 4244 2385 4321 aiiquot,
2422 4261 2665 4321 quorum
2715 4249 2875 4321 saluti
2932 4244 3348 4306 sermocinaudo
3401 4244 3726 4321 prospiceret,

2162 4315 2389 4388 Verona:
2415 4317 2579 4372 fuisse
2605 4319 2943 4388 exploratum
2968 4328 3074 4374 est.

2230 4386 2308 4460 (9)
2336 4388 2396 4465 in
2422 4404 2522 4465 ms.
2547 4386 2713 4465 Rem.
2745 4391 2860 4465 lucc
2882 4391 3121 4447 clausula
3145 4392 3364 4464 legitur.
3392 4392 3736 4465 Explicittrac-

2160 4459 2295 4513 tatus
2325 4459 2511 4515 Daniel
2540 4462 2593 4515 in
2629 4460 2854 4517 Pascha.

801 4590 3720 4617 ——-—II-----——--———-————--—II-—a——I-—-—I---——-—--—-———-—---—————II‘b

1245 4690 2252 4838 APPENDIX
2344 4695 2988 4857 PRIMA

767 4938 939 5012 AD
1038 4934 1495 5008 OPERA
1593 4935 2060 5009 SANCTI

2168 4938 2717 5013 ZENONIS
2817 4942 3463 5042 EPISCOPI,

459 5094 965 5159 COMPLECTENS
1007 5112 1019 5146 :
1064 5093 1124 5147 1°
1166 5090 1449 5146 POTAMII
1488 5088 1904 5149 TRACTATUS
1964 5091 2141 5149 DUOS
2205 5093 2294 5148 ET
2367 5093 2756 5151 EPISTULAM
2817 5095 3056 5165 UNAM;
3097 5098 3164 5153 2°
3202 5097 3447 5155 SANCTI
3510 5089 3739 5154 HILARH

718 5183 1420 5247 INTERPRETATIONEM
1455 5182 1761 5251 QUINQUE
1819 5184 2287 5252 PSALMURUM;
2328 5186 2391 5241 5°
2431 5187 2677 5244 SANCTI
2718 5188 2963 5246 BASILII
3019 5188 3520 5250 CESAREENSIS

1716 5278 2130 5339 TRACTATUS
2166 5280 2521 5348 QUATUOR.

1856 5424 2332 5481 W

1485 5554 2061 5641 MONITUM
2114 5556 2708 5645 EDITORIS.

523 5732 825 5805 Triplicem
854 5724 993 5781 hanc
1016 5716 1404 5793 opusculorum
1424 5718 1619 5774 seriem
1647 5716 1735 5775 hic
1759 5718 2059 5777 rescribere
2086 5727 2138 5790 1)
2164 5722 2397 5779 secunda
2431 5724 2485 5779 in
2528 5732 2674 5781 tomo
2719 5740 2773 5782 rx
2823 5724 3139 5804 Patrologia:
3191 5740 3392 5787 nostrae
3436 5748 3503 5789 ex
3554 5733 3745 5802 integro

451 5847 558 5890 non
594 5826 910 5889 debuimus,
950 5811 1385 5890 quandoquidem
1424 5812 1599 5884 prima
1650 5813 1702 5870 in
1746 5822 1893 5871 tome
1922 5830 2045 5883 vin,

2151 5814 2362 5886 jaceat,
2397 5816 2554 5874 tertia
2582 5833 2713 5875 vero
2749 5818 2888 5876 inter
2913 5819 3089 5892 Opera
3133 5823 3189 5879 S.
3226 5823 3410 5882 Basilii
3441 5822 3739 5885 collocanda
