3926 6328
220 292 313 352 529

1270 294 1834 354 BALLERINIORUM
1872 296 2468 363 OBSERVATIONES.

3391 312 3498 370 550

222 413 401 485 potiori
418 412 537 483 jure
568 421 899 468 reservetur.
928 410 1066 467 Hinc
1095 411 1255 481 igitur
1286 411 1546 466 lectorum
1575 411 1797 466 rationi-
1824 419 1876 488 Α
1902 417 2076 473 nullas
2106 420 2364 490 epistolas
2404 424 2511 496 jam
2551 426 2679 482 alibi
2717 437 2843 483 ante
2891 427 3066 486 editas
3090 430 3459 489 recuderimos
3480 472 3495 500 ,

221 509 328 572 bus,
359 506 478 562 inde
519 505 723 562 Cursus
768 507 939 562 nostri
989 508 1177 560 unitati
1208 505 1583 572 consulentes,
1616 505 1792 562 nullas

216 602 402 657 charta:
427 599 700 670 impensas
720 602 771 654 in
793 598 1118 670 superﬂuam
1146 600 1485 655 reensionem
1512 599 1786 668 faciemus,

216 692 338 749 nihil
366 694 583 748 omnino
611 694 956 763 exscripturi,
988 682 1789 764 nisiobservationesquasdam

214 802 240 842 a
264 785 559 841 Baiter-imis
587 784 714 841 huic
739 785 991 841 editionis
1012 800 1123 840 sua?
1146 786 1265 840 loco
1290 785 1614 855 prmmissas.
1637 784 1791 855 Quod

214 890 375 936 autem
404 880 468 935 ad
494 880 605 951 ipsa
634 895 796 950 opera
822 893 1143 950 praesentem
1167 879 1522 951 appendicem
1543 880 1787 935 efticien-

217 978 277 1030 tia
303 975 565 1046 pertinet,
599 974 854 1031 lectorem
885 990 951 1030 eo
992 982 1258 1030 tomorum
1291 991 1384 1030 vin
1413 985 1467 1030 et
1498 992 1549 1031 ix
1591 975 1791 1032 Biblio-

217 1069 367 1124 theca:
382 1077 582 1124 nostra:
606 1069 964 1135 remittemus,
990 1068 1081 1124 ubi
1111 1068 1340 1125 Potamii
1357 1084 1455 1124 nec
1483 1086 1587 1124 non
1606 1070 1788 1125 Hilarii

212 1168 448 1217 tractatus
478 1159 566 1214 hic
590 1170 918 1216 memoratos
940 1160 1124 1231 legere
1150 1170 1252 1226 est,
1286 1160 1352 1215 de
1380 1174 1568 1216 saneto
1589 1160 1789 1216 Basilio

208 1262 446 1324 rogantes
487 1264 547 1309 ut
576 1253 755 1310 Patris
786 1254 933 1310 illius
958 1252 1193 1325 Operum
1241 1254 1529 1310 editionem
1563 1269 1785 1325 exspec-

205 1357 308 1403 tare
332 1348 479 1405 velit.
1004 1346 1009 1352 ’

266 1442 329 1494 At
354 1454 504 1506 vero,
531 1455 622 1510 ne,
653 1441 733 1497 sic
753 1451 976 1512 agentes
1000 1441 1156 1497 nobis
1183 1439 1315 1513 ipsis
1342 1456 1581 1513 pugnare
1602 1441 1787 1499 videa-

204 1550 330 1603 mur,
361 1543 418 1590 ιιι
446 1535 539 1606 qui
568 1535 623 1590 in
650 1535 892 1592 secundo
919 1544 1065 1592 tomo
1087 1536 1146 1593 S.
1179 1536 1365 1593 Hilarii
1387 1537 1625 1608 Operum
1652 1553 1786 1592 non-

1901 511 2198 567 notandum
2230 525 2346 581 est.
2390 516 2507 573 illas
2555 519 2815 590 epistolas
2864 538 3002 589 non,
3056 532 3111 578 ut
3163 525 3232 580 ita
3276 524 3490 593 dicam,

1897 613 2122 676 propter
2151 623 2209 661 se
2239 608 2430 676 citari,
2461 612 2614 681 quasi
2647 612 2851 669 Hilario
2880 630 2909 669 a
2946 616 3267 687 quibusdam
3298 634 3496 689 perpe-

1898 710 2012 751 ram
2060 697 2319 765 tributas;
2366 702 2457 757 sed
2489 705 2670 773 operis
2699 704 2943 762 hiStorici
2991 723 3019 760 a
3055 707 3113 764 S.
3150 708 3354 765 Hilario
3381 710 3497 766 elu-

1898 788 2108 845 cubrati
2153 800 2360 862 partem
2413 794 2770 866 integrantem
2816 800 3183 867 constituere,
3232 816 3332 857 nec
3376 803 3495 859 sine

1896 880 2114 937 lectoris
2145 885 2391 941 molestia
2434 901 2463 941 a
2510 890 2682 945 sancti
2712 890 2960 962 Episcopi
3008 894 3494 964 argumentationi-

1894 972 2032 1040 bus,
2067 976 2260 1044 quibus
2303 979 2764 1048 intertnisceutur,
2800 985 3040 1054 potuisse
3086 985 3291 1044 divelli.
3338 987 3494 1047 Unde

1896 1066 2028 1122 satis
2050 1082 2322 1139 superque
2352 1084 2473 1125 cum
2524 1073 3003 1142 contradictionis,
3055 1086 3166 1133 tum
3208 1078 3493 1148 imperitia:

1894 1159 2101 1215 crimen
2135 1160 2452 1233 effugimus;
2498 1164 2566 1221 de
2595 1176 2817 1233 caetero,
2856 1168 2981 1238 quia
3030 1183 3091 1226 se
3138 1169 3232 1226 dat
3250 1172 3490 1241 occasio,

1893 1260 2210 1322 monentes,
2242 1254 2320 1309 sic
2355 1271 2452 1309 nos
2480 1256 2533 1311 in
2559 1257 2825 1314 similibus
2854 1259 3277 1315 circumstantiis
3305 1270 3494 1333 gestu—

1893 1358 1986 1400 ros
2014 1353 2070 1397 ut
2090 1346 2544 1417 scrupulosiorem
2564 1349 2986 1424 liberioremque
3005 1353 3200 1424 agendi
3223 1355 3488 1412 rationem

1892 1439 2095 1510 pariter
2122 1442 2371 1499 vitemus.
2580 1444 2652 1501 Μ.

202 1667 3461 1709 “mm

610 1742 615 1747 ’
713 1772 871 1845 307
914 1790 1827 1865 BALLEBINIORUM
1881 1791 2791 1876 OBSERVATIONES

793 1946 1067 2010 PRIMIE
1112 1946 1450 2035 ZENQNIS
1519 1948 1850 2014 OPERUM
1919 1950 2342 2015 APPENDICI
2415 1954 2878 2023 PR/EMISSJE.

254 2212 293 2268 ι.
330 2211 623 2269 Tractatus
666 2211 787 2267 illos
835 2210 1080 2267 undecim
1113 2209 1315 2285 (nemine
1349 2211 1483 2265 duos
1517 2206 1775 2273 Potamii,
1808 2206 1857 2268 B
1884 2208 2106 2266 omnino
2133 2214 2418 2274 adhaerens
2450 2220 2662 2277 inventa
2702 2234 2883 2294 esset,
2926 2214 3120 2284 novam
3168 2228 3487 2300 interpreta-

194 2305 372 2361 Hilarii
401 2305 650 2378 quinque,
680 2303 863 2361 Basilii
898 2306 1159 2377 quatuor).
1191 2307 1280 2376 qui
1307 2319 1373 2362 ex
1406 2303 1569 2359 variis
1591 2310 1778 2357 aucto—

192 2402 324 2457 ribus
352 2402 405 2457 in
448 2418 559 2457 ms.
598 2401 850 2456 Remensi
896 2400 1073 2456 aliena
1104 2415 1264 2456 manu
1292 2396 1614 2454 Zenonianis
1650 2395 1778 2451 sub-

188 2498 321 2566 jecti,
348 2497 417 2553 ab
444 2497 573 2552 aliis
596 2511 724 2552 vero
743 2495 1167 2552 amanuensibus
1195 2494 1248 2549 in
1277 2495 1506 2550 aliorum
1529 2491 1775 2572 codicum

192 2592 323 2647 calce
351 2591 550 2648 eodem
593 2591 785 2647 ordine
812 2591 1113 2662 eademque
1145 2606 1305 2645 manu
1337 2588 1681 2654 transcripti,
1714 2601 1778 2641 ac

192 2701 277 2756 pro
295 2684 625 2740 Zenonianis
652 2685 719 2741 ab
742 2683 1042 2749 editoribus
1064 2683 1252 2751 habiti,
1278 2684 1417 2738 inter
1439 2680 1778 2736 Zenonianos

192 2779 411 2847 permisli
433 2788 490 2833 et
514 2777 646 2832 editi
672 2786 797 2832 sunt
821 2777 990 2849 (quod
1017 2776 1258 2831 omnium
1281 2772 1775 2830 controversiarum

190 2886 332 2927 causa
376 2870 663 2942 potissima
695 2870 780 2926 vel
812 2868 1028 2925 occasio
1071 2868 1229 2942 fuit),
1262 2883 1360 2922 nos
1402 2882 1546 2921 nunc
1589 2880 1779 2921 manu-

190 2966 657 3036 scriptorum-Ope,
686 2976 741 3021 et
767 2964 932 3021 certis
959 2963 1175 3020 indiciis
1200 2963 1413 3027 moniti,
1437 2971 1718 3032 separatos
1747 2974 1776 3014 a

189 3060 382 3116 celeris
410 3059 466 3115 in
514 3058 891 3129 Appendicem
924 3056 1155 3127 primum
1200 3056 1509 3126 rejicimus,
1558 3054 1626 3109 de
1670 3066 1779 3124 quo

189 3152 306 3206 satis
333 3153 475 3217 sint,
507 3166 632 3221 qnze
680 3150 923 3220 pluribus
956 3150 1311 3205 disseruimus
1359 3149 1412 3203 in
1458 3146 1780 3219 prmfatione

188 3241 576 3300 dissertationis
629 3244 835 3313 primae.
885 3241 1041 3298 Nune
1087 3243 1411 3313 quibusnam
1466 3240 1779 3296 auctoribus

189 3336 333 3391 iidem
375 3337 491 3392 sint
538 3335 918 3407 adjudicandi,
962 3335 1103 3407 quod
1134 3351 1199 3391 ex
1232 3335 1460 3390 laudatis
1502 3333 1778 3390 codicibus

189 3446 281 3487 non
307 3441 579 3504 apparet,
609 3432 958 3504 quaerendum
990 3441 1044 3487 et
1089 3430 1436 3487 statuendum
1486 3429 1642 3484 nobis
1672 3437 1775 3483 est.

190 3523 415 3596 Quinque
447 3534 719 3580 tractatus
749 3505 801 3579 in
815 3523 1060 3579 Psalmos
1088 3538 1224 3593 Opus
1247 3537 1368 3578 esse
1395 3522 1567 3577 coaevi
1601 3520 1778 3576 Picta-

1882 2301 2082 2357 tionetn
2114 2320 2174 2361 se
2210 2307 2398 2366 iniisse
2436 2310 2635 2368 ibidem
2668 2315 2969 2385 proﬁtetur.
3002 2318 3154 2385 Quod
3193 2322 3237 2375 si
3281 2323 3482 2390 reperi,

1881 2392 2076 2463 inquit,
2107 2397 2515 2471 interpretatum,
2548 2414 2713 2460 tamen
2741 2419 2947 2477 promer
2976 2409 3356 2482 diligentiorem
3382 2416 3488 2469 veri

1881 2487 2058 2555 ﬁdem,
2086 2491 2293 2546 verbum
2318 2504 2366 2548 et
2394 2496 2545 2550 verbo
2569 2497 2732 2552 malui
2765 2503 3047 2571 transferre
3072 2505 3137 2557 de
3165 2502 3366 2559 Gmco.
3401 2505 3487 2560 ln-

1880 2584 2287 2647 terpretationis
2311 2596 2488 2642 autem
2515 2601 2791 2646 auctorem
2814 2593 2858 2647 si
2883 2594 3003 2663 quis
3024 2610 3051 2647 a
3077 2595 3234 2649 nobis
3255 2607 3481 2667 quaerat,

1881 2673 2133 2730 Rufinum
2189 2680 2588 2749 Aquileiensem
2619 2683 2992 2756 presbyterum
3024 2702 3145 2743 esse
3175 2688 3480 2759 opinamur.

1881 2766 2036 2824 Hunc
2064 2771 2206 2826 enim
2242 2774 2527 2829 nonnullas
2572 2791 2643 2831 ex
2670 2776 2851 2833 Basilii
2879 2778 3114 2835 homiliis
3140 2780 3332 2837 Latine
3357 2783 3483 2838 red-

1881 2860 2083 2918 didisse
2123 2863 2240 2928 ipse
2288 2864 2340 2920 in
2382 2865 2606 2923 historia
2641 2869 2773 2926 satis
2819 2871 2998 2941 prodit
3042 2873 3137 2929 lib.
3184 2890 3252 2939 ιι,
3301 2891 3400 2947 cap
3426 2876 3480 2932 9.

1884 2954 2052 3011 Porro
2078 2957 2205 3030 styli
2236 2960 2373 3015 ratio
2402 2969 2457 3015 et
2482 2960 2871 3033 interpretandi
2899 2966 3149 3033 libertas,
3182 2984 3301 3037 quia
3332 2968 3486 3025 hisce

1882 3049 1936 3103 in
1969 3049 2505 3121 interpretationibus
2529 3056 2746 3122 emicat,
2774 3073 2895 3114 cum
2922 3061 3136 3117 caeteris
3180 3061 3486 3120 Rufinianis

1884 3146 2052 3214 probe
2080 3149 2347 3218 congruit.
2382 3148 2507 3204 Htcc
2538 3150 2853 3221 probabilia.
2883 3153 2991 3210 Sed
3035 3154 3118 3209 his
3147 3155 3213 3211 ad
3253 3156 3486 3212 demon-

1882 3240 2200 3295 strationem
2250 3242 2458 3297 accedit
2489 3243 2734 3314 praefatio
2778 3246 3016 3315 ejusdem
3069 3247 3285 3316 Rufini,
3321 3266 3482 3323 quam

1882 3341 2005 3389 octo
2033 3333 2216 3389 Basilii
2248 3337 2564 3394 tractatibus
2590 3338 2660 3393 ab
2686 3332 2875 3395 eodem
2901 3340 3096 3397 Rufino
3144 3342 3334 3400 Latine
3361 3347 3481 3401 rcdv

1881 3423 2009 3479 ditis
2040 3425 2310 3494 pmfixam
2338 3426 2400 3482 P.
2424 3426 2652 3484 Garnier
2672 3429 3072 3507 Benedictinns,
3104 3434 3157 3488 in
3187 3436 3480 3492 novissima

1881 3517 2065 3573 Basilii
2095 3533 2317 3588 operum
2343 3521 2601 3587 editione,
2620 3531 2687 3580 ex
2715 3523 2927 3582 duobus
2945 3541 3076 3583 mss.
3106 3530 3257 3599 regio
3279 3539 3333 3584 et
3358 3530 3485 3588 Col-

189 3618 372 3675 riensis
400 3619 650 3692 episcopi
676 3617 736 3674 S.
769 3616 953 3672 Hilarii
982 3616 1114 3672 nihil
1137 3627 1219 3671 est
1248 3613 1624 3674 dubitandum.
1653 3627 1776 3667 cum
1807 3602 1853 3667 C
1886 3612 2097 3668 bertino
2118 3612 2286 3668 edidit
2315 3623 2447 3669 tom.
2473 3631 2533 3678 ιι,
2576 3631 2696 3687 pag.
2727 3618 2852 3684 715,
2882 3619 2934 3672 in
2964 3634 3068 3689 qua
3096 3619 3211 3678 haec
3257 3621 3485 3680 Ruﬁnus

190 3725 282 3766 non
310 3720 414 3767 tam
443 3712 626 3783 stylus
650 3709 913 3765 Hilarium
955 3708 1130 3779 palam
1170 3708 1401 3771 referat,
1428 3705 1521 3761 sed
1555 3703 1775 3759 totidem

190 3804 334 3859 etiam
365 3804 555 3860 verbis
584 3803 730 3858 inter
759 3801 947 3867 Hilarii
977 3816 1142 3869 opera
1171 3800 1539 3871 reperiantur;
1575 3809 1630 3853 ct
1668 3813 1775 3852 non

189 3895 499 3952 Bincmarus
531 3896 707 3957 solum
757 3896 809 3950 in
857 3895 995 3950 libro
1038 3899 1107 3949 de
1152 3893 1506 3959 Prazdestin.,
1537 3906 1653 3961 cap.
1683 3890 1774 3957 25,

190 3987 270 4043 sed
292 3974 660 4060 Hieronymus
682 4001 900 4058 quoque
927 3988 978 4040 in
1023 3985 1182 4054 epist.
1216 4000 1412 4048 xxxiv,
1444 3984 1510 4037 ad
1550 3982 1779 4038 Marcel-

191 4081 481 4150 lam,num.
512 4082 550 4136 5
584 4093 639 4138 et
666 4083 721 4146 5,
764 4080 1021 4153 quasdam
1070 4079 1371 4133 sententias
1409 4077 1599 4132 recitet
1642 4085 1778 4130 tam-

191 4192 329 4246 quam
359 4177 591 4245 Hilarii,
626 4193 743 4247 quae
780 4175 829 4229 in
863 4176 1010 4228 hisce
1041 4173 1357 4229 tractatibus
1388 4171 1734 4225 inveniuntur
1763 4187 1778 4224 :

192 4279 241 4321 ut
259 4270 573 4323 omittamus
592 4267 642 4322 in
663 4267 1044 4334 explanatione
1069 4264 1259 4335 psalmi
1283 4278 1490 4326 cxxvtt,
1518 4278 1667 4317 num.
1692 4262 1778 4325 11,

194 4360 658 4433 interpretationes
688 4362 741 4414 in
785 4361 1074 4429 superiores
1101 4358 1327 4428 psalmos
1363 4354 1618 4426 allegari,
1661 4368 1782 4425 qua:

195 4454 513 4510 Ililariannm
539 4453 783 4523 profecto
803 4453 1249 4508 commentarium
1279 4448 1332 4504 in
1363 4448 1496 4504 alios
1524 4447 1777 4518 psalmos,

193 4546 253 4601 de
292 4549 486 4618 quibus
543 4548 596 4601 in
642 4546 876 4603 Zenonis
918 4544 1196 4601 eodicibus
1243 4543 1381 4598 nihil
1427 4550 1542 4608 est,
1597 4551 1783 4610 aperte

196 4637 444 4711 ionunnt,

256 4732 414 4807 308
430 4735 498 4790 ll.
516 4733 759 4802 Quatuor
773 4746 934 4802 porro
947 4740 1208 4788 tractatus
1221 4730 1285 4785 de
1298 4729 1540 4785 Liuoreet
1555 4727 1784 4794 Invidia;

200 4823 253 4876 de
278 4826 512 4880 Adtende
540 4825 652 4889 tibi,
681 4823 743 4878 de
762 4822 999 4898 Jejunio,
1030 4832 1086 4877 et
1112 4823 1175 4877 de
1195 4821 1363 4876 Auaro
1383 4820 1539 4876 diuite
1568 4834 1690 4875 esse
1717 4833 1786 4873 ex

198 4916 247 4972 S.
276 4919 477 4975 Basilio
507 4919 700 4975 Latine
730 4918 1041 4983 translatos,
1073 4916 1169 4970 sed
1198 4915 1270 4970 ita
1295 4925 1351 4970 ut
1374 4914 1484 4971 duo
1513 4913 1669 4984 primi
1702 4915 1789 4966 in-

1882 3716 2068 3775 apertc
2098 3709 2446 3776 pronuntiat:
2478 3710 2665 3780 Aliqua
2705 3712 2797 3766 tibi
2832 3713 2886 3767 in
2923 3712 3170 3769 Latinum
3198 3717 3324 3772 verti
3358 3717 3483 3772 olim

1883 3816 2209 3874 poposceras,
2241 3802 2536 3873 Aproniam
2572 3804 2650 3875 ﬁli
2679 3805 3011 3875 charissima;
3054 3809 3194 3881 quod
3234 3826 3300 3866 ea;
3338 3820 3483 3883 parte

1881 3892 2056 3960 aliqua
2087 3895 2185 3966 feci
2228 3896 2282 3949 in
2323 3897 2595 3965 praesenti,
2628 3897 2752 3952 dum
2788 3899 2845 3953 in
2878 3899 3016 3955 Urbe
3061 3917 3256 3963 essem.
3305 3902 3395 3956 sed
3437 3912 3483 3956 et

1883 4003 2019 4041 nunc
2049 3987 2371 4055 aliquantum
2395 3989 2592 4044 addidi.
2625 3989 2755 4045 Octo
2780 4008 2901 4063 ergo
2941 3993 3074 4048 beati
3102 3993 3283 4049 Basilii
3314 3995 3485 4049 breves

1881 4080 2005 4134 istos
2045 4080 2354 4135 Itomiliticos
2383 4082 2625 4137 transtuli
2653 4083 2872 4138 libellos.
2908 4084 2973 4139 Et
3006 4094 3063 4139 ιιι
3089 4085 3219 4140 nihil
3262 4086 3483 4158 quidem

1883 4170 2032 4227 dubii
2056 4172 2144 4235 sit.
2169 4158 2311 4229 inter
2327 4184 2451 4229 octo
2470 4182 2726 4230 tractatus
2750 4175 2871 4231 huic
2890 4175 3189 4245 pra-rationi
3211 4179 3486 4248 subjectos

1884 4265 2228 4333 reperiuntur
2249 4274 2360 4321 tres
2380 4281 2445 4320 ex
2474 4265 2581 4331 his,
2609 4266 2699 4336 qui
2725 4268 2864 4323 inter
2888 4267 3232 4325 Zenonianos
3255 4270 3485 4327 circum-

1883 4357 2219 4422 ferebantur,
2251 4360 2315 4413 de
2341 4360 2527 4414 Livore
2551 4370 2601 4415 et
2630 4361 2834 4415 Invidia
2855 4404 2870 4429 ,
2899 4363 2989 4433 qui
3033 4363 3230 4419 ibidem
3261 4375 3345 4420 est
3382 4365 3483 4421 ho-

1886 4451 2031 4506 milia
2059 4467 2133 4519 tv,
2160 4467 2279 4523 pag.
2314 4452 2438 4520 726;
2465 4454 2529 4507 de
2561 4453 2790 4509 Adtende
2818 4455 2928 4519 tibi,
2960 4457 3049 4526 qui
3074 4466 3158 4512 est
3185 4457 3402 4512 homilia
3427 4474 3489 4526 ιι,

1886 4560 2007 4615 pag.
2042 4546 2164 4612 717,
2200 4554 2253 4601 et
2278 4547 2342 4601 de
2369 4548 2537 4602 Auaro
2562 4549 2735 4614 divite,
2766 4549 2856 4620 qui
2883 4559 2967 4604 est
2992 4550 3212 4606 bomilia
3243 4568 3303 4607 ιιι
3324 4594 3338 4618 ,
3362 4567 3487 4624 pag.

1890 4637 2016 4705 723;
2049 4650 2271 4707 quartus
2297 4651 2478 4695 autem
2517 4641 2580 4695 de
2603 4641 2837 4717 Jejunio,
2872 4644 2961 4713 qui
2989 4643 3185 4700 ibidem
3208 4645 3487 4702 desidera-

1889 4739 1996 4795 tur,
2031 4739 2115 4786 est
2144 4731 2232 4786 ille
2271 4746 2430 4802 quem
2477 4735 2806 4804 Augustinus
2829 4735 2961 4791 locis
2988 4735 3217 4794 laudatis
3255 4739 3484 4809 allegat,

1888 4823 2086 4894 quique
2133 4822 2376 4880 eamdem
2427 4825 2815 4895 interpretandi
2862 4826 3135 4883 licentiam
3180 4843 3244 4883 ac
3289 4830 3488 4900 stylum

1890 4911 2130 4983 praefert,
2155 4923 2211 4968 ut
2235 4915 2300 4969 de
2320 4915 2511 4971 eodem
2537 4917 2832 4986 interprete
2848 4918 3095 4974 dubitare
3117 4918 3287 4989 possit
3308 4935 3489 4976 nemo.

201 5015 354 5083 tegri,
400 5012 500 5067 alii
537 5011 647 5066 duo
676 5011 846 5066 mutili
895 4996 1212 5075 habeantur,
1244 5008 1287 5059 si
1333 5006 1455 5077 quis
1487 5006 1786 5060 Basilianos
1812 5012 1869 5075 1)
1895 5007 2030 5063 Hinc
2075 5023 2237 5074 porro
2284 5023 2346 5064 ea
2393 5009 2620 5064 solvitur
2668 5011 3072 5077 controversia,
3122 5027 3282 5081 quam
3312 5024 3494 5070 versat

169 5163 172 5166 .
202 5107 406 5163 Gnaeos
450 5105 697 5176 ejusdem
730 5103 1034 5173 argumenti
1072 5101 1350 5163 conferat,
1392 5098 1639 5154 dubitare
1668 5112 1791 5169 pro-

202 5197 332 5253 fecto
374 5214 485 5254 non
518 5198 736 5269 poterit.
772 5196 1006 5267 Antiqua
1035 5182 1214 5249 autem
1258 5192 1374 5247 haec
1414 5189 1791 5261 interpretatio

204 5304 272 5346 est
292 5335 307 5357 ,
335 5304 392 5349 et
432 5270 680 5360 εει-ο,ᾓὶ
710 5290 939 5355 videtur,
973 5287 1284 5355 Zenoniano
1328 5283 1639 5348 lucubrata;
1670 5297 1791 5352 quae

205 5401 312 5441 cum
338 5387 536 5444 Graeco
557 5393 703 5440 textu
732 5397 838 5437 non
870 5382 935 5436 ad
962 5380 1196 5435 litteram
1222 5376 1444 5432 omnino
1467 5389 1789 5445 congruens,

1894 5103 2070 5158 editor
2083 5102 2462 5159 Benedictinus
2476 5105 2525 5157 in
2537 5104 2774 5174 generali
2791 5104 3108 5176 praefatione
3121 5115 3252 5161 tom.
3266 5122 3327 5175 ιι,
3343 5124 3491 5165 num.

1893 5195 1984 5263 6|,
2014 5206 2146 5267 quot
2172 5197 2381 5252 scilicet
2417 5197 2581 5270 309
2619 5197 2797 5253 Basilii
2823 5212 3104 5255 sermones
3152 5199 3377 5257 Rufinus
3414 5202 3497 5257 in-

1899 5298 2229 5359 terpretatus
2259 5291 2361 5357 sit,
2390 5301 2533 5357 oeto,
2564 5306 2632 5345 an
2658 5289 2867 5347 decem.
2900 5290 3184 5348 Rationem
3213 5292 3495 5348 dubitandi

1896 5381 2150 5452 ingerunt
2172 5383 2281 5437 duo
2307 5382 2546 5454 ejusdem
2573 5380 2750 5438 Rufini
2785 5384 3122 5452 testimonia,
3152 5385 3380 5452 primum
3440 5385 3497 5439 in

207 5477 433 5534 liberiori
464 5477 682 5548 ingenio
708 5474 913 5530 reddita
943 5473 1062 5526 fuit.
1100 5470 1245 5524 Hanc
1270 5468 1511 5539 quidem,
1544 5471 1617 5522 uti
1643 5476 1794 5522 certo

209 5572 494 5637 credimus,
527 5569 1026 5638 interpretationem
1060 5572 1318 5619 tractatus
1346 5564 1409 5617 de
1431 5560 1644 5634 Jejnnio
1668 5561 1799 5629 jam-

207 5663 289 5719 diu
319 5681 412 5735 per
437 5665 624 5720 orbem
656 5664 920 5733 volgatam
956 5660 1037 5716 bis
1063 5666 1333 5715 memorat
1354 5657 1415 5714 S.
1450 5658 1796 5729 Augustinus,

218 5759 301 5813 lih.
330 5771 557 5815 icontra
592 5757 884 5821 lulianum,
916 5769 1063 5810 num.
1100 5752 1181 5815 18,
1221 5762 1275 5807 et
1303 5752 1398 5805 lib.
1434 5768 1448 5806 ι
1475 5750 1666 5821 Operis
1696 5749 1794 5804 lm-

224 5853 437 5922 pertrcti
472 5869 614 5911 num.
646 5853 734 5917 52,
770 5866 1001 5922 rumque
1034 5863 1096 5903 ea
1126 5846 1316 5905 Graeco
1357 5846 1655 5917 exetnplari
1696 5847 1807 5900 non

1903 5473 2120 5528 laudata
2152 5473 2487 5544 prrel‘atione,
2517 5474 2611 5531 ubi
2640 5483 2750 5529 orto
2778 5474 3030 5530 homilias
3057 5475 3154 5529 abs
3181 5490 3240 5530 se
3269 5475 3497 5530 transla-

1906 5576 1989 5621 tas
2034 5567 2349 5637 Aproniano
2397 5567 2580 5636 misit,
2631 5569 2859 5624 alterum
2904 5583 2970 5623 ex
3016 5566 3256 5621 historiae
3303 5566 3392 5622 lib.
3432 5583 3501 5633 ιι,

1909 5675 2029 5730 Cap.
2076 5662 2132 5728 9,
2171 5660 2261 5716 ubi
2310 5660 2467 5715 denas
2512 5660 2678 5715 ferme
2721 5660 2818 5714 abs
2860 5674 2919 5713 se
2963 5657 3227 5713 latinitate
3278 5658 3511 5730 donatas

1912 5760 2162 5810 testatur.
2196 5753 2413 5809 Exstant
2451 5770 2653 5825 quoque
2678 5752 2939 5821 utriusque
2978 5752 3169 5825 ingenii
3215 5751 3428 5827 (Basilii
3456 5761 3514 5810 et

1930 5846 2071 5919 Greg
2094 5842 2193 5904 orii
2214 5846 2562 5919 basianzeni)
2591 5834 2899 5900 monimenta
2917 5844 3194 5916 magniﬁca
3213 5829 3523 5903 tractationi-it
