3926 6328
456 213 550 269 531

1505 215 2091 309 ηΑιιιιιιιιΝιυΒωι
2110 218 2703 291 OBSEM’ATIUNES.

3614 249 3700 319 διε

456 330 583 398 quos
613 344 676 383 ex
714 337 938 400 tempore
979 331 1031 383 in
1075 330 1296 384 ecclesiis
1344 330 1695 386 declamabant
1723 349 1741 387 .·
1770 348 1832 387 ea:
1871 334 2055 403 quibus
2085 339 2129 407 Α
2161 351 2267 411 quo
2293 337 2536 415 epistolm
2569 345 2876 401 versionem
2917 347 3164 405 ediderit.
3208 348 3326 406 [lirc
3369 360 3612 423 sententia
3637 381 3706 420 rc.

458 438 553 477 nos
582 423 740 477 denas
770 426 928 494 ferme
955 422 1275 492 singulorum
1307 422 1659 477 oratiunculas
1686 427 2059 497 transfudimus

459 512 782 567 inLatt'nutn.
817 514 895 568 Ex
917 515 1017 569 hoc
1041 523 1314 582 postremo
1345 514 1464 570 loco
1486 513 1884 582 Tillemontius,
1911 523 1952 571 t.
1978 534 2055 584 ix,

460 620 516 676 p.
550 606 674 672 501,
704 607 890 660 decem
921 605 1100 661 Basilii
1141 605 1388 660 homilias
1415 620 1446 660 a
1488 604 1686 661 Rufino
1712 606 1901 663 Latine
1932 610 2059 664 red-

458 699 599 753 ditas
642 698 913 768 opinatur.
951 698 1013 753 P.
1046 697 1279 756 Garnier
1319 699 1567 753 voculam
1614 702 1772 770 ferme
1814 700 2060 756 conside-

456 806 608 853 rans,
637 807 741 845 non
764 791 882 862 plus
904 801 1017 847 octo
1040 791 1299 846 orationes
1325 806 1447 847 eum
1474 792 1703 848 vertisse
1728 795 2056 865 suspicatur,

456 884 597 956 quod
636 901 741 940 non
766 884 958 955 plures,
992 885 1083 940 sed
1118 885 1328 940 totidem
1356 883 1425 938 ad
1455 885 1805 957 Apronianum
1843 887 2058 943 miserit.

458 979 524 1032 At
556 977 601 1033 si
647 985 771 1033 octo
812 977 928 1032 istis
958 977 1186 1033 addatur
1214 977 1430 1031 liomilia
1462 978 1526 1031 de
1569 975 1814 1051 Jejunio,
1836 996 1965 1050 quae
1991 980 2060 1036 ab

458 1069 762 1140 Augustino
808 1076 1015 1133 notata,
1063 1070 1115 1123 iti
1150 1069 1350 1123 nostris
1396 1069 1674 1123 codicibus
1714 1069 1927 1140 legitur,
1963 1086 2061 1127 no-

460 1176 580 1216 vem
610 1162 803 1216 saltem
857 1175 889 1215 ιι
934 1160 1132 1216 Rufino
1162 1162 1449 1215 translatas
1496 1161 1669 1230 palam
1699 1173 1810 1227 est,
1845 1172 1901 1217 et
1929 1164 2060 1218 toli-

460 1253 586 1309 dem
612 1253 748 1308 forte
775 1254 1035 1307 latinitate
1060 1252 1300 1318 donavit,
1322 1252 1464 1323 quod
1489 1268 1609 1307 cum
1643 1253 1871 1309 formula
1901 1255 2062 1324 ferme

461 1345 634 1400 decem
662 1345 888 1401 miriﬁce
911 1345 1177 1400 convenit.

533 1437 618 1491 lll.
651 1436 804 1492 Nunc
832 1439 1098 1508 reliquum
1126 1447 1211 1491 est
1241 1437 1308 1493 de
1336 1438 1568 1492 duorum
1596 1438 1838 1494 brevium
1862 1449 2061 1497 tracta-

462 1538 611 1583 tuum
649 1512 874 1584 auctore
904 1529 1204 1598 inquirere,
1233 1532 1323 1601 qui
1355 1532 1494 1584 inter
1520 1528 1826 1586 Hilariaiios
1868 1550 1931 1588 ac
1957 1532 2060 1589 Ba-

458 1622 682 1676 silianos
708 1622 909 1676 nostris
946 1623 1000 1675 iii
1034 1621 1313 1678 codicibus
1352 1624 1541 1680 inserti
1576 1633 1723 1679 sunt.
1757 1625 2061 1683 Latinitatis

2162 428 2273 484 felli
2298 446 2402 485 non
2428 440 2657 502 poterat,
2678 439 2934 509 quamdiu
2954 441 3022 495 de
3046 459 3147 497 una
3171 445 3391 512 epistola
3412 464 3576 506 sermo
3596 453 3704 512 fuit:

2161 520 2359 590 scripta
2388 524 2530 581 enim
2564 526 2614 579 id
2640 530 2856 597 generis
2882 546 2913 587 e
2938 531 3127 587 Graeco
3152 532 3338 590 Latine
3362 537 3554 595 reddita
3578 541 3709 603 facile

2162 614 2405 670 invenies
2456 616 2526 671 At
2568 633 2633 675 ex
2668 624 3020 690 tractatibus,
3067 641 3204 697 quos
3232 644 3333 682 non
3366 631 3459 686 nisi
3487 648 3547 689 ex
3586 637 3708 693 cclc-

2162 707 2435 766 brioribus
2461 715 2815 785 scriptoribus
2847 719 3113 778 latitiilale
3159 722 3381 783 donatos
3419 728 3635 798 reperire
3659 733 3711 787 li-

2167 808 2256 855 cet
2278 842 2292 867 ,
2320 812 2594 860 auctorem
2624 805 2828 863 Graeca:
2856 808 2994 866 forte
3020 811 3241 884 originis
3260 855 3273 882 ,
3304 816 3395 871 sed
3423 816 3608 874 Latina-3
3629 823 3711 879 ali-

2162 894 2317 965 cujus
2344 896 2491 952 urbis
2520 900 2832 973 episcopum
2873 902 3040 960 fuissc
3069 907 3395 978 colligimus,
3423 913 3509 982 qul
3535 915 3714 973 scilicet

2162 987 2280 1056 ejus
2323 988 2502 1056 urbis,
2552 994 2636 1047 cui
2673 994 2957 1064 praefectus
2978 1006 3125 1066 erat,
3159 999 3331 1071 lingua
3366 1003 3586 1059 scribere
3609 1022 3712 1061 coa-

2162 1088 2313 1147 ctus,
2344 1081 2550 1138 difficili
2598 1086 2739 1158 style
2793 1102 2921 1142 usus
2950 1090 3051 1156 sit;
3086 1091 3522 1162 quemadmodum
3567 1106 3615 1163 et
3638 1098 3715 1155 alii

2164 1171 2367 1228 Graecae
2392 1176 2618 1245 originis
2646 1188 2897 1236 auctores
2940 1180 3127 1245 Latine
3167 1184 3485 1250 scribentes,
3515 1204 3540 1240 a
3565 1190 3714 1245 nativa

2162 1265 2423 1323 Romana:
2476 1268 2669 1338 linguae
2734 1275 2969 1341 puritate
3021 1288 3085 1329 ac
3138 1276 3389 1332 felicitate
3434 1278 3717 1352 plerumque

2163 1364 2377 1416 abstitit.
2409 1362 2506 1418 Hic
2547 1371 2726 1420 tamen
2762 1367 3202 1424 Potamiits.alius
3231 1370 3384 1440 plane
3412 1385 3487 1427 eet
3516 1372 3578 1425 ab
3603 1374 3720 1445 ejus-

2163 1454 2286 1511 dem
2332 1457 2507 1510 aetatis
2541 1472 2604 1512 ac
2650 1457 2884 1514 nominis
2910 1460 3169 1533 episcopo
3202 1461 3618 1534 Ulyssiponensi,
3646 1469 3716 1522 cui

2162 1550 2445 1619 epistolam
2469 1551 2611 1621 apud
2649 1550 2905 1613 Sirmium
2932 1542 3317 1627 conscriptam,
3346 1572 3460 1628 qua:
3486 1558 3533 1612 in
3562 1559 3717 1615 Hilarii

2162 1644 2504 1716 Fragnientis
2548 1646 2762 1716 legitur,
2807 1663 2915 1702 non
2938 1648 3169 1704 obscure
3213 1650 3376 1705 refert
3411 1650 3717 1721 Phoebadius,

460 1714 673 1784 quidem
678 1713 789 1817 'ille
814 1730 878 1817 ac
901 1724 1194 1817 syntaiieos
1217 1717 1371 1773 valde
1395 1718 1638 1781 obscurae
1667 1730 1719 1817 et
1745 1721 2056 1817 iiiiplicatze,
2088 1725 2136 1785 B
2165 1713 2294 1812 ρης
2331 1740 2459 1808 δοι,
2503 1713 2634 1799 iam:
2689 1713 2753 1797 ιγ’
2780 1742 3127 1817 agminum“;
3172 1743 3280 1809 pp,
3319 1713 3721 1816 Ulyssimemig

458 1821 578 1875 qua:
618 1821 647 1859 a
678 1806 984 1861 Zenoniaua
1032 1809 1323 1878 plurimum
1361 1813 1521 1866 distat
1549 1829 1562 1865 :
1593 1823 1645 1867 ut
1677 1812 1886 1884 Gaspar
1926 1815 2060 1871 Bar-

461 1896 605 1953 thius
634 1900 732 1954 hos
764 1900 1006 1970 profecto
1028 1910 1287 1961 tractatus
1316 1905 1612 1976 respiciens
1637 1909 1933 1985 scripserit,
1964 1912 2061 1967 ali-

459 2005 595 2060 quos
618 1990 943 2047 Zenoniaiiis
972 1996 1303 2050 intermistos
1327 2012 1607 2053 sermones
1636 1998 1785 2072 longe
1805 2005 2058 2058 recentio-

458 2099 539 2138 res
563 2098 704 2151 eSse,
735 2102 888 2155 quam
906 2085 1118 2156 quilibet
1138 2088 1202 2142 de
1222 2106 1373 2161 grege
1394 2100 1696 2146 caterarum
1722 2097 2024 2151 concionum
2037 2114 2059 2163 ;

460 2189 527 2230 ac
555 2176 602 2237 si
630 2177 869 2255 ipsorum
900 2188 1089 2233 auctor
1115 2179 1183 2234 ad
1224 2184 1579 2250 posteriorem
1615 2185 1785 2240 multo
1806 2196 2018 2244 atatem
2040 2230 2055 2255 ,

460 2271 514 2325 iii
552 2285 657 2341 qua
697 2270 930 2333 barbare
975 2272 1322 2337 scriberetur,
1356 2276 1645 2343 pertineat.
1696 2277 1847 2334 Unus
1879 2292 2057 2338 tamen

458 2362 642 2435 locus,
691 2378 851 2435 quem
895 2364 948 2419 in
980 2363 1215 2419 editione
1238 2364 1540 2425 Veronensi
1579 2376 1633 2424 et
1679 2369 1903 2440 reliquis
1934 2373 2060 2433 inde

460 2453 708 2515 deductis
756 2458 1177 2526 pnetermissutn
1201 2498 1215 2523 ,
1252 2472 1353 2517 nos
1399 2475 1466 2517 es
1507 2459 1746 2518 editione
1774 2463 1974 2521 Veneta
2004 2475 2061 2523 et

458 2548 842 2619 maiiuscriptis
887 2549 1138 2606 omnibus
1186 2550 1549 2618 restituimus,
1598 2564 1873 2613 auctorem
1920 2560 2062 2615 anti-

457 2654 622 2709 qiiiiin
655 2649 711 2695 et
736 2648 944 2701 certum
975 2642 1208 2712 prodere
1235 2645 1382 2700 visus
1406 2656 1511 2703 est.
1544 2645 1634 2704 Sic
1658 2650 1803 2704 enim
1832 2652 1886 2705 in
1914 2660 2056 2708 trac-

458 2737 571 2795 tatu
599 2731 663 2795 de
702 2730 903 2797 Lazaro
928 2735 1121 2806 legitur
1146 2754 1160 2791 :
1188 2736 1330 2811 Age,
1357 2755 1453 2809 age
1471 2737 1738 2808 Pliotami,
1760 2759 1935 2799 servits
1963 2744 2060 2800 Dei

456 2826 589 2893 vivi,
619 2828 663 2887 si
692 2830 890 2898 aliquid
929 2832 1208 2902 prtevates,
1258 2833 1323 2887 de
1365 2836 1607 2905 lacrymis
1635 2836 1845 2893 Domini
1892 2858 2061 2911 pauca

462 2929 693 2973 narrato.
739 2921 895 2976 Patet
922 2923 1011 2979 hic
1048 2936 1327 2980 auctorem
1360 2927 1680 2986 inconcinna
1727 2934 2059 3003 apostrophe

457 3015 523 3071 ad
557 3030 617 3069 se
644 3030 906 3072 conversa
932 3031 1118 3081 secum
1152 3019 1332 3089 loqui,
1365 3034 1532 3092 seque
1579 3024 1851 3091 excitare,
1888 3038 1946 3080 ut
1989 3028 2059 3082 de

457 3107 671 3165 Domini
703 3111 957 3181 lacrymis
983 3111 1205 3178 uberius
1232 3113 1483 3168 disserat.
1515 3115 1699 3185 Itaque
1740 3115 2056 3175 Pliotamius
2082 3121 2128 3183 C

457 3200 537 3257 illi
569 3216 764 3263 nomen
793 3210 896 3269 est,
921 3219 1027 3273 quo
1054 3204 1255 3263 Graecae
1278 3204 1501 3275 originis
1527 3210 1745 3263 nomine
1770 3210 2057 3267 commode

454 3286 670 3348 reddito
701 3310 794 3366 per
826 3294 870 3348 Ρ
899 3295 970 3367 (Ρ
997 3295 1141 3359 enim
1184 3306 1238 3352 et
1284 3296 1366 3357 Plz
1398 3298 1718 3366 promiscuae
1749 3314 1856 3357 non
1902 3318 2058 3359 num-

456 3404 615 3457 quam
649 3389 699 3451 in
732 3389 967 3463 antiquis
994 3388 1367 3450 monumentis
1393 3392 1723 3460 scribuntur,
1754 3401 1811 3447 ut
1832 3396 2059 3451 eruditis

414 3542 424 3551 ,
455 3489 642 3539 notum
674 3494 790 3547 est;
834 3498 937 3553 qua
985 3482 1202 3552 quidem
1233 3488 1439 3539 ratione
1470 3500 1597 3541 mox
1629 3487 1680 3541 iii
1713 3496 1867 3542 tract.
1900 3502 1935 3545 ti
1965 3490 2056 3558 qui

456 3572 520 3631 de
563 3577 806 3645 martyrio
851 3573 1012 3635 [scite
1050 3575 1387 3643 inscribitur,
1418 3578 1584 3650 310
1628 3578 2059 3637 Phil/ionicorum

456 3677 555 3735 pro
584 3663 993 3741 Pytltonicoruni
1036 3668 1253 3741 scripsit
1297 3669 1552 3726 librarius
1583 3671 1785 3728 codicis
1804 3713 1821 3737 ,
1852 3687 1917 3729 es
1949 3690 2058 3745 quo

455 3757 623 3835 editio
657 3758 852 3821 Veneta
882 3770 1096 3832 sumpta
1127 3764 1246 3830 iuit,
1278 3773 1333 3818 et
1361 3764 1520 3833 paulo
1547 3764 1867 3825 absimiliter
1892 3768 2060 3824 libra-

456 3851 572 3909 rius
600 3851 959 3925 antiquissimi
999 3852 1287 3923 Bernensis
1322 3854 1823 3929 lipliytlionirorum)
1866 3874 2057 3917 auctor

454 3944 726 4014 ejusmodi
757 3954 1079 4005 tractatuum
1110 3946 1322 4005 videtur
1345 3963 1466 4002 esse
1494 3946 1792 4015 Potuimus,
1823 3950 1936 4015 ille,
1971 3953 2057 4011 in-

456 4052 639 4111 quam,
666 4036 943 4102 Potamius
963 4038 1285 4111 Episc0pus,
1305 4039 1458 4110 cujus
1479 4042 1706 4111 epistola
1724 4044 1790 4098 ad
1811 4044 1867 4100 S.
1892 4044 2060 4102 Atha-

456 4135 668 4191 nasium
690 4136 831 4192 inter
853 4149 1202 4195 monumenta
1233 4136 1301 4193 ab
1324 4136 1562 4195 Acherio
1588 4139 1731 4197 edita
1763 4145 2055 4213 reperitur.

456 4223 601 4283 Sane
631 4227 802 4297 stylus
847 4229 1005 4299 plane
1042 4231 1185 4291 idem
1228 4240 1345 4296 est,
1379 4230 1541 4301 idque
1584 4241 1640 4286 ut
1684 4237 1855 4303 magis
1892 4251 2059 4306 appao

454 4314 593 4371 reat,
620 4321 739 4362 eain
767 4311 1053 4377 epistolam
1082 4309 1398 4367 tractatibus
1437 4310 1825 4382 siibjicieudant
1845 4314 2084 4383 judicav

454 4397 666 4469 vimus,
698 4408 754 4455 et
790 4400 869 4461 ita
908 4402 1073 4457 etiam
1126 4403 1307 4459 onmia
1347 4416 1469 4477 qute
1496 4405 1563 4460 ad
1615 4420 1715 4463 nos
1757 4422 2055 4481 pervenere

2163 1835 2307 1886 enim
2340 1831 2617 1888 Potamitis
2658 1832 2887 1889 Nicaeus:
2921 1834 3045 1890 lidei
3082 1836 3208 1890 olim
3252 1834 3513 1903 defensor,
3543 1852 3570 1891 a
3604 1833 3721 1892 Cun-

2164 1928 2363 1985 stantio
2387 1938 2680 1998 corruptus
2704 1929 2770 1983 ad
2799 1930 3033 1985 Arianos
3050 1929 3315 1996 accessit;
3343 1944 3462 1985 cum
3485 1931 3721 1986 Potentius

2163 2030 2372 2088 noster,
2398 2022 2638 2092 epistolae
2669 2039 2829 2092 quam
2856 2024 3209 2093 subjiciemus
3256 2035 3462 2089 auctor,
3509 2038 3605 2078 non
3634 2033 3720 2078 tam

2164 2124 2287 2187 post
2310 2117 2626 2182 Siriniense,
2652 2117 2747 2172 scd
2773 2128 2894 2188 post
2916 2118 3258 2173 Ariminense
3283 2119 3442 2173 etiam
3470 2118 3722 2173 concilium

2164 2210 2232 2283 (si
2261 2211 2596 2281 iiiscriptioni
2630 2212 2833 2267 codicis
2873 2212 3151 2294 ﬁdendttm
3174 2211 3296 2283 est)
3329 2212 3593 2268 catholica:
3618 2212 3722 2267 lidei

2161 2303 2432 2371 adsertor,
2462 2305 2529 2359 ad
2562 2306 2915 2362 Athanasium
2945 2307 3182 2378 scripsit.
3218 2308 3400 2381 Itaque
3424 2308 3628 2364 alterius
3652 2309 3721 2363 in-

2162 2405 2346 2464 certae,
2389 2406 2443 2451 at
2473 2396 2848 2454 Latitticurbis
2890 2401 3175 2471 episc0pus
3212 2400 3527 2471 iudicandus
3545 2408 3619 2456 est
3640 2399 3720 2472 (α).

2233 2492 2393 2569 311
2426 2491 2512 2547 IV.
2543 2494 2614 2548 De
2637 2493 2848 2548 cat-teris
2868 2509 3028 2563 porro
3051 2493 3369 2550 tractatibus
3411 2495 3726 2565 qtiosiiidiio-

2162 2585 2262 2640 bus
2277 2585 2552 2640 codicibus
2566 2585 2824 2642 Urbinate
2837 2594 2890 2641 et
2903 2586 3159 2642 Vaticano
3172 2587 3444 2644 stibflnem
3462 2588 3723 2659 descriptos

2161 2676 2215 2731 in
2246 2677 2561 2746 praefatione
2588 2682 2823 2751 generali
2851 2683 3295 2750 memoravimus,
3324 2698 3426 2738 non
3454 2695 3532 2739 est
3553 2699 3639 2739 cur
3663 2685 3726 2737 la-

2165 2771 2417 2826 boremus
2460 2790 2473 2827 :
2513 2774 2712 2845 quippe
2753 2785 2903 2830 certo
2942 2791 3006 2832 ac
3044 2790 3144 2832 suo
3192 2779 3394 2850 quique
3440 2778 3639 2834 Atictori
3679 2778 3721 2833 in

2163 2861 2353 2918 iisdem
2401 2865 2678 2920 codicibus
2723 2867 2995 2934 attributi,
3030 2867 3359 2937 Gaudentio,
3390 2870 3595 2942 Vigilio,
3622 2872 3725 2925 Hic-

2161 2969 2411 3025 ronymo,
2457 2956 2781 3012 Zenoniaiiis
2822 2975 2927 3013 non
2957 2959 3173 3015 fuerunt
3215 2963 3505 3033 adscripti,
3534 2978 3623 3017 nec
3645 2963 3725 3016 atl-

2160 3046 2322 3101 scribi
2368 3047 2585 3117 quidem
2639 3057 2948 3120 potuerunt.
2997 3051 3144 3107 Unus
3191 3038 3451 3109 tractatus
3487 3055 3548 3108 de
3585 3053 3725 3125 Signo

2163 3150 2354 3193 sanctae
2374 3139 2575 3207 Crucis,
2602 3142 2691 3209 qui
2714 3142 2766 3196 iii
2787 3144 2997 3199 duobus
3020 3148 3401 3218 maiittscriptis
3421 3145 3726 3202 ΤοΙειιιιιιιιιθ

2165 3248 2229 3286 ac
2270 3233 2531 3289 Vaticano
2578 3235 2862 3290 Basilianis
2908 3251 2939 3291 a
2987 3236 3180 3294 Rufino
3227 3238 3453 3294 redditis
3493 3240 3602 3294 sine
3636 3240 3726 3291 ullo

2163 3329 2402 3382 auctoris
2432 3330 2649 3384 nomine
2673 3331 2853 3384 statim
2895 3332 3195 3399 subjicitur;
3226 3333 3283 3388 in
3315 3333 3625 3404 Pompeiano
3647 3349 3725 3385 aii-

2161 3429 2270 3474 tein
2291 3420 2478 3475 codice
2494 3437 2613 3476 cum
2634 3433 2906 3492 postremo
2924 3425 3104 3478 Basilii
3123 3433 3356 3482 tractatu
3378 3444 3483 3483 uno
3501 3439 3725 3483 contextu

2162 3510 2465 3583 descriptus
2504 3513 2633 3580 fuit,
2675 3516 2871 3586 aliqttid
2918 3516 3250 3587 praecipuum
3298 3520 3496 3575 habere
3524 3519 3724 3581 videtur,

2164 3615 2218 3661 ut
2249 3607 2300 3659 iii
2327 3606 2692 3675 Appendicent
2721 3622 2841 3661 cum
2867 3608 3089 3676 reliquis
3122 3610 3476 3680 conjiciatur;
3509 3626 3620 3665 nam
3641 3610 3726 3664 Ze-

2164 3697 2287 3753 noni
2322 3713 2570 3768 perarque
2597 3713 2661 3753 ac
2701 3700 2881 3753 caueri
2931 3699 3161 3755 tributus
3191 3712 3448 3774 apparet,
3491 3703 3620 3757 unde
3642 3702 3729 3756 Τη-

2162 3792 2396 3847 lentiitas
2440 3806 2540 3846 ms.
2580 3790 2719 3846 hanc
2746 3793 3041 3847 clausulam
3072 3795 3125 3847 in
3158 3793 3321 3865 hujus
3346 3795 3453 3852 fine
3492 3798 3684 3867 apponit
3714 3812 3726 3846 :

2161 3881 2465 3952 Expliciunt
2504 3892 2750 3937 tractatus
2783 3881 2843 3938 S.
2874 3881 3095 3939 Zenonis
3116 3925 3131 3951 ,
3162 3896 3272 3941 etc.
3313 3887 3386 3943 At
3423 3902 3542 3944 cum
3572 3903 3659 3942 nec
3684 3889 3725 3941 iii

2160 3963 2321 4018 editis
2348 3961 2554 4019 Zenoni
2572 3961 2733 4020 fuerit
2758 3964 2995 4031 aitictus,
3018 3980 3119 4021 nec
3144 3965 3198 4020 in
3226 3968 3481 4025 omnibus
3498 3967 3728 4023 Zenonis-

2162 4057 2246 4110 nis
2286 4054 2563 4111 codicibus
2609 4057 2929 4119 inveniatur,
2961 4057 3028 4111 ab
3054 4057 3246 4112 eodem
3282 4060 3625 4130 imprimendo
3646 4074 3727 4112 stt-

2161 4148 2559 4219 persedeiidum
2583 4149 2965 4219 judicavinius.
2994 4151 3177 4206 Solum
3204 4153 3309 4210 hoc
3345 4156 3460 4210 loco
3484 4156 3608 4209 satis
3630 4152 3729 4207 fite-

2161 4243 2232 4297 rit
2260 4241 2681 4313 indicare,'quid
2707 4251 2763 4297 et
2785 4246 2939 4312 cujus
2976 4245 3213 4300 auctoris
3238 4248 3331 4301 sit.
3364 4246 3481 4302 Etsi
3508 4245 3728 4301 omnibus

2160 4337 2213 4391 in
2242 4335 2524 4392 codicibus
2553 4335 2605 4390 in
2637 4344 2956 4391 cancrorum
2984 4344 3307 4393 tractatuum
3340 4354 3403 4395 ac
3423 4340 3605 4396 soluite
3627 4353 3729 4391 ora-

2163 4431 2323 4484 tionis
2369 4432 2593 4485 formam
2639 4428 2975 4484 describatur
3004 4447 3110 4485 uno
3150 4443 3438 4500 contextu,
3470 4450 3526 4488 re
3573 4443 3728 4487 tamen

457 4491 688 4573 Potamii
727 4493 871 4553 illius
896 4509 1084 4571 Opera,
1112 4496 1258 4553 nunc
1285 4498 1518 4573 primum
1554 4513 1656 4559 suo
1685 4501 1896 4559 auctori
1929 4503 2052 4559 red-
2080 4508 2136 4569 D
2161 4507 2396 4580 hymnus
2425 4520 2509 4566 est
2548 4524 2614 4565 ex
2641 4509 2888 4565 versibus
2928 4510 3173 4566 dinietris
3216 4491 3461 4568 iaiiibicis
3486 4508 3731 4568 catalecti-

455 4583 567 4638 dita
597 4585 768 4666 simul
811 4587 1055 4649 habebis.
1087 4590 1218 4657 Quis
1262 4600 1443 4653 autem
1485 4591 1556 4647 sit
1593 4592 1871 4653 Potatnius
1914 4594 2050 4666 iste,

456 4680 565 4719 non
594 4664 783 4734 liquet.
814 4668 999 4738 Stylus
1036 4669 1298 4725 obscurus
1326 4672 1519 4740 valde,
1572 4689 1803 4744 quemne
1844 4664 2055 4731 Mercué

456 4759 570 4813 rius
594 4757 809 4830 quidem
849 4759 1048 4814 alicubi
1093 4762 1510 4833 interpretetur,
1542 4780 1740 4822 novum
1784 4767 2058 4840 Spicilegii

455 4848 744 4905 Aclieriaiii
774 4849 1036 4907 editorein
1066 4857 1269 4922 movit,
1301 4865 1357 4911 ut
1383 4855 1630 4925 Graicum
1662 4874 1785 4914 eum
1811 4863 2054 4935 suspica-

456 4954 626 5009 retur,
650 4943 741 5014 qui
764 4943 953 4999 Graece
975 4945 1274 5018 scripserit,
1294 4956 1346 5002 et
1366 4948 1555 5007 Latine
1577 4965 1605 5003 a
1627 4952 1858 5023 quodam
1882 4966 2055 5024 poste-

458 5035 617 5089 rioris
664 5036 764 5090 aevi
815 5038 1110 5106 interprete
1156 5039 1397 5094 redditus
1441 5041 1529 5094 sit.
1584 5042 1640 5101 lii
1687 5041 1865 5103 indice
1908 5048 2052 5103 enim

458 5127 854 5205 Chronologico
884 5133 1015 5186 tomi
1041 5147 1121 5199 tit,
1151 5132 1218 5188 de
1244 5132 1470 5199 Palamii
1497 5148 1794 5201 memorata
1825 5140 2055 5215 epistola

457 5222 619 5293 paulo
666 5230 789 5295 post
835 5224 1072 5293 medium
1117 5236 1363 5301 quartum
1415 5228 1674 5285 smculum
1727 5230 1925 5303 scripta
1977 5233 2057 5289 lo-

458 5332 631 5389 quens
659 5334 672 5370 :
714 5315 943 5391 Videtur,
973 5318 1167 5389 inquit,
1196 5336 1223 5375 e
1246 5318 1426 5379 Graico
1448 5339 1611 5393 versa,
1644 5325 1733 5380 sed
1759 5327 2055 5398 fwdissimis

457 5412 655 5467 mendis
681 5427 961 5484 conspersa
987 5413 1056 5469 ad
1094 5429 1185 5483 nos
1219 5415 1384 5482 venit;
1427 5426 1481 5471 et
1528 5417 1580 5484 in
1611 5417 1959 5485 adnotatione
1986 5424 2055 5478 ad

458 5505 705 5571 eamdem
734 5505 1022 5581 epistoiatn
1053 5521 1171 5578 pag.
1204 5506 1330 5574 299,
1361 5509 1606 5565 versionis
1630 5512 1821 5573 iterum
1860 5500 2071 5579 nieinii

462 5603 563 5665 nit,
613 5600 949 5672 miraturque
975 5615 1074 5658 cur
1094 5598 1357 5659 Acherius
1383 5611 1489 5669 tam
1518 5604 1802 5661 obscuram
1831 5606 2056 5667 findant-

2161 4604 2262 4667 cis,
2293 4602 2383 4672 qui
2417 4600 2605 4670 incipit
2627 4598 2807 4655 Cultor
2828 4600 2926 4655 Dei
2958 4612 3229 4671 momento,
3267 4615 3497 4676 octoquc
3518 4602 3730 4673 strophis

2162 4693 2463 4748 coniicitur.
2498 4691 2612 4749 Hoc
2653 4691 2867 4748 detecto
2896 4692 2965 4748 de
2992 4692 3232 4751 Auctore
3263 4696 3577 4767 inquirendo
3604 4693 3731 4749 solli-

2162 4786 2277 4852 citi,
2321 4801 2390 4841 iie
2428 4785 2572 4856 quod
2604 4786 2658 4840 in
2688 4787 2900 4842 caeteris
2931 4785 3161 4843 feliciter
3185 4788 3408 4860 obtigit,
3436 4789 3489 4845 in
3518 4790 3615 4845 hoc
3642 4800 3732 4842 uno

2162 4881 2414 4947 deceset,
2471 4890 2590 4949 post
2638 4881 2809 4939 multa
2862 4883 3077 4936 tandem
3126 4881 3576 4954 deprehendimus
3625 4894 3730 4936 eum

2162 4976 2423 5046 hymnum
2451 4988 2573 5029 esse
2611 4972 2970 5043 fragmentum
3014 4972 3201 5045 hymni
3228 4976 3487 5047 longioris
3513 4974 3733 5032 Prudeiio

2158 5066 2243 5133 tii,
2267 5065 2520 5121 nimirum
2539 5066 2719 5136 hymni
2745 5066 2778 5120 ti
2800 5065 2922 5122 libri
2944 5075 3397 5135 meﬂMEPlNQN,
3418 5070 3506 5141 qui
3528 5068 3733 5140 hymnus

2158 5159 2300 5229 apud
2328 5158 2679 5216 Prudentium
2710 5159 3021 5219 inscribitur
3046 5162 3176 5216 Ante
3218 5178 3492 5231 somnum,
3518 5167 3733 5219 constat-

2162 5266 2268 5321 que
2291 5265 2359 5306 ex
2383 5249 2623 5320 strophis
2650 5251 2741 5308 59.
2769 5250 2851 5311 Ex
2878 5251 2964 5311 his
3002 5263 3208 5323 septem
3239 5264 3447 5313 tantum
3477 5263 3734 5326 postrema:

2162 5344 2230 5400 de
2257 5342 2430 5399 Cruce
2466 5343 2749 5414 loquentes
2783 5344 2838 5402 in
2868 5343 3070 5416 hymno
3096 5359 3285 5402 nosne
3311 5350 3596 5418 leguntur:
3627 5357 3733 5400 iiaiu

2162 5447 2349 5495 octava
2372 5438 2659 5509 quamdam
2700 5438 3021 5510 hymnorum
3051 5439 3355 5499 clausulam
3398 5445 3577 5499 refert.
3602 5439 3732 5499 lluuc

2164 5531 2412 5587 eumdem
2446 5532 2704 5601 hymnum
2745 5532 3048 5601 reperimus
3077 5534 3241 5590 etiam
3283 5536 3425 5604 apud
3467 5532 3731 5604 Georgium

2162 5621 2525 5683 Cassandrum
2574 5623 2713 5681 inter
2760 5621 2994 5694 Hymnus
3025 5624 3448 5695 Ecclesiasticos,
3476 5642 3593 5699 pag.
3619 5624 3731 5693 2H,

532 5740 613 5812 (α)
655 5745 813 5803 Conf.
849 5745 993 5806 Gall.
1020 5753 1233 5851 Proleg.
1264 5756 1316 5814 in
1342 5757 1667 5834 Potamium,
1693 5766 2038 5835 Bibliotheca
2062 5784 2275 5839 nostrae
2301 5776 2432 5831 lem.
2460 5788 2575 5843 viti,
2606 5772 2712 5830 col.
2732 5772 2893 5855 tm,
2922 5791 2950 5831 a
2973 5774 3114 5836 linea
3134 5775 3186 5837 ὅ.
