3926 6328
282 251 377 309 561

1655 251 1695 307 Α
1706 250 2095 311 DNOTA'I‘ION
2104 254 2204 313 ES.

3455 259 3563 318 562

278 380 465 425 erutam
483 369 758 442 allegorice
791 369 888 425 sibi
910 369 1119 441 delegit,
1152 379 1331 441 typum
1370 369 1603 441 fututum
1624 368 1864 424 salutaris
1891 371 1945 432 Α
1968 370 2217 425 sermonis
2264 379 2373 426 arte
2415 371 2638 442 formata
2663 371 2716 426 in
2746 388 2798 428 se
2829 371 3127 427 tabescentis
3156 372 3385 442 corporis
3413 375 3559 430 vulva

276 440 601 497 uouemus:
631 449 687 495 et
712 440 816 497 hoc
836 443 1004 496 roluit
1030 440 1196 495 Zeno.

176 518 187 525 ”
293 585 305 586 γ
348 514 471 583 Pag.
497 513 621 569 I80.
637 512 719 586 Ad
722 515 1046 586 principium
1065 522 1195 569 tetas
1217 522 1423 584 peracta
1442 521 1734 586 revocatur,
1753 520 1861 567 etc.

276 585 624 656 Opponuntnr
639 584 761 657 linis
785 596 841 641 et
862 584 1205 657 principium,
1232 591 1487 641 senectus
1513 593 1568 640 et
1583 584 1858 657 juventus:

281 656 364 712 hic
385 657 705 727 principium
724 656 985 726 juventus
1009 656 1116 718 εει.
1146 668 1277 711 artas
1306 666 1528 727 peracta
1556 656 1788 711 senium.

341 727 564 784 Ibidem.
609 727 759 782 Nihil
790 729 845 782 in
874 728 1159 783 substantia
1186 727 1446 782 resederat
1473 727 1725 796 corporis,
1752 734 1859 782 etc.

277 799 386 856 Hoc
405 801 561 854 estin
584 814 815 871 corpore
836 814 1032 855 succus
1057 815 1164 854 non
1192 799 1483 854 residebat.
1518 797 1677 853 Succi
1702 798 1862 871 uber-

276 883 355 926 tas
394 885 593 941 corpus
641 871 898 934 hebitins,
934 883 989 927 et
1019 870 1389 938 corpulentins
1433 871 1579 936 facit,
1629 870 1862 926 tenuitas

273 940 522 1015 gracilius
550 985 565 1009 ,
593 952 645 999 et
672 942 1043 999 macilentam.
1070 941 1298 997 Tertull.
1328 943 1395 997 de
1421 940 1859 1015 Chamgeleonte:

275 1012 473 1083 Quippe
497 1031 592 1086 nec
613 1030 796 1069 succus
815 1024 891 1068 est
914 1014 1142 1086 corpori,
1170 1014 1307 1084 quod
1323 1012 1683 1067 munitioribus
1698 1013 1861 1071 multo

272 1085 831 1155 tiquet;Cbam:eIcon
866 1085 1015 1141 enim
1055 1086 1192 1139 adeo
1229 1086 1525 1141 emaciatus
1561 1092 1666 1149 est,
1698 1092 1862 1153 atque

270 1172 550 1226 essuccus,
583 1167 643 1213 ut
670 1156 922 1226 pellicula
956 1157 1139 1212 vivere
1168 1156 1399 1211 dicatur.
1431 1156 1742 1211 Substantia
1772 1163 1861 1210 est

270 1229 341 1305 ιιι,
357 1245 466 1305 quo
482 1229 742 1305 quodque
753 1238 856 1285 est.
875 1229 1070 1305 Suidas
1086 1230 1474 1305 :Qt'taiaJo-yugi
1490 1242 1687 1305 χρῆσις
1697 1229 1859 1305 tristi:

477 1296 643 1376 δέημα
819 1307 913 1376 Δζοῦ
962 1296 1089 1376 εἶναι
1115 1300 1351 1376 ῥήματος
1369 1296 1380 1303 ’
1403 1296 1821 1376 ᾆδέἾπαρῆχθαι
1839 1337 1855 1362 .

268 1373 385 1450 αρτὁ
413 1374 472 1428 τὸ
491 1370 549 1429 ὄν
565 1370 785 1450 api-1p}
795 1374 986 1450 ὀρσἰαν
1012 1370 1253 1450 mitificet,
1285 1372 1427 1450 quod
1457 1370 1859 1450 corpitsipsnm

266 1442 331 1497 sit
356 1457 582 1500 necesse
607 1439 720 1499 'est'!
741 1444 999 1509 Isidorus,
1019 1444 1073 1498 in
1097 1439 1329 1513 Origin.,
1351 1439 1569 1513 Corpus
1589 1440 1856 1508 subsistit,

267 1525 317 1569 et
342 1514 468 1570 ideo
493 1515 799 1571 substantia
825 1525 930 1570 est.

342 1606 578 1671 Tangere
600 1608 734 1657 enim
757 1613 809 1659 et
832 1608 998 1672 tangi,
1022 1608 1114 1658 nisi
1138 1620 1318 1671 corpus
1334 1606 1464 1656 nulla
1487 1611 1653 1671 potest
1672 1618 1775 1656 res.

263 1692 485 1746 canebat
528 1690 809 1746 Lucretius
836 1691 933 1746 lib.
975 1706 1013 1746 ι.
1046 1689 1329 1759 Spiritates
1358 1693 1499 1745 enim
1540 1688 1856 1744 substantiae

263 1762 417 1817 sicuti
440 1776 642 1830 corpus
677 1777 782 1818 non
808 1764 1026 1827 habent,
1055 1763 1129 1817 ita
1161 1777 1334 1833 neque
1361 1761 1427 1816 ab
1453 1760 1557 1816 illis
1588 1772 1734 1815 recte
1755 1760 1853 1833 ab-
1886 1758 1933 1818 Β

258 1834 585 1904 judicaveris
625 1850 843 1904 corpus.
883 1832 999 1890 Hoc
1049 1830 1260 1889 nomen
1285 1833 1601 1889 substantia:
1649 1845 1773 1887 sero
1800 1830 1855 1885 in

264 1907 442 1960 latium
471 1906 643 1969 venit,
671 1916 726 1960 et
752 1907 835 1959 vix
869 1906 1110 1976 quidem,
1148 1904 1244 1976 sed
1271 1904 1506 1976 Zenonis
1525 1904 1723 1976 smculo
1744 1905 1855 1976 jat‘n

259 1976 589 2044 obtinuerat,
623 1986 678 2031 ιιι
708 1972 970 2048 qnodille
997 1975 1298 2047 scripserit,
1330 1975 1460 2048 nihil
1488 1972 1857 2048 insubstantia

258 2052 513 2103 resederat
549 2045 800 2118 corporis,
828 2047 918 2112 sit,
947 2064 1011 2103 ac
1040 2050 1083 2103 si
1111 2045 1358 2115 dixisset,
1388 2045 1520 2101 nihil
1549 2046 1600 2101 in
1629 2059 1857 2116 corpore

259 2119 537 2177 resederat
559 2120 823 2191 corporis.
848 2119 1074 2175 Martial.
1102 2120 1154 2174 7.
1183 2118 1492 2190 Spectacut.

504 2212 666 2277 Inque
684 2214 815 2263 omni
837 2225 1077 2275 nusquam
1100 2227 1307 2278 corpore
1336 2226 1512 2278 corpus
1541 2220 1665 2262 erat.

258 2296 574 2368 Ilnjusmodi
615 2297 835 2353 umbras
872 2296 1121 2358 dicimus.
1166 2309 1219 2353 et
1265 2299 1525 2366 pumices,
1568 2306 1659 2352 aut
1704 2292 1855 2368 arida

257 2380 309 2422 ut
328 2371 597 2438 pumices,
632 2380 686 2423 ut
718 2370 771 2423 in
799 2369 972 2424 Plauti
1002 2369 1301 2438 Aulularia,
1326 2380 1432 2425 act.
1470 2384 1625 2435 tt,1v,
1661 2367 1748 2422 l8.

325 2440 554 2496 Ibidem.
595 2439 821 2511 Angelus
849 2439 1001 2495 Isaac
1026 2457 1208 2497 nomen
1246 2442 1507 2510 imposuit,
1542 2450 1599 2494 ut
1627 2440 1858 2511 ﬁrmaret

255 2514 449 2581 la-titia,
481 2521 594 2569 etc.
618 2509 876 2568 In'sacris
903 2513 1054 2567 libris
1081 2527 1188 2568 non
1208 2511 1405 2569 dicitur
1427 2511 1496 2566 ab
1517 2509 1727 2581 angelo,
1760 2509 1855 2565 sed

254 2600 281 2637 a
312 2593 460 2650 patre
504 2600 707 2639 nomen
744 2584 1075 2655 impositum.
1120 2584 1305 2655 Risum
1334 2597 1499 2655 porro
1533 2582 1637 2638 hoc
1656 2597 1855 2655 nomen

254 2656 686 2726 interpretantur
702 2653 859 2711 Philo
884 2654 1127 2723 Judaeus,
1149 2653 1403 2712 Clemens
1433 2653 1850 2726 Alexandrinus,

254 2728 361 2790 alii,
388 2724 452 2783 ex
483 2727 714 2797 ecquod
736 2728 870 2784 Sara
900 2727 1207 2795 subriserit,
1226 2726 1523 2800 parituram
1544 2742 1609 2800 se
1640 2724 1856 2780 dicente

257 2800 378 2871 lico.
410 2796 614 2869 prmler
641 2814 791 2866 spem
825 2809 1030 2869 partus,
1058 2796 1312 2871 quoniam
1336 2796 1673 2854 decrevisset
1700 2805 1851 2852 artas.

252 2870 444 2950 Ioseph
476 2885 615 2950 cap;
627 2871 720 2950 25,
749 2875 870 2947 rupi
896 2870 1279 2950 ᾀρχαιότήτων.

318 2943 549 2998 Ibidem.
565 2941 835 2998 Festinata
859 2941 1160 2998 educatione
1179 2944 1424 3006 nutritus,
1440 2953 1548 2999 etc.
1566 2942 1856 2998 Educatio-

253 3030 367 3070 nem
407 3024 604 3070 natura
631 3016 997 3084 prmveniente
1025 3016 1217 3071 eodem
1255 3031 1419 3072 sensu
1461 3015 1857 3083 Quinctilianus

253 3087 288 3141 I.
313 3102 384 3153 γι,
422 3088 720 3160 protentio,
763 3086 984 3160 celerius
1010 3087 1241 3160 occidere
1269 3088 1559 3160 festinatam
1585 3086 1855 3160 maturita-

255 3142 453 3223 tem,’e't
483 3159 594 3213 hoc
621 3142 728 3223 est,
749 3142 892 3227 quod
922 3157 1076 3213 Philo
1102 3142 1312 3213 dixerat
1338 3159 1390 3214 in
1424 3158 1562 3213 libro
1584 3156 1654 3213 de
1682 3161 1855 3217 Abra-
1884 3142 1929 3205 ί)

254 3228 409 3310 hamo
431 3227 688 3310 3775171312
708 3230 1025 3310 τιλςιοτρρᾳς
1040 3239 1133 3294 τῆς
1154 3231 1346 3310 ἡλικίας
1375 3231 1622 3310 {gigantas
1644 3233 1851 3310 ᾲριτάς,

253 3306 337 3366 ὡς,
369 3309 473 3357 etc.
531 3300 655 3373 Jatu
695 3300 1014 3373 perfectioris
1073 3308 1253 3373 celatis
1280 3300 1574 3356 ostendebat
1622 3300 1853 3363 uirtutes,

252 3375 443 3447 quales,
484 3380 600 3447 etc.
623 3370 1342 3447 Educatioeljratdsiatmn
1386 3382 1591 3447 tantum
1630 3386 1713 3431 est
1742 3377 1854 3447 ipsa

254 3442 571 3500 insdtuendi
600 3443 772 3511 ratio,
803 3443 897 3500 sed
930 3442 1266 3499 educationis
1290 3442 1569 3514 perfectio,
1588 3453 1645 3500 et
1659 3442 1858 3503 τελείω-

252 3538 346 3579 σις.
401 3514 719 3570 Cassiodor.
772 3514 1041 3570 variarum
1062 3515 1135 3569 25
1179 3515 1253 3571 lib
1278 3532 1333 3570 ix
1365 3515 1646 3570 :Educavit
1672 3518 1857 3575 liberos

252 3589 473 3659 pondere
494 3584 872 3641 moderationis
898 3587 1141 3655 aequales,
1174 3598 1228 3659 et
1255 3604 1458 3642 morum
1488 3588 1725 3644 societate
1746 3607 1859 3647 vere

252 3675 548 3729 germanos,
588 3674 804 3725 quorum
845 3659 1121 3729 infantiam
1163 3658 1306 3713 bonis
1332 3660 1531 3714 artibus
1562 3664 1854 3730 enutritam,

250 3734 567 3796 iurentutem
606 3744 806 3802 quoque
844 3730 1296 3802 armisexercuit,
1340 3733 1576 3802 formans
1630 3731 1858 3789 animum

252 3802 447 3868 litteris,
494 3799 730 3855 membra
774 3801 1082 3872 gymnasiis,
1130 3811 1177 3854 et
1221 3799 1476 3871 quidquid
1524 3802 1578 3855 in
1627 3803 1719 3856 illo
1748 3806 1858 3860 viro

248 3877 408 3945 gratia
429 3873 617 3927 divina
644 3872 909 3937 concessit,
936 3872 1136 3943 integra
1163 3875 1474 3945 perfectione
1496 3876 1855 3929 transmissum

248 3961 421 3999 cernas
442 3946 500 3998 in
535 3952 787 4015 posteros.

268 4031 273 4036 ‘
314 4013 547 4072 Ibidem.
599 4013 668 4069 Ut
711 4015 784 4069 ait
811 4014 1087 4085 Apostolus
1118 4024 1295 4085 contra
1333 4032 1475 4079 spem
1504 4025 1713 4085 notum,
1745 4027 1853 4071 etc.

346 4087 587 4143 Roman.
617 4100 737 4155 cap.
766 4102 840 4149 tv,
859 4083 1009 4140 num.
1042 4086 1135 4139 IS:
1162 4083 1217 4146 ὃς
1237 4084 1564 4164 παρ’-’ἐλπίδα
1591 4088 1672 4142 ἐπ’
1695 4088 1859 4164 ὲλςπὶδι

248 4162 557 4217 intercessu
591 4174 603 4210 :
639 4167 824 4211 coiitra
866 4172 1043 4225 Spelit,
1071 4159 1328 4225 quantuni
1365 4160 1535 4211 iuerat
1560 4159 1855 4214 secundum

251 4242 491 4287 naturam
524 4248 540 4295 ;
575 4230 628 4285 in
661 4242 756 4300 spe
776 4236 981 4291 autem,
1010 4228 1150 4299 quod
1182 4228 1275 4284 Dei
1308 4229 1657 4299 promissioni
1684 4230 1855 4285 credi-

248 4303 431 4357 disset.

314 4376 441 4446 Pag.
481 4371 607 4428 I8I.
638 4371 738 4439 Qui
754 4388 867 4446 cum
896 4370 1127 4446 hostium
1147 4369 1403 4446 providet,
1432 4373 1580 4446 cujus
1599 4372 1710 4446 loco
1728 4374 1861 4428 ειεε-

250 4455 325 4498 tus
345 4441 524 4518 fuerat
558 4444 864 4518 requirebat,
890 4454 1023 4518 ωδε.
1041 4445 1130 4518 qui
1156 4441 1348 4518 anxius
1375 4444 1442 4498 de
1470 4441 1644 4518 hostia
1666 4458 1857 4518 sesuc-

1967 441 2209 514 portavit,
2239 450 2344 514 etc.
2377 441 2444 498 Et
2464 443 2553 499 hic
2574 443 2726 499 locus
2750 458 2819 499 ex
2861 443 2965 498 illis
2986 446 3184 514 estqui
3213 441 3370 514 opem
3394 444 3564 503 libro-

1967 528 2085 587 r_um
2136 513 2465 579 implorant,
2536 523 2592 570 et
2639 514 3040 587 perspicatioris
3092 513 3293 587 ingenii
3347 530 3557 572 curam.

1964 583 2183 640 Certum
2219 594 2320 651 est,
2374 588 2477 641 hoc
2515 587 2623 657 agi.
2668 594 2727 641 ut
2765 583 3105 652 ostendatur,
3133 583 3225 641 Dei
3255 587 3556 655 voluntate,

1965 669 2075 728 non
2104 670 2171 712 ex
2199 657 2481 727 sanguine,
2514 672 2691 728 neque
2723 673 2754 712 e
2778 658 2989 728 carnis,
3018 667 3110 712 aut
3134 658 3233 712 viri
3258 657 3559 726 voluntate,

1964 727 2153 793 verbo,
2177 742 2283 782 non
2305 729 2533 796 semine,
2560 727 2617 783 ut
2645 729 2718 782 ait
2741 729 2872 783 alibi
2891 727 3106 794 Noster,
3136 728 3303 785 lilium
3332 739 3558 786 coteter-

1965 813 2093 871 num
2128 799 2286 865 patri,
2318 799 2850 871 immortalis,atque
2877 799 3300 871 incorruptibilis
3329 812 3556 867 natum,

1964 870 2018 924 in
2043 873 2274 925 terrenae
2297 872 2559 937 mulieris,
2587 878 2643 925 et
2665 870 2915 925 humanae
2945 871 3052 927 tabi
3077 870 3325 928 obnoxia:
3344 873 3557 928 alveum

1963 940 2335 1006 descendisse,
2369 951 2425 998 ut
2447 958 2664 997 carnem
2701 958 2768 997 ex
2795 956 2859 997 ea
2890 953 3190 998 assumeret
3220 952 3560 999 mutuaturus

1962 1012 2015 1067 iu
2064 1014 2349 1068 humanam
2394 1015 2623 1069 salutem
2670 1014 2810 1081 Deus
2839 1014 3023 1080 simul,
3063 1024 3120 1069 et
3142 1014 3325 1081 homo,
3355 1014 3562 1071 habens

1962 1098 2181 1139 carnem
2212 1085 2331 1139 sine
2358 1086 2566 1141 semine
2599 1100 2665 1141 ex
2699 1085 2937 1150 homine,
2967 1085 3213 1155 spiritum
3241 1101 3363 1141 cum
3395 1089 3560 1141 semi-

1964 1171 2033 1210 ne
2061 1170 2128 1211 ex
2157 1155 2289 1221 Deo,
2316 1171 2372 1212 ut
2399 1157 2763 1212 Tertullianus
2787 1155 3000 1212 dicitde
3012 1155 3188 1212 Carne
3206 1155 3408 1214 Christi
3431 1172 3553 1226 cap.

1966 1227 2052 1282 l8.
2081 1226 2186 1282 Sed
2233 1230 2408 1283 oratio
2438 1228 2576 1291 hiat;
2604 1243 2708 1282 non
2739 1228 2886 1283 enim
2931 1239 3081 1284 recte
3124 1228 3373 1283 retuleris
3398 1228 3560 1283 divini

1962 1302 2217 1371 sermonis
2242 1303 2604 1371 arteformata
2638 1298 2703 1354 ad
2734 1299 3056 1371 virginalem
3084 1299 3286 1365 aulam,
3308 1314 3427 1370 quae
3451 1315 3558 1355 non

1965 1370 2310 1439 peculiariter
2353 1369 2607 1439 lcrmata,
2655 1370 2752 1426 sed
2797 1370 3144 1441 peculiariter
3191 1369 3556 1426 sanctiﬁcata:

1964 1455 2142 1512 neque
2170 1441 2296 1510 quid
2327 1443 2558 1511 portavit
2594 1443 2646 1497 in
2684 1457 2745 1497 se
2773 1441 3101 1498 tabescentis
3126 1442 3371 1512 corporis
3401 1442 3557 1499 vulva

1962 1511 2355 1584 deprehendes,
2391 1512 2494 1567 nisi
2522 1514 2700 1580 aliqua
2730 1514 3066 1583 suppleveris
3090 1530 3104 1566 :
3133 1525 3185 1567 at
3207 1528 3326 1584 quae
3347 1514 3370 1567 ?
3389 1513 3554 1577 Cave,
3629 1540 3637 1547 -

1962 1583 2248 1655 tabescens
2273 1598 2469 1655 corpus
2494 1585 2762 1654 intelligas
2781 1585 2849 1639 de
2871 1584 3088 1640 Christo
3113 1600 3128 1650 ;
3157 1599 3279 1639 nam
3306 1584 3437 1639 illud
3467 1599 3561 1639 ue-

1962 1669 2082 1728 queg
2113 1654 2243 1719 tabi,
2288 1671 2461 1728 neque
2501 1656 2835 1728 corruptioni
2872 1656 3188 1728 obnoxium,
3237 1656 3306 1709 de
3341 1672 3450 1724 quo
3504 1656 3559 1728 in

1965 1725 2163 1797 Psalm.
2204 1742 2297 1793 xv,
2337 1725 2484 1781 num.
2528 1728 2629 1782 I0:
2665 1726 2844 1797 Neque
2871 1726 3018 1781 dabis
3042 1737 3272 1782 sanctum
3314 1727 3559 1797 tuumvi-

1960 1794 2081 1869 dere
2091 1799 2680 1866 corruptionem.Deerit
2694 1794 2873 1854 forsan
2887 1798 3137 1869 quiddam
3149 1840 3162 1862 ,
3178 1807 3231 1853 et
3244 1796 3562 1869 imperfecta

1961 1866 2125 1923 fuerit
2170 1869 2379 1924 oratio:
2430 1883 2484 1924 at
2538 1870 2756 1924 arietari
2798 1866 2986 1925 inutile
3023 1870 3185 1923 fuerit
3228 1866 3345 1925 sine
3381 1868 3553 1923 libris.

1959 1939 2098 2004 Quid
2140 1941 2184 1995 si
2220 1941 2384 2009 legas,
2420 1941 2586 2001 divini
2614 1940 2894 1996 Sermonis
2937 1953 3055 1995 arte
3084 1938 3421 1996 formatum?
3456 1938 3560 1998 hoc

1960 2017 2045 2083 est
2074 2026 2270 2083 corpus
2297 2011 2519 2068 Christi.
2550 2010 2702 2069 Ferri
2726 2012 2905 2069 forsan
2938 2013 3173 2083 poterit:
3202 2013 3297 2067 sed
3319 2010 3558 2067 nondum

1961 2081 2090 2137 mihi
2116 2083 2469 2139 satisfactum.

2032 2153 2159 2224 Pag.
2189 2153 2482 2228 I82.77Non
2508 2158 2698 2210 semine
2722 2156 3044 2228 progenitum
3072 2155 3408 2228 certissimum
3450 2153 3566 2209 Do-

1959 2225 2175 2297 minum,
2192 2236 2299 2282 etc.
2324 2227 2457 2281 Illud
2474 2225 3288 2297 certissimumSuspectissimum
3312 2225 3441 2282 mihi
3455 2237 3562 2283 est.

2031 2296 2259 2352 Ibidem.
2289 2297 2397 2353 Sed
2424 2301 2547 2368 quia
2576 2303 2734 2355 nescit
2760 2301 3015 2355 teternitas
3049 2298 3203 2364 mori,
3232 2308 3337 2355 etc.
3367 2299 3563 2354 Totum

1961 2366 2104 2423 hunc
2125 2370 2306 2444 locum
2342 2385 2407 2426 ex
2438 2366 2755 2444 Icciijectura
2799 2373 3064 2428 restituo:
3098 2369 3205 2444 S_ed
3247 2372 3369 2440 quia
3408 2372 3568 2444 nescit

1959 2440 2217 2495 (eternitas
2238 2444 2387 2502 mori,
2404 2440 2565 2513 neque
2588 2442 2840 2499 Dominus
2858 2452 2971 2509 post
2996 2441 3290 2511 sepulcrum
3309 2443 3565 2514 (repetito

1960 2514 2065 2567 ἀπὸ
2110 2533 2280 2587 nomen
2318 2515 2421 2587 scit
2458 2515 2621 2587 mori)
2671 2516 2739 2571 ad
2763 2514 2978 2587 Judtzos
3002 2518 3245 2570 remansit
3275 2515 3386 2568 sola
3417 2514 3566 2567 dam-

1960 2593 2096 2659 natm
2120 2586 2399 2640 voluntatis
2425 2584 2638 2659 inuidia,
2670 2592 2790 2659 quia
2838 2584 3114 2641 Dominum
3164 2602 3255 2659 nec
3294 2600 3567 2659 agnoscere

1958 2656 2248 2729 uoluerunt,
2271 2673 2399 2729 cum
2429 2656 2692 2728 nefarium
2725 2662 2882 2729 fuerit
2907 2659 3061 2712 etiam
3105 2658 3304 2729 tardius
3330 2656 3563 2710 adorari.

1959 2725 2373 2800 Elegantissime
2394 2725 2692 2797 concludit,
2725 2725 2891 2788 Deum
2911 2744 3015 2800 qua
3040 2727 3397 2785 immortalem
3426 2741 3565 2782 mor-

1961 2805 2068 2873 tetu
2092 2799 2200 2867 pati
2215 2814 2331 2873 non
2357 2801 2617 2870 potuisse,
2639 2817 2742 2873 qua
2769 2799 3051 2873 hominem,
3068 2800 3186 2873 Deo
3208 2801 3417 2873 unitum
3433 2810 3567 2873 post

1960 2868 2315 2945 voluntariam
2348 2868 2581 2945 mortem
2609 2868 2713 2945 non
2744 2875 2983 2945 potuisse
3024 2871 3114 2945 diu
3144 2872 3278 2926 mori
3297 2869 3565 2945 ;_Judatos

1962 2938 2161 3014 idcirco
2189 2956 2333 3007 reos,
2365 2944 2508 3014 quod
2540 2938 3173 3002 ineflica'citervoluerint
3194 2943 3415 2996 omnino
3429 2942 3564 3014 sub-

1959 3009 2175 3086 l_atu‘m,o
2213 3009 2396 3080 quem'
2424 3026 2683 3086 negarant
2719 3017 3016 3079 Christum,
3056 3022 3115 3070 et
3141 3030 3300 3085 quem
3347 3030 3411 3069 ex
3447 3013 3566 3086 ejus

1964 3082 2118 3139 tactis
2146 3084 2463 3142 debuissent
2497 3082 2751 3145 adorare.
2774 3095 2841 3148 τὰ
2863 3101 2908 3146 et
2935 3088 3045 3143 sola
3066 3082 3391 3145 crediderunt
3416 3085 3560 3155 δορί·

1964 3156 2154 3230 tatione
2181 3161 2375 3227 puniri,
2405 3176 2579 3229 neque
2622 3162 2746 3230 quid
2779 3164 2879 3218 sibi
2911 3160 3098 3225 velint,
3121 3176 3300 3229 neque
3340 3160 3467 3228 quid
3496 3158 3564 3213 ad

1964 3240 2077 3303 rem
2123 3226 2343 3303 faciant,
2374 3226 2530 3287 video
2556 3252 2570 3288 :
2601 3226 2723 3288 ideo
2760 3248 2825 3290 ea
2870 3232 3080 3303 rejicio,
3110 3226 3252 3287 male
3281 3226 3565 3303 ab'aliquo

1961 3294 2141 3352 Iorsan
2181 3294 2424 3376 intrusa:
2455 3303 2725 3376 glossema
2759 3294 3000 3376 ineptum
3019 3294 3244 3358 “illorum
3276 3303 3388 3357 sola
3416 3294 3563 3356 dumo

1959 3379 2096 3423 natte
2121 3374 2397 3426 voluntatis
2426 3375 2638 3430 invidia.

2033 3439 2257 3519 Ibidem.
2294 3445 2369 3498 Ab
2398 3455 2608 3501 auctore
2638 3450 2828 3519 itaque,
2855 3455 2959 3501 etc.
2993 3447 3037 3500 A
3059 3443 3217 3519 Iuda,
3239 3458 3396 3519 quem
3428 3443 3564 3519 Acta

1963 3512 2341 3590 appstolorum
2369 3531 2488 3586 cap.
2499 3534 2553 3590 _t,
2583 3512 2735 3573 num.’
2766 3512 2854 3579 16,
2881 3527 3078 3590 vocant
3104 3512 3421 3590 asa-ﬁant;
3444 3516 3565 3570 cu).~

1948 3582 2211 3704 gesoria.»
2237 3582 2454 3645 ἰησοῡνζ
2490 3586 2682 3643 Ducem
2719 3603 2921 3655 eorum,
2965 3588 3051 3660 qui
3076 3582 3569 3660 comprehenderunt

1997 3668 2155 3704 esum.

1997 3668 2084 3709 esu
2090 3673 2155 3710 m.

2188 3789 2241 3828 IN
2281 3789 2477 3830 TRACT.
2522 3790 2597 3830 XII
2641 3791 2742 3831 LIB.
2785 3791 2845 3842 II,
2889 3790 2959 3831 DE
2996 3789 3249 3831 ABBAHAI
3287 3788 3365 3828 III.

2034 3865 2164 3952 Pag.
2202 3866 2324 3952 I84.
2358 3867 2860 3952 llic‘justitiaut‘non
2883 3869 3085 3952 didicit,
3117 3870 3211 3952 sed
3235 3868 3563 3952 genuit,‘ctc.

1962 3936 2078 3992 Non
2110 3937 2301 4011 dlictth
2332 3941 2399 3995 ab
2426 3936 2629 4011 aliquo,
2661 3942 2752 3996 sed
2782 3956 2811 3996 a
2839 3955 2898 3995 se
2942 3942 3056 4009 ipse
3082 3936 3324 4011 ordinem
3358 3948 3567 4011 naturze

1963 4020 2201 4063 secutus.
2251 4009 2477 4065 Tertull.
2517 4007 2795 4067 adversus
2837 4007 3053 4068 Judmos
3101 4025 3220 4076 cap.
3272 4010 3310 4064 2
3346 4026 3365 4063 :
3418 4007 3603 4063 Unde.

1961 4079 2224 4154 Abraham
2253 4086 2449 4137 amicus
2477 4082 2573 4136 Dei
2603 4086 2898 4154 deputatus,
2935 4084 2981 4137 si
3010 4099 3110 4136 non
3153 4082 3216 4135 de
3239 4080 3476 4154 tequitate
3525 4089 3570 4154 et

1954 4152 2167 4223 justitia
2197 4152 2325 4224 legis
2345 4155 2643 4209 naturalis?
2666 4150 2935 4211 Justitiam
2977 4162 3153 4208 autem
3192 4150 3401 4223 genuit,
3427 4150 3570 4221 quod

1965 4223 2261 4297 crediderit
2283 4224 2420 4297 Deo,
2457 4237 2677 4297 propter
2702 4225 2843 4297 quod
2865 4225 3074 4294 accepit
3102 4223 3313 4293 signum
3340 4226 3573 4297 circnm-

1968 4293 2215 4369 cisionis,
2251 4293 2590 4367 signaculum
2630 4293 2855 4369 justitize
2899 4293 3043 4369 ﬁdei,
3084 4310 3205 4369 qttaa
3245 4303 3329 4348 est
3356 4295 3406 4347 in
3438 4307 3575 4363 prm-

1970 4366 2141 4433 putio,
2182 4369 2348 4439 utsit
2376 4378 2531 4439 pater
2574 4366 2813 4423 omnium
2855 4366 3191 4422 credentium
3221 4379 3333 4439 per
3357 4380 3575 4439 praepu-

1970 4439 2124 4509 tium,
2161 4445 2218 4492 ut
2250 4435 2546 4507 imputetur
2570 4440 2650 4495 eis
2671 4439 2898 4509 justitia.
2931 4448 2985 4494 et
3013 4438 3081 4493 sit
3108 4435 3577 4509 patércircumcif

249 4504 534 4597 entancnm
574 4504 825 4597 iaciebat,
852 4504 921 4570 ac
950 4514 994 4569 si
1025 4504 1263 4569 diceret:
1292 4512 1417 4570 dum
1445 4513 1860 4585 qumrebathos—
1886 4535 1943 4597 ι)
1970 4507 2164 4597 Bionis,
2189 4524 2298 4591 non
2323 4504 2389 4565 iis
2412 4520 2646 4597 tantum.
2673 4504 2912 4597 quisu‘nt
2932 4524 2997 4593 ex
3019 4504 3578 4597 circumcisioneﬁed

250 4589 390 4654 tiam,
423 4605 486 4643 se
505 4587 837 4657 requirebat.

318 4660 552 4715 Ibidem.
586 4656 673 4731 Ad
708 4656 869 4731 hujus
908 4673 1037 4731 ergo
1078 4673 1361 4731 personant
1405 4656 1600 4731 Christi
1640 4660 1861 4731 refertur

247 4732 535 4786 verecunda
567 4727 825 4795 nativitas,
851 4727 1110 4784 elc.’Non
1145 4727 1478 4795 dubitabam,
1511 4730 1637 4799 quin
1669 4727 1856 4800 legen-

250 4808 370 4858 i'utn
398 4811 555 4859 esset
583 4800 876 4855 veneranda
901 4800 1177 4855 nativitas:
1205 4801 1557 4855 verecundari
1587 4801 1729 4855 enim
1749 4815 1855 4857 nan

251 4874 424 4930 decuit
454 4917 469 4940 ,
504 4888 685 4944 neque
720 4871 943 4941 pudere,
974 4873 1064 4927 ubi
1098 4872 1149 4926 in
1177 4878 1447 4944 conceptu
1476 4880 1532 4944 et
1558 4880 1714 4944 partu
1746 4885 1859 4929 Iur-

252 4946 433 5017 pitudo
462 4942 637 5010 nulla,
670 4943 836 5017 immo
857 4957 984 5012 spes
1016 4942 1723 5017 redemptionisadimpleta
1750 4953 1852 5017 est.

252 5013 312 5072 λι
350 5019 630 5088 vulgatam
681 5014 967 5088 lectionem
1016 5013 1583 5088 prohatoValesiusad
1615 5015 1858 5070 Ammia-

252 5107 396 5157 nuin,
428 5085 529 5143 lib.
563 5102 677 5150 xtv,
706 5099 825 5157 cap.
854 5086 908 5147 6,
930 5100 993 5139 ex
1017 5086 1437 5157 codemloco,et
1466 5085 1561 5142 lib.
1595 5101 1713 5150 χχι,
1743 5102 1861 5157 cap.

264 5163 328 5216 16
352 5155 389 5215 :i
408 5161 466 5215 Η
472 5160 590 5214 arci
608 5157 752 5231 illius
771 5155 1062 5225 dissimilis,
1086 5156 1347 5231 Principis
1367 5157 1663 5220 verecundi.
1695 5164 1751 5231 et
1773 5155 1867 5216 lib.

254 5247 377 5297 xxx,
406 5248 539 5301 cap.
556 5231 611 5297 8,
637 5228 704 5283 de
725 5227 1064 5301 Artaxerxe:
1094 5227 1467 5299 Temperantia
1487 5245 1687 5286 morum
1707 5229 1780 5283 ita
1797 5240 1879 5284 to-

256 5299 523 5359 lerabilem
546 5318 663 5357 eum
687 5299 828 5371 fecit,
859 5310 905 5352 et
928 5301 1287 5356 uerecundum
1308 5318 1329 5367 ;
1351 5301 1528 5373 itaque
1556 5301 1878 5358 electionem

249 5373 433 5430 lectori
463 5374 630 5430 facio.
1688 5400 1697 5408 -

320 5449 552 5505 Ibidem.
575 5447 685 5504 Sed
710 5444 981 5518 virginalis
1006 5447 1152 5518 uteri;
1171 5445 1293 5499 aula
1314 5447 1574 5510 secretior,
1589 5453 1727 5518 etc;
1755 5461 1877 5518 quae

256 5524 456 5578 intacta
511 5519 666 5584 viro;
714 5514 863 5583 nam,
902 5518 1002 5573 etsi
1042 5518 1095 5572 in
1136 5516 1320 5571 Isaaco
1349 5526 1507 5588 typus
1555 5517 1626 5572 sit
1652 5514 1876 5582 Christi,

276 5591 583 5649 differentia
613 5598 794 5645 tamen
822 5588 1054 5643 maxima
1082 5589 1223 5643 inter
1239 5589 1876 5659 utriusquecohccptum,

282 5665 422 5736 quod
456 5662 836 5736 illenatnrali,
876 5661 965 5716 hic
995 5660 1390 5731 supernaturali
1419 5670 1472 5714 et
1505 5658 1689 5715 divino
1712 5658 1883 5716 modo

268 5734 666 5808 processerit._
730 5807 733 5808 ν
826 5806 835 5808 _
909 5805 918 5808 _
1000 5804 1028 5808 __
1221 5742 1250 5808 _‘

341 5809 577 5865 Ibidem.
628 5804 735 5860 Sed
785 5804 1055 5880 virginalis
1100 5805 1231 5858 uteri
1272 5804 1393 5858 aula
1434 5803 1670 5859 secretior
1722 5802 1884 5860 divini

1967 4590 2023 4651 et
2052 4578 2120 4633 iis
2167 4581 2256 4647 qui
2288 4589 2568 4638 sectantur
2593 4578 2820 4651 vestigia
2844 4579 2991 4644 Ildei,
3020 4595 3147 4651 quae,
3170 4588 3252 4632 est
3283 4579 3335 4651 in
3366 4592 3579 4651 prcipu:-

1968 4649 2043 4774 {in
2085 4651 2253 4720 patris
2285 4654 2455 4707 nostri
2486 4647 2778 4719 Abraham,
2812 4659 2871 4705 ut
2908 4647 3067 4707 docet
3089 4650 3255 4706 Divus
3285 4647 3482 4706 Paulus
3511 4647 3582 4703 ad

2017 4736 2126 4774 om.
2162 4736 2281 4774 can.
2305 4739 2377 4774 ιν.

1990 4724 2126 4775 tom.
2162 4736 2281 4791 cap.
2304 4739 2377 4780 tv.

2044 4792 2269 4847 Ibidem.
2303 4794 2428 4849 Non
2460 4795 2610 4849 illum
2635 4810 2875 4850 accessus
2903 4794 3152 4864 infecerat
3177 4792 3582 4864 urbium,cujus

1967 4864 2289 4936 conversatio
2313 4868 2417 4934 lete,
2447 4875 2551 4921 etc.
2582 4866 2801 4921 Plenius
2833 4869 2884 4921 in
2908 4862 3038 4930 ms.,
3062 4865 3309 4936 infecerat
3335 4862 3537 4917 urbium
3559 4878 3579 4916 :

1967 4950 2073 5010 non
2097 4935 2274 5010 habuit
2294 4939 2486 5010 legent,
2520 4940 2669 5007 cujus
2687 4938 3007 4992 conversatio
3031 4935 3141 5010 fleat,
3162 4942 3270 5010 etc.

2040 5005 2174 5077 Pag.
2208 5005 2700 5081 I84fltefrigerate
2743 5024 2853 5073 eos,
2900 5006 3217 5081 inquit,_sub
3261 5007 3358 5081 ista
3402 5006 3586 5081 arbore

1983 5076 2194 5150 magna,
2223 5089 2327 5135 etc.
2362 5076 2686 5135 Habitabant
2710 5081 2852 5135 enim
2907 5076 3203 5150 antiquitus
3232 5076 3334 5132 sub
3377 5076 3587 5132 arbori-

1986 5148 2107 5217 bus,
2133 5151 2558 5226 -Etymologicon
2591 5160 2647 5206 et
2686 5151 2884 5226 Suidas
2915 5153 2966 5206 in
2999 5149 3321 5226 δενδρυὰζειν
3356 5164 3587 5226 quorum

1985 5222 2364 5297 tegmine‘arte
2403 5223 2580 5294 aliqua
2621 5222 3234 5297 accedente,_arpebant
3288 5222 3487 5297 imbres
3529 5228 3588 5275 et

1984 5290 2129 5366 aeris
2172 5293 2415 5363 injurias,
2458 5290 2754 5366 quercnum
2798 5290 3099 5366 praecipue,
3134 5308 3364 5365 quorum
3408 5290 3585 5346 l‘ructu

1983 5364 2143 5420 etiam
2190 5364 2495 5422 alebantur.
2542 5364 3010 5439 JuvenalXSstyr.
3047 5368 3080 5421 6
3114 5383 3128 5419 :

2203 5444 2445 5498 Glandetn
2467 5453 2692 5499 ructante
2715 5448 2908 5497 marito.

1984 5516 2184 5576 Ibidem
2205 5536 2219 5574 :

2089 5599 2398 5712 i:ylvetilsngem
2424 5598 2651 5650 Montana
2675 5599 2858 5651 Torum
2883 5611 2992 5649 cum
3010 5601 3262 5646 sterneret
3279 5603 3406 5643 uxor

2131 5676 2216 5712 ron
2254 5676 2266 5710 ι
2305 5675 2380 5712 us.

2131 5675 2331 5713 I‘OIIGIDII
2338 5675 2380 5712 Β.

2074 5733 2135 5790 Ει
2156 5734 2732 5808 signanterAhrabami
2750 5734 2911 5808 arbor
2922 5747 3152 5805 quercus
3180 5729 3297 5787 fuit.
3321 5727 3458 5786 Cen.
3477 5742 3599 5796 cap.

2012 5821 2139 5861 xvtu
2169 5825 2181 5860 :
2208 5805 2307 5862 ’Λα
2334 5822 2573 5876 quercum
2616 5805 2866 5861 Humbre.
