3902 6324
126 352 208 406 577
1155 418 1166 437 ι
1499 351 1697 408 anno

1812 347 2048 408 .‘IONES.

3275 351 3400 407 ’578

126 477 167 522 ut
193 482 347 535 aquas
381 479 704 536 magnopere
732 473 988 536 expetere
1014 459 1123 520 illis
1167 467 1237 521 sit
1267 481 1509 522 necesse.
1549 468 1691 536 ρης.-
1721 475 1772 534 Α
1797 467 2029 521 condam
2081 480 2239 532 quam
2282 478 2513 536 aisacro
2562 464 2753 520 Fonte.
2817 462 3062 520 Christus
3106 465 3233 522 dum
3266 467 3402 524 dixit

122 541 269 593 drabit
293 537 545 592 nimirum
571 537 794 601 homini,
819 539 909 606 qui
938 537 1122 592 illuvie
1145 548 1489 607 peccatorum
1517 540 1696 607 squal-

123 611 244 672 lido,
272 625 392 662 cum
445 610 679 664 animam
710 624 862 663 suam
893 624 1163 664 venenosa
1201 611 1322 666 labe
1378 618 1539 678 atque
1579 625 1696 665 ser-

122 691 258 751 pente
297 681 579 743 iniecerit,
619 679 829 736 cmlesti
876 681 1095 736 numine
1133 691 1305 735 tactus
1331 723 1346 742 .
1396 682 1462 735 ad
1495 683 1695 736 fontem

123 753 438 821 baptiSmatis
471 761 760 822 properet,
787 763 844 806 ut
870 767 900 805 a
932 753 1242 822 eaptivitate
1271 753 1470 806 diaboli
1503 753 1698 806 libere—

121 836 212 889 tur,
236 833 576 894 peccatorum
611 825 889 878 remissam
925 835 1312 892 consequatur,
1339 823 1572 877 animam
1611 839 1697 878 re-

119 904 318 966 gcueret
341 934 356 956 .
389 895 622 965 accipiat
651 895 984 963 signaculum
1027 903 1270 950 sanctum
1299 903 1460 965 atque
1491 894 1697 966 indelee

119 965 223 1029 bile,
250 981 354 1037 quo
394 982 561 1036 regno
591 967 798 1022 ctelesti
824 966 1141 1022 conciliatus
1162 1007 1178 1032 ,
1219 967 1562 1035 adeptionem
1602 965 1696 1019 Dei

120 1037 348 1108 consequi
382 1048 678 1101 mercatur,
706 1037 1008 1107 cuiusmodi
1037 1038 1277 1093 delincat
1305 1037 1538 1109 Cyrillus
1574 1039 1695 1093 Ilie-

119 1111 260 1164 rosol.
292 1110 344 1164 in
375 1109 669 1165 Prommio.

290 1217 340 1257 IN
370 1217 566 1257 TBAC'I'.
605 1216 808 1257 XXXVIII
839 1218 939 1256 LIB.
971 1217 1030 1269 II,
1062 1219 1129 1257 AD
1154 1216 1458 1258 NBOPIIYTOS
1485 1217 1520 1256 I.

177 1295 294 1366 Pag.
327 1294 454 1350 250.
494 1293 619 1348 Post
656 1293 980 1366 devotissima
1007 1294 1256 1366 completa
1286 1295 1590 1365 expiationis
1613 1312 1696 1348 sa-

118 1384 229 1428 cra,
254 1365 369 1421 etc.
395 1408 408 1428 ,
442 1368 580 1420 Ante
611 1365 934 1434 baptismum
984 1365 1373 1422 Catecltumeni
1427 1382 1695 1436 pracpara-

121 1442 295 1492 ιι;ιιιιιιι·
333 1439 563 1507 jejunio.
605 1437 660 1491 In
693 1437 960 1506 excerptis
1005 1453 1069 1492 ex
1112 1438 1392 1493 Theodoto
1438 1439 1530 1492 fol.
1564 1439 1689 1492 801.

117 1514 170 1582 Α.
209 1513 295 1566 Διά
339 1515 497 1582 τρῦἶο
543 1517 775 1566 auaritia:
800 1551 814 1572 ,
865 1509 1087 1582 δεήσεις,
1137 1512 1298 1582 εὐχαὶ
1359 1510 1690 1582 γονυκλισίαι.

119 1581 424 1652 Tcrtull.de
449 1579 707 1652 Baptism.
738 1596 857 1648 cap.
897 1582 990 1636 Ill:
1026 1579 1693 1652 Ingressuros'buptismum

119 1651 415 1706 orationibus
441 1651 653 1716 crebris,
681 1653 910 1718 ieiuniis,
935 1663 980 1706 et
1010 1652 1490 1722 geniculationibus,
1508 1661 1553 1705 et
1579 1668 1695 1721 per-

115 1725 279 1794 vigiliis
299 1740 450 1778 orare
487 1733 682 1793 aportet
706 1765 722 1788 ,
748 1734 794 1776 et
820 1739 934 1776 cum
949 1725 1268 1790 confessione
1295 1725 1520 1778 omnium
1541 1723 1694 1776 etiam

116 1809 229 1849 retro
257 1796 578 1849 delictorum.
623 1794 755 1849 Hinc
791 1795 1165 1849 destinabatur
1206 1795 1538 1865 baptizandis
1569 1797 1694 1848 sab-

116 1868 272 1919 butum
306 1869 542 1936 primum
573 1877 690 1936 post
729 1865 928 1920 Pascha
972 1875 1092 1934 post
1117 1866 1552 1936 Quadragesima:
1617 1868 1693 1934 ie~
1723 1867 1768 1926 B

112 1937 295 2005 juuium
327 1938 636 2008 expletum,
679 1946 733 1992 et
767 1946 945 1991 actum
983 1939 1313 2005 paenitentia:
1346 1937 1684 1992 exercitium.

115 2009 274 2080 Cyrill.
325 2010 596 2064 IIierosol.
649 2008 703 2064 in
751 2009 1022 2064 Prooemio
1069 2009 1286 2066 Cateclt.
1337 2011 1490 2071 Πολλή
1536 2031 1614 2066 σοι
1659 2017 1690 2072 ἡ

115 2085 807 2160 προθεσμὶαπςσᾳαρᾴκοντα
834 2086 1044 2160 *ἡμερῶν
1069 2086 1337 2160 μετάνοιᾳν
1368 2083 1554 2160 ἔχεις-,ε
1590 2085 1691 2138 Sa-

114 2155 166 2207 tis
195 2156 405 2227 longum
444 2155 598 2209 habes
629 2155 984 2220 intervallum,
1025 2155 1140 2209 cum
1170 2158 1462 2227 pwnitcntia
1492 2155 1690 2209 dierum

115 2225 436 2296 quadraginta
482 2227 575 2280 tibi
619 2227 788 2284 datur.
834 2227 1061 2282 Tertull.
1105 2225 1235 2281 ibid.
1276 2242 1397 2296 cap.
1443 2227 1496 2281 9.
1540 2227 1689 2280 Dicm

113 2296 360 2364 baptismo
379 2297 760 2354 solemuiorem
782 2298 985 2353 Pascha
1002 2306 1240 2368 praestat.
1261 2297 1395 2353 Vide
1410 2296 1592 2352 Canon
1621 2299 1692 2353 45

114 2379 158 2446 et
183 2369 244 2424 -ιθ
285 2369 652 2446 Laodicenos.
697 2372 768 2428 De
779 2370 1134 2446 confessione
1173 2382 1365 2446 autem
1393 2379 1518 2446 ante
1564 2371 1693 2441 hap-

114 2442 309 2513 tismum
343 2443 470 2498 vide
495 2442 744 2498 eumdem
767 2442 1049 2513 Cyrillum,
1080 2442 1302 2497 Catech.
1334 2443 1390 2505 5,
1423 2443 1506 2496 18.

173 2511 392 2568 Ibidem.
433 2513 560 2568 Post
585 2511 887 2568 clarissima
921 2515 1083 2567 noctis
1107 2531 1199 2567 suo
1225 2513 1350 2568 Sole
1377 2554 1390 2577 ,
1429 2522 1536 2567 etc.
1566 2511 1694 2567 Sole

109 2581 312 2650 iustitia:
339 2585 564 2641 Christo
594 2595 966 2654 pernoctante,
995 2596 1048 2638 et
1077 2584 1372 2639 divinitatis
1402 2583 1692 2653 splendore

113 2654 426 2722 illustrante;
457 2657 743 2726 vigilabant
768 2659 912 2712 enim
933 2697 947 2720 ,
983 2665 1040 2708 ut
1073 2656 1430 2726 adstipulatur
1459 2654 1689 2710 Tertull.

109 2726 527 2801 janrcitatnsﬁet
550 2730 822 2801 pervigilia
856 2729 940 2797 pie
982 2729 1034 2780 in
1061 2727 1690 2801 orationeinsumebant,

115 2806 164 2849 ut
183 2799 391 2855 elicitur
422 2816 456 2855 e
479 2799 724 2856 Concilio
747 2800 1078 2855 Elibcritauo
1104 2815 1224 2867 cap.
1259 2799 1348 2854 55.

170 2869 392 2926 Ibidem.
439 2870 566 2926 Post
596 2873 745 2927 lactei
773 2873 928 2942 fontis
958 2872 1161 2942 lavacro
1199 2869 1348 2942 vitali
1368 2911 1382 2934 ,
1419 2879 1549 2933 etc.,
1582 2869 1694 2942 lac-

114 2949 238 2996 teum
264 2942 401 2998 dicit
437 2945 702 2998 nativitati
735 2940 885 2998 nova:
913 2941 1242 2997 conveniens
1269 2983 1286 3008 ,
1326 2940 1561 2996 futurum
1598 2941 1696 2995 ali-

111 3020 337 3068 mentum
357 3013 428 3068 ad
461 3015 938 3070 immortalitatem.

171 3084 398 3141 Ibidem.
441 3084 527 3141 Ea:
566 3103 666 3156 quo
706 3087 793 3157 qui
838 3086 994 3140 eratis
1033 3093 1178 3140 letale
1207 3085 1433 3157 diversi,
1475 3094 1581 3141 etc.
1631 3085 1692 3139 D.

111 3153 312 3222 Paulus,
346 3173 360 3211 l
393 3159 459 3211 ad
487 3153 733 3214 Corinth.
766 3172 817 3214 c.
851 3172 947 3223 XII,
978 3155 1251 3210 num..l%.

175 3228 288 3310 Pag.
324 3229 460 3320 iit.
491 3229 880 3320 Lutto‘celebrat
919 3228 1186 3320 columbi?)
1220 3228 1558 3320 Mamilium.)
1597 3227 1692 3320 dat
1719 3257 1764 3320 Ο

111 3297 338 3374 Justinus
364 3300 586 3374 Martyr.
627 3303 943 3374 Apolog._n_,
975 3299 1312 3374 ρὲςΑΕιειηω
1340 3299 1568 3374 Tertull.
1597 3302 1692 3374 adf
1720 3297 1764 3320 υ

112 3385 238 3443 fers.
280 3369 571 3428 διατελῇ),
619 3369 826 3443 ιναψζ
867 3370 960 3443 54,
993 3370 1118 3443 558.
1162 3369 1309 3443 Cret
1338 3369 1529 3437 Jobus,
1553 3371 1695 3442 apud

111 3441 346 3500 Photium
373 3485 390 3509 ,
439 3445 586 3510 595,
631 3442 724 3500 45.
773 3441 855 3499 λιι
901 3441 1004 3497 hoc
1032 3442 1176 3498 enim
1223 3442 1370 3498 ducit
1401 3447 1698 3498 necessitas

110 3516 292 3582 gaudii,
327 3526 387 3571 et
424 3515 713 3585 gratulatio
738 3515 927 3572 salutis
949 3556 964 3582 ,
991 3521 1050 3567 ut
1078 3514 1152 3567 ait
1179 3511 1433 3582 Tcrtull.,
1466 3515 1531 3570 de
1563 3513 1698 3586 Bap-

113 3587 255 3639 IlSttIO
281 3603 409 3657 cap.
436 3588 646 3642 ultimo.

171 3656 393 3714 lbidem.
431 3659 878 3713 Nutrimcntorum
909 3657 1194 3725 lenocinio,
1238 3656 1290 3712 id
1333 3666 1417 3712 est
1456 3656 1696 3712 ciborum

111 3731 365 3802 varietate
391 3731 724 3802 ganeonibus
750 3731 1006 3799 expetita.

170 3799 415 3858 Ibidem:
445 3801 699 3858 Obrutam
740 3811 911 3872 pectus
960 3817 1094 3871 stupe
1139 3801 1312 3855 crudis
1344 3810 1495 3872 atque
1536 3800 1700 3872 acidis

112 3875 367 3929 conatibus
405 3876 700 3946 inurgetur,
743 3871 850 3930 etc.
887 3873 1080 3928 Pectus
1109 3873 1357 3946 obruitur
1382 3871 1415 3938 ,’
1437 3888 1560 3927 cum
1594 3871 1699 3926 cibi

114 3957 289 4015 COI‘pUs
329 3945 636 4015 superent,
681 3961 854 4016 neque
883 3960 914 4000 a
945 3959 1174 4013 corpore
1214 3945 1318 4016 cibi
1350 3954 1699 4016 superantur,

115 4013 250 4094 ut_:itt
277 4013 680 4094 Hypppcrates,
700 4013 1007 4094 uspiam-rma
1032 4024 1133 4071 τῶν
1152 4013 1562 4094 ηᾳέἆξθθρωπον.
1591 4014 1698 4094 Cy-

114 4086 344 4160 prianus,
367 4086 540 4160 epist.
569 4089 675 4145 ϐάς
704 4086 869 4160 (inanis
890 4100 1038 4158 atque
1063 4087 1229 4156 epulis
1258 4086 1410 4160 etiam
1453 4103 1586 4160 nunc
1623 4086 1702 4140 in-

113 4157 237 4232 hiant
261 4204 274 4228 ,
303 4157 532 4232 quorum
562 4159 830 4232 crapulam
871 4157 1032 4232 nuper
1061 4159 1334 4232 superstite
1368 4159 1420 4212 in
1451 4158 1559 4232 dies
1585 4175 1702 4212 cru-

112 4229 248 4301 ditate
283 4229 581 4287 ructabant.
619 4231 897 4301 Inurgetur
939 4229 1120 4286 autem
1153 4229 1328 4294 dicit,
1358 4230 1501 4301 quod
1534 4232 1702 4301 vomi-

115 4299 270 4358 tiones
315 4313 708 4374 provocarent.
754 4299 968 4360 Seneca
1005 4299 1390 4357 Consolation.
1423 4300 1490 4354 ad
1541 4300 1698 4374 llelu.

111 4388 215 4442 cap.
247 4371 591 4442 9:'l"omunt,
621 4384 675 4428 ut
698 4375 889 4440 edant;
913 4374 1092 4439 edunt,
1118 4382 1170 4427 ut
1200 4381 1426 4438 vomant,
1449 4381 1494 4427 et
1523 4371 1703 4444 epulas

112 4461 219 4511 quas
253 4457 358 4502 toto
411 4447 535 4501 orbe
569 4447 876 4516 conquirunt
897 4487 928 4516 ,γ
944 4461 1033 4499 nec
1064 4461 1376 4514 concoquere
1400 4444 1698 4515 dignantur.

112 4518 388 4574 Suetonius
422 4515 748 4583 Vitellio,ic.
788 4515 1326 4586 15zlnjentaculaet
1361 4516 1613 4586 prandia,
1657 4523 1704 4568 et

113 4537 388 4574 DUCIODIIIS
428 4537 668 4583 νιιθιιιο,
697 4537 748 4572 Co
788 4537 971 4572 ιοξιη
1022 4537 1259 4570 cumcum
1279 4537 1326 4570 ει
1361 4537 1577 4586 prauam
1597 4557 1613 4581 ν
1657 4537 1703 4568 ιί

113 4602 260 4644 canas
293 4591 846 4660 commessutionesque
875 4537 1029 4659 facili:
1067 4587 1299 4642 omnibus
1325 4587 1588 4658 sufﬁciens
1618 4601 1705 4640 vo-

116 4659 310 4715 initandi
337 4662 734 4717 consuetudine.
1411 4700 1417 4710 ι

177 4732 397 4789 Ibidem.
426 4733 503 4788 1n
526 4749 626 4800 quo
653 4733 810 4788 ntusti
838 4731 986 4787 vestri
1022 4729 1264 4786 dulcedo.
1297 4731 1356 4786 In
1401 4744 1502 4784 ms.
1528 4729 1581 4783 in
1607 4745 1706 4799 quo

115 4818 202 4853 non
227 4807 382 4860 ntusti
408 4807 564 4860 vestri
591 4804 831 4870 dulcedo,
859 4813 964 4858 etc.

139 4943 148 4952 _
178 4872 396 4932 Ibidem.
414 4875 717 4932 Esuricnter
741 4875 988 4947 accipite,
1019 4884 1124 4931 etc.
1149 4873 1364 4942 Sobric,
1395 4887 1501 4927 non
1529 4871 1598 4928 ad
1623 4888 1709 4928 sa-

119 4955 361 5003 uetatem.

177 5016 398 5076 Ibidem.
436 5018 855 5090 Paterfamilias,
909 5030 1016 5086 etc,
1059 5018 1340 5084 Christus,
1365 5017 1456 5090 qui
1489 5016 1612 5071 vino
1654 5024 1708 5070 et

116 5101 235 5162 pane
261 5106 476 5162 corpus
496 5102 551 5146 et
577 5089 891 5161 sanguinem
919 5106 1075 5146 suum
1109 5089 1495 5145 communicat.

174 5159 395 5218 Ibidem.
433 5161 561 5218 Tres
588 5159 732 5233 pueri
777 5165 1042 5217 unanimes
1079 5162 1338 5234 legumina
1361 5203 1378 5222 ,
1424 5169 1530 5214 etc.
1561 5159 1702 5215 Ana-

116 5229 234 5298 nias,
266 5235 460 5290 Misael
492 5244 547 5290 et
573 5229 812 5290 Azarias.
849 5234 979 5290 Vide
1010 5229 1306 5299 Daniclem,
1341 5245 1461 5302 cap.
1494 5247 1531 5286 ι.

177 5303 394 5377 Ibidem.
451 5305 636 5377 Oleum
687 5303 917 5360 Christus
957 5305 1215 5377 infundit,
1277 5314 1381 5360 etc.
1416 5301 1705 5377 Solebant

116 5376 243 5429 enim
276 5376 578 5455 denudari,
607 5386 664 5433 et
689 5379 810 5455 oleo
838 5375 1162 5455 inopum-rp,
1198 5379 1300 5455 hoc
1324 5384 1408 5455 est
1429 5375 1706 5455 exorcisa-

116 5450 455 5519 toacapillis
511 5449 579 5503 ad
631 5449 796 5519 pedes
826 5447 1081 5519 perungi,
1131 5447 1257 5503 inde
1308 5447 1377 5501 ad
1429 5447 1704 5519 lavacrum

115 5516 348 5586 baptismi
381 5521 605 5576 deduci.
632 5516 838 5576 'Ritutn'
881 5516 1043 5575 docet
1086 5529 1142 5575 et
1191 5519 1425 5587 explicat
1472 5517 1706 5588 Cyrillus

117 5588 401 5660 llierosol.,
428 5589 654 5648 Catcch.
685 5603 911 5665 mystag.
936 5608 996 5659 ιι,
1025 5591 1126 5648 25!
1160 5600 1216 5647 et
1244 5590 1372 5645 252.

309 5730 358 5769 ΙΝ
390 5729 590 5770 τηατ.
625 5729 792 5770 XXXIX
825 5728 926 5769 LIB.
960 5729 994 5768 II
1015 5755 1027 5776 ,
1062 5729 1129 5768 AD
1158 5727 1423 5769 NEOPYTOS
1453 5727 1509 5766 II.

174 5827 293 5900 l‘ag.
327 5831 468 5886 9.55.
515 5829 577 5883 In
629 5833 796 5901 prima
824 5829 1087 5886 natioitate
1115 5829 1409 5901 persistens,
1434 5838 1545 5901 etc.
1594 5826 1708 5882 Pri-

113 5897 834 5978 mam'uativitatem'vvocat,
863 5915 1025 5976 quam
1064 5897 1318 5960 a'utatrc
1359 5897 1584 5971 habuit,
1615 5915 1702 5959 sc-

1732 4650 1786 4709 D

1803 538 2027 593 Joannis
2053 552 2175 608 eap.
2209 553 2283 591 nt:
2317 535 2434 590 Nisi
2462 537 2625 610 renati
2650 537 2854 610 fueritis
2881 553 2945 591 ea:
2969 554 3103 606 aqua
3123 546 3172 592 et
3192 539 3397 610 spiritu,

1803 610 2092 664 Secundam
2121 611 2450 662 nativitatem
2476 608 2746 662 iudicavit.

1873 679 2100 735 Ibidem.
2139 678 2248 734 Fex
2272 680 2477 733 incensa
2505 679 2736 733 omnibus
2764 681 3030 734 momentis
3051 681 3233 744 exurit,
3265 691 3396 743 etc.,

1802 751 2038 822 lugerem
2072 753 2248 819 potius
2276 751 2385 820 fac.
2433 751 2526 806 Sic
2553 750 2878 821 Cyprianus,
2922 752 2988 806 ad
3025 752 3286 806 Donatum
3330 754 3399 808 de

1800 821 1900 878 se:
1939 822 2216 886 Postquam
2245 821 2443 876 cwlitus
2470 823 2654 891 spiritu
2688 823 2870 876 hausto
2908 823 2960 876 in
2990 839 3174 876 novum
3204 841 3280 877 me
3305 826 3397 877 Ito-

1802 896 1989 948 minem
2018 895 2256 947 nativitas
2286 894 2508 947 secundo
2535 895 2808 963 reparavit,
2849 893 3047 949 deinde
3073 895 3225 949 addit
3255 912 3269 948 :
3314 895 3396 948 Vi-

1797 967 1880 1020 tiis
1909 965 2285 1019 adltwrentibus
2315 964 2666 1018 obsecundans
2717 981 2897 1030 erum,
2951 977 2998 1020 et
3044 966 3400 1036 desperatione

1799 1038 2066 1091 meliorum
2108 1036 2259 1090 malis
2292 1037 2415 1090 meis
2457 1036 2589 1090 velut
2614 1038 2838 1107 propriis
2866 1049 2912 1090 et
2945 1038 3229 1092 vernaculis
3259 1042 3397 1107 fave-

1800 1109 1947 1173 bant;
1979 1107 2166 1162 cadent
2198 1109 2424 1178 epistola
2474 1107 2538 1162 ad
2594 1108 2880 1162 Donatum.
2913 1109 3142 1169 Seneca,
3175 1119 3397 1163 coittro-

1799 1195 1942 1234 vers.
1975 1179 2067 1233 lib.
2094 1195 2142 1250 ι,
2175 1181 2209 1234 8
2236 1177 2256 1230 ξ
2285 1177 2387 1232 Ille
2408 1180 2462 1232 in
2484 1195 2575 1250 nos
2597 1180 2892 1233 dominatur
2915 1179 3145 1248 affectus,
3172 1181 3258 1249 qui
3287 1181 3402 1233 ani-

1798 1267 1938 1304 mum
1969 1248 2163 1320 primus
2197 1251 2424 1304 intravit.
2473 1248 2725 1310 Luxuria,
2774 1253 2988 1304 avaritia
3017 1293 3029 1311 ,
3058 1248 3254 1304 desidia
3281 1293 3292 1315 ,
3322 1252 3400 1303 in-

1789 1324 1997 1394 justitia
2023 1363 2036 1384 ,
2081 1323 2232 1375 timor
2259 1339 2359 1374 non
2386 1321 2743 1394 dediscuntur,
2766 1333 2813 1376 et
2840 1322 3066 1394 quotidie
3095 1323 3201 1376 ltwc
3229 1325 3400 1394 omnia

1799 1395 2120 1464 castigantur
2149 1403 2239 1447 aut
2270 1393 2555 1462 puniuntur
2587 1410 2605 1446 .°
2637 1394 2689 1447 in
2731 1402 2927 1447 tantum
2960 1395 3110 1448 etiam
3161 1393 3400 1448 vitiorum

1799 1474 1997 1519 tenaces
2027 1481 2223 1519 sumus.

1872 1536 2094 1592 Ibidem.
2127 1534 2451 1590 Conscientia
2495 1551 2644 1586 suum
2692 1552 2971 1605 numquam
3001 1536 3188 1590 deserit
3223 1553 3401 1604 pecca-

1798 1617 1978 1660 torem.
2009 1607 2236 1672 Seneca,
2265 1609 2423 1673 epist.
2454 1622 2583 1661 xuii
2611 1623 2622 1658 :
2654 1605 2800 1660 Bona
2831 1609 3144 1662 conscientia
3192 1608 3398 1661 turbam

1797 1679 2014 1732 advocat
2035 1720 2050 1743 ,
2081 1680 2220 1732 mala
2247 1681 2397 1732 etiam
2426 1679 2476 1731 in
2507 1678 2783 1732 solitudine
2808 1681 2965 1732 anxia
3004 1690 3156 1750 atque
3180 1681 3402 1733 sollicita

1798 1761 1891 1805 est.

1871 1822 2094 1877 Ibidem.
2141 1821 2248 1876 Sed
2278 1821 2480 1890 fortiter
2509 1822 2786 1876 examinati
2821 1823 2941 1876 estis
2963 1863 2976 1885 ,
3003 1831 3137 1887 etc.,
3169 1831 3397 1876 tractmn

1796 1908 1824 1946 a
1859 1894 2152 1959 militibus,
2185 1897 2272 1962 qui
2307 1894 2473 1947 fortes
2504 1892 2630 1946 dicti
2652 1935 2666 1956 ,
2714 1905 2766 1947 ct
2799 1909 2894 1962 pro
2927 1910 3150 1948 munere
3194 1893 3402 1948 fortiter

1797 1966 1977 2020 facere
2018 1966 2360 2020 tenebantur.
2407 1963 2643 2018 'I‘rebell.
2702 1964 2838 2018 Poll.
2894 1966 3138 2031 Claudio,
3172 1981 3290 2034 cap.
3323 1965 3396 2018 9:

1795 2034 1956 2102 Ipsis,
1985 2038 2071 2106 qui
2098 2038 2453 2104 superfuerant
2476 2077 2489 2096 ,
2523 2037 2725 2106 fortiter
2767 2037 3091 2106 facientibus.
3127 2035 3395 2089 Ammian.

1795 2107 2029 2162 Marcell.
2065 2106 2155 2162 lib.
2202 2123 2333 2169 xvn,
2370 2121 2489 2175 cap.
2517 2107 2550 2161 6
2581 2125 2594 2160 :
2629 2106 2714 2162 Ne
2745 2111 2847 2163 vita
2896 2121 3069 2178 postea
3119 2108 3322 2161 consul.
3353 2117 3399 2159 et

1793 2178 2006 2246 affuisse
2018 2189 2061 2234 et
2077 2179 2275 2248 fortiter
2290 2179 2449 2250 fuisse
2461 2179 2714 2245 firmatur.
2731 2179 3083 2243 Thcmistius,
3097 2189 3234 2233 orat.
3254 2179 3315 2234 9:
3350 2177 3402 2234 'tt

1793 2250 2049 2332 Ῥωμοᾴων
2082 2257 2240 2332 φωνὴ,
2270 2251 2392 2332 uarii
2411 2256 2605 2332 θεσμὸςΔ
2629 2263 2720 2315 τῆς
2731 2256 2990 2316 πολιτείας
3013 2262 3126 2315 τοῖς
3145 2255 3402 2332 στρατίᾳῦ-

1793 2346 1909 2384 rat;
1939 2326 1990 2390 ἐξ
2019 2323 2223 2402 ἀνδρίας
2263 2327 2418 2402 piari;
2448 2323 2540 2402 τςᾶς
2587 2327 2876 2402 insitiuum;
2898 2323 3258 2402 νομᾳθετήσαᾼξ.
3298 2323 3400 2402 lio-

1795 2411 2064 2450 manorum
2096 2397 2235 2449 more
2261 2407 2308 2450 et
2356 2399 2588 2450 instituto
2629 2397 2814 2451 milites
2845 2401 2908 2450 de
2942 2397 3051 2451 s'olu
3092 2397 3401 2465 fortitudine

1795 2467 2153 2535 iudigitantur.
2196 2468 2537 2522 Christianus
2558 2477 2738 2522 autem
2768 2469 3002 2524 militare
3024 2469 3239 2523 dicitur.
3270 2467 3404 2522 Ter-

1798 2538 1915 2608 tull.
1957 2539 2024 2593 ad
2065 2538 2284 2608 Martyr.
2329 2553 2448 2608 cap.
2492 2541 2569 2593 ὃς
2612 2538 2792 2593 Vocati
2823 2557 3002 2594 sumus
3046 2540 3112 2593 ad
3166 2539 3404 2593 militiam

1797 2607 1894 2680 Dei
1912 2610 2029 2663 vivi.
2058 2609 2291 2664 Fortiter
2319 2607 2654 2664 examinatos
2681 2610 2848 2677 dicit,
2878 2611 2929 2665 id
2957 2621 3039 2666 est
3073 2611 3401 2680 tyrocinium

1797 2678 2024 2734 viriliter
2049 2690 2105 2734 et.
2131 2681 2401 2750 inculpate
2438 2682 2777 2749 praestitisse.

1871 2750 2096 2825 Ibidem.
2130 2753 2334 2806 Novum
2355 2753 2547 2825 judicii
2568 2769 2747 2825 genus,
2775 2761 2904 2816 etc.,
2923 2751 2988 2825 id
3013 2751 3278 2821 est.'quod
3303 2751 3404 2806 ali—

1797 2823 1916 2878 cubi
1950 2824 2001 2877 in
2029 2824 2243 2878 diverso
2271 2823 2433 2878 sensu
2465 2823 2678 2878 dixerat
2708 2823 3074 2878 Tcrtulliantts
3094 2866 3108 2888 ,
3139 2825 3398 2894 confessio

1797 2895 2018 2948 nominis
2060 2911 2161 2948 non
2188 2896 2497 2949 examinatio
2521 2896 2768 2950 criminis.
2807 2895 3139 2960 Absolvitur,
3183 2896 3228 2950 si
3259 2895 3399 2949 l'atc-

1799 2975 1884 3020 tur
1910 2980 1969 3020 se
1998 2966 2240 3036 impium,
2274 2981 2332 3019 se
2363 2983 2544 3030 rcutn;
2585 2981 2844 3021 excusare
2870 2977 3046 3022 autem
3081 2983 3189 3023 non
3214 2965 3401 3036 debet,

1799 3037 1941 3107 quod
1975 3037 2275 3108 abominari
2309 3046 2364 3092 et
2391 3038 2644 3108 abjurarc
2685 3037 2866 3094 debet.

1809 3144 1821 3154 -
1873 3109 1998 3180 Pag.
2042 3108 2167 3164 254.
2215 3107 2401 3163 Puniri
2461 3107 2737 3177 festinant,
2789 3119 2893 3165 etc.
2951 3110 3112 3166 Pmna
3185 3109 3403 3166 innoxia

1802 3181 2070 3248 baptismi.
2107 3181 2306 3236 Alludit
2334 3182 2401 3233 ad
2433 3180 2514 3246 id,
2547 3182 2688 3251 quod
2724 3197 2816 3250 per
2840 3181 3166 3247 baptismum
3201 3183 3401 3236 moria-

2477 3254 2649 3322 pergit
2690 3253 2758 3308 de
2785 3253 2997 3321 gladio,
3030 3253 3098 3306 de
3145 3253 3403 3308 interfec-

1805 3325 1979 3392 tionc,
2007 3334 2060 3378 et
2088 3325 2154 3378 de
2185 3324 2438 3378 elementi
2467 3325 2605 3378 Sacri
2635 3326 2864 3395 gurgitis
2895 3326 3192 3394 sepultura.

2111 3455 2162 3493 IN
2191 3453 2388 3494 TIMCT.
2434 3455 2522 3502 η,
2568 3454 2640 3495 ΑΙ)
2665 3454 2978 3495 Νεοριιγτοε
3007 3455 3084 3495 III.

1875 3534 2000 3603 Pag.
2041 3532 2169 3589 235.
2213 3532 2313 3586 Pin
2341 3534 2605 3588 sanctione
2630 3575 2644 3600 ,
2680 3543 2731 3587 ut
2760 3535 2907 3588 aiunt
2930 3577 2944 3598 ,
2981 3535 3150 3589 claves
3178 3551 3291 3590 vere
3311 3553 3405 3591 au-

1800 3621 1914 3660 reas
1945 3605 2111 3669 misit,
2145 3615 2250 3660 ctc.
2277 3605 2434 3678 Illud.
2461 3617 2514 3659 ut
2537 3606 2705 3672 aiunt,
2735 3607 2874 3662 solet
2901 3607 2967 3661 de
3005 3607 3154 3662 dicto
3175 3609 3402 3678 vulgari,

1800 3686 1856 3730 ct
1877 3684 2147 3746 tamquam
2173 3677 2497 3749 proverbio;
2532 3687 2582 3730 at
2613 3678 2752 3746 apud
2786 3678 3110 3749 adagioi'um
3147 3677 3407 3736 collecto~

1802 3763 1890 3803 res
1918 3749 2200 3817 qu:esilutn
2235 3748 2476 3819 reperire
2507 3765 2611 3802 non
2639 3750 2808 3818 potui,
2839 3748 2908 3804 uti
2925 3753 3092 3818 possit
3118 3752 3407 3807 commodo

1801 3821 2059 3892 expungi.
2096 3820 2274 3876 Aurea
2327 3820 2506 3883 dicta,
2538 3835 2892 3892 quacumque
2947 3821 3000 3876 in
3054 3823 3404 3892 prctio,jam

1802 3891 2024 3957 scimus,
2052 3901 2104 3946 et
2127 3892 2296 4018 leniit
2325 3892 2552 3946 Martial.
2585 3891 2650 3945 ad
2673 3895 2911 3947 carmina
2945 3891 3405 3964 l‘ythagorie.’Sic

1803 3963 2009 4018 claves.
2040 3963 2108 4017 de
2139 3965 2226 4018 uui
2273 3978 2332 4017 us
2363 3963 2450 4017 hic
2481 3963 2627 4018 Zeno
2657 3964 2765 4018 aeit
2786 4006 2800 4018 .
2837 3966 3023 4018 urocul
3048 3965 3214 4018 dubio
3237 3981 3405 4018 uitau-

1803 3963 2009 4036 claves,
2040 3963 2344 4036 derquibusi
2363 3963 2450 4017 hic
2481 3963 2627 4018 Zeno
2657 3964 2800 4033 agit,
2837 3963 3023 4036 procul
3048 3963 3214 4019 dubio
3237 3981 3406 4036 quau-

1806 4035 1928 4090 tivis
1972 4034 2130 4105 pretii
2159 4043 2216 4090 et
2235 4035 2607 4090 :estimationis
2636 4043 2782 4100 sunt,
2811 4035 3008 4106 quippe
3033 4037 3230 4107 quibus
3254 4034 3402 4092 'cueli

1799 4107 1959 4177 jantta
1995 4116 2288 4161 reseretur.
2327 4107 2452 4160 Data
2486 4121 2718 4172 namque
2741 4122 2835 4176 per
2861 4123 2953 4161 eas
2985 4108 3056 4177 lig
3077 4108 3185 4162 indi
3217 4117 3271 4162 et
3298 4111 3405 4162 sol-

1805 4177 1966 4234 vendi
1994 4179 2200 4232 animas
2242 4187 2480 4246 potestas
2525 4177 2788 4234 ministris
2839 4179 3094 4233 Ecclesiae
3135 4189 3247 4234 tum
3279 4195 3404 4249 pec-

1805 4251 2052 4306 cantibus
2104 4259 2223 4317 post
2271 4249 2628 4319 baptismum.
2684 4257 2739 4304 et
2793 4251 3182 4320 paenitentibus
3227 4268 3239 4304 :
3292 4262 3402 4305 tum

1806 4321 2207 4388 cmergeutibus
2229 4321 2295 4376 ad
2326 4322 2647 4390 baptismum
2680 4337 2744 4392 ex
2792 4331 2936 4376 secta
2981 4321 3143 4392 impia
3174 4364 3186 4379 .
3213 4331 3268 4379 et
3306 4339 3400 4377 no-

1807 4409 1928 4449 men
1959 4391 2180 4448 Christo
2217 4393 2500 4459 dantibus,
2550 4404 2602 4446 ut
2647 4391 2777 4446 nihil
2820 4395 2996 4448 minus
3025 4391 3185 4464 quam
3227 4410 3407 4450 aurea:

1806 4465 1910 4519 dici
1946 4465 2190 4534 possint,
2223 4479 2341 4535 quae
2371 4474 2573 4517 tantum
2603 4473 2859 4534 prmstare
2889 4467 3096 4533 possint
3121 4507 3135 4532 ,
3165 4473 3222 4520 ut
3251 4466 3408 4521 adsc-

1809 4546 1928 4590 rant
1953 4551 2048 4589 nos
2061 4536 2184 4609 pet)
2205 4535 2707 4609 ,_volentes_tamen
2740 4536 2793 4588 in
2818 4536 3082 4592 mandatis
3106 4536 3226 4608 ejus
3256 4553 3402 4609 pers-

1814 4617 1950 4671 tare,
1977 4605 2250 4676 etChristi
2277 4605 2554 4676 sanguinis
2579 4605 2810 4660 fructum
2840 4609 3090 4662 emereri.

1883 4678 2106 4733 Ibidem.
2152 4675 2275 4732 Non
2318 4675 2435 4731 illas
2454 4718 2483 4749 ,Α
2511 4693 2626 4748 qua:
2661 4677 2894 4749 maligno
2922 4678 3162 4749 beneﬁcio
3189 4681 3408 4736 crimina

1809 4751 2092 4821 excipiunt,
2125 4758 2257 4821 etc.,
2290 4763 2409 4821 qua:
2438 4747 2774 4806 abscondunt
2796 4747 2960 4821 ’reum
2991 4791 3004 4815 ,
3046 4747 3117 4806 'ut
3168 4752 3410 4807 animad-

1811 4820 2045 4876 verSioui
2105 4820 2490 4888 subtrahatur,
2543 4821 2689 4890 quod
2737 4820 3026 4892 malignum
3083 4823 3406 4879 beneﬁcium

1811 4909 1940 4948 γοοει
1950 4903 1987 4947 Ι..

1883 4963 2105 5020 Ibidem.
2149 4961 2358 5018 Nostra!
2386 4963 2656 5018 acervatim
2681 4964 2981 5025 absolvunt.
3011 4974 3142 5030 etc.,
3181 4981 3211 5020 a
3237 4981 3410 5036 quan-

1813 5045 2097 5106 tocumque
2116 5037 2333 5090 cumulo
2346 5047 2708 5106 peccatorum.
2725 5037 2897 5105 Supra
2926 5037 2983 5093 le
3002 5039 3205 5104 psalmo
3223 5053 3409 5106 Lxxtx,

1813 5121 1958 5182 nunc
1990 5105 2143 5161 tract.
2173 5121 2322 5182 xsvn
2350 5105 2367 5160 ξ
2400 5105 2587 5161 Omnia
2614 5108 2824 5162 omnino
2852 5119 3058 5179 peccata
3105 5105 3412 5182 baptismate

1812 5179 2043 5251 Spiritus
2074 5180 2238 5251 sancti
2267 5179 2438 5251 vigore
2466 5187 2820 5251 amputantur.

1883 5249 2105 5305 Ibidem.
2140 5247 2250 5304 Nec
2277 5247 2476 5320 aliquid
2504 5247 2748 5304 subsecivi
2780 5267 2888 5305 esse
2916 5254 3203 5320 patiuntur,
3247 5253 3296 5308 id
3330 5263 3415 5310 est

1811 5322 1886 5376 nil
1919 5321 2228 5392 relinquunt
2258 5322 2617 5378 inabsolutum
2636 5362 2651 5387 ,
2685 5322 2816 5377 nihil
2838 5333 2988 5379 extra
3013 5325 3223 5379 clusum
3246 5366 3261 5389 ,
3290 5341 3413 5380 om-

1813 5395 1900 5449 nia
1931 5393 2124 5447 delicta
2165 5392 2324 5461 hujus
2351 5394 2688 5449 Sacramenti
2719 5395 2890 5464 gratia
2921 5395 3118 5451 deleta.
3155 5396 3411 5452 Subsecio

1816 5480 1937 5519 vum
1969 5473 2072 5530 est,
2105 5463 2362 5536 quidquid
2393 5464 2461 5518 de
2484 5463 3094 5537 extremitateﬂpertica:
3143 5477 3410 5537 superest,

1815 5537 2018 5592 dictum
2063 5551 2103 5608 a7
2140 5537 2464 5608 subsecante
2493 5536 2679 5608 linea,
2720 5537 2793 5591 ait
2836 5536 3126 5593 Frontimts
3167 5536 3234 5592 de
3263 5553 3417 5608 agro-

1815 5624 1935 5663 rum
1985 5607 2172 5677 qualit.
2222 5606 2314 5664 49.
2360 5607 2620 5680 Solebant
2669 5612 3070 5680 agrimensores
3113 5625 3271 5680 agros
3309 5606 3415 5680 per

1815 5681 2087 5734 centurias
2131 5680 2522 5750 quadrilateras
2557 5678 2798 5735 dividere
2823 5721 2838 5746 ,
2881 5679 3025 5748 quod
3056 5678 3236 5736 autem
3261 5678 3413 5735 extra

1814 5751 2156 5821 quadratum,
2185 5751 2328 5805 etde
2356 5751 2692 5805 extremitate
2735 5751 2950 5820 perticae
2973 5753 3210 5807 excurrit
3235 5793 3250 5817 ,
3282 5751 3411 5806 illttd

1817 5823 2156 5879 subsecivum
2206 5824 2408 5879 dicere.
2448 5822 2702 5877 Centurio
2747 5831 2832 5877 est
2882 5838 3009 5892 ager
3055 5823 3412 5880 ducentorum

1814 5895 2063 5968 iugerum
2083 5935 2098 5965 ,
2129 5894 2220 5966 qui
2245 5895 2386 5966 apud
2409 5895 2660 5964 antiquos
2683 5908 2805 5951 cum
2845 5902 3063 5952 centum
3107 5895 3418 5958 hominibus
