3798 6322
92 306 190 362 {illi

1075 300 1163 358 DE
1202 300 1633 358 SERllONIBliS
1670 302 1913 358 SANC’I‘I
1963 304 2277 362 ZFNthIS.

3265 310 3371 366 602

94 426 204 481 noti
252 422 417 478 luere.
457 420 511 475 In
561 420 893 476 monasterio
938 435 1164 489 namque
1205 418 1265 472 S.
1300 417 1526 488 Remigii
1561 419 1665 473 lte-
1696 421 1749 483 Α
1777 422 1961 475 neusis
1988 464 2002 485 ,
2033 426 2175 493 quod
2205 426 2344 479 inter
2372 426 2521 495 ipsos
2546 427 2789 482 nonnulli
2819 442 3099 485 sermones
3125 428 3193 483 de
3225 429 3375 485 Psal-

87 517 317 583 mensis,
350 524 404 570 ttt
443 523 669 571 testatur
697 512 918 569 Ruiuart
950 513 1003 568 in
1035 513 1166 567 actis
1195 512 1253 565 8.
1286 512 1501 568 Arcadii
1530 513 1667 568 Mar-

88 608 241 679 tyris,
271 608 488 663 habetur
512 605 681 661 codex
714 606 1131 676 mattuscriptus,
1151 620 1297 675 quem
1324 604 1510 658 seculo
1532 622 1666 660 nono

88 704 208 757 lusit:
240 702 546 757 Monasterio
598 699 912 754 "inornatus
945 699 1217 754 Remorum
1250 695 1495 767 Pontifex
1539 716 1666 752 eon-

85 797 231 849 eessit
251 836 268 861 ,
301 796 348 849 in
376 809 480 865 quo
519 792 867 847 continentur
894 789 1163 845 Tractatus
1206 789 1271 844 S.
1302 786 1523 843 Zenonis
1567 788 1663 843 Ve-

87 889 316 942 ronensis
346 885 580 958 Episwpi
610 886 665 939 in
694 884 827 939 duos
875 884 1032 938 libros
1061 882 1240 947 divisi,
1270 883 1425 936 iidem
1458 882 1665 936 cumino

82 980 170 1048 qui
194 980 248 1033 ia
277 978 583 1032 Bibliotheca
616 974 833 1031 Patrum
860 975 982 1029 editi
1009 985 1147 1028 sunt.
1181 973 1333 1041 Quod
1365 982 1661 1039 testantur,

81 1080 133 1127 et
162 1072 405 1127 monachi
435 1070 489 1127 8.
523 1070 689 1125 Mauri
734 1070 785 1125 in
832 1067 1119 1124 Parisiensi
1143 1066 1399 1138 ‘editione
1439 1080 1664 1136 operum

81 1152 353 1220 Sfliilarii
389 1165 510 1219 anni
544 1163 686 1221 1695
711 1163 767 1218 in
807 1163 1176 1219 admonitione
1221 1170 1345 1217 ante
1393 1161 1660 1216 Psalmunt

78 1275 256 1317 CXXVI.

146 1353 402 1409 Servatur
421 1352 580 1408 etiam
607 1351 659 1405 in
684 1351 786 1405 hoc
810 1348 1061 1404 Archivio
1086 1348 1661 1404 reverendissimornm

79 1447 455 1502 canonicorutn
502 1445 663 1515 hujus
697 1443 1039 1499 Catltedralis
1084 1442 1428 1513 supradictus
1474 1455 1664 1496 manu-

79 1540 309 1607 snriptus
333 1538 500 1594 codex
534 1538 932 1608 pergamiueus.
962 1537 1015 1591 in
1047 1551 1156 1607 quo
1194 1544 1378 1590 extant
1405 1541 1664 1589 tractatus

76 1628 131 1685 8.
158 1630 389 1684 Zenonis
413 1630 744 1687 Veronensis
789 1629 1030 1699 episcopi
1060 1670 1074 1693 ,
1104 1636 1160 1682 et
1203 1627 1300 1697 ipsi
1346 1627 1398 1682 in
1430 1628 1566 1681 duos
1594 1626 1660 1681 li-

79 1723 201 1777 bros
225 1724 444 1795 digesti,
478 1722 749 1796 iidemque
772 1737 1052 1778 sermones
1076 1731 1232 1787 sunt,
1264 1721 1354 1791 qui
1380 1721 1430 1775 in
1464 1720 1661 1775 Biblio-

82 1814 226 1871 theca
271 1817 483 1871 Patrnm
518 1817 770 1888 leguntur
790 1859 803 1882 ,
832 1815 939 1870 alio
969 1823 1147 1869 tamen
1172 1814 1402 1869 ordine:
1437 1830 1542 1884 quo
1573 1829 1661 1867 or-

80 1908 201 1964 dine
238 1925 299 1964 se
337 1909 455 1964 illos
484 1909 665 1980 digess
689 1924 778 1964 sse
819 1910 1005 1963 dicunt
1053 1907 1273 1977 Bagatta
1316 1913 1370 1961 et
1418 1906 1666 1961 Pcrettns

82 2000 129 2052 iu
156 1999 340 2055 eadem
371 2000 701 2070 prmlatione.
734 2001 787 2054 lu
817 2000 924 2056 line
960 2014 1088 2055 vero
1128 1997 1289 2070 hujus
1319 1998 1666 2054 Pistoriensis

84 2092 419 2163 manuscripti
450 2092 556 2148 dtto
580 2104 705 2148 sunt
734 2092 919 2148 ittSrrti
943 2106 1255 2154 sermones,
1283 2105 1421 2145 unus
1441 2091 1498 2148 8.
1523 2090 1666 2148 Gau-

82 2186 239 2239 dentii
269 2186 565 2242 Brixiensis
606 2187 888 2259 episcopi,
929 2188 1020 2257 qui
1070 2187 1122 2242 in
1161 2186 1527 2256 manttseripto
1556 2186 1662 2244 Ve-

86 2278 292 2333 ronensi
339 2293 445 2333 non
491 2281 791 2349 reperitur,
834 2279 970 2333 alter
1009 2279 1065 2334 8.
1101 2278 1280 2347 Vigilii
1306 2279 1566 2349 episcopi,
1596 2280 1665 2335 de

83 2371 274 2426 sanctis
305 2373 628 2443 martyribus
655 2371 909 2437 Sisinno,
939 2370 1247 2427 Alexandro
1280 2379 1333 2425 et
1386 2370 1659 2442 Martyrin.

83 2463 233 2518 Tituli
264 2464 419 2534 hujus
449 2466 800 2537 mauuscripti
832 2466 1175 2522 Pistoriett-‘is
1202 2480 1308 2521 non
1336 2465 1666 2520 conveniunt

82 2570 194 2609 cum
244 2558 342 2622 iis,
386 2558 477 2627 qui
527 2558 581 2613 in
628 2558 972 2613 sermonibus
1018 2559 1186 2627 pratia
1227 2558 1373 2614 ensis
1416 2559 1666 2628 leguntur

83 2651 312 2723 inscripti
354 2670 367 2706 :
417 2661 471 2707 et
521 2667 590 2708 ex
634 2653 955 2723 quibusdam
1001 2652 1285 2721 conjicitur
1327 2653 1384 2710 8.
1429 2654 1665 2711 Zenonis

80 2759 349 2802 sermones
385 2746 438 2801 in
465 2747 661 2804 Ollicio
701 2748 884 2804 divino
908 2751 1257 2805 consuevisse
1282 2751 1464 2819 legere
1495 2750 1666 2806 Vero-

81 2853 286 2895 nenses.
320 2839 580 2897 Videlicet
617 2858 684 2899 ex
727 2858 984 2898 sermone
1022 2842 1093 2897 de
1129 2842 1325 2899 Genesi
1355 2885 1369 2907 ,
1400 2844 1491 2914 qui
1524 2845 1666 2898 inter

81 2932 210 3002 typis
238 2932 411 2989 editos
449 2950 498 3004 pi
514 2934 650 2990 imas
692 2935 902 2990 obtinet
924 2978 940 3002 ,
988 2936 1040 2990 in
1074 2936 1444 3006 manuscripto
1473 2936 1665 2991 ordine

79 3026 326 3095 septimus
355 3038 478 3094 est,
505 3037 562 3083 et
610 3030 680 3083 ita
730 3028 1080 3083 inscribitur:
1114 3027 1387 3083 Tractatus
1427 3028 1659 3084 Genesis.

79 3115 139 3171 In
179 3121 507 3190 sexagesima.
544 3119 683 3175 Leet.
710 3137 750 3186 ι,
792 3121 1067 3177 «condant
1106 3123 1306 3188 require
1325 3124 1377 3176 in
1416 3135 1569 3177 mneo
1609 3124 1664 3177 in

1773 515 1910 581 mis,
1956 529 1986 570 e
2029 515 2085 569 S.
2118 516 2302 572 llilarii
2348 520 2753 576 commentariis
2780 563 2793 587 ,
2839 537 2910 578 ne
2951 522 3120 578 verbo
3155 523 3371 593 quidem

1769 609 2089 674 immutata,
2125 611 2429 682 transcripti
2472 614 2601 671 sint.
2629 614 2766 670 Tum
2808 615 2969 671 etiam
3000 615 3144 687 quod
3189 631 3369 673 sermo

1770 701 1821 756 iu
1853 701 1980 756 illud
2013 701 2229 757 Attende
2252 705 2373 771 tibi,
2405 714 2459 760 et
2497 721 2676 762 sermo
2721 707 2790 763 de
2838 707 3030 764 Livore
3081 720 3133 764 et
3164 708 3364 764 lutidia

1771 793 1833 847 ι).
1865 793 2047 848 Basilii
2079 794 2207 850 sint.
2237 793 2319 851 Ob
2347 797 2709 854 diversitatem
2740 815 2952 871 quoque
2987 800 3113 874 styli
3158 803 3209 856 in
3242 802 3367 858 reli-

1767 886 1889 956 quis
1957 886 2297 943 sermonibus
2355 886 2603 945 diversos
2682 892 2987 960 suspicatur
3041 903 3295 950 auctores
3352 913 3364 949 :

1768 977 2037 1048 prmeipue
2088 993 2159 1034 ex
2215 994 2466 1035 sermone
2503 981 2570 1036 de
2616 983 2961 1039 Continentia
3019 984 3107 1038 ubi
3164 984 3370 1040 Auctor

1767 1073 1999 1143 afﬁrmat
2042 1088 2097 1127 se
2124 1091 2156 1127 a
2184 1070 2377 1126 Christi
2423 1084 2536 1127 ortu
2581 1075 2806 1141 abfuisse
2831 1076 2985 1129 annis
3014 1076 3368 1148 quadringen-

1767 1164 1830 1217 tis
1858 1174 1905 1217 et
1930 1164 2173 1232 amplius.
2205 1163 2501 1220 Dicendum
2536 1165 2714 1233 itaque
2739 1165 3023 1237 pra'dictos
3052 1181 3365 1236 sermones,

1765 1256 1856 1327 qui
1881 1256 1947 1310 ad
1978 1255 2378 1327 expositionem
2406 1273 2575 1313 saerze
2609 1258 2902 1329 Scriptura:
2936 1262 3208 1329 pertinent
3229 1303 3243 1327 ,
3276 1278 3367 1331 γει·

1753 1365 1886 1405 vum
1918 1362 2171 1405 accurate
2218 1352 2517 1406 recensitos
2560 1352 2791 1423 reperiri
2841 1352 2982 1423 apud
3025 1351 3233 1407 Sixtum
3262 1354 3365 1410 Se-

1766 1456 2030 1508 nensem,
2057 1443 2145 1512 qui
2171 1443 2400 1497 alienum
2444 1442 2585 1499 forte
2614 1458 2778 1513 opera
2826 1442 2881 1498 in
2923 1458 3111 1500 eorum
3159 1445 3365 1501 collec-

1767 1534 1919 1591 tione
1943 1542 2074 1590 uSus
2116 1546 2218 1590 est.
2250 1534 2382 1590 Nam
2420 1536 2656 1609 qttinque
2690 1545 2895 1591 tantum
2941 1537 3195 1608 leguntur
3222 1538 3362 1609 apttd

1763 1626 1975 1681 Sixtum
2008 1627 2305 1683 Senensem
2328 1672 2341 1693 ,
2372 1629 2460 1696 qui
2494 1632 2542 1683 in
2572 1630 2827 1686 Genesim
2866 1640 2993 1685 sunt
3017 1634 3320 1703 conscripti
3350 1677 3363 1695 ,

1765 1719 1960 1789 quibus
1990 1729 2043 1775 et
2071 1734 2352 1777 St't‘tlt0ttes
2390 1721 2457 1776 dt:
2489 1722 2759 1779 Abraham
2782 1764 2796 1788 ,
2826 1722 2894 1778 de
2924 1724 3139 1780 somnio
3161 1723 3330 1783 Jaeob
3352 1769 3365 1791 ,

1697 1816 1739 1876 Β
1766 1811 1835 1866 tle
1865 1811 1998 1865 .inda
2019 1855 2033 1875 ,
2064 1819 2120 1868 et
2157 1812 2393 1869 Thamar
2423 1827 2869 1871 annmnerantur.
2895 1814 3097 1873 Verum
3127 1818 3179 1873 itt
3211 1835 3366 1874 man-

1769 1903 1910 1959 datis
1952 1907 2115 1975 praelo
2142 1917 2267 1962 sunt
2303 1922 2493 1963 novem
2523 1926 2536 1961 :
2571 1909 2822 1965 nimirum
2866 1909 2920 1964 in
2950 1909 3204 1966 Genesim
3230 1927 3367 1982 qua-

1770 2008 1893 2055 tuor
1917 2043 1931 2066 ,
1960 2001 2028 2055 de
2066 2001 2337 2057 Abraham
2373 2013 2484 2060 tri-s
2512 2046 2527 2070 ,
2559 2020 2700 2060 unus
2738 2005 2808 2060 de
2836 2007 3049 2060 sonmio
3076 2006 3244 2063 Jacob
3270 2048 3285 2074 ,
3315 2017 3370 2064 et

1768 2092 1838 2146 de
1865 2092 2003 2148 Jutla
2036 2110 2193 2148 unus.
2223 2094 2279 2149 In
2317 2095 2560 2150 Exodnm
2597 2096 2779 2152 Sixtus
2812 2097 3050 2168 quinque
3081 2110 3323 2155 nmnerat
3350 2141 3367 2166 ,

1769 2201 1890 2240 cum
1945 2187 1998 2242 in
2051 2186 2193 2243 dicta
2250 2188 2489 2245 editione
2541 2188 2849 2260 quindecim
2901 2192 3263 2261 reperiantur.
3309 2194 3363 2248 ln

1772 2281 2013 2335 Psaltuos
2054 2284 2193 2351 apud
2241 2282 2450 2337 Sixtum
2479 2291 2688 2353 septem
2719 2293 2876 2350 sunt,
2910 2284 2962 2339 in
3006 2284 3167 2339 editis
3198 2287 3366 2354 prmlu

1769 2387 1986 2427 novem.
2018 2371 2147 2427 lllttd
2190 2373 2351 2428 etiam
2394 2373 2790 2430 observandum
2835 2386 2917 2431 est
2961 2390 3083 2431 cum
3140 2375 3362 2432 Peretto

1767 2474 1823 2519 et
1850 2465 2068 2535 Bagatta
2091 2508 2104 2531 ,
2140 2466 2351 2521 Sixtum
2395 2467 2447 2521 itt
2470 2483 2537 2523 eo
2562 2481 2776 2522 errasse
2795 2509 2809 2532 ,
2835 2468 2981 2537 quod
3023 2468 3223 2525 dixerit
3250 2485 3366 2525 ser—

1770 2574 1984 2625 puouem
2009 2559 2058 2611 itt
2090 2557 2360 2613 PSulutunt
2382 2575 2540 2615 Lxxtx
2560 2601 2572 2621 .
2600 2570 2652 2615 el
2671 2574 2979 2615 seru'ouettt
3010 2561 3062 2615 in
3091 2560 3363 2616 Paululum

1768 2668 1796 2706 c
1828 2651 1965 2719 apud
1990 2650 2049 2706 S.
2081 2650 2339 2705 llilarittut
2375 2653 2596 2718 reperiri
2622 2696 2636 2718 ,
2663 2651 2804 2723 quod
2830 2651 3023 2705 falsum
3050 2661 3153 2707 est.
3180 2652 3367 2722 Neque

1771 2753 2028 2799 tractatus
2049 2785 2064 2810 ,
2107 2759 2202 2797 seu
2246 2758 2424 2799 sermo
2455 2745 2506 2797 in
2535 2743 2805 2799 Psalunnu
2837 2760 2960 2799 thx
2993 2746 3083 2815 qui
3113 2753 3195 2800 est
3224 2746 3363 2799 inter

1767 2851 1929 2904 opera
1979 2835 2036 2891 8.
2088 2834 2358 2901 Zenonis,
2410 2835 2463 2890 in
2506 2836 2761 2907 operibus
2803 2835 2862 2892 8.
2911 2835 3099 2891 Hilarii
3147 2834 3360 2907 legitur.

1766 2933 2013 3005 Quinque
2052 2948 2183 2987 vero
2229 2947 2541 2995 sermones,
2583 2941 2633 2986 et
2685 2932 2825 3001 apud
2870 2930 2937 2987 S.‘
2959 2930 3273 2998 Zenonem,
3310 2941 3366 2986 et

1765 3024 1909 3095 apud
1953 3024 2013 3079 S.
2059 3022 2317 3079 Hilarium
2362 3024 2735 3094 reperiuntur,
2767 3039 2959 3094 nempe
2999 3023 3049 3077 itt
3085 3021 3359 3077 Psalmunt

1764 3131 1968 3181 exxvr,
2031 3116 2250 3186 dempto
2318 3116 2625 3186 protetnio:
2682 3118 2732 3169 in
2798 3115 3069 3171 Psalmmu
3135 3130 3360 3179 cxsvu,

79 3208 193 3278 [alio
236 3214 413 3281 quinto
439 3230 459 3270 :
488 3215 629 3281 quod
673 3225 728 3271 et
768 3216 819 3269 in
851 3216 973 3270 aliis
1012 3217 1305 3272 observare
1351 3227 1430 3273 cst
1458 3260 1471 3280 ,
1505 3228 1560 3271 ut
1601 3218 1651 3271 in
1682 3216 1726 3281 C
1758 3226 1960 3267 cxxvut
1982 3253 1997 3275 ,
2019 3225 2182 3265 cxxtx
2202 3252 2216 3272 ,
2245 3224 2409 3265 cxxx.
2434 3209 2543 3265 Nec
2571 3224 2753 3265 sermo
2776 3212 2979 3277 primus
3006 3210 3057 3263 itt
3089 3209 3357 3263 Psalmum

76 3316 311 3361 sermone
335 3305 401 3361 de
427 3305 655 3372 Genesi,
682 3308 775 3378 qui
802 3315 886 3363 est
911 3309 1180 3364 secundus
1204 3311 1256 3364 in
1289 3310 1382 3372 iis.
1410 3310 1499 3378 qui
1523 3309 1653 3363 editi

78 3392 277 3451 luerunt
304 3398 357 3452 in
400 3400 599 3460 lucent.
633 3402 686 3455 in
711 3402 1076 3469 manuscript"
1103 3403 1294 3459 ordine
1319 3403 1410 3463 97.
1445 3412 1499 3457 et
1523 3418 1654 3457 eou-

76 3488 292 3543 eltnlitur
310 3506 379 3545 ex
413 3506 562 3546 more
587 3511 600 3545 :
626 3491 705 3544 Tu
728 3502 917 3556 autem,
950 3491 1187 3556 Domine,
1207 3494 1448 3549 miserere
1464 3492 1612 3548 nobis
1632 3511 1654 3558 ;

74 3590 122 3634 et
146 3595 390 3640 sermone
434 3585 505 3641 de
528 3584 667 3650 Job,
697 3587 786 3655 qui
831 3586 885 3640 in
933 3588 1300 3655 ntauuscripto
1332 3587 1552 3658 ponitur
1582 3586 1652 3642 15

74 3672 214 3729 initio
233 3676 456 3746 legitur:
476 3675 750 3731 Tractotus
769 3677 832 3731 de
843 3675 964 3734 Job.
984 3676 1154 3731 Lectio
1180 3676 1240 3731 Β.
1255 3676 1479 3733 Zenonis
1492 3677 1652 3742 huius

72 3768 193 3821 sedis
211 3769 454 3841 episcopi.
480 3770 555 3825 Ita
584 3770 880 3843 antiquitus
909 3774 1009 3842 legi
1040 3773 1288 3828 solebant
1314 3771 1368 3827 in
1395 3772 1650 3828 lieclesiis

73 3858 249 3916 litterae
300 3863 583 3934 Polyearpi
624 3874 677 3919 et
707 3866 1059 3934 quorumdam
1101 3867 1191 3936 qui
1251 3864 1469 3921 luerunt
1517 3880 1649 3933 apo-

72 3953 287 4010 tolorum
319 3956 569 4023 discipuli
601 3976 614 4011 :
650 3957 784 4012 liber
817 3958 1087 4014 liermetis
1142 3969 1198 4015 et
1236 3960 1490 4014 aliormn.
1547 3958 1648 4014 Se-

71 4049 232 4103 cundo
250 4052 409 4107 etiam
440 4051 578 4108 libro
604 4054 971 4123 manuscripto
997 4055 1057 4108 itr
1071 4054 1306 4125 pluriunt
1332 4068 1646 4109 sermonum

72 4138 166 4195 line
202 4140 277 4196 sic
320 4143 554 4213 legitur:
587 4142 818 4216 Explieit
858 4144 923 4200 de
950 4145 1238 4200 humilitate
1284 4155 1535 4200 tractatus
1576 4145 1638 4202 S.

70 4229 272 4290 Zenonis
313 4236 532 4306 feliciter
574 4252 592 4291 :
640 4240 825 4309 sicque
876 4240 929 4292 in
973 4239 1116 4292 aliis.
1148 4238 1263 4293 Non
1314 4240 1495 4309 itaque
1542 4241 1641 4294 soli

70 4323 288 4383 Guarino
307 4328 500 4389 horum
519 4345 831 4387 sermonum
851 4331 1018 4387 editio
1038 4332 1323 4387 tribuenda
1347 4343 1460 4397 est,
1484 4348 1606 4387 eum
1626 4372 1640 4397 ,

69 4429 117 4473 et
138 4419 355 4479 Veronae
393 4424 602 4492 publice
631 4427 682 4479 in
713 4424 881 4480 choro
908 4425 1011 4496 legi
1040 4427 1417 4481 consueverint
1444 4466 1460 4491 ,
1491 4435 1549 4481 et
1574 4426 1642 4482 ab

69 4512 176 4567 aliis
215 4518 520 4574 auctoribus
567 4517 855 4575 laudentur
879 4561 895 4584 ,
933 4528 990 4574 et
1034 4520 1088 4573 iu
1127 4520 1251 4574 aliis
1298 4520 1641 4576 bibliothecis

1762 3318 1869 3358 xxx
1895 3302 1962 3358 de
1992 3302 2294 3357 hutnilitate
2324 3304 2464 3357 inter
2492 3317 2774 3356 sermones
2794 3301 2851 3357 S.
2885 3301 3069 3355 llilarii
3101 3301 3358 3366 habetur,

1757 3406 1814 3450 ut
1846 3403 2038 3452 notant
2062 3396 2225 3451 etiam
2253 3395 2358 3450 PP.
2388 3395 2645 3466 Congreg-
2672 3397 2833 3450 tionis
2861 3395 2918 3449 S.
2948 3393 3112 3449 Mauri
3143 3395 3194 3449 itt
3223 3410 3355 3463 prte-

1754 3487 1863 3544 l'ata
1891 3488 2132 3544 editione
2160 3502 2382 3557 operum
2412 3487 2470 3544 S.
2500 3487 2683 3543 Hilarii
2714 3503 2858 3542 anno
2889 3486 3046 3542 1095.
3075 3485 3133 3542 Ιιι
3163 3485 3353 3541 Isaiam

1753 3588 1986 3650 quatuor
2025 3580 2213 3637 Sixtus
2255 3591 2500 3635 numerat
2526 3621 2541 3642 ,
2583 3580 2634 3634 iu
2677 3581 2895 3635 excusis
2931 3588 3139 3648 septem
3187 3589 3352 3646 sunt,

1752 3673 1799 3728 si
1828 3674 1907 3727 eis
1952 3672 2376 3729 aduttttterentur
2405 3688 2585 3729 sertun
2611 3673 2680 3728 de
2720 3673 2978 3742 Mutytio
3007 3671 3179 3728 laniat.
3214 3672 3350 3728 Tres

1755 3769 1822 3825 de
1850 3767 2070 3823 Daniele
2101 3768 2252 3839 ponit
2291 3768 2474 3824 Sixtus
2498 3810 2512 3837 ,
2557 3784 2746 3825 novem
2777 3777 2905 3824 sunt
2948 3769 2999 3824 itt
3048 3769 3189 3824 dicta
3236 3767 3351 3823 edi-

1751 3867 1920 3923 tione.

1827 3959 1921 4015 His
1976 3961 2159 4031 itaque
2208 3960 2509 4016 observatis
2575 3958 2846 4014 latendum
2909 3967 2994 4013 est
3062 3958 3352 4029 pra-dictos

1749 4056 1984 4126 quinque
2015 4068 2297 4109 sermones
2323 4055 2391 4109 de
2416 4053 2645 4109 Psalmis
2675 4052 2813 4121 apud
2844 4051 2903 4107 S.
2929 4052 3188 4107 llilarium
3219 4052 3349 4123 legi,

1748 4161 2045 4217 eorumque
2090 4145 2148 4201 S.
2197 4146 2455 4202 Hilarium
2488 4159 2760 4201 auctorem
2792 4160 2916 4201 esse
2959 4144 3183 4214 probant
3215 4160 3349 4214 prte-

1748 4239 1874 4294 dicti
1907 4240 2007 4293 PP.
2042 4237 2488 4310 Congregationis
2517 4240 2572 4296 S.
2603 4239 2790 4294 Mauri.
2826 4237 3124 4292 Fatendum
3180 4238 3347 4292 etiam

1747 4333 1890 4388 inter
1917 4348 2082 4402 opera
2112 4332 2172 4388 S.
2200 4332 2381 4388 Basilii
2413 4350 2519 4387 non
2552 4335 2727 4387 solum
2755 4348 2879 4386 esse
2904 4332 3039 4385 ducs
3065 4346 3353 4388 sermones

1746 4442 1773 4479 a
1803 4426 1957 4481 Sixto
2002 4435 2253 4489 notatos,
2288 4441 2483 4495 nempe
2512 4440 2818 4480 sermonem
2866 4427 2917 4478 in
2965 4425 3091 4480 illud
3134 4424 3351 4480 Attende

1746 4520 1856 4584 tibi,
1884 4533 1935 4574 et
1967 4535 2275 4574 sermonem
2316 4519 2384 4573 de
2416 4518 2607 4572 LiVore
2636 4527 2691 4571 et
2744 4517 2943 4573 lmidia
2978 4535 2992 4571 :
3023 4517 3116 4572 sed
3145 4527 3199 4572 et
3228 4532 3346 4572 ser-

68 4609 399 4675 reperiantur.
435 4612 508 4667 De
539 4612 645 4668 illis
671 4615 815 4668 enim
855 4623 912 4669 et
944 4613 1132 4668 Petrus
1156 4612 1227 4667 de
1268 4612 1545 4668 Natalibns
1592 4616 1642 4670 in
1672 4612 1722 4672 D
1751 4627 1964 4668 nionem
1981 4613 2051 4667 de
2068 4613 2360 4683 Evangelia
2376 4610 2972 4667 secuttdnmlatcamtle
2995 4611 3194 4681 duplici
3231 4620 3346 4667 teu-

68 4710 155 4753 suo
186 4700 503 4759 Sanctorum
535 4706 793 4776 Catalogn
826 4705 962 4773 (Lib.
998 4722 1048 4770 ι,
1080 4723 1198 4776 cap.
1230 4704 1329 4779 45)
1356 4708 1636 4777 meminit,

69 4792 343 4866 Pluresque
376 4809 666 4856 recenset:
707 4809 758 4855 et
799 4799 1001 4855 Paulus
1049 4803 1335 4871 episcopus
1379 4798 1635 4870 Sempro-

68 4885 249 4943 nieusis
272 4932 287 4955 ,
310 4892 511 4962 aliique
537 4896 889 4949 recentiores.
920 4894 1117 4951 Verum
1146 4894 1218 4950 de
1250 4895 1335 4950 his
1377 4899 1637 4952 hactenus

69 4976 190 5033 dicta
215 4980 495 5052 sint‘satis.
529 4984 680 5041 Nunc
704 5000 894 5043 eorum
921 4987 1244 5044 sententiam
1284 4987 1392 5042 DD.
1427 4990 1518 5059 qui
1552 4990 1633 5043 lti-

69 5083 174 5125 vttm
200 5073 465 5132 Zenonem
495 5078 686 5134 borum
716 5093 1027 5135 sermonum
1071 5089 1347 5136 auctorem
1395 5092 1590 5153 negant
1616 5123 1631 5148 ,

69 5170 297 5224 attentius
322 5171 711 5243 expendamus.

636 5309 867 5367 CAPUT
897 5310 987 5367 Ill.

72 5418 189 5475 ειπιί
231 5424 468 5482 Senensis
510 5427 577 5483 de
627 5426 959 5483 Sermonibus
1005 5428 1066 5485 S.
1109 5428 1336 5484 Zenonis
1383 5431 1632 5499 iudicium

649 5519 1020 5575 consideratur.

135 5625 199 5681 Ex
226 5629 448 5687 diversis
492 5632 843 5699 auctoribus,
876 5634 966 5703 qui
1011 5648 1151 5704 pene
1194 5634 1446 5692 ducentis
1474 5637 1633 5692 annis

72 5729 97 5769 ε
123 5718 172 5774 8.
198 5720 401 5780 Zenone
427 5724 763 5790 ﬂoruerunt,
792 5741 885 5781 eos
914 5728 1175 5784 collectos
1203 5744 1324 5785 esse
1351 5743 1629 5786 sermones

70 5811 148 5875 Qui
170 5812 221 5868 S.
253 5818 458 5886 praesuli
492 5816 802 5873 tribuuntur
825 5858 841 5883 ,
870 5832 935 5875 ex
963 5818 1032 5877 'eo
1058 5820 1282 5890 eoujieit
1309 5821 1496 5876 Sixtus
1526 5822 1626 5879 Se-

1753 4708 2014 4761 tationttm
2034 4707 2233 4776 specie,
2267 4717 2322 4761 et
2342 4720 2650 4761 sermonem
2677 4707 2744 4758 de.
2765 4704 2999 4775 Jejtmio.
3026 4704 3096 4761 At
3128 4705 3211 4759 his
3237 4720 3344 4761 non

1746 4793 2090 4855 obstantibus
2116 4798 2257 4853 male
2287 4799 2447 4853 inti-rt
2483 4799 2669 4855 Sixtus
2717 4799 2975 4853 Senensis
3016 4813 3295 4852 sermones
3330 4838 3345 4863 ,

1745 4893 1834 4963 qui
1877 4893 1934 4947 8.
1966 4891 2202 4947 Zenonis
2246 4892 2459 4946 nomine
2500 4893 2975 4956 circumferuntur,
2999 4890 3345 4944 collectionem

1742 5003 1854 5042 esse
1876 5003 1941 5042 ea:
1968 4987 2180 5041 diversis
2208 4986 2532 5053 Auctoribus,
2550 4987 2637 5057 qui
2662 4987 2893 5040 ducentis
2914 5001 3042 5054 pene
3059 4986 3209 5038 annis
3233 4989 3345 5055 fue-

1743 5090 1863 5136 runt
1912 5080 2120 5135 Zenone
2149 5085 2474 5148 posteriores.
2503 5080 2798 5135 Semnones
2829 5093 3059 5147 namque
3083 5121 3097 5143 ,
3133 5078 3200 5132 de
3224 5077 3345 5147 qni-

1745 5176 1844 5231 bus
1869 5175 2066 5245 agitur,
2092 5185 2309 5230 centum
2330 5184 2382 5229 et
2411 5185 2643 5244 quatuor
2672 5185 3027 5229 numerantur
3049 5192 3062 5226 :
3086 5176 3177 5244 qui
3212 5186 3340 5227 vero

1741 5270 1881 5339 apud
1935 5269 1993 5326 8.
2040 5268 2300 5324 Hilarium
2358 5276 2415 5324 et
2466 5268 2723 5323 Basilittm
2780 5268 3089 5333 habentur,
3149 5282 3339 5321 norem

1741 5370 1891 5417 sunt.
1932 5358 2043 5415 Cur
2064 5375 2195 5431 ergo
2226 5361 2421 5430 reliqui
2456 5362 2744 5429 nanaginta
2773 5361 3011 5428 quinque
3038 5359 3096 5413 S.
3134 5359 3336 5414 Zenoni

1739 5454 2008 5510 tribuendi
2037 5469 2143 5508 non
2168 5466 2292 5508 sunt
2312 5455 2337 5508 ?
2357 5453 2494 5523 Quid
2522 5456 2665 5508 enim
2697 5454 2867 5523 magis
2888 5452 3104 5507 obvium
3131 5454 3183 5506 in
3204 5465 3334 5520 ope-

1739 5547 1891 5602 ribus
1938 5548 2279 5617 antiquormu
2325 5547 2640 5617 PP.,quam
2688 5546 2829 5600 inter
2869 5546 3026 5597 unius
3065 5546 3122 5597 S.
3169 5545 3343 5601 Patris

1740 5643 1941 5711 scripta
1974 5639 2202 5693 aliorutn
2232 5638 2451 5693 Patrum
2471 5680 2486 5703 ,
2517 5646 2574 5690 et
2599 5646 2877 5689 auctorum
2908 5637 3069 5686 etiam
3114 5635 3339 5689 lucretio

1740 5746 1928 5787 eorum
1962 5730 2399 5787 elucubratiunes
2427 5728 2700 5799 reperiri?
2734 5728 2843 5780 lloc
2878 5725 3165 5780 manifesto
3198 5736 3345 5795 patet.

1737 5825 1791 5881 in
1824 5823 1974 5879 libris
2003 5820 2341 5888 Tertulliani,
2375 5819 2644 5889 Origeuis,
2673 5818 2772 5874 88.
2806 5817 3080 5887 Cypriani.
3101 5818 3335 5872 Ambro-
