3902 6324
432 221 537 281 605

1468 218 1556 277 DE
1592 217 2029 277 SERMONIBUS
2066 215 2313 274 SANCTI
2352 214 2674 279 ZENONIS.

3585 229 3663 285 liti}

425 339 515 406 sii,
537 336 876 413 Hieronymi,
907 337 1130 395 Joannis
1159 337 1555 411 Cltt'ysostottti,
1583 348 1641 396 ιιι
1659 340 1799 411 apud
1824 338 2023 397 Bellar-
2051 346 2099 417 Α
2127 348 2376 393 monstrat
2405 337 2680 394 [dolorum
2706 341 2897 413 templa
2922 352 3041 398 tunc
3066 344 3221 414 fuisse
3249 349 3467 418 patentia
3489 388 3501 408 .
3530 362 3572 403 et
3595 353 3677 406 ric-

432 435 639 489 minnm
685 442 743 493 et
791 433 925 495 alios
947 476 961 502 ,
989 434 1080 505 qui
1134 434 1205 493 de
1240 433 1598 504 scriptoribus
1632 434 2043 491 ecclesiasticis

434 538 686 591 tractant.
727 527 786 587 Si
813 540 994 589 autem
1020 538 1245 601 prepter
1273 528 1394 583 illos
1438 537 1644 585 tantum
1674 542 1871 585 novem
1910 542 2030 584 ser-

436 634 626 676 mones
648 661 664 687 ,
696 623 785 689 qui
836 618 979 693 apud
1015 619 1150 677 alios
1189 618 1572 689 reperiuntur,
1595 619 1664 675 de
1695 618 2035 675 sermonibus

438 714 499 769 Ι).
556 713 792 770 Zenonis
834 722 979 771 esset
1027 713 1423 779 dubitandum:
1467 712 1820 785 dubitandum
1852 713 2037 783 utique

434 814 580 861 esset
619 804 687 862 de
726 806 983 875 operibus
1024 806 1254 876 plurium
1298 805 1393 861 SS.
1418 804 1522 863 PP.
1565 805 1633 863 de
1660 807 1856 877 quibus
1877 821 2038 863 nemo

435 898 667 957 dubitat.
700 898 833 955 Illud
880 915 1094 971 quoque
1128 901 1582 961 considerandum
1628 890 1869 969 videtur,
1893 899 2040 971 quod

435 991 481 1047 si
511 1008 676 1064 opera
702 992 758 1049 S.
784 992 1017 1055 Zenonis
1047 1009 1113 1050 ex
1142 996 1307 1051 variis
1334 995 1646 1052 auctoribus
1669 996 1895 1051 collecta
1912 994 2042 1055 luis-

438 1096 591 1153 sent,
624 1087 871 1144 sicuuilli
900 1103 1098 1145 novem
1124 1104 1408 1145 sermones
1437 1091 1579 1149 inter
1616 1090 1847 1147 aliorum
1877 1104 2042 1160 opera

440 1180 641 1251 reperti
671 1190 797 1237 sunt
817 1220 832 1246 ,
868 1180 942 1236 ita
973 1181 1154 1238 cmleri
1180 1181 1323 1252 apud
1349 1183 1486 1239 alios
1512 1183 1825 1252 legerentur
1852 1191 2043 1241 aucto-

441 1286 553 1329 res.
605 1271 719 1331 Nec
758 1274 905 1333 enim
953 1282 1038 1329 est
1065 1290 1161 1331 cur
1207 1274 1494 1333 credamus
1542 1276 1762 1333 illorum
1802 1276 2045 1332 omnium
2085 1307 2089 1311 ν

449 1369 743 1429 Auctorum
766 1408 780 1435 ,
807 1381 839 1425 e
867 1366 1062 1437 quibus
1095 1366 1336 1437 praedicti
1364 1382 1645 1425 sermones
1674 1368 1929 1437 descripti
1952 1384 2047 1439 pu-

452 1468 667 1524 tantur,
696 1458 909 1531 penitus
956 1460 1172 1515 nomina
1214 1468 1268 1515 et
1313 1474 1481 1528 opera
1508 1459 1796 1523 excidisse.
1838 1459 1894 1516 Si
1919 1476 2050 1532 ergo

451 1548 528 1603 illi
562 1564 758 1607 novmn
803 1561 1006 1609 tantum
1047 1551 1187 1621 apud
1248 1551 1510 1608 Hilarium
1557 1562 1612 1608 et
1643 1552 1900 1609 Basilium
1951 1554 2048 1610 Ita-

453 1642 679 1711 bentur,
710 1642 904 1714 reliqui
927 1642 988 1697 D.
1023 1643 1254 1707 Zenonis
1284 1660 1419 1716 opus
1446 1644 1658 1701 dicendi
1687 1655 1850 1703 sunt:
1878 1661 2054 1718 neque

2132 430 2283 484 timus
2306 430 2487 486 solitus
2513 432 2771 497 imntolari
2808 434 2951 497 aliud
2981 452 3190 507 prorsus
3215 437 3279 492 ab
3316 438 3555 497 Ambrosii
3577 454 3681 499 tent-

2133 523 2342 595 poribus
2382 524 2512 579 illud
2535 525 2696 597 fuisse
2736 527 2982 583 secutum
3008 538 3188 584 auctor
3223 541 3397 600 aperte
3418 534 3681 604 signiﬁcat;

2132 633 2250 677 cum
2274 626 2470 673 constet
2496 619 2604 686 iam
2641 618 2769 675 olim
2792 636 2897 675 non
2919 629 3113 675 tantum
3135 638 3168 676 α
3190 621 3535 695 Constantino,
3559 637 3605 681 ut
3627 630 3687 685 ait

2136 707 2389 763 Eusebius
2420 711 2475 764 in
2510 708 2625 764 Vita
2654 710 2844 781 ipsius,
2877 711 2966 767 lib.
2993 728 3054 779 tt,
3083 730 3200 785 cup.
3222 715 3315 780 42,
3348 716 3437 782 45,
3462 727 3509 772 et
3532 734 3559 775 a
3577 718 3688 776 Cott-

2136 804 2324 857 stantio
2352 812 2406 857 ut
2434 804 2751 872 Ammonius,
2776 806 2880 863 (ἰὸς
2898 822 3010 873 χιχ,
3041 817 3088 862 et
3116 808 3201 863 alii
3226 817 3474 865 testantur
3499 812 3691 870 victumas

2140 894 2296 967 {uase
2319 897 2498 951 vetitas
2518 906 2567 951 et
2596 898 2948 969 templajussa
2974 900 3164 955 claudi.
3193 900 3301 957 Sed
3322 917 3379 956 eo
3400 912 3602 974 tenipore
3619 922 3692 960 nec

2140 983 2404 1047 Romanos
2431 988 2656 1047 obtinere
2686 991 2912 1059 potuisse
2938 992 3015 1044 uel
3036 1007 3184 1047 aram
3220 1008 3377 1047 unam
3397 995 3577 1065 erigere
3598 994 3696 1050 Vic-

2142 1080 2313 1145 toria,
2340 1090 2394 1134 ut
2424 1080 2657 1152 pluribus
2677 1083 2747 1141 ad
2772 1081 3186 1141 Valentinianum
3215 1085 3390 1141 scribit
3416 1087 3697 1157 Amantius,

2144 1180 2191 1224 et
2234 1173 2476 1226 adversus
2519 1171 2889 1244 Symmachum
2938 1176 3182 1249 disputat.
3217 1178 3310 1232 Sic
3348 1179 3499 1250 igitur
3529 1194 3629 1236 cum
3648 1197 3700 1236 ex

2147 1264 2227 1323 his
2246 1306 2261 1331 ,
2292 1282 2406 1335 quia
2433 1266 2572 1323 dicta
2598 1279 2718 1325 sunt
2742 1309 2758 1334 ,
2783 1271 2931 1326 nulla
2967 1271 3169 1327 ratione
3199 1288 3260 1327 ea
3304 1273 3447 1328 lectio
3472 1275 3702 1330 subsistere

2150 1357 2307 1426 possit
2337 1375 2588 1415 ianitorum
2625 1362 3121 1434 quadringentorum
3144 1407 3159 1429 ,
3189 1382 3282 1419 nec
3311 1367 3474 1422 minus
3492 1377 3703 1424 trecento-

2148 1465 2270 1503 rum
2315 1453 2664 1520 superadditis
2699 1454 2807 1510 illis
2831 1458 3201 1528 quinquaginta
3240 1469 3432 1528 septem
3453 1501 3468 1526 ,
3494 1460 3574 1529 qui
3596 1478 3700 1531 pm.

2152 1554 2408 1597 cesserunt
2446 1544 2587 1601 illius
2620 1545 2778 1605 Pauli
2805 1550 3034 1617 epistola:
3060 1546 3425 1619 scriptionum,
3439 1552 3554 1621 jure
3578 1554 3705 1607 nteri~

2156 1644 2309 1706 teque
2348 1637 2411 1719 in
2432 1639 2705 1695 recentiori
2736 1642 2959 1697 editione
2990 1646 3255 1699 restitutus
3282 1653 3357 1699 est
3396 1661 3614 1700 nurnerus
3634 1663 3709 1700 au-

451 1741 657 1797 temere
687 1734 922 1807 fingendi
948 1747 1068 1795 sunt
1096 1746 1346 1794 auctores
1377 1739 1575 1809 ignoti,
1608 1753 1731 1795 cum
1768 1748 1846 1794 tot
1872 1751 2056 1796 vetera

2173 1746 2343 1785 torum
2371 1732 2725 1793 ducentarum.
2762 1733 2902 1790 Nam
2925 1738 3246 1792 numerando
3273 1738 3511 1795 ducentos
3536 1754 3707 1804 annos,

457 1840 809 1889 monumenta
834 1830 1128 1891 habeamus
1158 1833 1375 1891 nomine
1412 1832 1471 1889 S.
1505 1831 1741 1897 Zenonis
1765 1833 2019 1903 inscripta
2042 1875 2057 1901 ,

458 1921 524 1993 de
552 1923 749 1994 quibus
769 1939 934 1996 supra
961 1925 1169 1997 egimus
1200 1940 1320 1996 cap.
1346 1925 1382 1980 2
1416 1944 1431 1982 :
1461 1942 1583 1997 quin
1606 1928 1652 1982 si
1691 1926 1912 1983 vidisset
1938 1926 2062 1985 Six-

460 2023 543 2081 tus
565 2015 824 2075 Senensis
846 2058 860 2083 ,
891 2032 999 2074 non
1030 2018 1102 2073 ita
1139 2016 1296 2075 facile
1335 2019 1393 2075 S.
1427 2019 1660 2079 Zenonis
1691 2034 1828 2089 opus
1859 2021 2060 2077 collec-

460 2107 663 2167 tionem
697 2123 820 2167 esse
848 2125 1161 2169 sermonum
1205 2126 1271 2175 ex
1312 2109 1545 2171 diversis
1569 2113 1877 2168 auctoribus
1912 2111 2058 2173 allir-

465 2210 683 2267 masset,

1072 2317 1299 2374 CAPUT
1354 2317 1445 2374 ιν.

538 2431 621 2487 De
646 2433 799 2488 annis
817 2432 1204 2505 quadringentis
1247 2442 1320 2488 est
1345 2433 1571 2503 amplius
1591 2433 1645 2487 in
1669 2432 1916 2489 Sermone
1936 2434 2000 2487 de

970 2525 1295 2582 Continentia
1325 2526 1551 2598 illapsis.

540 2667 695 2739 Quod
725 2675 905 2729 autem
933 2665 999 2722 ad
1021 2665 1342 2722 Sermonem
1375 2666 1567 2723 attinet
1594 2664 1662 2721 de
1690 2662 2070 2731 Continentia,

472 2763 564 2821 ubi
585 2768 789 2819 Auctor
825 2761 894 2821 de
929 2760 1100 2832 prima
1128 2760 1355 2832 epistola
1386 2760 1447 2815 D.
1481 2760 1635 2815 Pauli
1668 2759 1736 2831 ad
1763 2756 2075 2817 Corinthios

473 2856 840 2914 testimonium
887 2855 1082 2923 aliert,
1107 2854 1193 2910 his
1217 2855 1397 2909 verbis
1432 2872 1445 2909 :
1484 2852 1710 2923 Tempus
1757 2860 2075 2911 coarctatum

474 2964 570 3021 est,
595 2962 846 3023 superest,
870 2951 1035 3021 utqui
1074 2950 1259 3017 habent
1308 2965 1491 3007 uxores
1535 2949 1611 3002 sic
1650 2948 1753 3004 sint
1786 2948 1935 3019 quasi
1975 2962 2077 3001 non

476 3046 716 3107 habentes
742 3087 757 3112 ,
790 3044 1014 3115 praeterit
1038 3043 1173 3097 enim
1201 3043 1374 3117 figura
1400 3042 1555 3114 hujus
1584 3039 1765 3095 mundi
1794 3079 1809 3105 ,
1862 3038 2074 3105 subdit:

2161 1833 2209 1879 et
2248 1824 2471 1893 amplius
2496 1826 2657 1896 (quod
2690 1827 2839 1887 habet
2882 1837 3023 1885 uetus
3051 1827 3225 1901 lectio)
3254 1829 3320 1886 ab
3368 1847 3500 1888 anno
3538 1830 3712 1886 Domini

2164 1919 2513 1975 ducentesimo
2539 1922 2957 1996 quinquagesimo
3002 1925 3246 1995 septimo,
3284 1941 3382 1994 quo
3406 1925 3480 1995 (ut
3506 1924 3712 1996 diuitum)

2164 2030 2224 2069 ca
2251 2013 2320 2068 ad
2347 2010 2641 2071 Corinthios
2686 2017 2903 2088 epistola
2940 2018 3135 2090 scripta
3151 2028 3229 2074 est
3253 2061 3268 2085 ,
3299 2020 3367 2074 ad
3390 2016 3595 2073 Gallieni
3616 2031 3715 2073 teut-

2167 2120 2296 2175 pora
2321 2145 2334 2171 ,
2363 2107 2452 2176 qui
2498 2107 2747 2178 imperare
2789 2110 2939 2180 capit
2984 2126 3124 2166 anno
3166 2109 3385 2166 Dontini
3420 2111 3715 2167 ducentesimo

2167 2199 2585 2270 quinquagesimo
2626 2202 2805 2271 quinto
2831 2243 2843 2266 ,
2866 2202 2961 2256 sub
2985 2220 3087 2274 quo
3127 2202 3270 2261 Zeno
3313 2206 3513 2275 ponitur
3531 2219 3683 2273 ρααιε
3702 2245 3714 2269 ς

2169 2290 2440 2347 deducitur
2461 2308 2700 2349 nutnsrus
2730 2297 3014 2349 restitutus.
3042 2293 3267 2351 Rursum
3294 2312 3415 2351 uero
3431 2298 3547 2349 dum
3568 2296 3617 2348 in
3636 2300 3718 2349 scr;

2172 2400 2319 2443 mone
2347 2387 2568 2442 secundo
2595 2387 2659 2442 de
2686 2389 2909 2444 auaritia
2932 2400 3117 2445 auctor
3146 2391 3221 2445 ait
3263 2392 3319 2445 in
3342 2391 3550 2445 nummis
3571 2389 3718 2444 excudi

2172 2478 2339 2535 solere
2362 2480 2565 2551 signum
2578 2480 2908 2545 idololatria,
2930 2485 3201 2554 eademque
3215 2483 3391 2551 ldola,
3412 2484 3720 2554 qutltcoluutttr

2173 2572 2228 2631 in
2251 2572 2465 2643 templo,
2490 2575 2631 2629 clare
2648 2576 2965 2633 demonstrat
2988 2577 3267 2633 Auctorem
3294 2578 3441 2651 longe
3460 2587 3567 2633 ante
3583 2576 3721 2631 Chris-

2175 2665 2434 2723 tianorum
2462 2668 2830 2739 imperatorum
2856 2680 3086 2742 tempora
3104 2673 3377 2729 claruisse.
3408 2671 3535 2727 Nam
3558 2689 3585 2724 a
3616 2667 3723 2723 Cou-

2176 2760 2401 2815 stantino
2432 2760 2623 2835 Magno
2642 2766 2851 2836 justum
2878 2781 2990 2820 esse
3012 2807 3028 2833 ,
3070 2776 3125 2818 ut
3165 2782 3407 2823 nummus
3432 2764 3593 2821 Cruci:
3608 2764 3721 2834 signa

2179 2853 2575 2925 immitteretur,
2633 2864 2846 2912 testatsu'
2877 2857 3193 2914 Sozomsnus
3221 2860 3316 2915 lib.
3346 2875 3396 2921 ι.
3423 2876 3533 2928 cap.
3568 2857 3615 2913 8.
3642 2854 3723 2911 Sed

2179 2949 2340 3005 multo
2363 2952 2585 3021 apertius
2604 2952 2914 3007 numismata
2933 2952 3118 3021 ipsius,
3141 2962 3190 3009 et
3211 2968 3546 3011 successorum
3566 2952 3725 3021 Augus-

2181 3049 2368 3109 torum,
2392 3057 2507 3112 quia
2524 3050 2725 3110 extant,
2756 3043 2811 3097 id
2831 3045 3200 3103 demonstrant.
3221 3044 3408 3101 Adltuc
3432 3044 3620 3111 insuper
3636 3056 3724 3094 amt

482 3159 502 3195 ι
523 3144 592 3196 At
616 3156 739 3196 cum
769 3146 894 3194 ante
921 3153 1090 3214 annos
1114 3137 1284 3195 ferme
1306 3134 1840 3207 inradringentos,vel
1866 3149 1937 3199 eu
1959 3151 2074 3195 ain-
2099 3146 2145 3210 C
2178 3144 2355 3189 auctor
2381 3133 2435 3189 in
2464 3151 2697 3191 sermone
2724 3136 2788 3193 de
2817 3136 3005 3207 Spirit.
3031 3137 3223 3209 redi/ie.
3260 3138 3451 3194 Domus
3482 3135 3567 3190 Dei
3613 3132 3725 3196 vim

478 3235 621 3304 plius
638 3231 1012 3304 Apostolicnm
1037 3232 1139 3288 hoc
1160 3243 1416 3303 operetur
1436 3229 1674 3286 edictum
1707 3247 1726 3281 ι
1764 3226 1903 3302 (Non
1930 3229 2074 3291 enim

479 3343 511 3387 a
532 3326 731 3384 Christi
761 3336 884 3383 ortu
909 3367 927 3395 ,
950 3335 1008 3382 ut
1034 3335 1118 3381 est
1144 3324 1286 3396 apud
1312 3324 1527 3380 Sixtum
1559 3322 1890 3388 Senensem,
1923 3321 2018 3378 sed
2049 3336 2081 3375 a

480 3421 680 3492 scripta
710 3418 950 3490 EpiStola
991 3419 1168 3491 prima
1207 3419 1275 3475 ad
1317 3416 1631 3477 Corinthios
1661 3415 2083 3487 quadringentos

480 3527 652 3567 annos
676 3551 694 3579 ,
726 3519 782 3566 et
819 3511 1051 3582 amplius
1095 3511 1401 3567 excurrisse
1437 3509 1568 3572 dicit
1597 3509 1846 3578 Auctor),
1874 3516 2082 3565 certum

487 3603 724 3668 videtur,
758 3612 816 3658 ut
844 3604 1027 3660 Sixtus
1047 3603 1324 3675 observat,
1356 3603 1499 3661 hunc
1518 3601 1838 3659 Sermonem
1870 3608 2082 3666 tempoo

485 3695 635 3752 ribus
659 3693 927 3764 Gallieni,
960 3696 1059 3752 sub
1104 3711 1213 3767 quo
1244 3695 1559 3768 Martyrium
1598 3682 1830 3761 subiisse
1856 3692 2086 3750 traditur

485 3789 542 3845 S.
576 3788 723 3843 Zeno
748 3828 763 3855 ,
791 3791 1084 3845 convenire
1116 3806 1220 3843 non
1252 3804 1433 3858 posse.
1458 3789 1529 3843 At
1547 3790 1684 3844 hanc
1709 3786 2084 3843 difﬁcultatem

480 3882 701 3945 sustulit
744 3881 1218 3941 Eminentissitttus
1245 3882 1508 3939 Barouins
1550 3881 1607 3949 in
1629 3881 1771 3938 notis
1798 3881 1864 3935 ad
1892 3881 2088 3952 Marty-

485 3977 752 4048 rologium
794 3976 1093 4035 Romanum
1124 3975 1449 4033 duodecima
1474 3975 1708 4047 Aprilis,
1739 3972 1893 4043 cujus
1924 3975 2087 4033 verba

490 4074 580 4131 hic
606 4071 812 4133 referre
833 4088 940 4127 non
964 4072 1159 4142 pigeat.
1188 4070 1337 4140 Quod
1359 4086 1478 4125 vero
1499 4071 1566 4126 ad
1586 4070 1646 4126 S.
1671 4068 1927 4127 Zenonem
1950 4083 2089 4124 utar-

487 4177 647 4240 lyrem
668 4177 894 4238 spectat,
920 4181 1093 4222 errare
1121 4174 1253 4223 certe
1290 4165 1366 4223 illi
1389 4164 1535 4220 nobis
1560 4165 1795 4219 uidentur
1819 4164 1905 4235 qui
1931 4177 2090 4216 unum

485 4269 765 4319 asserentes
808 4259 1064 4321 Zenonem
1111 4276 1226 4315 eum
1272 4258 1528 4317 Ambrosii
1555 4257 1866 4328 temporibus
1906 4259 2092 4315 uicisse

491 4352 666 4409 volunt
688 4392 703 4417 ,
735 4367 889 4421 eaque
912 4350 1234 4422 potissimum
1276 4352 1441 4407 innixi
1474 4352 1704 4418 ratione,
1734 4351 1871 4419 quod
1910 4359 2092 4415 auctor

488 4449 545 4503 iu
574 4448 807 4505 oratione
833 4449 896 4502 de
946 4448 1192 4518 pudicitia
1219 4446 1371 4521 (alios
1401 4446 1466 4503 de
1501 4444 1843 4517 continentia)
1862 4453 2091 4500 numeret

2184 3226 2499 3282 demonstrat
2529 3244 2586 3287 eo
2614 3238 2840 3297 tempore
2864 3232 3068 3289 nullum
3090 3229 3385 3301 Templum,
3407 3240 3489 3284 aut
3507 3242 3726 3299 parum:

2184 3321 2345 3391 fuisse
2372 3334 2615 3390 erectum,
2646 3326 2783 3395 quod
2808 3336 2980 3398 posset
3004 3327 3244 3397 componi
3287 3343 3402 3381 cum
3429 3323 3605 3381 adibus
3629 3320 3726 3375 ldo-

2184 3415 2385 3477 lorum:
2408 3433 2622 3488 prorsus
2647 3419 2923 3489 signiﬁcat,
2954 3436 3011 3474 se
3045 3428 3169 3474 ante
3206 3417 3518 3475 Constantini
3540 3425 3727 3481 ternpora

2185 3514 2433 3573 claruisse
2460 3556 2477 3581 ,
2519 3516 2672 3585 cujus
2714 3530 2873 3583 opera
2901 3524 3093 3571 certum
3130 3524 3232 3580 est,
3258 3524 3365 3570 tam
3406 3516 3458 3570 in
3504 3510 3727 3568 Occidente

2188 3607 2497 3679 (pratorum
2521 3605 2724 3682 Roma)
2748 3625 2901 3680 quam
2925 3609 2981 3663 in
3013 3608 3241 3675 Oriente,
3276 3620 3334 3664 ut
3362 3603 3724 3676 Hierosolynil.

2191 3703 2513 3761 Autleiochia
2537 3714 2583 3757 et
2612 3700 3078 3774 Constantinopoli,
3106 3703 3333 3773 aliisque
3366 3702 3419 3758 iu
3442 3701 3555 3756 locis
3579 3708 3728 3767 auget-

2188 3797 2414 3852 tissimas
2444 3806 2637 3851 erectas
2660 3812 2770 3852 esse
2796 3796 3070 3853 Basilicas.
3098 3797 3204 3852 llas
3229 3792 3625 3853 Eminentissimi
3650 3789 3727 3843 lis-

2192 3890 2329 3945 ronii
2358 3890 2769 3947 observationes
2788 3890 2981 3946 leviter
3004 3890 3301 3946 admodum
3323 3888 3590 3957 infringere
3604 3883 3729 3938 stulct

2189 3984 2551 4041 Comhellsius
2590 3985 2645 4040 in
2691 3984 2898 4054 judicio
2944 3997 3225 4042 auctorum
3271 3998 3409 4056 quos
3441 3985 3657 4039 recenset
3690 3978 3729 4029 ιιι

2194 4079 2369 4148 primo
2399 4089 2544 4133 tonio
2568 4094 2682 4133 sine
2706 4077 3058 4136 Bibliotheca:
3077 4081 3495 4136 cnncionatorite
3515 4077 3575 4133 de
3590 4075 3637 4131 6.
3655 4071 3729 4125 Ζε-

2193 4190 2335 4229 none
2379 4188 2577 4244 agens;
2620 4171 2754 4229 nihil
2797 4173 2942 4229 aliud
2981 4183 3320 4231 coiitra'eas
3356 4173 3570 4230 aﬂ'ercns
3605 4178 3729 4240 quam

2195 4267 2312 4323 haec
2333 4268 2499 4323 verba
2524 4283 2537 4319 :
2568 4266 2636 4322 Ut
2659 4283 2761 4322 non
2780 4268 2847 4322 sit
2874 4283 3077 4322 necesse
3097 4268 3237 4323 adea
3247 4283 3527 4329 recurrere,
3548 4278 3642 4333 qua
3653 4258 3730 4313 Bo-

2193 4362 2394 4426 ronius,
2420 4371 2474 4416 ut
2501 4360 2647 4415 illam
2670 4361 2787 4415 uoci
2812 4359 3175 4434 Martyrologii
3196 4362 3293 4416 sub
3314 4360 3538 4417 Gallieno
3553 4352 3731 4411 Zenonis

2193 4454 2444 4523 epochaus
2465 4464 2688 4509 tueatur.
2712 4454 2865 4521 Quod
2890 4456 2941 4510 si
2962 4454 3156 4511 saltem
3181 4456 3262 4510 vel
3281 4454 3498 4511 summis
3516 4451 3646 4505 labiis
3661 4456 3730 4499 eas

491 4541 554 4596 ab
571 4540 801 4612 Apastoli
828 4540 984 4595 Pauli
1004 4541 1070 4595 ad
1096 4540 1386 4596 Corinthios
1409 4540 1628 4611 primum
1650 4538 1913 4595 scribentis
1962 4536 2091 4606 Epi-
2118 4552 2168 4612 ι)
2193 4549 2461 4619 attigisset
2482 4587 2497 4614 ,
2520 4548 2672 4603 "uno
2698 4555 2855 4619 pacm
2872 4547 3101 4604 dixisset
3128 4548 3415 4603 Βυτοιιίυηι
3442 4545 3501 4599 ad
3526 4539 3729 4598 tuendam

488 4634 676 4693 stolam
698 4642 922 4699 (corpore
943 4648 1108 4686 annos
1128 4629 1311 4704 (utait)
1333 4633 1491 4704 ferme
1512 4630 1934 4703 quadringentos.
1958 4639 2005 4685 et
2032 4645 2092 4684 eo

493 4725 741 4790 antplius.
770 4724 915 4783 Certe
941 4727 985 4782 si
1009 4728 1122 4796 quis
1150 4738 1374 4782 numeret
1400 4742 1564 4781 annos
1602 4726 2001 4797 quadringentos
2029 4723 2093 4779 ab

491 4838 627 4877 anno
657 4820 865 4879 Domini
903 4820 1322 4891 quinquagesimo
1356 4820 1603 4887 septimo,
1632 4835 1733 4890 quo
1763 4819 1907 4877 illam
1930 4832 2039 4872 esse
2063 4835 2096 4873 a

494 4915 663 4973 Paulo
679 4916 926 4988 scriptam
950 4915 1235 4986 Epistolam
1258 4916 1310 4975 in
1328 4914 1597 4971 annalibus
1617 4912 2093 4979 demonstrauimus,

497 5012 718 5083 Oportuit
745 5021 1007 5075 auctorem
1054 5024 1233 5067 eorum
1262 5008 1527 5076 scripsisse
1554 5022 1691 5063 anno
1728 5004 1941 5073 Domi-ni
1968 5020 2100 5075 qua-

496 5105 890 5177 dringentesimo
909 5105 1326 5178 quinquagesimo
1346 5102 1560 5171 septimo
1584 5117 1602 5168 ;
1624 5110 1738 5173 post
1764 5099 1956 5157 obitum
1979 5114 2099 5155 vero

495 5200 777 5269 Ambrosii,
807 5200 896 5270 qui
925 5199 1001 5269 (ut
1029 5198 1177 5253 habet
1210 5195 1548 5252 Marcellinus
1588 5196 1641 5249 iu
1669 5191 1946 5265 Chronico)
1974 5192 2105 5249 obiit

497 5314 634 5353 antro
680 5294 891 5350 Domini
930 5293 1282 5351 trecentesimo
1309 5291 1641 5364 nonagesimo
1665 5290 1924 5361 septima,
1952 5289 2102 5349 minis

499 5392 791 5462 sexaginta.
839 5386 1184 5456 Quamobrem
1227 5403 1346 5447 cum
1383 5387 1477 5443 illa
1511 5385 1713 5441 numeri
1733 5393 1855 5443 uota
1880 5382 2013 5452 neci
2043 5390 2100 5441 ut

382 5488 401 5501 ’
498 5484 698 5557 uolunt)
732 5484 983 5540 Ambrosii
1021 5481 1329 5552 temporibus
1374 5481 1545 5551 aptari
1575 5479 1737 5550 possit
1758 5519 1773 5543 ,
1803 5476 2099 5539 mendosum

498 5599 609 5638 esse
638 5581 889 5638 nentinem
926 5588 1050 5648 puto
1067 5580 1191 5651 jure
1227 5592 1376 5649 posse
1410 5590 1612 5645 negaro.
1646 5572 1752 5631 Sed
1793 5571 1875 5625 his
1904 5570 2100 5631 accedit

498 5678 636 5751 quod
664 5676 786 5734 dum
814 5685 994 5733 auctor
1017 5675 1071 5731 in
1103 5674 1278 5731 eodem
1303 5683 1535 5729 sermons
1562 5665 1811 5723 inuehitur
1838 5663 2101 5723 uehemen-

508 5795 589 5841 ter
612 5784 665 5839 in
687 5783 942 5856 lenitatis,
965 5799 1081 5857 quis:
1107 5778 1377 5856 gentilibus
1396 5779 1612 5847 nubunt,
1646 5774 1773 5849 dum
1789 5767 2105 5848 apertissime

2202 4642 2571 4713 Martyrologii
2586 4635 2993 4713 novi'epocham
3022 4644 3295 4698 incassum
3317 4643 3586 4698 laborasse.
3603 4628 3730 4702 Quasi

2201 4751 2400 4791 novum
2420 4736 2861 4810 Martyrologium
2882 4735 3129 4792 confictis
3146 4746 3304 4807 egeas
3324 4732 3598 4792 rationibus
3614 4734 3729 4783 sum

2199 4831 2270 4889 ad
2298 4829 2554 4888 tuendam
2580 4830 2977 4888 auctoritatem.

2827 4966 3057 5041 CAPUT
3100 4969 3165 5027 ιτ.

2343 5087 2664 5145 Tillemontii
2695 5103 2895 5143 errores
2924 5088 2976 5140 in
3016 5083 3375 5159 redarguendo
3399 5075 3619 5137 Boronio.

2272 5201 2485 5258 Acrinri
2531 5216 2663 5256 sane
2689 5199 2898 5263 calamo
2922 5206 3110 5271 contra
3137 5197 3419 5253 Baronium
3442 5190 3589 5245 utitur
3606 5177 3730 5271 Tillc-

2204 5298 2443 5353 montius
2468 5295 2489 5369 (
2518 5293 2656 5349 Nota
2705 5292 2770 5360 6,
2802 5308 2858 5346 tv
2889 5301 3012 5344 tom.
3055 5268 3119 5344 de
3164 5296 3404 5358 persecat.
3437 5273 3659 5338 Valeritwi
3678 5268 3726 5369 lt

2204 5390 2357 5464 quasi
2401 5367 2585 5446 labore
2627 5386 2801 5442 inutili
2851 5385 2988 5441 levia
3039 5382 3410 5454 congesserit,
3441 5367 3728 5468 utassercrel

2207 5463 2265 5543 S.
2309 5486 2583 5540 Zenonem
2614 5494 2892 5537 auctorem
2932 5493 3243 5535 sermonum
3285 5476 3351 5531 de
3378 5471 3550 5544 quibus
3571 5463 3725 5528 agitur-

2207 5578 2369 5637 Gerte
2390 5578 2630 5648 quidem,
2659 5584 2713 5630 et
2742 5577 2857 5643 ipse
2880 5572 3143 5630 Baronitts
3173 5570 3368 5626 fatetur
3392 5561 3620 5622 eosinter
3640 5562 3727 5648 scr-

2212 5640 2422 5739 mones,
2456 5668 2550 5742 qui
2582 5640 2907 5741 vulgo-Divo
2926 5664 3132 5723 Zenoni
3173 5663 3501 5721 tribuuntur,
3521 5640 3725 5721 (Illﬂslhm

2208 5784 2351 5843 esse.
2373 5782 2606 5844 quorum
2631 5766 2863 5841 ipsemet
2877 5762 2941 5833 Β.
2974 5759 3173 5843 praesul
3192 5772 3304 5827 nos
3323 5763 3401 5821 est
3419 5753 3595 5821 sum.
3622 5744 3726 5814 rw
