3902 6324
157 299 243 356 605

1283 293 1371 350 DE
1411 287 1847 350 SBRllthlBUS
1885 290 2124 349 SANCTI
2166 294 2475 354 ZENONIS.

3335 296 3439 353 006

156 419 290 486 cipue
334 412 422 468 ubi
465 422 656 467 COllll'il
704 413 935 468 Atlantis
981 411 1192 482 agitur,
1246 412 1316 464 de
1356 411 1549 481 quibus
1600 409 1738 464 infra
1766 415 1815 476 Α
1846 421 1971 465 tunc
2021 414 2277 481 temporis
2321 413 2588 472 ldolerum
2624 415 2820 486 templa
2852 417 3020 471 fuisse
3076 417 3332 486 patentia,
3382 430 3442 468 ac

157 509 485 564 tractabimus
514 507 656 580 (cap.
687 507 764 578 ’t).
799 507 867 570 At
911 517 967 562 ut
993 507 1260 572 vidimus,
1288 523 1393 562 non
1442 513 1526 562 est
1550 521 1648 559 cur
1671 520 1739 559 ex

157 604 318 676 paucis
341 603 574 656 aliorum
593 602 936 660 sermonibus
965 603 1105 658 inter
1128 614 1412 657 sermones
1463 599 1522 653 ὓ.
1565 598 1738 654 Zeno-

155 699 223 754 nis
259 695 838 763 atlntixtis,sermones
883 695 1119 765 reliquos
1165 695 1224 750 S.
1268 692 1478 750 Zenoni
1517 693 1742 747 minime

155 792 459 847 tribuamus.
514 789 742 844 Fallitur
764 790 946 858 itaque
973 788 1373 853 Tilleutontius,
1406 788 1582 859 primo
1612 786 1742 842 dum

156 883 331 938 asserit
359 881 657 948 Baronium
695 881 807 936 Suis
848 881 901 937 in
944 880 1233 938 annalibus
1276 880 1480 935 nullam
1511 878 1743 934 mentio-

155 994 258 1038 nent
288 977 358 1036 de
391 978 448 1032 S.
467 976 704 1041 Zenone,
738 991 909 1047 neque
929 975 996 1030 de
1022 975 1138 1046 ejus
1157 974 1497 1030 seruiuitihus
1519 972 1738 1028 fet-isse:

156 1086 259 1124 ram
291 1078 418 1124 ante
444 1071 675 1137 primum
720 1068 918 1125 Christi
945 1084 1142 1123 annuat
1173 1077 1422 1123 recenset
1448 1065 1736 1138 quemdam

156 1179 450 1228 sermonem
485 1162 544 1216 υ.
571 1161 805 1217 Zenonis
836 1161 903 1217 de
931 1161 1238 1227 Natit'itate,
1263 1176 1422 1231 quem
1455 1160 1586 1216 dicit
1613 1174 1745 1214 sex-

158 1269 288 1322 tum,
312 1271 436 1309 cum
478 1255 621 1310 idem
647 1255 698 1309 in
721 1254 958 1310 editione
1002 1254 1290 1310 Parisiensi
1319 1253 1373 1308 in
1420 1252 1742 1308 bibliotheca

158 1349 248 1406 PP.
281 1348 412 1403 anni
445 1346 584 1403 1624
617 1348 686 1403 sit
729 1348 1036 1411 secundus,
1067 1348 1155 1401 ubi
1188 1362 1306 1417 qua:
1343 1345 1413 1401 de
1450 1345 1748 1404 obstetrice

156 1441 420 1504 incredula
452 1440 707 1497 dicuntur
752 1455 818 1496 ex
844 1440 1171 1512 apocry-phis
1191 1434 1402 1510 sumpta
1425 1453 1548 1494 esse
1573 1445 1740 1492 notat.

157 1536 223 1593 De
256 1536 360 1590 hac
396 1544 578 1590 tamen
607 1535 900 1590 obstetrice
933 1535 986 1590 in
1037 1533 1288 1603 praedicta
1329 1532 1569 1589 editione
1612 1534 1744 1590 nihil

155 1631 354 1700 legitur.
396 1629 453 1686 In
488 1627 590 1684 hoc
623 1643 754 1684 vero
793 1643 894 1684 IIIS.
938 1627 1272 1693 Pistoriensi,
1303 1642 1428 1696 quae
1454 1627 1523 1682 de
1563 1628 1748 1682 obste-

156 1725 440 1778 tricenotat
467 1723 729 1777 Baronius
760 1720 1126 1791 reperiuntur.
1156 1721 1462 1790 Antiquiori
1521 1720 1742 1776 forsitan

1843 506 2088 562 victimas
2116 507 2382 563 immolari
2408 511 2615 575 solitas,
2667 511 2955 566 manifesto
2999 511 3296 575 concludit,
3346 509 3450 565 hoc

1843 607 2057 668 tempus
2087 600 2308 656 minime
2339 604 2634 658 convenire
2669 619 2828 673 posse
2851 605 3261 675 quadringentis
3287 603 3449 658 annis

1843 693 1896 748 in
1962 693 2152 749 eodem
2201 709 2456 752 sermone
2508 702 2800 768 expressis.
2875 699 3159 767 Quomodo
3212 714 3449 767 namque

1842 785 2038 842 clarius
2067 787 2425 845 demonstrari
2461 801 2670 860 poterat
2697 808 2884 860 error,
2935 809 3096 864 quam
3129 809 3192 850 ex
3243 792 3444 848 eodem

1842 881 2109 937 sermonis
2132 884 2432 940 contextu?
2465 884 2534 940 Ut
2562 901 2690 940 vero
2720 887 3024 942 evidentius
3047 897 3224 958 pateat
3269 887 3440 941 Tillc-

1847 976 2109 1031 montium
2160 978 2348 1048 nugari
2401 981 2577 1049 potius
2625 994 2784 1048 quam
2817 979 3107 1034 Baronium
3140 979 3443 1051 reprehen-

1844 1069 1974 1126 dere
2000 1113 2014 1135 ,
2051 1071 2293 1139 ejusdem
2333 1075 2606 1128 sermonis
2657 1074 2816 1128 verba
2866 1075 3243 1144 proferamus:
3303 1073 3446 1142 Quid

1844 1163 1982 1232 quod
2005 1163 2149 1218 illius
2185 1163 2523 1232 Sacri/icium
2575 1167 2714 1239 (viri
2740 1166 2979 1240 gentilis)
3033 1166 3296 1234 publicum
3325 1177 3400 1221 est
3426 1207 3439 1230 ,

1847 1267 1990 1311 tuum
2019 1256 2230 1328 (uxoris
2277 1258 2624 1330 Christiana!)
2653 1270 2920 1315 secretum.
2959 1260 3111 1315 Illius
3143 1277 3175 1313 a
3222 1259 3448 1330 quolibet

1848 1349 2004 1405 libere
2031 1355 2241 1405 tractari
2272 1361 2438 1422 potest
2462 1369 2479 1414 ;
2507 1362 2651 1405 tuum
2671 1354 2825 1406 etiam
2854 1369 2886 1406 a
2903 1352 3216 1406 Christianis
3238 1352 3448 1404 minime

1845 1445 2156 1510 coitsecrari,
2187 1445 2298 1498 sine
2322 1445 2591 1516 sacrilegio
2635 1446 2792 1499 videri
2815 1455 3000 1516 potest.
3056 1444 3182 1499 Hinc
3231 1443 3449 1514 quidem

1848 1537 2008 1592 verba
2063 1553 2171 1592 non
2227 1536 2294 1592 de
2343 1538 2523 1593 cultus
2571 1536 2874 1593 diﬁ‘ercntia
2927 1538 3018 1608 (ut
3064 1537 3446 1592 Titlemontius

1848 1629 2046 1703 putat),
2070 1632 2166 1687 sed
2198 1631 2268 1687 de
2290 1633 2468 1687 cultus
2496 1633 2786 1689 exercendi
2820 1634 3074 1688 libertate
3103 1647 3223 1688 esse
3253 1633 3446 1688 intelli—

1848 1725 2022 1793 genda
2051 1741 2117 1780 es
2150 1725 2268 1795 ipso
2297 1735 2559 1781 contextu
2583 1735 2748 1795 patet.
2786 1726 2948 1780 Divus
2989 1727 3132 1781 enim
3179 1725 3328 1781 Zeno
3361 1725 3448 1779 hic

156 1827 201 1871 et
237 1815 558 1872 correctiori
610 1815 946 1885 autographa
1011 1813 1260 1871 Perettns
1318 1823 1372 1869 et
1419 1816 1635 1884 Bagatta
1691 1817 1742 1870 in
1777 1807 1822 1867 Β
1848 1819 1955 1889 agit
1984 1818 2053 1873 de
2081 1819 2490 1889 impedimento,
2514 1819 2656 1890 quod
2679 1821 2836 1875 uxori
2871 1822 3113 1889 provenit
3141 1836 3206 1876 ex
3237 1836 3445 1875 connu-

154 1909 368 1971 cdendis
395 1909 656 1978 operibus
674 1910 731 1964 S.
759 1908 996 1964 Zenonis
1018 1910 1098 1964 usi
1129 1919 1274 1962 sunt.
1300 1908 1432 1962 Item
1449 1907 1514 1962 ad
1545 1924 1743 1964 annum

155 2001 340 2056 Christi
374 2002 470 2070 47,
521 2001 784 2063 Baronius
828 2017 893 2057 ex
928 2016 1179 2056 sermone
1219 2001 1273 2056 S.
1311 2000 1548 2056 Zenonis
1575 2001 1641 2056 de
1681 2003 1747 2057 ti—

156 2112 291 2162 more
315 2095 608 2158 couﬁrntat
630 2095 688 2150 S.
714 2095 970 2151 'l‘heclam
993 2095 1179 2150 bestiis
1197 2094 1556 2165 simulctigne
1581 2093 1749 2152 fuisse

155 2191 476 2254 damnatam.
527 2188 594 2246 Et
641 2202 783 2248 anno
827 2187 954 2252 589,
982 2188 1299 2242 miraculum
1349 2197 1572 2255 narrat,
1603 2189 1746 2258 quod

157 2293 256 2344 tum
280 2283 534 2353 contigit,
562 2297 686 2340 cum
716 2281 901 2338 Athesi
927 2279 1092 2338 ﬂuvio
1133 2280 1446 2345 inundante,
1476 2290 1531 2336 et
1577 2281 1642 2336 ad
1674 2281 1750 2335 fc-

156 2389 355 2438 ne5tras
385 2377 635 2436 ecclesia:
665 2377 723 2432 S.
749 2375 984 2436 Zenonis
1012 2375 1264 2446 martyris
1293 2383 1454 2444 atque
1474 2374 1752 2430 Pontiﬁcis

157 2481 501 2537 excresccnte
538 2479 746 2528 stantes
773 2485 872 2539 pro
899 2468 1104 2526 foribus
1145 2468 1347 2537 apertis
1376 2483 1527 2536 aqum
1574 2469 1752 2524 eccle-

155 2567 273 2620 siam
307 2579 422 2624 non
468 2563 820 2626 introierunt.
871 2560 1025 2629 Quod
1058 2561 1321 2617 Baronius
1343 2561 1412 2616 de
1452 2559 1508 2614 S.
1536 2560 1756 2616 Zenone

155 2659 204 2714 in
225 2659 514 2724 annalibus
535 2674 602 2714 ex
635 2655 881 2726 professo
907 2671 1014 2712 non
1044 2657 1234 2726 egerit,
1265 2670 1449 2710 nonea
1477 2665 1561 2711 est
1587 2655 1750 2722 ratio,

156 2752 284 2822 quod
315 2751 394 2809 nil
419 2751 580 2810 solidi
609 2749 676 2810 de
706 2765 771 2806 eo
799 2749 1141 2820 exploratum
1172 2749 1441 2816 habuerit,
1479 2759 1536 2803 ut
1580 2748 1753 2807 Tille-

155 2849 388 2916 manlius
417 2857 604 2918 putat,
631 2847 728 2912 sed
755 2845 896 2918 quod
923 2846 1006 2900 sui
1038 2862 1144 2900 non
1176 2853 1294 2901 erat
1321 2845 1549 2900 instituti
1577 2848 1755 2914 priva-

156 2951 318 2996 tarum
369 2940 726 3002 ecclesiarum
772 2953 866 2996 res
895 2938 1171 3009 prosequi,
1208 2947 1266 2991 ut
1313 2937 1454 2994 idem
1494 2938 1758 2994 Baronius

155 3035 214 3092 ad
231 3033 664 3094 annuutChr-isti
692 3034 761 3089 75
792 3041 1038 3088 testatur.

221 3131 458 3186 Fallitur
510 3129 676 3185 etiam
707 3128 1110 3193 Tillemontius,
1140 3125 1271 3188 dum
1297 3126 1436 3182 dicit
1462 3126 1760 3196 antiquitus

1847 1909 1938 1966 hio
1966 1926 2092 1972 cum
2115 1912 2302 1981 gentili
2330 1901 2475 1967 circa
2498 1913 2816 1969 exercitium
2871 1925 2926 1970 et
2973 1913 3276 1969 libertatein
3306 1913 3454 1968 Reli-

1847 2003 2025 2074 gionis
2047 2019 2214 2074 quare
2245 2007 2391 2074 prius
2421 2006 2531 2076 agit
2561 2007 2606 2060 si
2649 2005 2839 2061 eodem
2869 2005 2958 2061 die
2985 2007 3284 2075 contingat,
3314 2015 3366 2059 et
3398 2006 3449 2059 in

1849 2095 2117 2162 Ecclesia,
2149 2107 2203 2152 et
2231 2101 2280 2152 in
2305 2098 2452 2154 Fano
2479 2099 2612 2154 fesra
2640 2100 2926 2159 celebrari.
2949 2099 3024 2154 lta
3041 2109 3165 2153 ante
3190 2099 3447 2170 praedicta

1851 2190 2012 2248 verba
2037 2209 2048 2245 :
2085 2191 2444 2264 Proponamus
2472 2195 2646 2264 itaque
2671 2204 2728 2247 ut
2755 2209 2892 2262 sirpe
2916 2193 3166 2264 contingit
3204 2193 3257 2246 in
3285 2208 3447 2245 unum

1850 2286 2048 2342 sibimet
2097 2289 2366 2343 cortttertire
2397 2289 2554 2354 diem,
2584 2305 2685 2358 quo
2712 2288 2802 2343 tibi
2818 2287 3073 2353 Ecclesia,
3107 2287 3186 2341 illi
3215 2286 3455 2340 adeunda

1848 2381 1950 2434 sint
1978 2383 2186 2452 templa.
2226 2381 2359 2436 Tum
2413 2381 2562 2436 addit
2606 2381 2752 2436 aliud
2808 2382 3252 2451 impedimentum
3303 2381 3447 2450 quod

1850 2476 2026 2532 cultus
2053 2476 2330 2545 gentilium
2354 2476 2522 2531 libere
2568 2485 2622 2530 et
2648 2476 2863 2545 publice
2886 2484 3203 2532 exerceatur
3227 2491 3239 2528 :
3269 2471 3456 2528 Chris-

1856 2570 2126 2624 tianorum
2153 2583 2284 2624 vero
2312 2577 2547 2634 secreto,
2591 2576 2648 2625 et
2669 2577 2860 2624 eotttra
2893 2569 3102 2638 jussum
3147 2568 3450 2636 imperato-

1854 2679 1994 2724 rnm,
2047 2663 2274 2733 ideoque
2321 2662 2454 2717 dicit
2509 2678 2684 2732 neque
2731 2662 3054 2732 permissum
3135 2659 3462 2714 Christianis

1809 2768 1821 2779 ‘
1855 2756 1974 2812 sine
2014 2757 2300 2824 sacrilegio
2335 2756 2521 2812 videre
2561 2755 2870 2810 consecrari
2928 2753 3290 2820 sacriﬁcium,
3341 2752 3460 2807 sine

1855 2849 2160 2921 sacrilegio,
2187 2851 2420 2920 inquam,
2451 2850 2573 2919 quia
2598 2849 2672 2916 hi,
2707 2850 2796 2919 qui
2841 2850 3010 2903 sacris
3030 2847 3460 2902 Christianorum

1859 2947 2176 3010 intererant,
2236 2944 2360 3000 licet
2403 2943 2729 3009 Christiani,
2787 2953 2963 2999 tamen
3021 2951 3078 2997 ιιι
3121 2941 3364 3012 sacrilegi
3410 2948 3466 2995 et

1857 3037 2091 3093 Deorum
2116 3045 2541 3106 contemptores,
2574 3035 2968 3106 plectebantur.
3004 3032 3172 3088 Tuum
3227 3034 3378 3086 etiam
3429 3050 3461 3086 α

1859 3132 2168 3190 Christianis
2211 3133 2418 3185 minime
2465 3133 2752 3185 consecrari
2798 3131 2908 3183 sine
2981 3127 3262 3200 sacrilegio
3303 3126 3467 3180 videri

157 3225 275 3282 Salis
337 3210 582 3282 Clcricis
636 3223 958 3294 Permissum
1013 3237 1134 3278 esse
1179 3221 1364 3278 Videre
1429 3219 1756 3284 Sacriﬁtﬁllm
1787 3202 1833 3266 Ο
1865 3238 2050 3300 potest.
2083 3230 2191 3308 Cur
2229 3243 2358 3294 ergo
2389 3225 2766 3281 Tilletnontins
2799 3224 2916 3278 lucc
2956 3223 3120 3278 verba
3168 3222 3462 3290 depravat,

162 3317 346 3383 Μίδεω,
407 3332 517 3373 non
547 3327 730 3374 antem
775 3316 996 3386 reliquis
1020 3313 1363 3372 Christianis.
1423 3315 1560 3380 Quid
1607 3315 1752 3369 enim

157 3415 250 3468 hoc
268 3410 562 3468 absurdius
592 3408 860 3465 excidisse
906 3409 1078 3479 potuit
1127 3409 1331 3466 homini
1384 3409 1434 3462 in
1479 3408 1755 3464 Ecclesia.

156 3505 276 3562 stica
309 3504 540 3560 historia
578 3513 792 3562 versato
825 3519 836 3554 :
866 3518 990 3556 cum
1035 3501 1152 3556 luce
1183 3501 1481 3557 meridiana
1517 3502 1586 3556 sit
1629 3503 1756 3556 cla-

153 3598 256 3654 lius
312 3598 466 3670 quod
522 3596 998 3660 exetuutnunicati,
1055 3594 1430 3652 catechumeni
1480 3604 1534 3651 et
1583 3595 1754 3664 paeni-

159 3704 318 3748 tentes
345 3692 531 3746 Missae
586 3689 854 3757 sacriﬁcio
906 3689 1172 3748 interesse
1219 3690 1378 3745 unice
1422 3698 1752 3746 vetarentur.

155 3783 276 3838 Nam
305 3783 459 3855 quod
502 3782 654 3842 addit
696 3783 764 3840 de
803 3782 1069 3840 velamine
1114 3796 1373 3850 expanso,
1415 3780 1558 3850 quod
1603 3781 1754 3836 laicis

158 3874 548 3946 impediebatur
574 3872 904 3934 sacriﬁcium
932 3873 1107 3928 Missa:
1149 3872 1351 3936 videre,
1402 3872 1462 3927 id
1491 3889 1594 3926 non
1651 3872 1756 3928 Ec-

157 3970 323 4024 clesiae
355 3967 723 4030 Occidentali,
762 3975 819 4020 ut
840 3966 956 4034 ipse
985 3963 1120 4024 falso
1140 3972 1403 4028 autumat,
1433 3963 1530 4020 sed
1561 3964 1757 4019 Orien-

158 4065 236 4117 tali
267 4064 521 4131 solemne
549 4060 665 4126 fuit.
711 4059 768 4123 In
818 4059 1060 4118 Ecclesia
1117 4073 1350 4128 namque
1390 4057 1754 4123 Occidentali,

157 4169 202 4218 et
229 4161 506 4230 praecipue
536 4156 748 4222 Romae,
783 4154 945 4218 nullis
970 4154 1328 4210 velaminibus
1381 4152 1640 4208 adhibitis
1669 4166 1756 4207 sa-

159 4269 240 4310 cra
283 4252 713 4310 celebrabantur
739 4289 752 4312 ,
783 4256 971 4304 contra
996 4263 1201 4303 morem
1234 4246 1754 4312 Valentinianorum,

159 4362 380 4419 quorum
441 4360 604 4406 sacra
642 4344 697 4402 in
753 4341 938 4399 abdito
999 4341 1220 4404 ﬁebant.
1269 4341 1346 4398 Ita
1394 4341 1657 4400 Baronius
1688 4340 1754 4402 ad

158 4457 348 4506 annum
381 4439 596 4506 Christi
627 4438 732 4500 145
768 4455 780 4491 :
818 4456 837 4493 ι
877 4437 1014 4492 Hinc
1049 4451 1262 4508 quoque
1299 4435 1568 4492 accidisse
1597 4445 1752 4504 putas

158 4553 288 4604 ﬂlllS,
323 4547 382 4598 ut
413 4539 610 4594 Romae
640 4536 732 4590 ulti
784 4533 1102 4592 Valentinus
1126 4531 1220 4587 diu
1250 4541 1497 4588 versatus
1515 4538 1620 4594 est,
1665 4543 1758 4584 ne.-

1856 3331 1911 3376 el
1939 3321 2284 3391 Sacrilegiutn
2316 3318 2368 3373 in
2427 3317 2754 3372 Christianis
2800 3315 2972 3385 ﬁngit,
3025 3317 3068 3369 si
3112 3315 3237 3367 dum
3282 3311 3461 3366 Missa:

1855 3415 2125 3470 intersunt
2156 3413 2372 3467 videant
2401 3425 2724 3465 consecrare
2756 3408 2780 3461 ‘l
2809 3406 2974 3462 Certe
3004 3407 3046 3461 si
3102 3415 3295 3459 auctor
3337 3417 3454 3456 ser-

1854 3507 2030 3560 monis
2059 3505 2126 3559 de
2156 3504 2482 3558 co-itineutia
2520 3502 2740 3556 vixisset
2770 3497 3191 3570 quadringentos
3248 3506 3302 3548 et
3326 3510 3410 3547 am
3430 3525 3443 3534 -

1857 3601 1996 3672 plius
2055 3613 2225 3653 annos
2282 3606 2401 3666 post
2456 3596 2712 3664 scriptam
2758 3594 2984 3663 primam
3019 3591 3082 3646 ad
3115 3589 3453 3653 Corinthios,

1856 3713 1976 3769 qua!
2005 3697 2151 3764 juxta
2187 3693 2502 3762 Baronium,
2533 3702 2592 3759 ut
2620 3690 2851 3745 vidimus
2903 3691 3055 3762 ((Ῑιψ.
3087 3687 3169 3759 4),
3203 3687 3463 3758 quinqua-

1855 3790 2062 3860 gesimo
2094 3788 2324 3858 septimo
2377 3784 2576 3841 Christi
2625 3799 2767 3838 anno
2812 3783 3011 3852 scripta
3062 3779 3182 3847 fuit,
3235 3779 3461 3833 vixisset

1857 3885 2042 3952 Illique
2073 3892 2313 3952 tempore
2367 3879 2621 3935 Marciani
2685 3887 2777 3932 aut
2809 3876 3005 3932 Leonis
3033 3876 3422 3943 imperatortttn
3443 3910 3458 3934 ,

1857 3976 2086 4032 sedente
2113 3974 2165 4028 in
2195 3974 2438 4029 Romana
2492 3971 2746 4026 cathedra
2793 3969 2851 4024 S.
2897 3968 3076 4023 Leone
3111 3980 3268 4037 papa,
3297 3967 3464 4028 fanno

1856 4067 2383 4139 quadringentesimo
2406 4064 2850 4135 quinquagesimo
2873 4061 3105 4132 septimo
3137 4077 3150 4124 ;
3184 4072 3290 4127 quo
3323 4066 3458 4111 tem-

1857 4176 1990 4232 pore
2023 4169 2172 4215 certe
2197 4173 2302 4213 non
2321 4157 2546 4212 dixisset
2579 4156 2740 4210 ldulis
2771 4153 2979 4224 publice
3003 4150 3265 4206 sacrificia
3293 4148 3410 4202 ﬁeri
3441 4165 3452 4200 :

1856 4255 2194 4311 Christianos
2224 4269 2352 4309 vero
2378 4252 2586 4308 occulte
2609 4265 2758 4305 sacra
2792 4262 3050 4320 peragere
3083 4263 3096 4311 ;
3131 4260 3252 4301 cum
3289 4243 3460 4297 multo

1858 4359 1986 4404 ante
2021 4346 2362 4404 Constantini
2385 4345 2560 4416 Magni
2613 4354 2854 4414 tempora
2912 4342 3030 4412 ipse
3075 4335 3462 4393 'l‘illemontius

1861 4443 2032 4516 (Tom.
2065 4459 2118 4496 ιν
2152 4441 2290 4495 Hist.
2325 4439 2463 4505 Iinp.
2515 4449 2615 4493 art.
2649 4437 2718 4494 54
2747 4436 2764 4508 )
2815 4444 3002 4491 narret
3051 4432 3253 4503 templa
3294 4429 3471 4485 idolo-

1859 4553 1979 4592 rum
2010 4538 2213 4601 clausa,
2248 4535 2629 4603 publicumque
2686 4530 2996 4586 christiana:
3047 4525 3323 4596 religionis
3351 4523 3468 4576 cnl-

158 4647 418 4702 (lltaquam
455 4632 573 4701 ipsa
613 4643 766 4684 sacra
815 4629 896 4700 (ul
944 4640 1062 4688 nios
1109 4632 1192 4684 est
1245 4625 1298 4678 in
1328 4621 1574 4689 οΐίθιιιθ)
1625 4621 1761 4678 νειίε
1785 4604 1840 4664 D
1867 4640 1976 4685 tum
2007 4638 2378 4700 propagatum.
2414 4626 2604 4681 Mirum
2636 4634 2814 4678 tamen
2868 4631 3066 4692 quanta
3098 4620 3211 4688 ipse
3240 4616 3462 4671 audacia

161 4726 291 4782 inter
321 4724 606 4796 agendum
639 4721 888 4782 obductis
915 4719 1282 4790 operirentur,
1333 4715 1432 4773 sed
1455 4713 1764 4785 patentibus

162 4822 426 4883 omnibus,
458 4835 568 4884 non
599 4826 804 4880 tantum
827 4816 936 4870 diei
966 4816 1106 4880 luce,
1136 4812 1234 4876 sed
1262 4810 1764 4868 luminibusincen—

163 4914 229 4968 sis
273 4913 476 4969 ﬁerent
508 4912 706 4981 ubique
733 4913 875 4968 clara
905 4921 1066 4979 atque
1113 4907 1426 4975 conspicua.
1486 4902 1765 4975 Siquidem

163 5006 284 5062 nihil
315 5007 530 5062 veritas
559 5003 830 5068 erubescit
855 5002 957 5056 nisi
987 4998 1330 5057 solummodo
1368 4997 1628 5058 abscondi
1656 5013 1670 5051 ε
1701 5012 1765 5054 ac

163 5098 379 5168 proinde
430 5113 501 5152 ne
546 5096 725 5168 pansis
766 5095 900 5150 velis
944 5093 1210 5148 occultata
1255 5091 1550 5158 sacriﬁcia,
1597 5091 1766 5146 sacris

167 5194 368 5256 illorum
399 5192 728 5254 viderentur
749 5203 873 5246 esse
896 5187 1112 5249 similia,
1139 5185 1320 5244 omnia
1352 5194 1558 5255 aperta,
1592 5185 1768 5240 omni-

169 5290 366 5359 httSqlle
401 5287 647 5361 patentia
677 5285 929 5339 consulto
958 5284 1205 5337 Romana
1232 5274 1595 5336 Ecclesia‘sua
1619 5295 1766 5352 mys-

169 5385 288 5438 teria
319 5397 448 5438 esse
490 5381 677 5435 voluit.
717 5398 736 5431 ι
795 5377 919 5432 ΙΙτθο
961 5375 1183 5430 adhibet
1236 5384 1538 5428 commenta
1593 5372 1766 5426 Tille-

169 5479 422 5545 momina,
447 5485 514 5531 ut
541 5489 702 5528 unam
724 5488 788 5527 ex
829 5469 1411 5533 animadversionihus,
1457 5477 1512 5522 et
1551 5466 1768 5535 aptissi—

173 5587 304 5624 mam
347 5567 580 5640 quidem
621 5565 837 5620 Baronii
893 5563 1116 5628 eludat,
1183 5579 1287 5633 qua
1333 5576 1578 5616 errorem
1623 5561 1768 5615 circa

170 5677 428 5722 anitorum
494 5674 776 5718 numerum
821 5657 1108 5726 irrepsisse
1171 5655 1526 5718 demonstrat.
1581 5654 1655 5712 Ex
1704 5667 1770 5708 eo

170 5771 396 5828 namque
424 5752 576 5826 quod
605 5761 794 5810 auctor
821 5751 1090 5819 sermonis
1131 5749 1198 5804 de
1222 5751 1566 5808 Continentia
1587 5750 1648 5808 in
1673 5750 1772 5808 τω-

176 5848 340 5922 tninas
369 5845 686 5918 invehatur,
712 5859 836 5922 quac
861 5843 1154 5919 gentilibus
1181 5843 1468 5914 nuberem,
1499 5843 1770 5923 dicatque,

1866 4723 2010 4778 dicat
2034 4720 2186 4776 facile
2207 4719 2338 4775 dilui
2370 4731 2527 4790 posse
2557 4733 2650 4788 per
2676 4715 2966 4773 Baroninm
2991 4713 3218 4769 adducta
3248 4712 3260 4764 !
3299 4709 3468 4765 Unam

1871 4826 2077 4872 tantum
2101 4815 2319 4870 Baronii
2345 4813 2700 4872 notatiOnem.
2734 4822 2787 4866 et
2809 4810 2944 4864 adeo
2974 4809 3166 4863 leviter
3192 4809 3307 4876 ipse
3340 4819 3461 4857 car-

1873 4911 1971 4981 pit,
2000 4909 2067 4964 de
2091 4908 2312 4975 reliquis
2342 4921 2493 4972 vero,
2520 4921 2639 4976 quae
2663 4919 2824 4974 supra
2859 4902 3026 4973 ipsius
3047 4900 3262 4956 Baronii
3295 4897 3496 4952 verbis

1870 5003 2175 5068 retulimus,
2212 5017 2280 5056 ne
2309 5000 2532 5055 verbum
2563 4999 2782 5069 quidem
2821 5015 2834 5051 :
2867 5008 3061 5065 nempe
3087 4992 3226 5064 quod
3261 4992 3313 5046 in
3357 5005 3479 5045 ser.

1873 5111 2034 5151 mone
2055 5095 2122 5149 de
2155 5093 2377 5148 avaritia
2406 5097 2608 5148 Auctor
2633 5105 2948 5148 sermonum
2972 5087 3115 5144 dicat
3144 5129 3158 5154 ,
3205 5084 3385 5140 solere
3425 5083 3479 5139 in

1873 5189 2110 5244 nummis
2138 5187 2336 5242 excudi
2383 5186 2547 5250 idola,
2587 5199 2708 5256 qua:
2753 5183 3071 5239 colebantur
3105 5181 3157 5235 in
3197 5179 3427 5249 Templo
3463 5218 3478 5243 ,

1873 5294 1930 5340 et
1959 5285 2010 5338 in
2042 5297 2294 5339 sermone
2319 5281 2385 5336 de
2419 5279 2684 5350 spiritttali
2741 5276 3098 5333 aediﬁcatione
3152 5273 3350 5330 domus
3381 5270 3475 5326 Dei

1876 5377 2017 5433 idem
2049 5381 2258 5432 Auctor
2286 5375 2539 5438 affirmet,
2581 5387 2647 5428 eo
2676 5381 2922 5442 tempore
2969 5371 3174 5426 nullum
3223 5363 3491 5421 Christia-

1876 5485 2068 5525 norum
2088 5469 2365 5538 templum,
2398 5475 2491 5520 aut
2513 5480 2794 5537 perrarum
2829 5462 2994 5518 fuisse
3020 5471 3284 5524 erectum,
3334 5456 3480 5528 quod

1879 5573 2060 5634 posset
2111 5579 2234 5617 cum
2280 5563 2550 5618 ldolornm
2601 5561 2808 5615 uadibus
2865 5555 3187 5627 comparari.
3215 5551 3353 5621 Quid
3409 5550 3476 5623 ad

1880 5655 1999 5710 htee
2041 5656 2226 5726 objicit
2252 5655 2662 5719 Tillemontius,
2717 5661 2774 5707 ut
2818 5651 2974 5706 facile
3022 5647 3159 5702 adeo
3193 5646 3482 5702 Baron'mm

1881 5749 2007 5807 reda
2016 5761 2168 5824 rgnat
2199 5750 2226 5805 3

1960 5846 2080 5916 Alia
2104 5855 2232 5915 sunt
2279 5846 2557 5912 vetustatis
2586 5843 2782 5912 indicia
2805 5842 2856 5903 in
2904 5836 3219 5920 prmlatione
3259 5851 3484 5916 operum
