3902 6324
370 244 474 300 607

1403 241 1492 298 DE
1531 238 1972 296 SERWONIBUS
2013 237 2259 295 ςιΝατι
2300 239 2609 298 ΖΕΝΟΝις.

3566 246 3670 301 6ῡὲ

366 361 426 417 S.
458 360 691 418 Zenonis
756 374 860 416 non
908 359 977 415 ita
1022 358 1395 430 pr'mtcreunda
1422 402 1436 427 ,
1490 369 1546 412 ut
1590 356 1967 413 Tillemnntius
1995 359 2046 418 Α
2073 354 2321 409 Isaimne
2347 372 2514 426 σηοω
2559 357 2611 410 in
2654 356 2870 411 latinum
2912 374 3197 414 sermonem
3252 376 3672 433 μεμψαίμην..

369 459 636 530 praeterit,
666 471 784 526 altae
809 455 896 512 hic
925 456 990 511 ad
1021 455 1241 511 lectoris
1275 453 1619 511 commodum
1675 469 1741 509 ex
1772 453 1961 525 praela-

368 556 517 611 tione
545 554 734 610 eadem
755 550 1130 609 exscribimus.
1182 551 1537 622 Antiquissimi
1584 550 1822 604 Auctoris
1855 565 1966 604 esse

365 648 637 713 indicium,
670 663 787 701 cum
815 662 954 717 stepe
1001 646 1071 700 ad
1117 643 1331 699 Iudaeos
1361 659 1643 701 sermonem
1689 641 1964 696 habuerit:

371 740 774 796 Catechumenos
816 741 872 795 iu
900 756 1106 795 sacrant
1157 737 1379 795 Foutem
1410 739 1697 794 invitaverit
1724 754 1747 793 ε
1793 754 1968 805 repre-

367 833 598 889 henderit
644 831 852 887 Graecos
878 842 998 886 tunc
1019 832 1089 885 ad
1112 832 1264 901 ﬁdem
1296 830 1489 887 Christi
1517 846 1808 897 conversos,
1831 829 1969 902 quod

364 943 500 982 vana
529 944 623 982 sua
648 926 903 994 sapientia
929 926 1080 979 etiam
1108 924 1161 979 in
1191 922 1425 979 Ecclesia
1451 922 1548 979 Dei
1576 940 1711 978 vana
1732 922 1970 995 quendam

365 1016 561 1074 de’Deo
582 1016 986 1087 introducerent,
1010 1026 1065 1070 ut
1084 1032 1318 1071 sermone
1337 1016 1504 1088 primo
1521 1015 1584 1070 de
1605 1014 1817 1070 Psalmo
1830 1030 1968 1069 cxu

370 1110 483 1179 (hic
508 1125 688 1166 sermo
707 1110 849 1180 apud
880 1108 1140 1166 llilarium
1171 1124 1277 1164 non
1310 1106 1624 1180 reperitur),
1642 1108 1780 1162 idem
1800 1117 1971 1161 osten-

368 1205 532 1272 ditur,
563 1221 678 1259 cum
706 1205 762 1258 in
790 1220 1025 1259 sermone
1044 1204 1106 1258 de
1122 1204 1380 1275 spirituali
1407 1202 1750 1271 aedificatione
1774 1198 1973 1255 Domus

374 1297 475 1354 Dei
506 1298 699 1353 Auctor
738 1299 1087 1364 demonstrat,
1122 1308 1229 1351 tant
1260 1314 1362 1351 non
1414 1298 1586 1367 fuisse.
1612 1299 1729 1370 jam
1758 1295 1975 1365 Templa

376 1391 685 1450 Christianis
732 1401 1046 1459 caustruc:a,
1102 1393 1194 1447 sed
1237 1408 1421 1446 novum
1462 1390 1708 1463 populum
1746 1400 1795 1446 et
1822 1391 1977 1445 mini-

373 1503 515 1541 mum
541 1503 754 1541 numero
778 1486 1027 1542 extitisse.
1054 1485 1133 1541 Ad
1164 1485 1466 1557 Neophytos
1482 1502 1635 1554 porro
1656 1502 1892 1540 sermone
1923 1502 1976 1541 tv

372 1595 491 1634 cum
521 1580 585 1634 de
612 1581 677 1633 iis
708 1579 1016 1634 mentionem
1042 1580 1187 1650 facit,
1235 1579 1322 1648 qui
1351 1578 1647 1633 universam
1674 1594 1781 1632 rem
1825 1579 1978 1644 fanu-

379 1672 561 1727 liarem
626 1672 936 1743 pauperibus
985 1681 1259 1742 erogarent
1281 1712 1297 1735 ,
1343 1672 1537 1741 quippe
1592 1668 1689 1725 Dei
1729 1671 1977 1742 templum

2067 449 2195 503 dicit
2220 449 2412 521 stglum
2439 451 2673 522 ipsorum
2719 450 2906 507 Basilii
2950 470 3053 508 non
3107 469 3251 517 esse,
3301 454 3392 508 sed
3445 454 3678 529 alicuius

2069 545 2246 600 eadem
2267 547 2472 601 nomine
2499 547 2785 617 nuucupati
2834 547 2911 602 vel
2934 548 3150 603 alterius
3174 590 3189 613 ,
3221 550 3310 620 qui
3356 550 3567 604 nomine
3608 549 3672 606 S.

2070 640 2252 695 Basilii
2280 640 2459 696 edidit.
2504 640 2644 696 Nam
2689 641 2899 714 phrasis
2957 658 3019 695 ac
3066 643 3337 698 verborum
3367 654 3576 699 textura
3614 644 3679 698 ob

2070 749 2152 799 ea,
2181 750 2284 805 qua
2312 732 2538 795 Basilius
2590 743 2663 788 est
2689 751 2812 789 usus
2856 734 3133 788 admodum
3181 752 3295 789 cum
3336 737 3405 789 sit
3450 737 3679 801 diversa,

2071 829 2184 899 ﬁeri
2210 846 2311 882 non
2340 839 2526 899 potest,
2557 838 2610 883 ut
2637 832 3006 883 commentaria
3026 830 3121 885 illa
3143 846 3175 883 a
3197 841 3299 885 tam
3319 830 3515 885 diserto
3536 832 3685 884 theo-

2073 919 2190 985 logo
2225 919 2324 973 sint
2351 921 2664 988 conscripta.
2728 920 2809 975 Ita
2834 922 2892 989 fit
2938 932 2994 975 ut
3023 938 3205 991 parum
3244 934 3462 978 nasutus
3516 925 3685 978 lector

2072 1012 2178 1065 illis
2220 1012 2598 1067 commentariis
2641 1014 2870 1084 autplius
2916 1030 3019 1068 non
3059 1015 3207 1083 ﬁdat.
3249 1032 3340 1069 nec
3395 1018 3461 1071 iis
3501 1026 3687 1071 utatur

2074 1120 2230 1174 eaque
2264 1106 2405 1174 parvi
2438 1106 2670 1173 pendat;
2713 1107 2849 1175 quod
2886 1116 3059 1162 autem
3100 1108 3165 1161 de
3198 1106 3393 1162 Basilio
3432 1110 3684 1177 affirmo,

2074 1199 2208 1254 idem
2237 1199 2301 1253 de
2331 1200 2619 1271 Augustino
2648 1200 2861 1255 diversis
2889 1200 2942 1253 in
2968 1201 3117 1267 locis,
3166 1202 3231 1255 de
3264 1200 3605 1272 Hieronymo,
3638 1211 3688 1257 et

2075 1291 2195 1344 aliis
2245 1292 2523 1346 dicendum
2570 1301 2762 1346 est.....
2797 1291 2918 1363 styli
2968 1293 3235 1348 diversitas
3284 1294 3545 1349 diversum
3580 1310 3684 1348 non

2075 1383 2248 1438 innuit
2279 1396 2541 1438 auctorem
2565 1400 2584 1437 :
2630 1400 2747 1439 cum
2776 1385 2917 1439 idem
2952 1400 3134 1439 auctor
3168 1385 3289 1439 aliis
3315 1387 3369 1439 in
3409 1385 3559 1440 libris
3579 1388 3688 1440 alia

2078 1484 2253 1529 utatur
2280 1476 2441 1547 stylo,
2470 1487 2524 1529 ut
2554 1475 2745 1547 liquide
2770 1487 2973 1532 constat
2993 1493 3057 1531 ea:
3083 1478 3400 1548 Augustino,
3447 1480 3537 1549 qui
3581 1478 3696 1531 alio

2077 1567 2131 1622 in
2155 1568 2299 1623 libris
2320 1568 2384 1621 de
2410 1564 2627 1623 Civitate
2656 1567 2771 1633 Dei,
2793 1570 2902 1622 alia
2926 1570 2979 1623 in
3014 1568 3241 1624 Psalmis
3266 1580 3340 1624 est
3369 1586 3515 1624 usus.
3535 1569 3693 1637 Quod

2080 1660 2189 1731 ipse
2210 1658 2459 1716 Erasmus
2481 1661 2688 1716 minime
2708 1662 3042 1731 in/iciabitur,
3062 1665 3114 1715 in
3138 1679 3243 1717 uno
3258 1663 3538 1733 eodemque
3556 1663 3695 1717 libro

373 1776 564 1830 essent,
598 1779 717 1819 cum
749 1766 995 1834 templum
1041 1764 1355 1820 idololatria:
1393 1774 1546 1819 antea
1585 1765 1891 1820 extitissent.
1919 1763 1988 1819 Id

2108 1753 2317 1807 lirersas
2347 1754 2526 1807 modos
2546 1753 2803 1817 adhiberi,
2852 1763 2906 1808 ut
2950 1755 3084 1809 idem
3113 1754 3437 1827 Augustinus
3479 1757 3534 1809 in
3577 1756 3695 1828 ipso

378 1861 549 1926 ipsum
595 1870 842 1932 praeterea
865 1859 982 1913 licet
1012 1860 1303 1932 perspicere
1354 1858 1423 1913 ad
1455 1857 1761 1930 Neophgtos
1788 1874 1982 1913 sermo-

381 1970 446 2009 ne
475 1968 509 2007 v
536 1968 653 2006 cum
679 1967 764 2006 eos
793 1952 1063 2018 hortatur,
1114 1960 1169 2006 ut
1194 1950 1549 2006 idololatriam
1575 1952 1773 2024 fugiant
1793 1990 1811 2018 ,
1841 1959 1889 2004 et
1920 1965 1986 2004 ne

383 2054 587 2115 captent
616 2045 845 2115 amplius
867 2045 1108 2115 auguria.
1141 2043 1282 2111 Quid
1309 2043 1335 2096 ?
1372 2042 1562 2097 Nonne
1588 2043 1643 2097 id
1663 2043 1804 2097 clare
1848 2051 1985 2113 patet

381 2154 447 2192 ea:
467 2154 699 2192 sermone
723 2139 894 2208 prima
916 2139 979 2191 de
1008 2136 1238 2204 Pascha,
1279 2146 1325 2192 et
1345 2154 1578 2192 sermone
1606 2138 1670 2191 de
1691 2137 1940 2207 patientia
1960 2137 1987 2191 .’

383 2247 602 2301 quorum
653 2230 817 2285 altera
862 2232 1226 2303 interpretatur
1272 2240 1575 2285 autummtm
1615 2231 1698 2286 sui
1743 2233 1989 2301 temporis

391 2333 643 2394 martyres
724 2324 1071 2394 significare;
1147 2323 1447 2393 patientiam
1498 2324 1552 2379 in
1602 2325 1766 2400 altera
1840 2341 1989 2378 caro-

390 2434 512 2470 nam
573 2428 857 2487 martyrum
914 2416 1142 2486 appellat
1169 2417 1520 2487 quotidianam
1551 2417 1577 2471 Ρ
1600 2416 1764 2472 Beata
1801 2415 1991 2473 Thecla

392 2508 455 2562 S.
501 2506 656 2562 Pauli
704 2506 929 2578 apostoli
975 2508 1254 2578 discipula,
1308 2519 1358 2564 et
1412 2510 1580 2580 prima
1632 2510 1777 2565 illius
1837 2525 1992 2565 sexus

390 2611 587 2683 martyr
637 2603 689 2655 in
740 2618 972 2658 sermone
1016 2603 1080 2657 de
1127 2603 1307 2658 timore
1360 2603 1416 2658 in
1457 2604 1747 2675 exemplum
1795 2605 1992 2660 timoris

392 2691 605 2748 Domini
654 2693 951 2750 adducitur.
1025 2695 1290 2763 Quasdam
1357 2698 1589 2752 meminit
1653 2698 1708 2751 in
1764 2714 1995 2753 sermone
2040 2701 2050 2710 ’

392 2786 456 2842 de
481 2787 850 2842 resurrectione
896 2789 948 2842 in
1014 2787 1314 2844 idololatria
1369 2807 1461 2846 suo
1501 2802 1727 2858 tempore
1768 2791 1993 2846 abiisse:

393 2892 443 2937 et
468 2877 790 2935 Christianos
811 2882 1061 2952 quosdam
1087 2887 1256 2952 arguit
1285 2899 1555 2955 corporum
1574 2885 1998 2939 resurrectionem

399 2990 501 3027 non
533 2971 814 3027 credentes.
864 2973 938 3027 Ab
968 2990 1029 3029 ea
1048 2985 1292 3037 prteterea
1324 2976 1580 3046 descripta
1599 2987 1676 3032 est
1706 2977 1767 3033 S.
1786 2978 1999 3033 Arcadii

402 3067 509 3120 vita
536 3082 629 3120 sua
661 3077 909 3135 tempore,
939 3076 993 3120 ut
1021 3066 1213 3122 Petrus
1247 3067 1523 3141 Equiliuus
1566 3080 1803 3137 testatur,
1864 3088 2002 3126 mar-

2089 1845 2421 1903 l’salmarunt
2448 1858 2673 1903 tractatu
2696 1865 2715 1915 ;
2741 1850 3006 1920 quoniam,
3042 1862 3093 1904 ttt
3125 1852 3238 1919 ipse
3279 1847 3533 1904 Erasmus
3554 1850 3697 1920 afﬁr-

2086 1949 2192 1994 mat
2214 1940 2318 1994 alio
2341 1941 2513 2005 initia,
2542 1940 2645 1996 alio
2668 1940 2724 1996 in
2754 1942 2857 2009 ﬁne
2880 1942 3082 1997 ratione
3107 1958 3229 1997 usus
3253 1950 3346 1996 est.
3380 1941 3557 1995 Aliam
3602 1956 3695 1993 ra-

2087 2036 2274 2089 tionem
2304 2034 2442 2102 dico,
2474 2050 2577 2088 non
2609 2035 2745 2104 quod
2761 2036 2844 2089 hic
2865 2036 3087 2103 brevior,
3108 2036 3217 2090 illic
3240 2034 3446 2108 longior
3467 2044 3697 2089 tantum-

2089 2128 2242 2182 modo
2268 2129 2334 2183 sit
2369 2143 2388 2191 ;
2427 2127 2517 2182 sed
2546 2129 2668 2198 quia
2692 2128 2797 2193 hic,
2823 2138 2870 2183 et
2894 2130 3004 2184 illic
3031 2130 3244 2184 diversis
3288 2130 3453 2184 modis
3496 2138 3696 2183 utatur.

2088 2223 2248 2277 Aliud
2287 2223 2539 2293 siquidem
2597 2232 2670 2277 est
2705 2225 2999 2278 summatim
3043 2226 3320 2280 sententias
3359 2222 3552 2291 afferre
3577 2234 3699 2277 tan-

2091 2334 2241 2389 quam
2273 2319 2580 2383 notatianes,
2612 2319 2758 2373 aliud
2786 2318 2857 2373 ad
2895 2319 3103 2372 modum
3127 2319 3354 2373 hontilite
3401 2320 3572 2388 fusius
3610 2320 3701 2372 de-

2092 2412 2381 2467 clarare....
2427 2411 2753 2481 Quapropter
2778 2410 2912 2466 cum'
2939 2410 3268 2467 Psaltnorum
3292 2412 3440 2466 initia
3494 2413 3707 2484 Augus-

2095 2505 2234 2560 tinus
2264 2506 2584 2559 notationunt
2609 2503 2689 2577 (ut
2726 2506 3029 2575 ita‘diram)
3069 2504 3207 2576 stle
3234 2505 3449 2569 scribat,
3496 2505 3558 2559 iu
3602 2507 3709 2572 ﬁne

2096 2614 2212 2654 vero
2240 2598 2402 2671 (quod
2425 2598 2674 2655 Erasmus
2717 2601 2927 2672 fatetur)
2983 2598 3226 2670 longius,
3267 2609 3323 2654 ut
3364 2600 3422 2654 in
3472 2598 3713 2654 honriliis

2096 2694 2175 2764 fit,
2219 2695 2487 2763 protrahat
2512 2711 2794 2751 sermonem
2825 2712 2844 2759 ;
2893 2710 3063 2750 nonne
3105 2695 3278 2766 itaque
3317 2693 3571 2749 dicendus
3599 2695 3713 2763 ipse

2098 2786 2418 2857 Augustinus
2446 2787 2620 2841 eodem
2642 2788 2694 2842 in
2727 2787 2858 2842 libro
2910 2787 3184 2843 diversus?
3216 2787 3356 2856 Quid
3406 2803 3528 2842 vero
3557 2789 3612 2841 iu
3654 2804 3716 2842 re

2100 2889 2205 2934 tam
2233 2881 2505 2949 manifesta
2534 2890 2609 2936 est
2640 2881 3021 2937 immorandum
3043 2883 3069 2937 .’
3114 2884 3191 2937 An
3232 2899 3335 2937 non
3364 2883 3550 2955 ﬂagiti
3606 2881 3716 2936 Ba-

2099 2973 2206 3028 silii
2225 2984 2480 3043 pra'cepto
2507 2976 2557 3029 in
2586 2976 2834 3039 prooemia
2874 2975 2939 3030 de
2976 2990 3095 3030 vera
3152 2986 3198 3031 et
3245 2977 3334 3049 pia
3356 2976 3461 3047 fide
3507 2977 3719 3052 doctori

2104 3066 2389 3121 secundum
2416 3068 2680 3140 temporis,
2729 3068 2829 3123 laci
2878 3069 3275 3140 auditorumque
3300 3068 3603 3140 quibuscum
3631 3070 3714 3123 lo-

406 3158 540 3229 tgria
575 3159 629 3212 in
670 3156 991 3212 Mauritania
1039 3160 1293 3215 coronati.
1328 3160 1431 3217 His
1461 3162 1693 3232 profecto
1731 3173 1779 3239 et
1820 3163 2004 3237 hujus-
2029 3155 2075 3217 C
2107 3158 2302 3227 quitur,
2356 3159 2435 3214 vel
2477 3160 2659 3230 quibus
2707 3159 2883 3214 scribit
2925 3162 3177 3216 rationem
3227 3164 3392 3232 styltts
3435 3162 3723 3217 variandas

409 3253 550 3306 modi
574 3253 694 3307 aliis
719 3269 874 3324 quant
906 3254 1149 3321 plurimis
1171 3256 1557 3328 antiquissimus
1582 3257 1765 3327 harum
1812 3275 2009 3314 sermo-

410 3362 533 3400 num
555 3354 734 3401 auctor
761 3346 1166 3403 demonstratur.

1024 3483 1253 3541 CAPUT
1297 3484 1383 3540 Vl.

413 3596 493 3653 De
543 3599 663 3670 styli
711 3600 1002 3656 diversitate
1045 3619 1076 3657 a
1108 3601 1258 3658 Sixto
1297 3602 1518 3660 Senensi
1576 3613 1627 3659 et
1676 3604 1795 3659 aliis
1851 3621 2016 3661 recen-

592 3692 808 3748 tioribus
836 3696 890 3746 in
924 3693 1260 3750 Sermonibus
1293 3694 1358 3749 D.
1382 3695 1605 3752 Zenonis
1638 3708 1833 3752 notata.

491 3806 625 3880 Styli
681 3806 971 3863 diversitas
1015 3807 1067 3863 in
1121 3812 1465 3867 sermonibus
1516 3812 1572 3867 S.
1624 3811 1890 3878 Zenonis,
1934 3814 2020 3869 his

418 3899 687 3977 exceptis,
733 3899 826 3971 qui
870 3899 1010 3968 apud
1057 3902 1196 3955 alios
1246 3904 1618 3975 reperiuntur,
1652 3914 1798 3960 tanta
1833 3908 2021 3977 utique

419 4007 527 4049 non
558 4001 665 4058 est,
694 4003 752 4047 ut
784 3993 835 4048 in
860 3993 991 4063 ipsis
1013 3997 1263 4065 proprius
1283 3997 1523 4065 ejusdem
1548 3995 1607 4053 S.
1633 3997 1873 4069 episcOpi
1896 3998 2024 4054 cha-

421 4094 600 4141 racter
630 4086 870 4156 dignosci
902 4101 1008 4141 non
1042 4089 1234 4155 possit.
1285 4088 1543 4155 Quamvis
1584 4098 1762 4145 tamen
1805 4090 2024 4146 diverso

423 4185 569 4257 ston
605 4185 768 4241 iidem
800 4201 1083 4242 sermones
1126 4188 1421 4256 conscripti
1472 4197 1696 4254 essent,
1731 4204 1828 4259 pro
1873 4201 2027 4244 certo

427 4276 720 4331 tenentium
777 4284 861 4331 est
886 4276 1029 4347 quod
1076 4292 1142 4334 ex
1174 4293 1278 4333 una
1306 4278 1429 4352 styli
1462 4278 1777 4336 diversitate
1824 4280 2029 4337 Auctor

424 4376 660 4438 nequeat
685 4367 934 4424 diversus
963 4370 1172 4427 inferri.
1190 4372 1264 4427 Ea
1283 4373 1427 4428 enim
1450 4374 1774 4444 exceptione
1801 4384 2028 4429 utuntur

428 4473 483 4515 ιιι
516 4461 805 4531 plurimum
839 4463 1176 4532 heterodoxi,
1212 4475 1269 4521 ut
1294 4466 1526 4522 sinceris
1557 4466 1654 4524 SS.
1701 4467 1808 4525 PP.
1848 4471 2028 4538 operi-

2113 3250 2241 3304 est?
2289 3247 2477 3306 Nonne
2518 3252 2679 3321 ipsius
2705 3250 2890 3308 Basilii
2915 3253 3025 3309 htec
3065 3263 3184 3309 sunt
3213 3254 3412 3309 verba?
3453 3253 3721 3322 Quemad-

2115 3344 2327 3398 modum
2349 3345 2487 3400 enim
2517 3361 2619 3399 non
2646 3345 2824 3401 eadem
2853 3347 3195 3402 instrumenta
3221 3348 3274 3401 in
3302 3364 3486 3403 manus
3532 3358 3718 3413 sumet,

2116 3446 2165 3491 et
2191 3438 2280 3503 qui
2309 3438 2545 3507 praelium
2574 3448 2651 3493 est
2690 3440 2934 3506 initurus,
2960 3452 3006 3495 et
3025 3442 3114 3508 qui
3136 3441 3304 3496 colere
3330 3458 3513 3513 agrum
3555 3444 3679 3497 vela
3702 3461 3723 3519 ς

2117 3530 2224 3585 alia
2273 3532 2527 3603 siquidem
2566 3535 2801 3602 supellex
2839 3536 3296 3592 instrumentorum
3338 3539 3405 3592 iis
3444 3541 3716 3611 congruit,

2119 3625 2280 3696 quiin
2307 3627 2450 3697 pacis
2476 3628 2645 3695 quiete
2690 3644 2771 3683 res
2799 3628 2897 3683 sibi
2941 3631 3009 3683 ad
3046 3632 3237 3685 victum
3281 3634 3600 3686 necessarias
3632 3650 3725 3701 pa-

2121 3728 2238 3770 rant
2284 3732 2302 3771 :
2352 3716 2447 3771 alii
2501 3736 2763 3774 armorum
2810 3730 3095 3792 apparatus
3141 3724 3228 3789 iis,
3260 3725 3348 3794 qui
3390 3725 3444 3777 in
3488 3724 3624 3779 bello
3671 3740 3726 3780 se

2122 3813 2365 3866 adversus
2389 3812 2600 3867 hostiles
2647 3815 2826 3887 copias
2878 3817 3139 3871 instruunt
3186 3834 3205 3871 :
3242 3818 3479 3872 similiter
3524 3835 3725 3890 quoque

2125 3920 2444 3975 nequaquam
2473 3906 2649 3959 eadem
2675 3906 2881 3961 dicendi
2919 3923 3102 3978 genere
3127 3917 3321 3972 utatur,
3354 3917 3403 3962 et
3420 3911 3511 3978 qui
3561 3911 3615 3963 iu
3639 3927 3692 3963 sa
3709 3938 3723 3948 -

2127 4018 2216 4077 cra
2251 4002 2487 4056 doctrina
2509 4001 2825 4068 cohortatur,
2858 4013 2906 4057 et
2929 4005 3016 4073 qui
3048 4005 3100 4058 in
3141 4005 3492 4076 disputatione
3514 4007 3615 4060 sibi
3649 4023 3727 4059 rr—

2130 4107 2412 4169 pugnantes
2440 4096 2724 4169 redarguit.
2749 4098 3019 4169 Siquidem
3045 4099 3193 4152 aliud
3219 4109 3293 4153 est
3316 4116 3475 4169 genus
3503 4101 3724 4163 dicendi,

2128 4208 2232 4263 quo
2263 4194 2460 4246 utimur
2496 4192 2552 4244 in
2579 4191 2886 4263 refellenda,
2930 4191 3109 4260 aliud,
3168 4209 3267 4262 quo
3320 4193 3374 4248 in
3411 4192 3726 4248 cohortando

2215 4324 2251 4339 ..
2286 4282 2458 4354 Infert
2489 4285 2660 4354 itaque
2683 4286 2809 4356 (non
2836 4284 2971 4338 enim
2994 4285 3080 4340 hic
3098 4285 3357 4340 brevitatis
3395 4301 3559 4341 causa
3576 4296 3728 4341 totum

2133 4386 2205 4433 est
2234 4374 2646 4449 exscribendum)
2677 4376 2859 4432 debere
2906 4377 3098 4449 stylum
3145 4378 3300 4432 sicuti
3352 4378 3631 4449 expediens
3668 4379 3729 4432 si-

2136 4472 2285 4526 detur
2313 4473 2715 4526 accommodari.
2754 4470 2883 4539 Qua:
2940 4488 3055 4527 cum
3083 4474 3157 4527 ita
3212 4473 3312 4527 sint
3346 4490 3531 4544 parum
3550 4516 3567 4540 ,
3614 4475 3729 4543 quin

430 4555 532 4610 bus
571 4553 877 4611 detrahant.
908 4557 1092 4614 Liceat
1118 4558 1203 4613 hic
1257 4557 1454 4615 afferre
1477 4558 1741 4626 judicium
1789 4574 2021 4632 evange-
2054 4553 2236 4621 Dimo
2290 4566 2423 4619 nihil
2475 4565 2679 4620 Erasmi
2724 4567 2907 4639 probat
2951 4576 3340 4636 argumentum,
3396 4582 3513 4621 cum
3570 4568 3729 4621 dicere

432 4648 572 4703 listm
593 4648 887 4706 Marcellini
918 4652 1261 4708 Pistoriensis
1287 4668 1319 4708 e
1359 4652 1419 4707 υ.
1459 4651 1731 4709 Francisci
1775 4652 2025 4720 Familia,

437 4756 596 4810 quam
625 4750 822 4796 vocant
847 4740 914 4796 de
939 4741 1291 4798 Observantia
1311 4786 1326 4809 ,
1358 4743 1457 4799 viri
1506 4744 1755 4800 doctrina
1787 4746 2027 4817 quidem,

434 4835 772 4905 potissimum
801 4852 932 4891 vero
959 4838 1270 4903 sanctitate,
1302 4850 1463 4909 atque
1492 4839 1796 4910 apostolico
1834 4840 1953 4896 zelo
1979 4843 2030 4897 in

438 4929 790 4984 enncionibns
824 4928 1083 4985 habendis
1118 4930 1519 4996 cl:irissimi,de
1554 4947 1661 5003 quo
1706 4932 2036 4990 Possevinus

441 5020 686 5074 meminit
715 5020 767 5075 in
813 5030 1073 5090 apparatu
1108 5039 1122 5074 :
1181 5021 1272 5092 qui
1316 5036 1421 5077 non
1454 5021 1615 5078 modo
1638 5032 1925 5080 tractatum
1969 5026 2038 5081 de

440 5118 799 5175 conversione
833 5122 1137 5187 peccatoris
1162 5122 1229 5176 ad
1263 5121 1452 5188 Deum.
1482 5134 1535 5180 et
1563 5126 1826 5183 lectiones
1851 5125 1906 5180 in
1932 5125 2039 5179 To-

448 5211 590 5266 biam
619 5228 649 5267 a
707 5213 1003 5270 Posset-lno
1054 5226 1264 5272 notatas
1311 5218 1502 5284 edidit,
1546 5219 1640 5274 sed
1702 5230 1758 5275 et
1811 5229 2040 5275 annota—

448 5307 623 5362 tiones
675 5307 726 5361 in
784 5308 975 5364 librum
1012 5307 1285 5378 Iudicum,
1316 5320 1371 5365 et
1414 5311 1675 5367 lectiones
1727 5314 1781 5367 in
1816 5312 2038 5369 Cantica

446 5397 836 5464 Canticorum.
887 5400 981 5456 ubi
1033 5400 1103 5457 de
1148 5400 1567 5459 Commentariis
1625 5404 1684 5461 S.
1740 5405 1926 5461 Basilii
1990 5408 2044 5462 in

368 5492 371 5495 ’
447 5491 640 5549 Isaiam
693 5493 1013 5565 prophetam
1070 5504 1262 5552 contra
1308 5495 1593 5553 Erasmum
1643 5514 1809 5570 agens
1852 5500 1924 5555 ita
1975 5500 2046 5557 de

448 5585 575 5657 styli
616 5585 934 5643 diversitate
978 5588 1232 5645 disseruit
1262 5589 1467 5658 vulgari
1522 5591 1738 5662 quidem
1769 5607 2044 5663 sermone,

459 5693 619 5741 quem
650 5695 749 5736 nos
772 5672 941 5738 latine
959 5681 1234 5737 reddimus
1260 5680 1425 5754 (Lect.
1444 5683 1506 5738 2t
1523 5684 1563 5754 ).
1582 5682 1806 5757 lpse(de
1828 5686 2053 5742 Erasmo

458 5766 736 5838 loquitur)
791 5774 1067 5828 versionem
1117 5777 1601 5830 commentariorum
1654 5776 1716 5832 8.
1764 5771 1952 5831 Basilii
1996 5778 2050 5832 in

2137 4661 2305 4716 solet:
2348 4659 2464 4714 Hoc
2485 4677 2584 4714 non
2623 4660 2820 4714 redolet
2869 4662 3002 4732 stylo
3041 4658 3199 4731 hujus
3238 4660 3317 4715 vel
3354 4661 3542 4716 illius:
3581 4663 3729 4734 igitur

2140 4761 2338 4807 tantum
2367 4751 2506 4808 abest
2533 4763 2590 4807 ut
2637 4764 2843 4825 partum
2872 4755 3039 4825 ipsius
3085 4769 3452 4825 agnoscamus.
3504 4753 3629 4810 Hae
3667 4753 3730 4807 de

2140 4846 2264 4918 styli
2317 4846 2631 4902 diversitate
2681 4846 2859 4917 quoad
2887 4860 3171 4902 sermones
3220 4846 3283 4901 D.
3322 4845 3565 4902 Zenonis
3599 4846 3728 4901 dicta

2147 4937 2437 5005 Sufﬁciam,
2470 4953 2616 5003 cuin,
2650 4947 2710 4992 ut
2731 4940 2882 4997 initio
2909 4939 3168 5003 diximus,
3194 4939 3247 4994 in
3269 4939 3523 4995 omnibus
3571 4938 3725 5010 ipsius

2147 5030 2510 5091 sermonibus,
2542 5028 2775 5102 demptis
2806 5032 2890 5095 iis,
2922 5046 3059 5100 quos
3094 5034 3433 5102 excepimus,
3478 5047 3574 5087 suo
3618 5040 3728 5085 uta-

2151 5132 2237 5177 tur
2269 5124 2487 5193 proprio
2511 5124 2656 5196 stylo
2709 5138 2774 5180 ac
2803 5125 2986 5195 phrasi
3016 5125 3077 5181 S.
3116 5124 3285 5193 Zeno,
3332 5134 3393 5181 ut
3436 5122 3727 5197 ἰιιειιὶθίθιιιί

2149 5228 2317 5288 patet.

2752 5286 2981 5347 CAPUT
3007 5288 3119 5346 VII.

2154 5380 2430 5439 Sermones
2453 5381 2517 5439 S.
2549 5382 2775 5438 Zenonis
2804 5424 2820 5450 ,
2863 5384 2949 5439 ubi
3000 5392 3178 5439 contra
3208 5383 3318 5439 Arii
3346 5402 3545 5441 errores
3591 5383 3687 5454 agit
3710 5423 3727 5448 ,

2297 5476 2610 5545 temporibus
2656 5476 2890 5549 ejusdem
2920 5474 2979 5531 S.
3017 5474 3240 5530 Zenonis
3280 5478 3599 5532 conveniunt.

2230 5592 2490 5649 Baronius
2510 5601 2661 5649 notat
2687 5591 2780 5664 (In
2807 5594 2945 5649 notis
2965 5593 3035 5647 ad
3062 5593 3224 5649 Mart.
3249 5595 3390 5663 prid.
3412 5595 3485 5648 id.
3508 5592 3682 5662 Aprilis
3708 5588 3728 5661 )

2155 5700 2466 5741 sermonem
2494 5686 2742 5756 quintum
2769 5684 2892 5739 libri
2946 5686 3112 5752 tertii,
3148 5687 3237 5754 qui
3288 5686 3341 5741 in
3373 5684 3638 5757 impressis
3679 5682 3729 5735 in

2155 5774 2566 5835 dictaeditione
2594 5769 2886 5833 Parisieosi
2920 5778 3128 5849 primus
3147 5775 3251 5845 'est,
3283 5778 3426 5837 inter
3474 5770 3731 5835 sementis
