3798 6322
50 328 141 387 609

1056 334 1144 391 DE
1183 335 1616 399 SERMONIBUS
1652 342 1897 402 SANC'I‘I
1933 346 2242 407 ZENONIS.

3201 358 3306 416 6I0

45 449 102 503 de
135 448 400 543 Nativitate
439 447 662 515 Christi,
706 459 761 505 et
809 452 861 505 in
906 467 976 509 eo
1008 453 1137 511 dicit
1185 458 1299 513 Arii
1348 459 1598 519 haeresim
1628 460 1681 522 Α
1706 462 1845 515 mani
1869 463 2098 534 episcopi
2126 462 2467 522 uoluminibus
2509 479 2688 524 contra
2709 486 2794 524 eos
2837 472 2926 543 qui
2961 471 3155 527 Filium
3204 472 3307 530 Dei

44 540 233 612 egregie
252 539 401 607 dilui,
424 550 478 596 et
497 542 719 598 elevui.
751 564 767 597 ι
806 543 907 601 Ubi
934 547 1041 617 agit
1066 547 1133 602 de
1163 549 1441 609 Hareticis
1468 555 1601 622 illis,

42 634 120 705 qui
145 633 377 690 dicereut
399 632 496 690 Dei
527 634 720 691 Filium
745 652 864 694 esse
907 638 1094 706 Deum,
1142 642 1239 697 sed
1296 660 1401 699 non
1452 647 1597 704 Patri

1706 570 1856 621 opus,
1884 565 1974 607 aut
2002 565 2293 611 creaturam
2320 573 2610 615 asseverant
2651 563 2855 634 scriptis
2883 564 3023 620 clare
3071 566 3305 621 ostendi.

1705 654 1820 708 tur,
1846 645 2082 701 lueresim
2110 646 2317 702 Christo
2344 650 2607 706 rebellium
2659 655 2972 711 Arianorum
3030 675 3131 713 non
3184 669 3305 714 tunc

40 738 363 823 eoat-ternum,
393 737 447 781 et
470 739 683 799 tempus
703 729 889 797 fuisse,
913 734 1132 802 quando
1158 751 1263 789 non
1299 738 1417 793 fuit.
1445 739 1603 808 Ejus-
1693 739 1811 808 jam
1840 739 2086 806 primum,
2119 739 2210 794 sed
2229 741 2354 795 alios
2392 743 2454 796 ab
2480 746 2716 801 omnibus
2771 748 3068 806 damnatam
3125 752 3305 823 fuisse.

42 818 169 875 modi
194 828 527 889 portentosas
556 836 720 876 voces
771 835 934 893 atque
959 826 1278 893 sententias,
1307 844 1600 900 numquam

38 923 175 967 antea
197 910 414 979 auditas,
440 928 602 983 quam
629 923 748 984 post
777 917 889 971 Arii
922 931 1291 991 emergentem
1326 922 1598 994 lueresim,

40 1022 181 1062 nemo
204 1006 393 1075 estqui
422 1006 652 1072 nesciat,
675 1006 766 1075 qui
796 1006 1009 1063 illorum
1035 1017 1340 1081 temporum
1370 1028 1458 1069 res
1479 1030 1602 1084 ges-

40 1109 109 1154 tas
132 1098 330 1154 callent.
368 1117 387 1151 ι
423 1098 496 1154 lta
528 1097 647 1167 ipse
683 1098 977 1166 Baronius,
1007 1116 1075 1157 ex
1104 1118 1211 1173 quo
1236 1119 1463 1161 necesse
1517 1106 1597 1162 in-

37 1194 147 1251 ferri
170 1194 370 1251 videtur
389 1207 701 1249 sermonem
749 1193 1067 1265 pmdirtum
1094 1197 1151 1252 8.
1184 1197 1422 1254 Zenonis
1469 1209 1604 1255 tem-

38 1288 237 1359 poribus
256 1287 475 1343 tninime
493 1290 810 1344 convenire.
847 1288 1101 1345 Altamen
1126 1294 1213 1346 'ut
1256 1293 1486 1364 ingenue
1514 1294 1601 1349 di-

37 1398 140 1437 cam
178 1380 316 1453 quod
369 1382 571 1446 sentio,
633 1384 892 1437 memoria
922 1383 1210 1439 Baronium
1244 1384 1330 1441 bic
1366 1385 1606 1441 arbitror

36 1474 296 1531 excidisse.
324 1473 479 1542 Quod
511 1484 567 1528 ut
608 1490 973 1546 agnoscamus
1024 1477 1322 1533 notandum
1374 1487 1478 1545 est,
1537 1478 1599 1533 ι).

35 1569 278 1624 Zenonem
304 1565 375 1623 de
398 1568 550 1634 Aria,
584 1584 757 1639 neque
791 1570 844 1625 in
876 1570 1169 1626 novissimo
1223 1572 1439 1627 laudato
1488 1588 1606 1627 ser-

36 1679 197 1729 mone,
224 1677 396 1737 neque
423 1662 551 1719 alibi
579 1664 910 1719 meminisse.
944 1664 1022 1720 De
1051 1679 1241 1720 errore
1284 1674 1462 1721 autem
1489 1665 1602 1720 Arii

35 1759 137 1812 luce
162 1756 476 1811 liabetzdlia
499 1754 802 1823 modestius,
827 1757 919 1813 sed
946 1759 1243 1812 mordacius
1268 1773 1458 1813 nocens
1476 1758 1603 1813 dicit

32 1852 216 1923 quidem
240 1850 335 1906 Dei
356 1850 557 1907 Filium
576 1850 767 1917 Deum,
793 1852 883 1906 sed
904 1868 1006 1905 non
1041 1867 1107 1906 ex
1132 1862 1277 1919 parte
1318 1851 1602 1905 nobilitatis
1635 1863 1682 1924 Β

32 1947 344 2014 perpetuitate
368 1945 690 2017 progenitum
712 1945 893 2014 fuisse,
924 1943 1181 2015 fuisseque
1205 1953 1405 2013 tempus
1432 1960 1602 2015 quan-

31 2041 89 2093 do
112 2056 206 2094 non
234 2038 355 2107 fuit.
385 2037 540 2093 Hune
579 2052 828 2094 errorem
881 2047 1010 2091 ante
1061 2039 1247 2092 Arium
1303 2037 1601 2092 inauditum

31 2134 144 2190 dicit
163 2133 438 2190 Batonius.
469 2136 540 2188 At
565 2133 817 2189 eumdem
863 2146 1107 2188 errorem
1153 2132 1383 2202 ipsemet
1437 2130 1605 2187 Baro-

32 2230 138 2282 nius
165 2228 329 2281 multo
360 2235 488 2283 ante
512 2225 729 2289 Arium,
768 2237 820 2280 et
851 2235 980 2281 ante
1010 2226 1069 2280 Ι).
1100 2224 1375 2281 Zenonem
1407 2227 1520 2280 suis
1550 2225 1601 2279 in

30 2321 290 2374 annalibus
334 2319 555 2391 agnovit
587 2335 601 2374 :
652 2332 847 2388 nempe
867 2332 1012 2373 anno
1031 2318 1231 2373 Christi
1262 2316 1393 2382 229,
1427 2331 1602 2387 quan-

30 2415 91 2469 do
115 2414 345 2487 Beryllus
368 2412 587 2484 quidam
622 2413 916 2482 episcopus
946 2410 1254 2466 Bostrensis
1302 2409 1356 2465 in
1402 2408 1604 2464 Arabia

28 2526 167 2563 ausus
192 2507 398 2578 quidem
420 2517 606 2561 temere
644 2522 872 2560 asserere
901 2504 1221 2561 Salutarem
1249 2513 1297 2558 et
1328 2502 1605 2557 Dominum

31 2615 237 2660 nostrum
260 2602 439 2658 Iesum
458 2602 719 2657 Christum
752 2603 963 2673 propria
983 2601 1282 2656 substantia
1328 2600 1606 2654 incircum-

27 2699 281 2768 scriptione
307 2714 409 2751 non
437 2706 557 2751 ante
607 2696 767 2765 fuisse
796 2711 950 2765 quam
984 2694 1037 2747 in
1089 2693 1368 2748 humanam
1399 2707 1603 2746 carnem

29 2794 270 2864 migraret,
299 2807 461 2862 neque
480 2793 747 2862 propriam
793 2789 1033 2843 habuisse
1062 2802 1127 2842 ex
1174 2803 1227 2842 se
1265 2787 1602 2852 divinitatem,

27 2890 105 2941 sed
128 2887 285 2941 solam
311 2884 486 2940 Patris
505 2886 563 2939 in
588 2901 647 2940 eo
677 2884 925 2940 extitisse.
978 2884 1049 2938 Ita
1086 2882 1371 2943 Eusebius,
1400 2882 1498 2936 lib.
1529 2897 1602 2943 \1.

28 2996 137 3044 cap.
162 2980 254 3045 96,
281 2979 424 3050 apud
449 2978 743 3034 Baronium
789 2976 1103 3046 supradicto
1157 2990 1319 3030 anno.
1377 2975 1451 3029 De
1505 2974 1607 3029 hoc

30 3071 225 3143 Beryllo
247 3072 491 3127 meminit
516 3072 576 3128 8.
613 3070 993 3142 Hieronymus,
1041 3076 1098 3125 et
1143 3069 1212 3123 de
1240 3069 1358 3136 ejus
1414 3067 1605 3121 luere-si

29 3168 154 3223 Μ)το
173 3168 239 3224 de
261 3168 631 3238 Scriptoribus
672 3165 1109 3229 Ecclesiasticis;
1162 3172 1219 3220 et
1276 3162 1608 3233 Augustinus

1705 828 1781 884 Ita
1803 828 2131 886 Athanasius
2143 831 2285 902 apud
2309 832 2621 901 Baronium,
2644 853 2786 892 anno
2798 839 2999 895 Christi
3021 841 3148 899 265.
3172 844 3306 899 Cum

1706 924 1912 992 itaque,
1943 932 2000 980 et
2023 924 2080 982 S.
2112 924 2355 982 Zenonis
2386 935 2633 999 tempore
2676 931 2789 987 Arii
2820 950 2979 991 error
3025 938 3311 1008 prodierit,

1704 1017 1831 1088 quid
1859 1018 2055 1073 mirum
2083 1019 2127 1074 si
2181 1019 2297 1090 ipse
2327 1022 2442 1077 suis
2471 1023 2523 1077 in
2550 1027 2895 1083 sermonibus
2937 1038 3126 1093 contra
3183 1048 3308 1088 eum

1705 1110 1876 1180 egerit
1900 1112 1926 1164 τ
1949 1110 2066 1167 Νοιι
2100 1113 2284 1184 itaque
2310 1115 2423 1170 a'S.
2456 1115 2691 1173 Zenonis
2736 1127 2896 1175 mtate
2943 1137 3226 1181 sermones
3256 1125 3309 1181 in

1704 1202 1903 1273 quibus
1929 1201 2044 1257 Arii
2075 1204 2401 1261 refelluntur
2452 1223 2671 1265 errores
2719 1210 3072 1283 discrepant,
3133 1231 3311 1289 neque

1705 1297 1934 1351 alterum
1980 1296 2255 1355 Zenonem
2311 1304 2669 1359 recentiorem
2730 1305 2972 1373 ipsorum
3032 1318 3311 1365 auctorem

1707 1388 1910 1458 lingere
1931 1404 2156 1447 necesse
2177 1400 2282 1447 est.
2313 1393 2385 1449 De
2405 1392 2618 1452 duobus
2640 1405 2819 1452 tamen
2845 1397 3157 1456 Zeuonibus
3173 1401 3310 1456 infra

1706 1485 1885 1555 capite
1915 1485 2225 1543 undecimo.
3137 1483 3144 1494 ’

2309 1598 2538 1659 CAPUT
2568 1603 2702 1660 VIII.

1706 1707 1786 1767 De
1815 1710 2222 1770 Eminentissimi
2258 1715 2563 1801 Bellarmini
2614 1718 2812 1782 iudicio
2853 1721 2995 1776 circa
3027 1721 3309 1780 Sermones

2332 1810 2392 1863 S.
2422 1809 2669 1866 Zenonis.

1778 1941 2137 1999 Bullini-minus
2165 1941 2271 2012 (De
2301 1944 2498 2016 Script.
2526 1944 2858 2014 Eccles.,an.
2903 1947 3034 2023 260)
3064 1950 3309 2020 :cquissi-

1705 2049 1852 2090 mttm
1878 2036 2001 2091 tulit
2027 2035 2095 2092 de
2116 2036 2461 2094 sermonibus
2481 2039 2540 2095 8.
2569 2037 2806 2113 Zenonis
2826 2040 3110 2111 judicium,
3143 2058 3307 2113 aper-

1706 2135 1757 2182 te
1783 2143 1905 2183 cum
1928 2128 2074 2183 dicat
2100 2144 2384 2187 sermones
2424 2131 2476 2186 in
2519 2132 2652 2187 illud
2701 2132 2924 2189 Attende
2969 2135 3101 2202 nos,
3156 2150 3209 2191 et
3253 2135 3311 2193 in
3362 2114 3367 2120 ’

1709 2219 2055 2291 Evangelium
2084 2221 2263 2289 Luca),
2290 2233 2344 2279 et
2371 2222 2438 2278 de
2463 2223 2696 2295 jejunio,
2730 2235 2785 2281 et
2815 2226 2884 2281 de
2924 2227 3117 2296 livore,
3147 2238 3195 2283 et
3226 2231 3310 2284 in-

1706 2310 1847 2366 vidia
1872 2311 1931 2366 8.
1966 2313 2148 2368 Basilii
2171 2329 2314 2371 esse.
2350 2316 2645 2373 Sermones
2669 2320 2796 2374 item
2837 2318 2906 2374 de
2940 2318 3172 2375 Psalmis
3196 2361 3211 2385 ,
3262 2322 3310 2378 si
3351 2362 3361 2371 .

1707 2419 1813 2460 non
1840 2420 2052 2472 omnes,
2077 2408 2268 2478 majori
2295 2417 2478 2466 tamen
2504 2426 2570 2466 es
2604 2421 2758 2482 parte
2780 2411 2921 2481 apud
2951 2413 3008 2470 S.
3043 2413 3308 2471 Hilarium

1707 2498 1957 2566 reperiri.
2012 2500 2068 2555 In
2126 2501 2249 2555 aliis
2307 2500 2585 2558 Zenonem
2637 2506 2858 2561 brevem
2914 2518 2967 2563 et
3017 2508 3313 2565 obscurum

1706 2591 1912 2661 optime
1939 2601 2088 2647 nutat
2115 2610 2131 2659 ;
2164 2602 2219 2648 et
2248 2593 2299 2647 in
2327 2595 2650 2666 quibusdam
2681 2601 2843 2653 etiam
2868 2599 3057 2655 eadem
3113 2602 3308 2673 saepis-

1706 2686 1844 2741 Sime
1866 2693 2225 2756 repetentem.
2256 2687 2399 2743 Nihil
2427 2688 2495 2745 de
2535 2690 2882 2747 correctione
2933 2708 3200 2749 annorum
3252 2695 3307 2752 in

1708 2793 1962 2835 sermone
1982 2779 2050 2835 de
2096 2779 2441 2836 Continentia
2490 2790 2911 2854 notat,-utpote
2962 2785 3053 2856 qui
3099 2789 3315 2857 sapien-

1710 2873 1946 2928 tissimos
1968 2873 2189 2929 Baronii
2212 2877 2517 2932 natationes
2545 2876 2897 2946 espenderat,
2928 2877 3080 2948 cujus
3104 2877 3308 2950 judicio

1708 2965 1903 3021 defert.
1940 2966 2080 3021 Mhil
2110 2982 2325 3039 quoque
2352 2967 2422 3023 de
2447 2984 2635 3026 errore
2656 2969 2793 3025 Arii.
2822 2971 3007 3040 Neque
3035 2971 3170 3029 Sixti
3204 2973 3310 3029 Se-

1711 3061 1893 3114 neusis
1922 3070 2143 3116 secutus
2174 3076 2401 3127 morem,
2434 3062 2597 3119 infert
2626 3078 2692 3120 ex
2738 3064 2806 3120 iis
2836 3081 2959 3137 qua:
3000 3066 3055 3122 in
3112 3066 3303 3122 iisdem

1709 3155 2054 3210 sermonibus
2075 3155 2477 3223 animadvertit,
2512 3158 2571 3211 υ.
2605 3157 2813 3213 Zenoni
2844 3155 3036 3215 om'nes
3057 3174 3178 3215 esse
3211 3175 3311 3232 pe-

30 3261 660 3319 librodeDeliuitiouibus
686 3257 1005 3314 orthodoxa:
1041 3257 1187 3318 fidei,
1219 3271 1337 3327 cap.
1369 3258 1423 3313 5.
1455 3254 1603 3309 Hanc
1629 3248 1675 3310 C
1709 3249 1852 3303 nitus
1900 3247 2232 3320 eripiendos.
2262 3249 2496 3320 Ingenue
2528 3250 2727 3305 fatetur
2747 3251 2891 3323 quod
2935 3268 3090 3307 suum
3142 3252 3315 3309 faces-

28 3364 189 3411 aatetn
218 3358 466 3412 eamdem
495 3370 618 3410 esse
644 3370 709 3410 ac
734 3353 844 3410 Arii
895 3352 1143 3407 lueresim
1195 3367 1263 3406 ex
1313 3350 1609 3405 Athanasio

29 3458 177 3520 putet,
205 3454 295 3522 qui
333 3451 415 3505 bis
441 3450 621 3506 verbis
650 3448 763 3504 Arii
796 3447 1120 3503 sententiam
1149 3444 1313 3501 refert
1342 3444 1444 3514 (De
1474 3443 1604 3515 Syn.

30 3547 75 3595 in
106 3541 225 3597 Dee.
263 3552 447 3597 contra
498 3541 733 3597 Iucresim
788 3537 1055 3609 Arionem)
1086 3553 1104 3592 :
1136 3537 1255 3592 Non
1306 3537 1466 3605 fuisse
1514 3534 1607 3589 lii.

30 3636 144 3690 litua
165 3646 432 3704 antequam
464 3636 757 3708 gigneretur
799 3632 1019 3700 indeque
1060 3630 1361 3686 ratiocinari
1402 3628 1607 3691 vellent,

31 3746 135 3783 eum
159 3747 221 3783 ne
244 3738 363 3784 ante
409 3729 583 3783 carnis
615 3726 823 3798 quidem
879 3736 1117 3780 naturam
1170 3723 1428 3779 extitisse-
1457 3719 1609 3789 Quod

30 3820 157 3876 idem
184 3831 267 3878 est
318 3837 381 3876 ac
413 3820 547 3875 illud
574 3818 722 3890 quod
750 3820 892 3889 apud
919 3817 979 3873 S.
1009 3817 1287 3873 Zenonem
1339 3815 1569 3887 legimus
1594 3832 1608 3870 :

32 3912 297 3984 Fuisseque
327 3925 526 3985 tempus
546 3911 755 3983 quando
783 3927 885 3965 non
908 3911 1029 3976 fuit.
1060 3909 1245 3981 Neque
1294 3908 1444 3963 dicas
1473 3906 1611 3961 banc

32 4007 212 4080 llerylli
238 4007 514 4069 heresim,
540 4021 663 4077 quze
689 4005 778 4059 vix
799 4010 986 4059 exorta
1014 4002 1196 4057 statim
1229 4002 1457 4066 interiit,
1513 4001 1613 4054 mi-

30 4102 500 4167 nimeinuotuisse,
528 4115 652 4156 eum
690 4098 806 4169 ipse
851 4097 1098 4169 Beryllus
1147 4097 1215 4151 ab
1271 4096 1505 4167 Origene
1537 4093 1604 4149 ad

29 4196 334 4251 catholicam
356 4195 683 4251 sententiam
716 4192 963 4248 redactus
990 4192 1064 4246 sit
1092 4191 1145 4245 in
1171 4189 1394 4261 Synodo
1417 4200 1611 4244 co'ura

30 4307 143 4345 cum
168 4290 349 4346 habita
378 4290 430 4345 iu
463 4288 682 4343 Arabia.
716 4285 846 4343 Nam
878 4286 937 4342 8.
970 4285 1117 4339 Zeno
1144 4283 1230 4338 vel
1253 4283 1409 4355 Syria
1428 4281 1614 4337 oriun—

30 4384 140 4449 dus,
170 4386 255 4440 vel
286 4383 355 4440 ad
395 4398 514 4440 eam
539 4380 800 4452 appulsus
823 4421 836 4442 .
869 4378 922 4433 in
953 4392 1126 4447 eaque
1174 4375 1479 4446 praedicans
1531 4374 1614 4448 (ut

31 4476 248 4533 habetur
272 4494 341 4533 ett
370 4477 538 4532 veteri
584 4490 686 4530 ms.
718 4473 873 4528 initio
892 4485 1118 4542 operum
1167 4469 1227 4526 8.
1279 4469 1515 4525 Zenonis
1559 4469 1612 4523 in

31 4571 162 4625 dicta
205 4572 448 4629 editione
497 4568 785 4625 Parisiensi
809 4566 951 4637 typis
984 4563 1281 4618 mandato:
1316 4561 1434 4616 Non
1485 4577 1614 4631 queo

1710 3350 1794 3394 sat
1824 3342 2061 3395 animum
2092 3356 2287 3412 nempe
2312 3343 2381 3398 de
2411 3342 2767 3400 Sermonibus
2813 3344 2870 3399 S.
2904 3342 3161 3411 Zenonis,
3194 3346 3314 3400 IltlI-

1711 3433 1816 3488 lam
1842 3434 1982 3504 apud
2012 3441 2226 3490 veteres
2268 3444 2456 3490 extare
2509 3435 2862 3491 mentionem.
2914 3421 2990 3491 'At
3035 3436 3152 3506 ipse
3201 3451 3312 3492 non

1711 3527 1843 3583 vidit
1874 3543 1997 3597 qua:
2050 3542 2210 3596 supra
2242 3525 2393 3601 (Cap.
2417 3527 2474 3599 2)
2498 3526 2785 3585 retulimus
2811 3569 2826 3593 ,
2877 3528 3074 3598 quibus
3120 3538 3311 3600 aperte

1709 3621 2059 3693 cognoscitur
2088 3635 2192 3676 non
2222 3619 2394 3676 fuisse
2418 3620 2692 3676 veteribus
2723 3620 2937 3693 ignotos
2978 3621 3037 3678 8.
3080 3620 3316 3679 Zemnis

1712 3730 2015 3770 sermones.
2042 3713 2197 3783 Quod
2224 3723 2405 3770 autem
2460 3714 2727 3772 Eusebius
2768 3725 2822 3771 et
2867 3716 3229 3789 Hieronymus
3246 3716 3316 3775 de

1711 3806 1821 3863 illis
1865 3823 1971 3862 non
2004 3807 2371 3872 meminerint,
2401 3824 2508 3863 nun
2532 3809 2658 3864 inde
2696 3808 2972 3880 colligitur
3000 3823 3096 3865 eos
3124 3809 3188 3865 D.
3215 3809 3317 3866 Ze-

1715 3902 1843 3957 noni
1870 3901 2185 3958 tribuendos
2213 3917 2318 3957 non
2348 3917 2471 3959 esse
2498 3920 2509 3956 :
2540 3902 2687 3974 quia,
2729 3912 2785 3959 et
2829 3902 3216 3976 Hieronymus,
3262 3914 3317 3979 et

1714 3996 2015 4053 Eusuebius
2035 4039 2048 4063 ,
2068 4007 2129 4051 ut
2156 3996 2295 4053 idem
2327 3996 2690 4053 Bellarminus
2717 3997 2970 4053 observat
2989 3997 3057 4052 de
3084 3997 3316 4054 Athena-

1712 4104 1864 4160 gora,
1884 4087 2023 4145 alios
2048 4100 2297 4145 auctores
2320 4089 2646 4159 prtetcriere.
2674 4089 2823 4157 Quod
2855 4100 3024 4143 autent
3049 4090 3111 4146 S.
3134 4087 3320 4144 Hiero-

1714 4200 1900 4255 nymus
1928 4184 2066 4238 hunc
2092 4184 2398 4255 scriptorem
2427 4183 2675 4249 omiserit,
2711 4200 2812 4238 non
2865 4200 2975 4238 esse
3029 4181 3159 4240 adeo
3216 4184 3319 4239 mi-

1713 4292 1849 4342 rum,
1878 4292 1993 4331 cum
2019 4276 2147 4331 satis
2188 4286 2385 4331 constet
2433 4276 2735 4347 Catalogum
2784 4275 2846 4331 S.
2899 4273 3204 4350 Hieronymi
3250 4292 3317 4332 ea:

1716 4370 1930 4427 histeria
1958 4368 2169 4424 Eusebii
2201 4384 2309 4425 esse
2335 4370 2677 4441 desumptum,
2709 4370 2882 4441 quoad
2905 4369 3021 4425 illos
3045 4371 3317 4442 scriptores

1715 4464 1802 4533 qui
1826 4460 2108 4518 Eusebium
2139 4471 2530 4533 prtecesserunt.
2568 4461 2640 4515 Ita
2675 4461 3057 4517 Bcllarminus.
3115 4461 3192 4518 De
3242 4463 3319 4517 itt-

1716 4556 1922 4611 dnstria
1946 4555 2085 4613 forte
2108 4556 2167 4614 8.
2197 4554 2476 4611 Zenonem
2501 4552 2774 4611 Eusebius
2804 4554 3085 4625 prtuleriit,
3111 4571 3175 4611 ne
3204 4553 3319 4610 Arii

33 4675 162 4719 tanta
182 4665 339 4738 hujus
369 4663 430 4719 S.
461 4677 620 4731 opera
640 4673 876 4725 narrare,
918 4671 1031 4727 qua:
1073 4654 1322 4711 veniendo
1374 4672 1407 4709 a
1456 4653 1615 4725 Syria
1642 4638 1693 4699 Ι)
1719 4665 1934 4707 errores
1957 4658 2105 4706 tanto
2126 4662 2253 4706 ante
2275 4648 2637 4719 reprehensos
2668 4647 2721 4703 in
2752 4647 3019 4720 Operibus
3068 4646 3317 4718 ejusdem

36 4773 181 4828 iisque
207 4760 259 4811 in
291 4755 505 4816 Italiam
528 4752 787 4808 mirabilia
835 4765 926 4821 per
979 4749 1151 4819 ipsum
1181 4746 1322 4802 Deus
1368 4745 1611 4811 ostendit,

35 4853 259 4908 Orientis
302 4867 392 4907 res
421 4856 730 4920 compertas
786 4845 994 4901 habuit.
1047 4843 1103 4899 In
1154 4842 1452 4899 Occidente
1491 4856 1620 4896 vero

39 4947 163 5000 lianc
192 4946 444 5000 haeresim
491 4941 659 4997 fuisse
711 4939 1006 5011 vulgatam,
1049 4952 1114 4994 ex
1146 4951 1215 4993 eo
1240 4943 1458 4991 constat
1477 4934 1619 5005 quod

40 5040 312 5111 Dionysius
339 5052 500 5109 papa,
546 5035 638 5106 qui
669 5047 814 5089 anno
858 5030 1061 5087 Christi
1090 5028 1221 5095 261,
1254 5028 1397 5084 Petri
1421 5025 1620 5083 Callic-

36 5138 174 5192 draut
205 5138 446 5210 regebat,
471 5134 599 5191 dum
628 5133 687 5189 S.
717 5133 866 5187 Zeno
894 5130 1067 5185 adhuc
1096 5128 1323 5191 viveret,
1362 5125 1414 5179 in
1456 5136 1618 5179 causa

41 5229 265 5303 Dionysii
290 5225 666 5289 Alexandrini,
690 5225 781 5295 qui
813 5222 1059 5277 Romano
1087 5218 1332 5274 Pontillei
1388 5215 1619 5280 delatus,

39 5324 175 5391 quasi
221 5323 543 5379 divisionem
582 5320 636 5374 in
681 5317 878 5373 divinis
911 5314 1163 5371 Personis
1195 5312 1471 5369 videretur
1524 5309 1623 5366 ad-

42 5419 275 5476 mittere;
306 5431 412 5471 non
444 5413 607 5469 modo
635 5411 945 5482 Dionysium
967 5406 1397 5464 Alexandrinum
1419 5420 1448 5459 a
1473 5403 1624 5458 falsis

42 5506 496 5562 criminationibus
518 5513 807 5575 purgatum
845 5500 1121 5564 absolvit,
1152 5509 1209 5554 et
1254 5496 1622 5553 Sabellianam

45 5598 278 5654 lueresim
310 5597 587 5653 damnavit
607 5602 796 5650 coacto
825 5592 1010 5648 Romae
1040 5590 1292 5656 concilio,
1323 5588 1418 5643 sed
1460 5586 1624 5643 editis

44 5691 434 5747 cuintnentariis
458 5685 789 5743 contrariam
820 5685 981 5739 etiam
1012 5683 1124 5739 Arii
1151 5682 1477 5739 sententiam
1508 5687 1627 5734 tan-

46 5790 95 5834 to
121 5792 241 5837 ante
262 5782 451 5837 Arium
477 5778 775 5833 confutavit
801 5788 937 5831 teStc
962 5775 1256 5832 Athanasio
1280 5773 1371 5844 (de
1393 5775 1628 5827 Senten-

46 5874 108 5927 tia
140 5874 375 5948 Dionysii
401 5885 593 5931 contra
622 5871 868 5943 Arianos)
896 5888 908 5923 :
938 5868 1104 5925 Porro
1145 5885 1208 5925 ex
1237 5866 1474 5938 Dionysii
1522 5866 1628 5923 Ilo-

1722 4744 2006 4800 indicaret.
2039 4743 2096 4799 8.
2134 4742 2499 4815 Hieronymus
2526 4758 2742 4813 quoque
2777 4784 2792 4810 ,
2842 4752 2897 4798 et
2952 4740 3317 4799 Bellarminus

1724 4853 1871 4895 anno
1895 4837 2024 4906 960,
2056 4854 2163 4909 quo
2197 4838 2256 4895 S.
2278 4837 2427 4892 Zeno
2486 4837 2800 4911 Martyrium
2842 4836 3053 4894 subisse
3096 4836 3316 4905 dicitur,

1724 4933 1856 4989 nihil
1890 4941 2052 5004 agunt
2079 4931 2147 4987 de
2168 4930 2390 4987 Aurelio
2412 4931 2563 4986 socio
2611 4937 2668 4986 et
2693 4927 3067 4986 contubernali
3089 4927 3146 4985 8.
3178 4927 3346 4984 Ροη-”

1722 5026 1801 5093 tii,
1832 5025 1900 5081 de
1927 5039 2034 5096 quo
2061 5022 2305 5079 Oudiuus
2330 5023 2381 5076 in
2413 5022 2795 5093 supplemento
2839 5022 2908 5077 de
2949 5018 3320 5090 Scriptoribus

1723 5117 2138 5175 Ecclesiastieis.
2192 5117 2379 5188 Itaque
2434 5130 2531 5172 nec
2564 5115 2761 5172 mirum
2788 5129 2910 5171 esse
2971 5114 3135 5171 debet
3167 5129 3196 5169 a
3254 5114 3318 5170 D.
3420 5104 3431 5119 ’

1724 5212 2055 5284 Hieronymo
2098 5219 2153 5267 et
2172 5199 2407 5266 Eusebio
2434 5209 2489 5265 8.
2522 5208 2796 5266 Zenonem
2847 5210 3131 5265 omissum.
3181 5208 3320 5266 Illud

1724 5303 2066 5374 autemquod
2093 5303 2447 5359 Bellarminus
2474 5304 2749 5369 observat,
2794 5315 3077 5358 sermones
3108 5301 3323 5356 scilicet

1727 5399 1985 5471 quosdam
2016 5399 2076 5453 S.
2109 5397 2343 5453 Zenonis
2366 5398 2437 5450 ita
2468 5396 2661 5452 breves
2700 5395 2889 5462 fuisse,
2930 5404 2989 5448 ut
3036 5394 3323 5449 sermones

1726 5494 1831 5550 dici
1862 5509 1968 5548 non
1992 5501 2305 5548 mereantur
2331 5489 2472 5545 ultro
2492 5490 2760 5545 fateamur
2791 5502 3014 5544 necesse
3037 5496 3144 5543 est.
3172 5488 3240 5541 At
3267 5486 3323 5543 lii

1728 5601 2007 5643 sermones
2038 5586 2314 5642 breviores
2360 5581 2693 5653 pratfationis
2744 5581 2900 5635 titulo
2956 5579 3325 5636 inscribuntur

1731 5679 1908 5734 inlioc
1938 5693 2040 5733 ms.
2076 5674 2414 5738 Pistoriensi,
2482 5681 2539 5727 ut
2588 5685 2841 5728 sermone
2889 5681 3067 5735 sexto,
3119 5671 3213 5741 qui
3266 5671 3322 5726 in

1728 5771 1897 5842 praelii
1921 5769 2226 5822 commissis
2258 5776 2337 5819 est
2368 5764 2587 5833 quintus
2625 5762 2693 5816 de
2746 5760 2971 5823 Pascha.
3024 5761 3124 5818 hoc
3163 5760 3320 5818 titulo

1732 5864 2085 5921 inscribitur:
2136 5857 2328 5927 Incipit
2383 5854 2641 5925 prwfutio.
2692 5852 2759 5907 Et
2807 5866 3063 5909 sermone
3112 5851 3326 5914 decimo
