3902 6324
469 318 566 372 [ill

465 443 641 500 διιιτυ,
675 431 763 502 qui
793 429 845 484 in
874 427 1040 498 praete
1068 425 1374 482 commissis
1400 433 1484 481 cst
1523 431 1708 480 sextus
1734 423 1804 478 de
1827 420 2056 478 Pascha.
2091 422 2140 484 Α

471 522 664 595 Incipit
742 519 990 592 Prtefatia
1039 518 1331 574 Paschalis.
1382 515 1454 572 Et
1502 515 1762 587 vigesimo
1806 524 1961 569 sexto
2015 512 2068 567 in

469 625 638 697 [)l‘iBlO
664 622 971 680 commissis
993 623 1227 692 septimo
1247 621 1315 677 de
1336 620 1565 675 Pascha.
1587 618 1782 687 Incipit
1805 619 2067 690 praefatio.

472 719 537 772 lit
564 717 981 789 quadragesimo
1011 726 1206 786 quarto
1245 715 1297 768 iu
1323 713 1496 784 prazlo
1520 712 1830 769 commissis
1851 719 2070 773 octavo,

471 810 722 882 l’rwfutio
754 809 1046 865 Paschalis.
1081 809 1215 864 Cum
1264 822 1393 863 vero
1451 822 1520 861 ex
1562 805 1783 876 antiqua
1821 803 2071 874 'Liturgia

469 905 744 962 Gallicana
778 902 917 973 apud
948 903 1191 958 Marleue
1237 899 1410 973 (Tam.
1449 911 1499 964 v,
1533 916 1653 969 pag.
1683 897 1752 954 86
1783 897 1906 952 edit.
1960 894 2070 950 Pa-

408 1071 412 1073 Α
473 998 593 1064 ris.,
625 997 725 1051 An.
759 996 914 1066 Ul'l)
965 1004 1195 1061 constet,
1229 995 1407 1050 solere
1446 1002 1569 1047 ante
1627 991 1888 1047 lectiones
1942 989 2075 1044 Pro-

472 1089 780 1160 phetarum,
809 1098 864 1144 et
891 1088 1274 1158 Apostolorum
1305 1085 1431 1156 legi“
1453 1083 1822 1156 poenitionem
1867 1082 1936 1137 ad
1981 1099 2076 1137 co.

475 1182 805 1238 hortandum
833 1183 1071 1252 plebem,
1103 1192 1158 1236 ut
1180 1179 1358 1234 debita
1390 1177 1653 1249 religione
1682 1176 1854 1232 sacris
1905 1179 2074 1230 inter-

471 1286 655 1342 esset;
711 1276 808 1330 has
855 1275 1078 1332 lorsitan
1120 1273 1467 1344 praefationes
1498 1272 1551 1326 in
1579 1287 1701 1327 eum
1727 1272 1806 1327 vel
1842 1270 2072 1325 similem

472 1387 627 1428 usum
653 1370 979 1440 composuit,
1013 1369 1092 1426 vel
1117 1369 1345 1424 dictavit
1367 1369 1426 1422 8.
1459 1367 1608 1421 Zeno
1634 1408 1648 1431 ,
1687 1365 1849 1437 idque
1896 1364 2074 1420 verisi-

473 1465 600 1519 mile
621 1477 742 1518 esse
765 1462 941 1532 colligi
962 1477 1024 1517 ex
1048 1475 1116 1517 eo
1132 1469 1328 1531 potest,
1344 1459 1466 1529 quia
1497 1460 1548 1513 in
1565 1457 1649 1514 bis
1676 1459 2076 1529 purvissermo-

474 1558 630 1612 nibus
664 1557 730 1612 de
760 1555 1030 1628 Mysteriis
1056 1557 1234 1626 agitur
1288 1570 1409 1624 quae
1455 1568 1523 1609 eo
1569 1553 1659 1608 die
1706 1553 2072 1608 celebrantur.

473 1653 630 1720 Nam,
659 1663 712 1708 et
736 1653 786 1707 in
809 1653 1024 1708 excusis
1051 1651 1269 1722 quidam
1303 1665 1585 1705 sermones
1633 1649 1826 1703 breves
1876 1647 2070 1702 inscri-

470 1745 672 1801 buntur
706 1763 718 1799 :
755 1743 1002 1798 lnritatio
1033 1745 1212 1815 fatuis,
1244 1744 1326 1797 vel
1349 1741 1597 1797 lnvitatia
1618 1740 1687 1794 ad
1707 1742 1920 1810 fantem,
1955 1739 2075 1810 qui-

1534 307 1624 364 DE
1664 299 2106 364 SERMONIBUS
2141 301 2384 360 S.tDlCTl
2425 293 2734 362 ZENONIS.

3609 309 3694 362 bl!

2170 417 2344 473 littera
2379 417 2441 484 Z,
2469 418 2640 474 verbo
2673 418 2728 473 S.
2763 417 2930 483 Zeno,
2961 415 3026 470 ad
3051 415 3271 470 verbum
3313 416 3462 472 relert
3483 418 3697 486 judicium

2175 511 2310 567 δίκιὶ
2339 512 2600 567 Senensis
2623 531 2636 566 ι
2662 512 2732 567 de
2758 524 2858 567 suo
2879 511 2996 565 huic
3025 511 3202 565 addit:
3228 510 3457 566 Caeterum
3471 531 3574 568 cunt
3591 527 3701 570 tanto

2174 605 2397 659 secunda
2419 604 2748 659 Bibliotheca:
2779 604 2886 660 SS.
2915 603 3034 659 PP.
3065 606 3302 660 editionis
3337 610 3550 661 secundat
3569 619 3703 663 extent

2174 696 2352 754 eodem
2375 694 2526 750 titulo
2549 695 2847 752 Simonis
2871 696 3416 770 Veronensisepiscopi,
3433 710 3475 752 et
3490 702 3702 772 martyris,

2175 799 2223 843 et
2245 791 2477 844 doctoris
2493 791 2668 845 eximii
2687 792 2753 844 de
2780 791 3014 858 pluribus
3043 793 3325 862 Scriptum
3349 795 3484 857 locis,
3511 804 3551 848 et
3572 812 3706 849 rerum

2176 880 2485 936 Divinarum
2534 886 2872 954 argumentis.
2953 884 3166 939 Veranio
3213 900 3404 956 quoque
3441 886 3554 939 editi
3595 888 3710 957 flere

2175 995 2314 1032 anno
2345 979 2506 1041 1588,
2531 979 2725 1048 ciuibus
2748 979 2927 1050 potius
2953 981 3228 1034 al‘tirmare
3248 979 3450 1034 videtur
3473 993 3710 1034 sermones

2177 1086 2298 1127 esse
2333 1070 2390 1127 S.
2436 1064 2700 1138 ZEuouis,
2731 1088 2890 1143 quam
2943 1088 3161 1142 negare.
3201 1073 3277 1127 De
3307 1073 3604 1128 Bellariuiuo
3624 1077 3710 1142 jam

2177 1166 2410 1221 vidimus
2465 1165 2621 1238 (Cap.
2653 1166 2713 1236 8)
2739 1166 2870 1236 quid
2899 1167 2951 1221 in
2981 1166 3088 1220 illis
3113 1167 3446 1222 sermonibus
3471 1169 3715 1236 reprelien-

2178 1258 2291 1323 dat,
2322 1269 2377 1314 et
2412 1274 2536 1313 cum
2565 1258 2631 1314 ad
2663 1259 2880 1314 Baconii
2911 1274 3198 1315 censuram
3224 1260 3470 1314 lectorem
3497 1257 3713 1324 remittat,

2178 1367 2278 1421 pro
2307 1350 2367 1407 S.
2406 1349 2626 1406 Zenone
2647 1353 2854 1406 sentire
2894 1351 3127 1405 videtur.
3162 1350 3394 1414 Mimos,
3425 1350 3472 1403 in
3508 1348 3718 1402 Auctario

2175 1443 2245 1500 dc
2275 1445 2641 1514 Scriptoribus
2669 1444 3090 1511 Ecclesiasticis,
3132 1460 3252 1512 (ap.
3295 1443 3384 1503 25.
3423 1442 3529 1496 haec
3555 1443 3716 1496 habet:

2178 1537 2242 1592 S.
2293 1535 2434 1590 Zeno
2494 1536 2796 1591 Veronensis
2839 1536 3110 1606 episwpus
3138 1536 3230 1588 sub
3259 1534 3491 1589 Gallieno
3529 1532 3722 1601 [uipera-

2180 1640 2289 1688 lare
2317 1631 2628 1702 Martyrium
2666 1632 2820 1702 fecit;
2849 1632 3055 1702 ejusque
3081 1631 3312 1683 meminit
3347 1628 3599 1700 Gregorius
3627 1625 3720 1678 Ma-

2180 1743 2332 1796 gnus,
2364 1728 2455 1780 lib.
2501 1742 2558 1779 ιιι
2578 1767 2592 1792 ,
2619 1743 2740 1794 cap.
2774 1726 2840 1780 l9
2865 1766 2879 1791 ,
2921 1726 2976 1778 in
3017 1725 3272 1795 Diologis.
3300 1723 3406 1778 Sub
3435 1724 3531 1794 zjus
3564 1723 3726 1774 nomine

473 1839 572 1893 bus
601 1838 1036 1893 Catechumeuos
1066 1836 1414 1904 baptizandos
1445 1834 1756 1902 alloquitur.
1800 1833 1903 1888 Alii
1937 1849 2075 1904 quo-

2185 1820 2304 1872 editi
2326 1829 2443 1872 sunt
2459 1834 2720 1873 sermones
2744 1819 2873 1872 varii
2890 1819 3110 1884 primum
3144 1816 3364 1870 Venetiis
3389 1815 3536 1882 1508,
3558 1827 3597 1868 et
3622 1826 3727 1885 past-

472 1950 578 2003 qne
607 1933 801 2003 incepti
831 1946 1117 1987 sermones
1139 1945 1200 1984 es
1214 1946 1263 1980 se
1297 1939 1543 1998 possunt,
1563 1943 1701 1998 quos
1723 1941 1826 1980 non
1846 1926 2080 1994 scripse-

472 2029 542 2082 r-it
574 2030 632 2082 Ο.
664 2027 834 2093 Zeno,
857 2026 954 2081 sed
987 2025 1114 2079 dum
1143 2026 1306 2078 verba
1333 2025 1560 2088 laceret,
1616 2006 1722 2076 eos-
1763 2021 2080 2090 exceperint

473 2120 645 2190 ipsius
677 2119 961 2189 discipuli,
1017 2132 1191 2188 neque
1219 2126 1409 2188 postea
1461 2114 1821 2180 absolverint,
1881 2114 2082 2182 impera

475 2213 755 2283 lectosque
805 2211 1141 2281 reliquerint.
1198 2212 1542 2278 Quapropter
1591 2207 1750 2277 aliqui
1801 2220 2082 2259 sermones

475 2305 666 2360 eadem
695 2305 917 2369 habent,
949 2319 1072 2374 qua:
1099 2301 1210 2364 alii,
1244 2301 1391 2372 quia,
1425 2312 1480 2354 ut
1515 2307 1663 2368 puto,
1693 2300 1874 2369 plures
1903 2307 2079 2361 erant,

473 2399 568 2469 qui
595 2413 877 2454 sermones
923 2396 1261 2464 exciperent,
1287 2403 1343 2449 et
1367 2406 1591 2448 sensum
1641 2392 1939 2447 retinentes
1991 2390 2081 2443 alii

474 2492 652 2548 verbis
691 2492 814 2546 aliis
855 2497 1210 2561 exponerent.

1115 2621 1346 2679 CAPUT
1380 2620 1470 2676 IX.

478 2809 486 2812 ν
534 2741 764 2812 Philippi
798 2738 966 2796 Labbe
1002 2738 1066 2794 de
1089 2737 1148 2800 S.
1174 2735 1378 2792 Zenone
1408 2717 1697 2790 dissertatio
1720 2732 2045 2803 expenditur.

547 2855 826 2924 Philippus
849 2851 1033 2908 Labbe
1059 2850 1127 2906 de
1162 2848 1220 2905 S.
1252 2849 1467 2904 Zenone
1493 2859 1658 2916 agens
1697 2845 1875 2900 aliena
1918 2858 2084 2914 opera

475 2956 532 3003 et
557 2962 750 3016 parum
781 2946 998 3002 sincera
1046 2945 1098 2997 iu
1147 2943 1248 2997 hac
1287 2938 1665 2997 concinnanda
1708 2938 2087 2993 dissertatione

474 3055 605 3096 usus
627 3048 732 3094 est.
763 3038 895 3104 Quin
917 3037 1064 3092 enim
1089 3044 1283 3091 contra
1305 3034 1360 3090 S.
1396 3033 1633 3087 Zenonis
1654 3045 1936 3086 sermones
1956 3045 2088 3084 con-

471 3133 615 3202 gerit
643 3145 749 3186 non
783 3130 963 3184 omnia
991 3143 1114 3184 cum
1148 3127 1334 3184 relatis
1379 3125 1707 3182 conveniunt
1745 3124 2081 3180 auctoribus.

474 3225 634 3281 Falso
663 3225 828 3282 tribui
868 3225 926 3279 S.
964 3223 1168 3279 Zenoni
1203 3236 1485 3278 sermones
1515 3220 1583 3275 de
1617 3220 1812 3290 quibus
1840 3219 2082 3289 agimus,
2111 3203 2157 3266 C

473 3321 703 3390 primum
745 3320 964 3381 asserit,
993 3333 1215 3388 suaeque
1252 3315 1535 3386 astipulari
1574 3315 1864 3370 sententia:
1903 3315 2086 3382 plures

473 3422 646 3482 putat,
675 3427 880 3482 eosque
901 3419 1170 3472 recenset.
1199 3408 1282 3464 Ita
1305 3410 1549 3475 sentiunt,
1579 3408 1780 3476 inquit,
1808 3424 1871 3462 eis
1891 3406 2084 3461 Callia-

475 3504 588 3558 licis
620 3504 927 3560 Auctoribus
962 3506 1145 3560 Status
1177 3503 1420 3559 Senensis
1440 3543 1455 3565 ,
1489 3499 1764 3567 Bai-anius,
1800 3499 2081 3565 Halanus,

476 3598 816 3660 Posset-inus,
860 3596 1226 3662 Bellarminus,
1263 3597 1494 3660 Murcus,
1521 3611 1796 3665 eorumque
1821 3595 1959 3649 simii
1979 3593 2082 3648 Co-

473 3709 587 3757 cus,
641 3691 888 3756 Binetus,
937 3691 1231 3762 similesque
1262 3701 1528 3745 naratores
1573 3689 1772 3752 critici;
1820 3697 1875 3742 ut
1915 3687 2086 3740 oleum

473 3798 782 3855 (Apl’llﬂlique
828 3784 968 3852 apud
1012 3783 1226 3837 idoneos
1271 3780 1485 3836 Iudices
1527 3781 1812 3850 perdidisse
1851 3780 2086 3833 uideatur

475 3877 712 3950 Rapltael
755 3874 977 3948 Bagattn
1017 3885 1064 3932 et
1112 3873 1348 3944 Baptista
1397 3874 1662 3937 Perottus,
1710 3873 1799 3942 qui
1835 3872 2086 3926 adversus

475 3959 614 4028 Sinti
637 3972 882 4030 Senensis
913 3970 1268 4025 doctissimum
1298 3984 1590 4029 censuram,
1623 3984 1709 4020 eos
1744 3967 1924 4021 saltem
1975 3981 2084 4020 ont-

473 4083 560 4122 ues
581 4109 594 4130 ,
619 4065 816 4120 Zenoni
852 4062 1130 4119 Veroneusi
1149 4061 1390 4129 episcopo
1411 4059 1502 4114 sub
1527 4057 1762 4114 Gallieno
1785 4059 2086 4128 martyrium

473 4177 624 4230 passa
655 4160 917 4214 uindicare
945 4158 1238 4211 valuerunt.
1265 4153 1335 4208 At
1368 4151 1569 4208 fallitur
1607 4151 1734 4206 dum
1771 4167 1868 4220 pro
1905 4166 1964 4206 se
1992 4151 2084 4208 atl-

473 4251 947 4311 ducitBnrouinm,
989 4258 1046 4302 ut
1077 4249 1194 4315 ipse
1226 4243 1603 4301 Tillemontius
1629 4242 1880 4298 observat
1904 4241 2080 4312 (Tom.

477 4359 546 4407 tv,
576 4353 685 4399 not.
717 4343 771 4408 6,
795 4343 858 4397 de
881 4339 1352 4413 persecut.Voler.)
1369 4338 1635 4394 Barouius
1662 4351 1895 4406 statuque
1916 4351 2082 4405 quos-

473 4438 596 4490 dam
630 4446 834 4492 tautum
862 4449 1144 4492 sermones
1173 4449 1239 4487 ex
1275 4431 1359 4498 iis,
1391 4445 1622 4499 quorum
1655 4434 1860 4488 Anetor
1883 4427 2085 4484 dicitur

469 4527 531 4585 S.
565 4528 734 4596 Zeno,
762 4528 939 4584 eidem
970 4526 1362 4600 adscribendos
1389 4535 1586 4594 negat;
1620 4523 1860 4593 reliquos
1889 4523 1951 4576 υ.
1983 4522 2083 4578 Ze-

462 4623 632 4679 nonis
658 4625 904 4694 proprios
934 4623 1210 4694 agnoscit,
1263 4629 1318 4677 et
1357 4618 1716 4689 quorumdam
1749 4617 1865 4673 loca
1881 4616 1945 4672 in
1972 4619 2073 4670 An-
2108 4608 2163 4668 D

474 4717 688 4774 ualihus
714 4717 894 4781 habet,
925 4725 985 4770 ut
1007 4730 1168 4786 supra
1198 4722 1438 4778 notatum
1469 4721 1574 4768 est.
1607 4709 1761 4783 (Cap.
1789 4710 1867 4780 5).
1895 4709 2083 4778 Neque

471 4811 750 4881 Bagaltam
781 4821 838 4867 et
887 4811 1161 4866 l’ei-ettum
1198 4810 1378 4862 oleum
1425 4813 1481 4859 et
1509 4819 1733 4873 operam
1782 4801 2083 4873 perdidisse

471 4915 645 4975 putat,
665 4907 753 4974 qui
784 4919 878 4964 eos
907 4903 1017 4957 suis
1043 4901 1096 4956 in
1129 4897 1574 4954 annotationibus
1591 4894 1752 4966 (Prid
1785 4893 2076 4966 ld.April.)

471 4997 538 5052 ad
569 4996 1006 5068 Martyrologium
1043 4994 1347 5048 Romanum
1381 4989 1749 5044 commendat.
1781 4986 1948 5041 Plura
1978 5004 2077 5040 au-

475 5101 576 5146 tem
608 5092 784 5145 eadem
824 5097 1124 5157 argumenta
1172 5084 1373 5142 erudite
1411 5091 1586 5137 notata
1615 5081 1770 5136 babes
1805 5083 1860 5136 in
1887 5082 2079 5151 prtefa—

477 5185 614 5240 tione
657 5183 884 5253 Operam
920 5182 982 5236 S.
1039 5179 1262 5236 Zenonis
1308 5177 1450 5246 (lucc
1488 5177 1726 5246 Bagattai
1780 5184 1836 5232 et
1867 5174 2078 5232 Peretli

473 5276 602 5350 est),
641 5292 758 5348 qua:
781 5279 936 5348 jussu
982 5283 1028 5327 et
1056 5272 1325 5342 diligentia
1355 5269 1726 5333 illustrissimi,
1748 5279 1794 5324 et
1826 5269 2080 5325 Reueren-

473 5372 675 5426 dissimi
695 5368 968 5442 Augustini
997 5365 1192 5422 Valerii
1220 5364 1504 5419 curdinolis
1525 5364 1830 5430 amplissimi
1851 5362 2078 5435 episcopi

485 5463 790 5520 Veronensis
825 5477 986 5532 nuper
1018 5467 1136 5514 sunt
1166 5458 1330 5512 edita.
1364 5456 1649 5510 Prabamus
1685 5455 1893 5525 quidem
1937 5472 1996 5509 ea
2023 5465 2076 5510 ut

473 5560 637 5614 multa
657 5557 830 5613 studio
856 5557 1055 5627 egregie
1086 5562 1323 5608 curatum
1349 5567 1502 5620 opus.
1537 5549 1683 5604 Licet
1715 5550 1770 5602 in
1796 5549 2072 5617 aliquibus,

471 5661 527 5704 ut
559 5651 804 5714 diximus,
841 5650 893 5703 in
931 5648 1011 5702 Itis
1043 5661 1160 5716 qua:
1193 5643 1264 5698 ad
1289 5644 1556 5700 ueritatem
1585 5641 1936 5709 quarumdam
1967 5657 2078 5694 ser-

474 5759 682 5796 manum
709 5751 975 5812 spectant,
1019 5756 1124 5794 non
1159 5753 1300 5802 teque
1321 5735 1484 5790 eidem
1510 5735 1870 5789 assentiamur.
1902 5733 2075 5789 Mola-

472 5847 598 5888 nuni
613 5853 718 5890 non
735 5833 1217 5899 vidi.Posseviuus,
1235 5827 1559 5887 tomotertio
1581 5830 1885 5898 Apparatus
1907 5829 2072 5895 sacri,

2184 1929 2244 1965 eo
2282 1911 2594 1965 emendatius
2647 1911 2785 1967 1586
2838 1909 3070 1965 Veronae.
3104 1908 3309 1965 Horum
3353 1926 3451 1964 non
3491 1925 3654 1979 paucos
3682 1923 3731 1961 es

2185 2005 2402 2070 Basilio,
2440 2003 2666 2071 Hilario,
2698 2015 2746 2058 et
2775 2005 2892 2058 aliis
2926 2004 3294 2073 posterioribus
3318 2002 3600 2056 Auctoribus
3619 2011 3730 2053 tran-

2183 2101 2403 2169 scriptas
2429 2115 2538 2154 esse
2563 2109 2745 2154 natant
2778 2099 2959 2154 Sixtus
2986 2099 3250 2165 Senensis,
3287 2097 3536 2161 Maltinus,
3570 2093 3734 2150 Bellaro

2185 2192 2354 2246 minus
2377 2202 2422 2257 et
2443 2191 2553 2244 alii.
2583 2190 2780 2246 Praeter
2801 2192 2916 2256 hos,
2946 2201 2992 2244 et
3015 2189 3276 2244 Baranius
3307 2191 3360 2244 in
3380 2189 3507 2243 natis
3537 2187 3596 2240 ad
3621 2185 3734 2240 illar-

2186 2285 2502 2354 tyrologium
2531 2284 2732 2338 consuli
2759 2285 2965 2355 poterit.
2995 2283 3112 2338 Non
3151 2299 3346 2339 omnes
3370 2284 3523 2354 igitur
3563 2295 3734 2336 seruias

2187 2392 2285 2432 nes
2316 2378 2377 2431 Ι).
2409 2377 2611 2432 Zenoni
2641 2379 2885 2448 praeripit
2910 2378 3144 2442 Mirans,
3174 2377 3271 2433 sed
3327 2391 3424 2433 eos
3455 2384 3640 2431 tantum
3665 2374 3734 2444 qui

2187 2471 2329 2540 apud
2356 2471 2494 2524 alios
2535 2474 2900 2541 reperiuntur,
2945 2473 3244 2542 prmsertim
3285 2486 3407 2528 cum
3433 2469 3739 2540 adstipuletur

2189 2563 2444 2629 Baronio,
2476 2566 2565 2635 qui
2593 2565 2825 2636 demptis
2850 2565 3192 2635 quibusdam,
3221 2567 3548 2637 reliquarum
3570 2578 3737 2619 sermo-

2192 2676 2320 2714 num
2361 2659 2421 2715 S.
2467 2658 2744 2714 Zenonem
2789 2658 2990 2714 fatetur
3035 2668 3338 2715 auctorem.
3371 2658 3587 2713 Fallitur
3607 2655 3739 2710 etiam

2189 2751 2440 2808 Labbeus
2481 2753 2534 2806 in
2578 2765 2805 2806 numero
2845 2766 3184 2818 sermonum,
3219 2767 3363 2822 quos
3385 2750 3648 2819 nonaginta
3670 2763 3740 2802 re-

2191 2855 2399 2901 censet.
2436 2846 2572 2901 Sunt
2596 2856 2780 2901 autem
2810 2856 3045 2916 quatuor
3070 2856 3124 2901 et
3150 2856 3394 2901 centum.
3435 2844 3556 2913 Qua:
3589 2852 3742 2897 cutura

2193 2940 2348 2996 :ill'ert
2370 2940 2439 2995 de
2469 2941 2815 2996 sermonibus
2847 2940 2905 2996 S.
2943 2941 3124 2996 Basilii
3171 2951 3224 2997 ct
3249 2941 3464 3005 Hilarii,
3497 2939 3560 2995 de
3583 2938 3657 2992 his
3673 2952 3743 2991 su-

2192 3048 2286 3104 pra
2305 3033 2323 3104 (
2340 3034 2468 3100 Cap.
2485 3033 2539 3099 5,
2555 3050 2668 3103 cap.
2687 3033 2740 3099 6,
2760 3050 2878 3101 cap.
2896 3032 2976 3105 7).
2992 3033 3121 3088 Item
3137 3033 3206 3090 de
3222 3032 3670 3106 stylidiversitate.
3687 3028 3746 3083 De

2192 3128 2536 3184 sermonibus
2562 3135 2752 3183 contra
2783 3128 3016 3182 Ariauos
3041 3129 3176 3183 nihil
3201 3128 3508 3185 addendum
3533 3127 3626 3190 his,
3651 3139 3746 3196 quae

2192 3235 2354 3289 supra
2382 3219 2639 3274 diximus.
2681 3217 2850 3275 Suam
2875 3228 3056 3277 tamen
3083 3221 3411 3277 sententiam
3443 3223 3507 3277 de
3527 3219 3750 3276 sermoni-

2192 3311 2291 3367 bus
2333 3313 2390 3368 8.
2431 3313 2667 3369 Zenonis
2698 3329 2806 3369 non
2837 3313 3050 3370 videtur
3091 3315 3280 3371 tulisse
3324 3316 3561 3372 Labbeus
3585 3332 3596 3368 :
3623 3312 3750 3368 luitio

2193 3407 2337 3462 enim
2369 3407 2662 3464 Bar0uium
2712 3410 3105 3465 consulendum
3150 3422 3376 3477 monet;
3422 3419 3528 3466 tum
3563 3406 3752 3466 Joannis

2189 3501 2372 3556 Maria:
2395 3501 2658 3569 judicium
2693 3502 2860 3557 refert
2894 3504 2945 3558 in
2985 3505 3374 3574 espurgatorio
3406 3503 3602 3567 indice,
3629 3501 3751 3568 cujus

2192 3594 2311 3650 lucc
2344 3595 2507 3651 verba
2542 3607 2668 3651 sunt
2700 3615 2711 3648 :
2746 3596 2980 3653 Joannes
3009 3613 3125 3652 vero
3155 3597 3334 3652 Maria
3355 3599 3409 3651 in
3438 3593 3753 3668 eapurgataria

2190 3688 2362 3743 indice
2406 3689 2538 3745 nihil
2571 3691 2769 3745 videtur
2799 3693 2926 3746 velle
2961 3693 3247 3762 afﬁrmare.
3285 3691 3563 3758 Cancrum,
3594 3690 3750 3759 inquit.

2191 3782 2272 3835 bis
2313 3799 2406 3850 pro
2445 3783 2728 3837 assertione
2771 3801 3063 3838 sermonum
3103 3785 3166 3840 S.
3212 3784 3442 3840 Zenonis
3483 3782 3754 3838 obstantibus

2192 3891 2292 3928 mm
2326 3876 2525 3946 magnis
2555 3877 2887 3948 canjecturis,
2924 3879 3199 3932 nonnullas
3231 3895 3338 3933 non
3369 3895 3478 3933 esse
3501 3878 3630 3930 illius
3649 3875 3755 3929 esis-

2192 3968 2336 4022 ti-mat
2368 3967 2652 4033 b‘aranius,
2686 3972 2970 4040 prtesertim
3012 3971 3195 4038 quibus
3218 3970 3419 4026 Ariona
3448 3970 3641 4026 luet-esis
3660 3983 3757 4020 can-

2193 4063 2411 4131 {utatun
2456 4061 2652 4115 Multas
2701 4063 2928 4117 rationes
2961 4073 3010 4117 et
3041 4064 3265 4135 aptimas
3291 4067 3605 4136 conjecturas
3631 4060 3689 4112 ad
3715 4057 3756 4110 id

2192 4154 2512 4224 probandum
2552 4171 2604 4208 se
2627 4153 2817 4210 habere
2847 4157 3134 4225 proﬁtetur.
3183 4157 3312 4212 Mihi
3345 4170 3522 4212 tamen
3562 4152 3756 4210 Barouio

2191 4248 2442 4302 assentiri
2485 4247 2695 4302 videtur
2733 4248 2975 4304 Joannes
3015 4249 3178 4304 Maria
3203 4291 3216 4313 ,
3257 4267 3382 4306 cum
3427 4257 3603 4321 api-rte
3637 4247 3755 4300 dicat

2190 4341 2531 4409 cimjeeturas
2584 4351 2778 4397 contra
2830 4357 3117 4398 sermones
3152 4343 3213 4399 S.
3254 4344 3492 4400 Zenonis
3530 4358 3626 4399 non
3661 4355 3757 4396 esse

2193 4435 2370 4500 magni
2401 4434 2673 4504 ponderis.
2713 4433 2814 4488 His
2841 4452 2936 4504 pro
2965 4438 3251 4489 assertione
3277 4453 3570 4491 sermonum
3598 4435 3653 4489 S.
3678 4430 3755 4485 Ζε-

2191 4529 2341 4581 nonis
2385 4528 2697 4583 obstantibus
2747 4545 2848 4582 non
2897 4529 3098 4600 magnis
3141 4530 3473 4600 conjectum.
3519 4526 3658 4598 Quod
3683 4524 3759 4580 de-

2191 4635 2335 4674 mum
2389 4619 2454 4675 ad
2516 4621 2792 4676 Perettum
2826 4631 2880 4676 et
2925 4621 3203 4692 Bagattam
3242 4633 3478 4694 spectat,
3511 4631 3757 4688 utrumque

2187 4728 2380 4768 omnes
2406 4729 2688 4768 sermones
2715 4716 2936 4770 nomine
2960 4717 3017 4770 S.
3050 4715 3286 4772 Zenonis
3310 4719 3595 4789 inscriptos
3611 4712 3757 4770 eidem

2189 4808 2446 4862 tribuisse
2473 4808 2686 4863 videtur
2724 4808 3002 4865 afﬁrmare
3041 4811 3314 4868 Labbeus.
3359 4812 3430 4869 Ut
3471 4813 3629 4867 oleum
3656 4823 3757 4874 ope-

2184 4916 2397 4970 ramque
2425 4900 2564 4970 apud
2613 4899 2826 4957 idoneas
2847 4904 3054 4973 judices
3095 4905 3382 4974 perdidisse
3419 4906 3643 4962 videatur
3669 4902 3758 4958 Ru-

2185 4993 2338 5061 phael
2361 4993 2580 5064 Bagatta
2599 5035 2613 5060 ,
2644 5005 2690 5050 et
2715 4995 2952 5065 Baptista
2985 4997 3241 5066 Perettus,
3271 5001 3362 5070 qui
3379 5002 3451 5055 ad
3461 5016 3624 5055 versus
3646 4995 3760 5052 Sitti

2191 5088 2436 5142 Senensis
2467 5089 2814 5145 doctissimum
2838 5108 3108 5148 censuram
3132 5112 3238 5159 eos,
3260 5097 3448 5152 saltem
3474 5111 3657 5158 omnes,
3681 5089 3761 5145 Ze-

2188 5183 2312 5235 uaui
2347 5180 2627 5237 Veronensi
2648 5185 2889 5256 episcopo
2919 5186 3013 5241 sub
3042 5186 3284 5244 Gallieno
3307 5193 3610 5262 martyrium
3631 5199 3758 5257 passo

2186 5275 2451 5330 vindicare
2480 5277 2768 5333 voluerunt.
2809 5279 2878 5335 Ut
2908 5292 3125 5337 constet
3160 5285 3287 5354 quid
3321 5285 3545 5355 Bagam
3578 5293 3628 5338 et
3673 5280 3759 5336 Pe-

2188 5375 2365 5421 rettus
2391 5368 2531 5424 circa
2575 5371 2794 5426 eosdem
2842 5387 3128 5430 sermones
3176 5376 3454 5434 afﬁrmare
3500 5377 3756 5434 voluerint.

2182 5472 2372 5513 eorum
2411 5459 2574 5516 verba
2610 5477 2674 5516 ex
2717 5465 3034 5532 praefatione
3059 5470 3310 5535 superius
3333 5457 3563 5540 allegant
3584 5464 3761 5524 exscri-

2183 5548 2397 5606 bemus.
2431 5551 2582 5616 Quod
2617 5565 2788 5609 autem
2829 5565 2929 5612 (res
2963 5559 3071 5614 siue
3096 5571 3317 5628 quatuor
3347 5576 3604 5615 sermones
3627 5561 3674 5611 in
3693 5555 3759 5608 bis

2185 5649 2530 5714 reperiantur,
2558 5665 2688 5715 quos
2712 5649 2776 5705 S.
2799 5650 3000 5707 Zenoni
3022 5653 3188 5723 aliqui
3224 5664 3407 5726 putant
3438 5653 3651 5710 adscribi
3673 5663 3759 5704 non

2185 5754 2368 5806 posse;
2397 5755 2594 5809 nempe,
2627 5742 2713 5809 qui
2735 5743 3035 5800 inscribitur
3063 5749 3128 5801 de
3149 5757 3427 5817 praecepto,
3448 5741 3760 5800 Attendetiln':

2185 5831 2370 5888 Sermo
2395 5833 2458 5888 de
2483 5831 2768 5906 Evangelia
2789 5840 3068 5896 secundum
3093 5839 3290 5896 Lucam
3311 5842 3378 5896 de
3406 5841 3593 5910 triplici
3613 5847 3757 5893 tento-
