3798 6322
504 284 613 343 615
1596 279 1684 337 DE
1723 275 2167 338 SERMONIBUS
2203 275 2449 336 SANCTI
2488 273 2801 335 ZENONIS.
3564 281 3620 338 ιιι

500 406 568 461 de
589 404 711 459 aliis
734 401 1022 475 episcopis.
1065 399 1196 457 Nam
1244 398 1484 470 pluribus
1516 397 1568 454 in
1602 398 1733 455 locis
1762 397 1909 470 degit
1956 397 2097 453 lndi-
2124 403 2178 464 Α
2204 396 2417 461 [adicite
2444 410 2642 452 mores.
2674 394 2729 452 Si
2776 406 2909 450 vero
2934 391 3137 450 Indicia
3169 390 3631 465 Veronensium“,

498 502 605 564 cia.
648 509 706 555 ιιι
745 497 968 555 inferius
1005 496 1324 552 videbimus.
1361 493 1419 551 Si
1463 504 1642 549 autem
1691 494 1795 548 sibi
1826 492 2092 549 subditam
2200 504 2375 561 neque
2400 487 2493 560 qui
2522 503 2642 543 eam
2675 485 3054 543 benedictione
3097 485 3207 541 Deo
3241 486 3630 545 Sacraveratiem

492 595 791 665 iudicasset
834 591 1097 662 Siagrius,
1129 604 1289 661 quem
1327 588 1493 644 alium
1523 587 1575 643 in
1598 587 1894 658 judicando
1925 587 2092 641 colle.
2196 579 2256 637 8.
2280 568 2837 635 Ambrosiolaudatus
2854 576 3187 634 Veronensis
3206 575 3631 651 putaudusestzem

492 707 613 763 gatn
643 690 693 747 ei
735 689 923 744 fuisset
948 702 1084 758 opus
1111 683 1567 741 adhibereiNum
1601 683 1669 739 de
1696 682 1961 753 imperitia
1998 696 2096 736 no-
2197 674 2254 731 8.
2307 673 2541 731 Zenonis
2581 674 2834 745 Episcopi
2877 671 3209 730 Veronensis
3252 685 3478 727 sermones
3511 674 3632 729 adsui-

496 795 608 839 ture
653 782 918 853 Siagrium
951 778 1271 835 Ambrosius
1297 777 1486 841 voluit,
1528 767 1680 846 quasi
1709 788 1987 829 assessore
2015 773 2096 827 in-
2196 767 2359 824 bendi
2390 783 2496 823 non
2521 777 2668 824 sunt.

488 877 734 949 digerat?
780 874 1137 931 Doctissimus
1187 870 1284 927 fuit
1312 870 1578 942 Siagrius,
1612 878 1670 923 ιιι
1699 867 1956 939 Ugltellus
1987 874 2095 920 tes-
2267 860 2445 929 Quare
2464 859 2792 917 Godclridus
2817 859 2871 916 in
2902 858 3021 914 Vita
3055 858 3115 916 8.
3138 858 3399 925 Ambrosii,
3424 858 3481 913 lib
3503 874 3631 930 amp.

491 981 654 1026 tatur.
715 965 1010 1025 Dicendum
1082 974 1169 1021 est
1246 967 1428 1034 itaque
1480 962 1623 1036 quod
1679 962 1806 1018 licet
1865 960 2094 1016 Verona:
2196 956 2252 1024 8,
2299 959 2435 1010 hanc
2468 954 2721 1010 lndiciam
2753 954 2896 1008 nulla
2928 953 3139 1009 ratione
3188 951 3419 1007 adductus
3441 953 3636 1009 velando-

480 1064 840 1124 'eommissum
868 1071 1121 1132 stuprum
1158 1058 1451 1121 diceretur.
1495 1067 1673 1113 tamen
1701 1054 1871 1127 virgo,
1905 1064 1964 1110 ιιι
1992 1069 2092 1125 pu-
2196 1050 2355 1106 ritate
2389 1049 2753 1105 Veronensem
2784 1049 2942 1104 dixit.
2986 1047 3211 1103 Cautius
3235 1045 3540 1101 Tillentontitts
3565 1048 3636 1117 cpt,

489 1162 705 1218 labatur
725 1165 991 1227 stuprata,
1020 1154 1354 1211 Veronensis
1380 1168 1486 1208 non
1507 1160 1647 1217 erat,
1676 1161 1730 1206 et
1756 1166 1818 1206 ea
1840 1150 1907 1205 de
1931 1162 2093 1204 causa
2196 1145 2289 1217 qui
2315 1159 2433 1201 eam
2477 1144 2850 1202 Veronensem
2890 1157 3139 1199 asserere
3163 1157 3266 1197 non
3292 1149 3364 1197 est
3403 1155 3539 1194 ausus.
3569 1142 3645 1195 Ca-

492 1256 659 1326 ipsius
696 1222 1015 1322 episcopum
1067 1263 1191 1304 esse
1236 1245 1654 1310 consulendum,
1702 1252 1761 1298 ut
1800 1243 1867 1299 de
1893 1241 2093 1298 Indicia
2196 1239 2569 1309 tbagincnsem
2601 1237 2741 1294 forte
2768 1238 2946 1309 potius
2972 1235 3258 1292 dicendam
3282 1246 3411 1305 pulo.
3452 1234 3547 1290 Natu
3574 1252 3645 1289 ιιιι
3718 1222 3746 1326 Ι

489 1350 716 1420 ejusque
740 1344 982 1401 moribus
1003 1341 1297 1399 haberetur
1318 1340 1532 1396 notitia.
1556 1338 1634 1393 Ex
1657 1353 1762 1406 quo
1777 1335 1941 1391 etiam
1962 1348 2096 1389 con-
2194 1332 2468 1390 Ambrosii
2510 1335 2821 1390 testimonio
2870 1348 2990 1390 eam
3038 1333 3226 1389 Romae
3270 1333 3400 1388 dumi
3439 1348 3522 1387 sua:
3550 1332 3646 1389 inita

485 1440 691 1511 jicitur,
741 1452 914 1507 neque
942 1434 1398 1491 Mediolanensem
1440 1428 1608 1485 fuisse
1660 1426 2092 1494 Indiciam,cum
2194 1434 2426 1493 constet,
2475 1436 2532 1482 et
2579 1427 2832 1482 Paulinus
2886 1427 3166 1482 Ambrosii
3217 1424 3338 1481 Vitae
3376 1426 3646 1495 scriptoriis

490 1533 606 1604 ipse
628 1532 685 1588 S.
717 1529 1034 1587 Ambrosius
1058 1530 1125 1583 ab
1152 1527 1274 1582 aliis
1315 1524 1559 1581 notitiam
1596 1522 1664 1579 de
1702 1537 1765 1578 ea
1794 1519 2090 1590 quaesierit.
2195 1520 2327 1575 duas
2368 1520 2606 1591 virgines
2645 1522 2806 1576 simul
2847 1537 2970 1576 cum
3002 1534 3194 1576 sorore
3236 1519 3447 1591 ejusdem
3482 1521 3647 1577 Amiterni

492 1623 793 1681 Prtesertim
821 1638 936 1678 cum
963 1622 1059 1677 hoc
1072 1620 1331 1695 judicium
1359 1628 1592 1673 nostrum
1611 1632 1729 1671 cum
1754 1614 2000 1695 fratribus
2045 1621 2095 1666 et
2196 1612 2557 1683 virginitatem
2584 1613 2996 1681 coluissedicat,
3023 1628 3158 1680 quas
3186 1614 3318 1668 inter
3334 1613 3651 1668 Indiciamlniuo

493 1715 942 1774 consacerdotibus
992 1715 1182 1769 nostris
1210 1712 1576 1785 participatum
1616 1709 1943 1782 processerit.
1975 1704 2095 1776 Epi-
2194 1706 2397 1773 optime
2426 1707 2640 1775 conjicit
2668 1706 2931 1761 Baronius
2961 1708 3015 1761 in
3042 1706 3161 1761 Vita
3189 1708 3452 1762 Ambrosii.
3474 1707 3565 1762 Alia
3586 1708 3652 1761 ius

492 1826 688 1884 scopos
712 1819 891 1867 autem
918 1808 1086 1864 fuisse
1110 1821 1273 1872 eos,a
1303 1805 1499 1877 quibus
1522 1802 1806 1858 consilium
1827 1798 2100 1871 exquisie-
2130 1801 2179 1863 Β
2215 1796 2449 1869 Virgines
2468 1814 2523 1853 se
2542 1798 2621 1853 illi
2639 1800 2952 1871 junxerunt,
2990 1801 3124 1854 inter
3147 1816 3270 1869 quas
3296 1800 3386 1871 fuit
3406 1798 3577 1854 Indicia.
3593 1799 3653 1853 lla-

496 1907 589 1972 rit,
613 1906 842 1976 ipsemet
863 1901 999 1960 dicit
1040 1902 1091 1957 in
1119 1898 1225 1955 line
1245 1897 1513 1969 epistolae.
1536 1894 1637 1949 Die
1655 1894 1794 1965 ipso,
1816 1893 1907 1965 qui
1928 1891 2097 1946 dictus
2203 1909 2320 1949 rum
2354 1910 2481 1948 vero
2509 1896 2760 1954 alteram.
2787 1894 2914 1948 dum
2947 1895 3206 1949 Paulinus
3233 1895 3485 1957 scriberet.
3518 1892 3655 1948 Carth-

495 2008 605 2055 erat
634 1997 933 2071 cognitioni,
960 1995 1323 2050 subtrmrunt
1350 2007 1405 2046 se
1431 1991 1790 2060 episcoporum
1808 1985 2095 2041 concentui.
2201 1987 2324 2058 gine
2348 1987 2649 2044 confectam
2681 1996 2840 2044 :etate
2867 1987 3067 2058 degere
3112 1988 3331 2059 ipsemet
3357 1995 3570 2043 testatur:
3594 2001 3656 2040 an

496 2090 653 2158 Quod
696 2100 875 2145 autem
928 2086 1111 2143 subdit
1165 2084 1233 2140 de
1274 2082 1650 2155 benedictione
1689 2092 1745 2137 et
1783 2078 2101 2151 probatione
2201 2080 2682 2151 Cartltaginens‘cnt
2733 2090 2924 2152 putare
2959 2080 3182 2135 minime
3225 2079 3421 2152 quidem
3463 2094 3487 2132 a
3529 2079 3661 2132 veritati

496 2182 753 2247 lcuonis,
791 2181 836 2236 si
884 2179 1115 2235 Veronae
1162 2177 1386 2248 probata
1434 2185 1489 2229 et
1530 2173 1862 2230 sanctiﬁcata
1910 2172 2101 2228 fuisset
2201 2176 2437 2231 alienum
2468 2175 2637 2229 videri
2661 2184 2857 2243 potest.
2891 2174 3018 2230 lituo
3047 2184 3175 2229 sunt
3200 2173 3392 2229 Paulini
3411 2172 3559 2228 verba.
3578 2170 3663 2225 Ptu-

498 2275 720 2340 indicia,
750 2286 899 2331 certe
935 2274 1039 2331 hoc
1076 2288 1183 2329 non
1214 2270 1518 2327 reticuisset
1547 2266 1897 2333 Ambrosius;
1929 2280 2102 2338 quare
2201 2288 2264 2327 ea
2301 2288 2418 2328 vero
2459 2288 2573 2326 cum
2600 2272 2922 2336 adolevisset,
2956 2282 3012 2327 et
3048 2281 3180 2326 esset
3204 2268 3665 2344 (Ambrosianum:

498 2368 715 2424 videtur
740 2367 878 2423 hanc
898 2367 1109 2438 Siagrio
1129 2364 1430 2437 praebuisse
1455 2371 1740 2419 externam
1767 2361 2007 2417 notitiam
2030 2358 2097 2414 ad
2203 2364 2372 2420 Roma
2414 2366 2720 2421 constituta;
2768 2382 2885 2420 cum
2925 2374 3085 2419 matre
3127 2364 3303 2428 uidua,
3346 2374 3393 2419 et
3429 2377 3579 2427 sorore,
3607 2374 3666 2430 ne

497 2461 729 2532 culpata:
752 2458 989 2529 Virginis
1015 2457 1408 2514 defensionem.
1437 2454 1551 2511 Hoc
1572 2469 1703 2510 vero
1736 2462 1941 2508 tantum
1967 2450 2101 2507 dicit
2213 2455 2568 2530 Virginitatem
2587 2462 2705 2532 jam
2742 2460 2909 2527 fuerat
2954 2461 3189 2530 professa
3219 2458 3391 2512 comite
3411 2455 3498 2509 alia
3530 2454 3666 2525 Fugin.

498 2554 754 2612 Indiciam
783 2554 1014 2612 Verona:
1052 2552 1221 2609 fuisse
1271 2563 1514 2621 tempore
1543 2549 1778 2620 suspecti
1811 2558 2014 2619 partus,
2046 2555 2103 2603 et
2203 2553 2351 2623 cujus
2387 2547 2615 2623 Virginis
2656 2567 2803 2606 soror
2828 2549 3107 2615 Caudida,’
3127 2558 3183 2606 et
3206 2550 3320 2618 ipsa
3342 2548 3531 2619 ejusdem
3552 2550 3667 2616 prola-

496 2652 699 2723 opinati
722 2650 916 2721 stupri.
952 2648 1055 2703 Hic
1082 2663 1200 2703 vero
1239 2663 1356 2702 cum
1385 2645 1551 2700 editus
1582 2654 1781 2713 partus,
1813 2653 1861 2697 et
1890 2641 2100 2711 exposi-
2202 2645 2386 2709 sionis,
2415 2660 2532 2715 qua:
2561 2661 2696 2698 nunc
2720 2642 3031 2717 Carthagine
3051 2644 3189 2716 degit
3206 2647 3321 2716 jam
3345 2641 3669 2698 anus.Fateotu-

495 2754 609 2812 tus,
646 2744 724 2811 uel
752 2752 962 2799 necatus
997 2742 1143 2814 (dum
1184 2739 1391 2795 invidia:
1429 2738 1594 2810 magis
1616 2751 1771 2806 quam
1812 2733 2101 2804 probationi
2205 2750 2326 2791 men
2354 2751 2434 2792 ει·
2452 2736 2631 2791 verbis
2672 2736 2873 2803 allatis,
2927 2751 3033 2792 non
3075 2737 3212 2792 satis
3259 2746 3487 2792 constare
3519 2751 3568 2788 att
3594 2735 3670 2787 Cat}-

492 2838 800 2910 consulitur)
828 2835 1105 2909 dissipatus
1134 2835 1198 2889 sit
1229 2849 1319 2905 per
1346 2848 1496 2887 aures
1535 2830 1913 2896 universorum,
1938 2838 2101 2883 strait.
2202 2832 2351 2898 dida,
2394 2831 2477 2887 vel
2509 2832 2625 2903 ejus
2671 2846 2850 2897 soror,
2881 2831 3207 2903 Carthagine
3234 2830 3393 2887 fuisse
3428 2831 3587 2886 dicatur
3611 2845 3618 2879 :
3644 2838 3672 2879 at

493 2930 670 3004 gulata
693 2941 769 2985 est
797 2928 1003 2984 libertas
1027 2927 1422 2983 calumniarum.
1455 2925 1518 2981 Si
1546 2923 1741 2997 peperit
1783 2938 1962 2994 nempe
2000 2921 2101 2976 γε·
2202 2943 2324 2982 cum
2352 2941 2568 2982 sorores
2587 2941 2682 2983 eas
2709 2926 2874 2983 fuisse
2902 2925 3138 2981 afﬁrmet
3163 2926 3426 2991 Paulinus,
3446 2936 3671 2979 communem

493 3038 636 3078 route
664 3021 785 3093 fuit.
826 3019 1093 3075 Visebatur
1123 3023 1411 3091 frequenter
1447 3035 1480 3072 a
1528 3016 1806 3089 virginibus
1834 3027 1881 3070 et
1916 3015 2097 3069 mulie-
2203 3020 2485 3074 amborum
2518 3020 2743 3089 patriam
2796 3027 2984 3088 putare
3032 3020 3200 3076 tutius
3244 3019 3458 3074 videtur.
3484 3016 3613 3085 Neque
3638 3012 3674 3064 tl:

492 3116 659 3181 ribus,
686 3116 740 3170 in
771 3116 963 3170 honore
997 3130 1197 3185 semper
1221 3122 1353 3169 erat.
1388 3111 1659 3167 Visebatur
1685 3128 1717 3165 a
1754 3110 2101 3166 sacerdotibus
2206 3114 2304 3168 bac
2325 3128 2411 3169 me
2443 3122 2684 3168 removet
2708 3112 2985 3182 Opinione,
3015 3111 3157 3183 qttod
3190 3112 3384 3167 Indicia
3411 3124 3595 3166 sororem
3615 3122 3676 3160 tm-

494 3219 704 3281 propter
726 3207 989 3282 pudicitiae
1016 3208 1369 3275 reverentiam,
1419 3216 1467 3262 et
1507 3206 1771 3279 grauitatis
1810 3205 2093 3278 speculum.
2124 3194 2170 3259 C
2205 3207 2458 3261 trimonio
2480 3206 2718 3275 junctam
2756 3205 2983 3260 Verona:
3028 3204 3303 3269 habuerit,
3342 3220 3453 3259 eum
3484 3213 3525 3257 et
3548 3201 3672 3255 tertiam

495 3300 765 3369 Quomodo
785 3315 906 3371 ergo
932 3299 1098 3370 potuit
1119 3299 1348 3354 occulere
1374 3298 1589 3363 crimen,
1611 3297 1748 3367 quod
1768 3313 1821 3351 se
1833 3295 1911 3352 vel
1929 3297 2101 3368 specie
2201 3314 2444 3355 sororem
2488 3297 2687 3354 habere
2714 3299 2968 3369 potuerit,
3013 3306 3071 3354 et
3114 3299 3256 3354 inter
3283 3308 3481 3353 exteros
3503 3312 3578 3351 non
3609 3305 3676 3346 rato

491 3395 572 3450 sui
601 3394 878 3466 proderet?
906 3393 1177 3463 Quomodo
1205 3392 1330 3447 texit
1348 3392 1590 3447 uterum?
1620 3390 1893 3456 Quomodo
1920 3400 2099 3460 partu—
2202 3393 2549 3449 matrimonia
2574 3392 2905 3464 juttgantur:
2945 3408 3119 3464 neque
3149 3392 3287 3447 illud
3313 3391 3444 3463 quod
3472 3386 3676 3445 Ambrosio

489 3493 626 3547 riens
654 3508 825 3547 uocem
855 3490 1138 3562 repressit?
1170 3489 1279 3546 Sed
1300 3491 1396 3544 hoc
1420 3506 1523 3544 non
1550 3489 1743 3559 patitur
1767 3488 1935 3543 dolor.
1959 3488 2095 3544 Cum
2199 3486 2367 3551 addit,
2404 3485 2619 3541 scilicet
2639 3486 2893 3540 lndiciam
2921 3485 3106 3541 Romae
3136 3485 3255 3556 ipso
3280 3486 3485 3541 absente
3501 3481 3676 3538 domist!

491 3600 625 3641 vero
651 3585 811 3641 altius
836 3585 1037 3655 repetit
1064 3582 1132 3639 de
1159 3584 1575 3640 conversatione
1601 3582 1838 3648 Indiciae,
1862 3598 1969 3638 non
1996 3580 2099 3639 Ve-
2200 3578 2384 3634 fuisse.
2425 3577 2696 3633 llabitasse
2716 3594 2829 3632 eam
2859 3577 3040 3633 Roma:
3069 3579 3124 3632 in
3155 3579 3309 3633 domo
3333 3587 3492 3632 nostra
3515 3573 3613 3628 nobis
3629 3568 3676 3621 σὲί

492 3691 760 3733 ronettses
810 3675 1033 3732 adhibet
1081 3686 1246 3733 testes
1300 3676 1645 3743 Ambrosius,
1705 3676 1799 3733 sed
1850 3691 2094 3732 sororem
2198 3671 2444 3728 sentibus.
2477 3672 2788 3729 Absentiam
2818 3687 3049 3743 namque
3080 3687 3234 3727 suam
3267 3672 3515 3728 indicasse
3546 3664 3676 3723 Ambo

491 3784 673 3835 suam,
707 3769 908 3825 ibidem
955 3768 1237 3825 affirmans
1260 3768 1521 3825 lndiciam
1569 3768 1753 3824 Roma:
1797 3769 2092 3826 habitasse.
2197 3767 2336 3822 sinm
2378 3783 2440 3823 ea
2485 3769 2694 3823 ratione
2725 3765 3018 3839 putandum
3064 3776 3168 3833 est,
3214 3782 3284 3821 ne
3312 3764 3530 3821 videatur
3560 3757 3675 3815 iudica

499 3859 771 3918 Habitasse
793 3876 909 3917 eam
937 3858 1118 3916 Romae
1143 3860 1197 3915 in
1223 3859 1375 3914 domo
1404 3870 1580 3916 nostra
1607 3859 1751 3915 nobis
1777 3861 2092 3930 absentibus,
2198 3870 2418 3931 prepter
2448 3861 2717 3916 Ambrosii
2765 3858 3106 3930 prementium
3152 3858 3426 3920 virtutem,
3460 3855 3676 3911 castitatem-

490 3955 626 4011 nulli
651 3971 765 4010 eam
790 3971 845 4011 se
871 3954 1104 4009 uirorum
1125 3953 1474 4024 familiaritati
1495 3953 1714 4008 dedisse.
1745 3954 1919 4009 Aliam
1942 3954 2092 4021 aditi:
2196 3970 2302 4026 que
2329 3954 2566 4011 coluisse
2594 3972 2608 4009 :
2656 3970 2763 4009 non
2809 3968 2939 4010 vero
2965 3952 3301 4009 credendum
3327 3964 3409 4008 est
3446 3950 3550 4007 dum
3576 3944 3676 4001 aditi!

490 4049 583 4105 bet
627 4057 844 4115 testem,
896 4062 1061 4118 quam
1106 4045 1273 4101 tiliam
1308 4053 1485 4110 vocat,
1522 4044 1659 4100 forte
1687 4046 1809 4115 quia
1840 4046 2094 4102 Mediola-
2195 4047 2512 4104 adolescens
2544 4047 2726 4103 Roma:
2768 4047 2865 4101 fuit
2900 4046 3223 4103 Ambrosius
3255 4046 3308 4101 in
3356 4047 3468 4117 ejus
3499 4044 3677 4101 domari

491 4141 676 4197 nensis
719 4148 860 4208 erat,
893 4139 1124 4210 ideoque
1162 4138 1267 4195 sibi
1292 4137 1526 4193 subdita.
1578 4137 1855 4193 Paternum
1895 4156 2094 4209 quoque
2194 4143 2356 4199 etiam
2389 4154 2656 4214 praesente
2701 4156 2807 4198 non
2856 4141 3169 4197 habitasse:
3217 4157 3340 4196 cum
3388 4136 3563 4196 Paulini
3592 4131 3677 4186 tedi-

488 4233 651 4303 filinm
694 4242 925 4289 nostram
956 4233 1283 4305 interregavi.
1336 4233 1432 4288 Diu
1474 4242 1655 4289 autem
1698 4233 1883 4288 Romae
1926 4234 2092 4291 fuisse
2194 4236 2376 4291 monio
2396 4244 2611 4293 constet
2637 4235 2772 4291 alias
2814 4234 3050 4305 virgines
3092 4248 3162 4290 eo
3214 4246 3451 4305 tempore
3487 4245 3578 4287 cum
3598 4225 3677 4278 lar-

490 4324 786 4396 putandum
829 4336 937 4391 est,
991 4325 1138 4394 parvi
1186 4324 1330 4381 enim
1380 4327 1639 4396 temporis
1669 4342 1819 4380 mora
1868 4325 1932 4381 ad
1966 4327 2091 4382 vitae
2192 4327 2386 4384 cellina
2418 4328 2691 4384 Ambrosii
2719 4343 2907 4383 sorore
2932 4326 3119 4383 fuisse.

489 4431 670 4473 mores
698 4415 1086 4474 discernendos
1115 4418 1250 4473 satis
1295 4432 1417 4474 esse
1446 4433 1555 4472 non
1587 4425 1819 4488 poterat.
1856 4418 1920 4472 Et
1951 4417 2090 4475 hanc
2262 4424 2508 4481 Graviori
2559 4425 2719 4480 etiam
2749 4440 2937 4480 errore
2971 4423 3227 4480 labuntur
3256 4425 3498 4495 Dupinius
3518 4432 3557 4475 et
3578 4415 3673 4471 Tile-

485 4510 675 4565 Romte
704 4524 909 4566 ntoratn
933 4522 1057 4565 ante
1085 4508 1475 4580 Episcopatutn
1506 4509 1566 4566 S.
1594 4508 1865 4565 Ambrosii
1891 4509 2088 4568 fecisse
2194 4518 2448 4582 montius,
2497 4517 2589 4589 qui
2636 4519 2847 4589 penitus
2892 4518 3186 4573 divinando
3228 4518 3486 4575 Zenonem
3526 4521 3675 4579 ιειυινθῐτ

480 4602 769 4674 conjicitur
813 4618 881 4659 ex
914 4618 981 4659 eo
1004 4603 1146 4675 quod
1175 4602 1290 4672 ipse
1324 4602 1466 4658 dicat
1510 4601 1657 4657 nobis
1685 4602 1998 4657 absentibus.
2030 4602 2085 4659 Si
2116 4589 2169 4650 D
2192 4608 2421 4665 Gallieni
2453 4611 2708 4666 extitisse
2727 4620 2945 4682 negant.
2980 4611 3037 4667 Id
3060 4628 3293 4683 namque
3314 4623 3503 4669 certum
3525 4605 3676 4665 redditu

478 4695 623 4752 enitn
650 4695 734 4750 sui
765 4693 1122 4765 Episcopatus
1143 4701 1391 4765 tempore
1420 4694 1610 4750 Romae
1637 4693 1829 4750 fuisset
1860 4693 2082 4757 Indicia.
2192 4717 2258 4757 ex
2281 4701 2579 4759 Veronensi
2626 4703 2851 4761 historia
2876 4715 2928 4761 et
2956 4706 3250 4764 traditione
3278 4725 3381 4764 ηοιι
3398 4705 3551 4769 modo,
3568 4699 3630 4755 scd
3643 4709 3674 4749 tt

477 4796 809 4868 superﬂuum
851 4794 1124 4851 videretur
1174 4796 1347 4865 ipsum
1398 4808 1551 4850 suam
1596 4796 1735 4850 hanc
1779 4794 2085 4850 absentiam
2190 4794 2359 4851 veteri
2392 4812 2494 4852 ms.
2527 4797 2669 4868 quod
2698 4797 2867 4855 refert
2898 4799 3243 4857 Mabillonitts
3272 4803 3383 4859 suis
3405 4802 3456 4858 in
3481 4793 3675 4855 Analeciiv'.

477 4891 768 4948 iudicasse.
798 4886 872 4946 Ut
897 4901 1028 4944 vero
1053 4895 1219 4943 totam
1268 4887 1483 4943 Indicia:
1511 4887 1672 4942 vitam
1717 4887 1946 4944 haberet
2000 4889 2085 4944 in-
2191 4889 2243 4942 in
2274 4905 2381 4961 quo
2412 4890 2471 4947 S.
2500 4891 2648 4949 Zeno
2677 4893 2962 4967 episcopus
2992 4896 3324 4957 Veronensis
3353 4902 3541 4974 ponitur
3561 4908 3675 4953 acuta

483 4983 828 5055 speetam,ab
845 4982 965 5051 ejus
995 4980 1206 5037 nutrice
1237 4981 1603 5036 testimOuium
1634 4983 1848 5052 quaerit.
1881 4981 2072 5036 Nutri-
2179 4981 2324 5048 loco,
2351 4984 2494 5053 quod
2524 4994 2579 5041 et
2605 5002 2798 5044 omnes
2833 4989 3126 5047 affirmant.
3170 4993 3406 5052 Octavus
3442 5005 3584 5049 autem
3610 4988 3676 5053 cri-

474 5092 580 5130 cetn
609 5091 807 5147 quoque
848 5073 1024 5129 liberte
1064 5071 1373 5128 conditionis
1406 5073 1851 5146 interrogavimus,
1900 5074 1984 5129 cui
2028 5085 2075 5129 et
2178 5089 2375 5147 scoptts
2404 5078 2733 5137 Veronensis
2760 5085 3090 5154 temporibus
3110 5087 3167 5142 S.
3190 5091 3450 5148 Ambrosii
3471 5089 3603 5162 aptari
3621 5085 3677 5140 tui-

471 5176 633 5223 status
660 5167 802 5221 haud
843 5181 1101 5237 quaquam
1144 5164 1381 5238 degeneri
1425 5165 1628 5220 servitio
1649 5167 1902 5235 obnoxius
1924 5168 2076 5223 liber—
2132 5238 2143 5251 ι
2180 5169 2324 5225 nime
2352 5179 2558 5240 potest;
2585 5172 2842 5246 Ugbellus
2865 5179 3031 5247 enim,
3064 5184 3155 5252 qui
3197 5186 3476 5243 secundum
3496 5185 3676 5240 Zenotu‘ln

471 5270 625 5317 tatem
654 5275 772 5315 vera
825 5257 1024 5330 fatendi
1044 5257 1212 5326 daret,
1246 5268 1293 5313 et
1318 5257 1469 5328 ﬁdes,
1501 5268 1650 5330 atque
1673 5270 1799 5316 tetas
1837 5261 1905 5315 ad
1944 5263 2077 5317 ueri-
2181 5261 2322 5318 inter
2351 5264 2693 5324 Veronenses
2727 5269 3014 5343 episcopos
3046 5288 3315 5343 numerat,
3342 5279 3528 5336 decimo
3558 5285 3676 5330 οειπθ

468 5362 623 5410 tatem
671 5351 1099 5420 adstipularetur,
1145 5361 1201 5407 et
1251 5352 1487 5424 officium
1520 5354 1734 5410 nutricis
1781 5355 1852 5408 ad
1900 5357 2077 5429 cegni-
2181 5356 2302 5413 loco
2327 5357 2479 5414 illum
2528 5360 2875 5425 locat.,nulla
2906 5373 3088 5423 tamen
3129 5373 3444 5428 auctoritate
3476 5368 3673 5426 subnisus,

464 5449 653 5503 tionem
679 5446 888 5502 secreti.
924 5442 1060 5500 Cum
1103 5444 1284 5515 itaque
1321 5445 1381 5501 8.
1414 5446 1731 5502 Ambrosius
1764 5462 1870 5503 non
1906 5447 2074 5505 Vero-
2179 5448 2283 5504 nisi
2313 5450 2609 5520 Ambrosii,
2641 5470 2709 5510 ex
2749 5472 2852 5526 qua
2896 5457 3002 5514 hoc
3043 5459 3306 5519 ofﬁrmari
3347 5481 3445 5520 non
3477 5456 3668 5534 possede

466 5539 721 5597 nensibus
752 5537 980 5595 testibus
998 5537 1143 5605 vitae,
1172 5545 1228 5593 et
1248 5538 1677 5617 conversationis
1701 5538 1922 5595 lndiciae
1949 5555 2073 5610 pro-
2180 5545 2628 5613 monstravimus;
2662 5557 2715 5603 et
2744 5548 2984 5619 Baronii,
3013 5556 3104 5624 qui
3152 5570 3184 5610 a
3223 5572 3320 5613 stta
3368 5554 3586 5615 sententia
3613 5550 3672 5601 ύέο

467 5634 560 5692 bet
580 5632 968 5699 innocentiam,
991 5631 1177 5702 utique
1202 5631 1492 5689 dicendum
1518 5642 1623 5700 est,
1645 5648 1765 5688 eam
1796 5633 2071 5690 Veronen-
2179 5635 2356 5692 scivit.
2383 5637 2596 5696 Erravit
2623 5655 2856 5712 namque
2882 5643 3313 5719 Papebrochius,
3349 5651 3432 5721 qui
3457 5641 3669 5703 successu

466 5744 582 5783 sem
612 5743 719 5782 non
748 5727 934 5782 fuisse.
980 5727 1266 5798 Perperam
1295 5728 1440 5783 enim
1490 5736 1706 5783 exteros
1763 5737 1930 5784 testes
1988 5730 2069 5783 in-
2177 5742 2300 5784 nem
2331 5730 2582 5787 undecim
2612 5735 2912 5803 primorum
2961 5737 3346 5812 episcoporum
3375 5736 3668 5798 Veronensium

470 5818 712 5889 duxisset
758 5817 1094 5889 Ambrosius,
1151 5820 1347 5893 quibus
1391 5819 1507 5877 noti
1536 5834 1657 5878 esse
1686 5836 1792 5878 non
1820 5828 2070 5895 poterant
2175 5820 2436 5882 incertam
2461 5826 2812 5899 existimavit,
2845 5846 2968 5888 cum
2991 5848 3057 5889 ea
3082 5850 3150 5891 ex
3177 5852 3282 5893 ms.
3303 5831 3665 5895 Mabillttttiit:tm
