3902 6324
486 270 595 329 610

1565 259 1656 320 DE
1694 256 2054 319 MARTYNO
2093 254 2342 318 SANCTI
2378 259 2690 322 ZENONIS.

3619 274 3702 335 σεο

481 382 876 444 Veronensium
902 379 1246 438 traditionem
1275 380 1606 453 objiciuntur
1649 377 1920 436 diluemus
1942 377 2080 436 infe-
2108 376 2161 440 A
2186 380 2359 435 sancti
2399 377 2558 449 hujus
2583 378 2841 439 Prasulis
2866 379 3140 438 recolitur.
3162 379 3292 440 Cum
3331 397 3452 443 vero
3476 390 3705 462 antiquum

488 483 624 552 rius,
654 494 778 551 cap.
802 475 863 534 ὃ.

622 627 626 632 ,
725 545 741 551 '
1124 546 1353 606 CAPUT
1384 545 1450 604 11.

596 672 932 730 lonmnta
962 669 1210 726 Ecclesiae
1240 667 1581 725 Pistoriensis
1628 668 1691 725 S.
1719 666 1981 724 Zenonem

935 765 1221 838 Hartgrem
1249 764 1649 820 demonstrant.

556 863 900 923 Catbedralis
921 862 1164 920 Ecclesia
1180 859 1558 925 Pistoriensis,
1571 874 1694 931 qua:
1712 856 1930 931 priusS.
1945 854 2087 911 Mar-

482 960 659 1017 tinum
681 959 994 1030 episcopum
1011 955 1286 1012 titulorum
1302 953 1686 1020 venerabatur,
1704 967 1810 1024 qua
1832 951 1901 1007 de
1927 961 2091 1005 causa

482 1054 540 1111 S.
575 1054 847 1111 Zenonem
879 1061 1186 1122 patronum,
1208 1057 1413 1105 mutato
1440 1047 1625 1112 titulo,
1657 1043 1949 1102 colendum
1970 1054 2091 1098 sua-

487 1149 697 1219 ceperit
723 1190 736 1216 ,
793 1146 990 1215 conjici
1040 1145 1221 1216 potius
1264 1152 1444 1215 potest
1497 1157 1658 1213 quam
1701 1135 2087 1197 demonstrari.

487 1240 684 1297 Exstat
726 1239 869 1309 apud
899 1238 1100 1308 Ioseph
1134 1236 1375 1293 Dondori
1405 1236 1425 1309 (
1451 1234 1603 1291 Picta
1630 1235 1682 1290 di
1714 1233 1917 1290 Pistoia
1944 1249 1997 1304 p.
2032 1229 2084 1297 1,

483 1332 625 1388 delia
668 1330 855 1387 Chiesa
884 1329 1200 1399 Cuttedrale)
1235 1328 1483 1399 quaedam
1515 1328 1728 1395 notitia,
1775 1341 1881 1396 qua
1908 1322 2091 1381 innui-

481 1435 571 1482 tur
599 1433 721 1497 post
748 1424 1072 1481 miraculum
1102 1424 1343 1488 Athesis,
1372 1423 1600 1494 quisuis
1630 1422 1787 1492 aquis
1812 1420 1879 1475 ad
1906 1419 2089 1474 valvas

479 1518 738 1575 Ecclesiae
782 1517 841 1574 8.
879 1515 1117 1572 Zenonis
1152 1515 1383 1572 Verona:
1412 1515 1656 1570 substitit
1679 1556 1696 1582 ,
1747 1528 1924 1583 neque
1945 1512 2090 1567 intus

477 1610 721 1678 efﬂuxit,
755 1610 991 1679 cmpisse
1031 1607 1391 1665 Pistorienses
1416 1606 1561 1663 hunc
1584 1607 1645 1663 S.
1678 1605 1965 1678 prtesulem
1994 1618 2091 1660 ve-

485 1702 664 1756 nerari
702 1719 713 1755 :
746 1710 802 1757 et
833 1700 1162 1772 procedente
1190 1711 1437 1772 tempore
1488 1703 1540 1757 in
1574 1710 1863 1772 patronum
1908 1700 2088 1755 electo

2191 468 2430 527 officium
2459 487 2568 529 non
2602 471 2857 541 viderim,
2884 472 2992 530 hoc
3018 474 3289 533 afﬁrmare
3314 492 3415 535 non
3432 478 3599 536 ausim.
3626 483 3710 540 Es.

2194 572 2270 620 tat
2302 565 2354 620 in
2385 565 2580 622 eodem
2629 566 2888 622 Arcbirio
2937 567 3084 624 aliud
3116 584 3217 626 ms.
3249 570 3313 627 de
3338 571 3527 630 Divinis
3548 573 3714 636 Oﬁciis

2192 656 2452 714 Ecclesia:
2490 658 2842 716 Pistoriensis
2876 663 3152 721 recequ
3177 678 3242 719 eo
3269 662 3338 719 de
3362 680 3462 736 quo
3490 669 3712 737 superius.

2192 748 2249 804 In
2281 751 2384 808 huc
2400 752 2545 808 enim
2571 752 2877 824 disponitur
2887 754 3023 811 ordo
3042 755 3218 812 Officii
3239 772 3334 826 pro
3349 756 3500 814 Festo
3516 759 3567 815 8.
3583 760 3719 819 Fian-

2191 843 2352 910 cisci;
2394 844 2450 899 in
2481 844 2574 901 illo
2600 856 2782 902 autem
2826 846 3153 904 Sanctorum
3201 848 3540 920 antiquiorum
3563 852 3718 910 Officia

2190 944 2398 993 tantum
2427 937 2766 1007 ordinantur,
2793 947 2849 995 ct
2876 954 2995 997 mea
3018 940 3232 1012 quidem
3256 943 3506 999 sententia
3528 944 3588 1000 ad
3601 945 3720 1002 deci-

2191 1047 2338 1087 mum
2356 1033 2612 1088 malum
2636 1033 3000 1105 conscriptum
3028 1043 3135 1090 est.
3165 1034 3279 1091 Hoc
3306 1037 3477 1106 itaque
3495 1039 3720 1094 recentius

2193 1143 2296 1183 ms.
2320 1125 2572 1183 Officium
2596 1127 2932 1184 solummodo
2959 1136 3113 1184 notat
3138 1143 3239 1200 pro
3265 1128 3558 1188 Festivitate
3576 1130 3722 1189 61¢.

2192 1220 2367 1276 nonis.
2396 1235 2586 1276 mense
2620 1220 2921 1277 Decembri.
2950 1222 3025 1276 De
3044 1221 3303 1292 martyrio
3330 1232 3520 1281 tantum
3538 1225 3596 1279 ad
3622 1224 3722 1280 Ves-

2190 1330 2354 1386 peras
2402 1316 2721 1400 et.Laude's
2773 1317 3054 1383 meminit;
3110 1317 3200 1373 ubi
3254 1317 3447 1376 indicat
3498 1318 3723 1389 Hymettia

2191 1407 2444 1465 Prtestdis
2472 1410 2688 1478 Sancti,
2720 1410 2774 1465 in
2804 1411 2997 1481 quos.
3021 1411 3261 1466 Zenonis
3284 1412 3576 1484 Martyrium
3602 1427 3722 1467 cotu-

2192 1515 2525 1561 mernoratur
2546 1504 2676 1578 (uid.
2704 1508 2762 1561 in
2780 1522 2898 1577 cap.
2922 1506 3011 1576 l):
3038 1505 3304 1576 reliquum
3350 1519 3475 1561 vero
3496 1503 3724 1575 Ofﬁcium,

2190 1608 2245 1654 et
2289 1597 2452 1654 Missa
2482 1598 2552 1654 de
2590 1601 2907 1655 confessore
2963 1599 3219 1669 pontifice
3261 1605 3363 1655 est.
3392 1598 3499 1656 Hoc
3536 1613 3729 1669 namque

2188 1693 2354 1750 Festo
2382 1692 2668 1749 Ordinatio
2698 1694 2757 1750 8.
2790 1694 3025 1749 Zenonis
3060 1693 3390 1749 celebratur.
3436 1693 3489 1748 In
3526 1693 3620 1749 alio
3644 1708 3727 1749 nis.

478 1795 2072 1866 ecolesiamCathedralemipsiusnoministitulodecorasse.
2102 1781 2152 1842 Β
2181 1786 2234 1841 in
2292 1789 2486 1844 eodem
2555 1788 2809 1845 Archivio
2887 1788 3089 1859 pariter
3136 1796 3448 1856 asservste,
3506 1787 3641 1858 cujus
3676 1786 3730 1842 ti-

474 1885 858 1959 Perantiquam
930 1903 1063 1943 vero
1126 1887 1294 1944 fuisse
1337 1887 1476 1945 hanc
1526 1888 1670 1942 tituli
1724 1886 2081 1941 mutationem

481 1980 535 2034 in
569 1979 816 2035 Ecclesia
843 1978 1159 2035 Pistoriensi
1188 1995 1256 2035 ex
1285 1978 1669 2049 Martyrologio
1725 1986 1782 2033 et
1807 1975 2081 2033 Kalenda-

477 2073 560 2128 rio
599 2070 936 2142 dignoscitur
959 2114 974 2139 ,
1017 2087 1136 2142 qua:
1164 2073 1219 2127 in
1247 2083 1460 2128 vetusto
1485 2070 1676 2127 codice
1705 2086 1809 2126 ms.
1838 2068 2082 2126 Archivii

475 2167 696 2237 capituli
726 2167 969 2236 ejusdem
997 2165 1339 2221 Cathedralis
1367 2166 1636 2227 habentur
1662 2165 1823 2219 simul
1854 2178 1981 2219 cum
2011 2162 2079 2218 li-

481 2259 583 2315 bro
624 2259 903 2315 canonica:
954 2260 1080 2315 vitae
1122 2259 1280 2329 jussu
1322 2259 1583 2314 Ludovici
1612 2259 1690 2313 Pii
1732 2256 2080 2328 imperatoris

479 2354 629 2411 edito
669 2355 722 2410 in
765 2362 1034 2410 conventu
1083 2354 1464 2423 episcOporum
1514 2352 1842 2423 Aquisgrani
1894 2349 2082 2417 habito

411 2449 417 2457 ’
470 2463 617 2507 anno
638 2448 781 2514 816,
812 2456 873 2504 ut
900 2447 1055 2502 initio
1091 2446 1334 2516 ejusdem
1373 2444 1497 2500 libri
1548 2444 1742 2513 legitur
1787 2441 2081 2515 (Duronius

469 2546 654 2596 tamen
684 2544 825 2595 hunc
848 2548 1179 2595 conventum
1206 2538 1360 2608 ponit
1391 2551 1534 2592 anno
1560 2534 1713 2606 8l7).
1750 2535 1865 2591 Hoc
1889 2535 1943 2591 in
1968 2535 2072 2591 Ga-

474 2632 721 2688 leadario
751 2631 820 2687 de
864 2630 923 2686 S.
956 2630 1179 2684 Zenone
1204 2637 1446 2700 martyre
1477 2626 1536 2682 fit
1564 2627 1773 2682 mentio
1805 2634 2076 2697 tamquam

470 2723 632 2794 hujus
661 2722 908 2779 ecclesia:
921 2721 1178 2789 Patrono,
1197 2731 1255 2775 ut
1278 2719 1509 2775 inferius
1536 2718 1865 2774 videbimus.
1879 2719 2081 2785 Quem-

476 2816 799 2879 admodum,
850 2824 908 2870 et
933 2816 986 2869 in
1017 2814 1126 2869 alio
1175 2829 1281 2871 ms.
1336 2813 1480 2883 quod
1509 2811 1824 2868 inscribitur
1848 2811 1992 2866 Ordo
2017 2810 2083 2866 de

468 2906 674 2963 Divinis
713 2906 919 2979 Ofﬁciis
965 2906 1246 2961 secundum
1286 2904 1620 2961 Pistoriensis
1677 2903 1926 2959 Ecclesia:
1953 2921 2078 2959 con—

467 2998 824 3066 suetudinem,
857 2997 1014 3069 cujus
1055 3006 1379 3055 vetustatem
1426 2996 1555 3053 licet
1602 2997 1878 3069 conjicere
1916 3013 1981 3053 ex
2011 2998 2075 3052 ti-

473 3091 586 3147 tulo
608 3090 676 3146 de
702 3090 1145 3147 reconciliatione
1177 3090 1554 3160 ptenitentium
1581 3091 1649 3147 ab
1679 3091 1950 3163 Episcopo
1974 3106 2077 3162 pu-

2186 1880 2332 1936 tulus
2371 1891 2511 1938 est:
2565 1881 2716 1936 Liber
2774 1881 3101 1953 Hunnorum
3156 1891 3206 1935 et
3256 1880 3476 1935 Kalend.
3529 1877 3731 1935 Ecclesia

2188 1972 2520 2028 Pistoriensis
2543 2015 2558 2041 ,
2611 1973 2726 2029 hac
2771 1973 3039 2029 habentur
3073 1990 3088 2027 :
3127 1972 3290 2029 Sexto
3325 1971 3450 2028 Idas
3485 1970 3732 2027 Deembris

2186 2067 2250 2123 S.
2281 2067 2504 2122 Zenonis
2525 2068 2771 2138 episcopi.
2798 2067 2982 2123 Mense
3003 2050 3133 2123 vero
3151 2066 3339 2138 aprilis
3356 2065 3482 2120 nihil
3497 2065 3560 2120 de
3581 2063 3631 2120 8.
3652 2063 3733 2118 ιθ

2185 2174 2352 2216 none.
2378 2159 2435 2215 ln
2458 2160 2772 2231 supradicto
2793 2160 3175 2232 Martyrologio
3199 2176 3304 2215 ms.
3327 2158 3557 2229 ejusdem
3579 2157 3734 2212 Armi-

2181 2254 2253 2308 vii
2273 2295 2287 2320 ,
2320 2254 2465 2324 quod
2497 2264 2551 2309 ut
2597 2270 2667 2310 ex
2700 2254 2919 2311 Sanctis
2945 2254 3237 2310 recensitis
3263 2252 3538 2325 conjicitur
3568 2250 3630 2307 ad
3652 2249 3732 2306 de-

2183 2350 2387 2405 cimum
2412 2349 2675 2406 sarculum
2700 2349 3071 2421 conscriptum
3098 2357 3202 2415 est,
3228 2357 3382 2404 sexto
3409 2347 3527 2403 ldus
3552 2346 3731 2402 decem-

2180 2443 2299 2499 bris
2323 2444 2394 2499 ita
2418 2444 2652 2515 legitur:
2673 2442 2872 2499 Eodem
2893 2445 2979 2498 die
3001 2443 3186 2499 Natali
3204 2442 3270 2500 S.
3293 2443 3509 2499 Zenonis
3546 2439 3734 2511 episcopi

2183 2544 2234 2591 et
2263 2537 2591 2606 confessoris.
2625 2535 2961 2592 Duodecimn
2988 2551 3118 2591 vero
3144 2534 3270 2590 Kal.
3300 2534 3421 2589 Maii
3449 2533 3571 2588 nihil
3599 2532 3734 2585 habe-

2184 2634 2272 2682 tur
2300 2630 2353 2681 in
2382 2635 2533 2683 textu
2558 2628 2627 2685 de
2656 2627 2821 2683 Festo
2848 2628 2909 2683 S.
2937 2628 3187 2684 Zenonis.
3216 2627 3274 2683 1n
3321 2626 3550 2698 margine
3588 2632 3734 2705 tamen

2184 2721 2402 2777 diverso
2461 2731 2764 2779 atramento
2801 2730 2856 2778 et
2898 2722 3060 2793 longe
3092 2722 3386 2779 recentiori
3428 2720 3733 2777 charactere:

2183 2814 2322 2870 Item
2350 2816 2530 2870 eodem
2575 2817 2658 2870 die
2688 2815 2952 2888 Depositio
2979 2815 3041 2872 S.
3065 2815 3292 2871 Zenonis
3323 2813 3589 2887 Episcopi,
3619 2822 3732 2868 et....

2184 2906 2410 2963 Patroni
2437 2909 2600 2964 nostri
2629 2925 2646 2962 :
2670 2909 2762 2965 ubi
2788 2918 2915 2981 post
2943 2909 3167 2969 verbum
3192 2919 3242 2963 et
3265 2908 3608 2978 interponitur
3631 2905 3737 2958 citra

2183 3004 2433 3075 quredum
2477 3003 2789 3076 signiﬁcans
2818 3002 3167 3074 Confessoris.
3196 3006 3268 3059 At
3311 3018 3429 3058 rasa
3461 3001 3649 3057 videtur
3669 2997 3738 3053 lit-

2186 3105 2302 3153 tera
2329 3097 2422 3152 ubi
2452 3097 2585 3152 cifra
2610 3105 2714 3164 est,
2747 3106 2802 3153 et
2832 3106 2886 3153 ut
2918 3104 3052 3168 puto
3081 3097 3175 3161 κη
3203 3112 3331 3168 qua
3360 3095 3591 3168 Martyris
3616 3093 3736 3147 dice-

471 3183 615 3239 blice
666 3183 907 3239 facienda
942 3182 1073 3239 feria
1102 3183 1291 3254 quinta
1332 3183 1386 3239 in
1418 3183 1584 3239 C(ena
1613 3184 1857 3249 Domini;
1898 3186 1954 3239 in
2006 3198 2075 3241 eo
2100 3170 2146 3234 C
2181 3190 2294 3254 bat,
2328 3190 2455 3260 quia
2500 3190 2653 3245 locus
2680 3198 2941 3261 angustus
2991 3198 3160 3245 totum
3191 3190 3422 3246 verbum
3462 3183 3739 3257 Confessam

470 3287 651 3333 autem
677 3293 731 3334 vr
761 3276 838 3332 id.
868 3276 1205 3342 Decembris,
1234 3276 1348 3333 haec
1371 3275 1440 3332 de
1465 3276 1628 3334 Festo
1650 3276 1708 3334 8.
1729 3277 1963 3333 Zenonis
1996 3278 2073 3333 le-

465 3382 685 3443 guntur.
720 3370 789 3426 In
824 3369 984 3427 Festo
1032 3370 1095 3427 S.
1128 3369 1360 3427 Zenonis
1402 3370 1627 3426 Patroni
1680 3372 1845 3427 nostri
1895 3372 2089 3427 nostra‘

466 3463 701 3521 Ecclesia
729 3464 963 3520 devotius
990 3472 1037 3518 et
1060 3465 1353 3519 accuratius
1381 3481 1541 3536 quam
1572 3466 1627 3519 in
1649 3464 1767 3520 aliis
1790 3461 2074 3520 Festivita-

463 3556 601 3611 tibus
629 3557 950 3612 solemnizat.
974 3556 1372 3617 Pistoriensem
1404 3572 1536 3613 vero
1554 3557 1855 3615 Ecclesium
1886 3556 1943 3615 8.
1968 3558 2074 3613 Ze—

466 3663 664 3704 nonem
696 3656 970 3717 tamquam
1018 3657 1314 3720 martyrem
1345 3649 1580 3720 antiquis
1615 3650 1952 3721 temporibus
1982 3665 2076 3708 vc-

466 3749 711 3795 neratam
756 3754 880 3797 esse
928 3756 995 3796 ex
1024 3740 1214 3797 iisdem
1246 3756 1377 3797 mss.
1406 3751 1641 3797 constat.
1674 3741 1809 3798 Nam
1848 3744 1901 3797 in
1933 3758 2073 3811 prte-

463 3833 610 3889 dicto
638 3831 966 3889 Kalendario
1017 3848 1119 3888 ms.
1156 3833 1215 3888 ll
1253 3832 1376 3888 Kal.
1421 3834 1579 3902 Maii,
1611 3850 1719 3905 quo
1747 3833 1835 3890 die
1877 3834 1933 3892 S.
1965 3833 2073 3891 Ze-

467 3924 626 3982 nonis
655 3925 897 3981 natalitia
920 3925 1358 3993 celebrabantur,
1391 3927 1507 3982 ha-c
1547 3928 1814 3984 habentur
1849 3947 1862 3984 :
1895 3926 2075 4002 Depo-

459 4021 578 4075 sitio
609 4019 669 4076 S.
690 4019 929 4075 Zenonis
963 4018 1181 4075 Patroni
1226 4021 1390 4076 nostri
1446 4019 1754 4077 Veronensis
1802 4024 2071 4094 martyris.

467 4111 634 4168 Sexto
674 4122 851 4169 tamen
899 4110 1023 4167 Idus
1051 4113 1365 4169 Decembris
1414 4114 1494 4169 sic
1525 4115 1754 4171 habetur
1789 4117 1840 4171 in
1879 4116 2076 4174 eodem

465 4204 813 4261 Kalendario.
845 4204 1039 4260 Natale
1066 4206 1127 4263 S.
1153 4206 1376 4263 Zenonis
1403 4206 1625 4263 Patroni
1654 4211 1839 4264 nostri.
1875 4209 1929 4266 In
1963 4212 2073 4269 alio

467 4312 573 4352 ms.
607 4300 774 4367 cujus.
801 4313 961 4367 supra
994 4299 1323 4355 mentionem
1354 4298 1584 4355 fecimus
1612 4343 1627 4368 ,
1661 4300 1806 4371 quod
1832 4302 2071 4375 inscrip-

468 4400 580 4445 tum
599 4401 682 4445 est
707 4407 720 4444 :
749 4390 892 4446 Ordo
914 4393 979 4450 de
990 4392 1195 4448 Divinis
1221 4393 1415 4466 Officiis
1436 4397 1718 4450 secundum
1730 4396 2071 4455 Pistoriensis

468 4482 718 4541 Ecclesia:
764 4488 1206 4543 consuetudinem.
1252 4489 1421 4545 Sexto
1466 4489 1594 4545 ltlus
1640 4493 1953 4548 Decembris
2002 4493 2071 4549 ad

2180 3282 2342 3337 scribi
2386 3281 2607 3338 minime
2631 3284 2958 3353 patiebatur.
2990 3281 3193 3339 Cifram
3216 3282 3519 3355 appositam
3540 3278 3735 3336 dixerim

2178 3374 2452 3446 ab'aliquo
2483 3377 2576 3447 qui
2604 3375 2661 3433 S.
2693 3376 2969 3432 Zenonem
2995 3375 3369 3433 confessorem
3398 3370 3645 3446 putabat.’

2251 3468 2397 3524 Idem
2422 3468 2716 3526 observare
2740 3470 2868 3526 licet
2892 3471 2945 3526 in
2975 3471 3084 3526 alio
3124 3469 3508 3543 Martyrologio
3541 3480 3632 3522 tus.
3654 3479 3736 3519 sc-

2180 3560 2305 3616 culo
2334 3561 2572 3629 decimo,
2604 3563 2750 3634 quod
2794 3562 3010 3619 Pistorii
3044 3573 3194 3619 extat
3238 3562 3541 3635 inopubliea
3564 3557 3735 3615 Biblio-

2182 3654 2337 3711 theca
2386 3655 2546 3710 almte
2593 3654 2785 3711 domus
2830 3656 3142 3727 Sapientiae,
3173 3656 3224 3710 in
3265 3672 3376 3727 quo
3424 3656 3505 3710 sic
3528 3651 3735 3722 legitur:

2182 3751 2367 3807 Pridie
2389 3750 2519 3806 Idus
2542 3752 3125 3823 Aprilis................
3156 3761 3202 3806 et
3231 3750 3547 3823 Confessoris
3577 3744 3739 3800 Eodem

2180 3849 2265 3904 die
2302 3849 2364 3904 S.
2397 3847 2621 3904 Zenonis
2647 3848 2877 3923 episcopi
2904 3892 2916 3914 ,
2947 3850 3036 3919 qui
3077 3850 3213 3904 inter
3255 3849 3507 3921 procellas
3540 3854 3739 3918 persect-

2182 3942 2337 3996 tionis
2368 3941 3103 4001 Veronensem................
3152 3942 3467 4003 Valeriani.
3513 3952 3555 3998 et
3588 3935 3739 3995 Urbem

2166 4038 2488 4105 ,mirubiliter
2516 4038 2681 4104 rexit,
2711 4047 2759 4091 et
2790 4048 3020 4109 tempore
3049 4038 3282 4094 Gallieni
3317 4040 3681 4111 imperatorum,
3700 4034 3739 4080 ει

2181 4132 2328 4200 turba
2366 4147 2764 4203 pa...ganorum
2800 4132 2868 4186 ad
2904 4131 3063 4201 ﬁdem
3109 4133 3359 4187 convertit
3394 4148 3412 4185 :
3450 4137 3608 4184 tamen
3646 4123 3737 4193 ej“

2181 4224 2435 4294 depositio
2484 4224 2771 4284 celebratur
2824 4223 3039 4280 Pistorii
3082 4241 3159 4280 xu
3192 4223 3319 4280 Kal.
3365 4222 3514 4278 Maii.
3557 4216 3615 4272 Et
3648 4216 3739 4285 ej”

2179 4318 2422 4372 solemnis
2454 4316 2731 4371 lt‘estivltas
2768 4332 2821 4373 v1
2875 4316 2962 4371 Id.
2998 4316 3296 4372 Decembris
3319 4360 3334 4384 ,
3378 4325 3433 4369 ut
3469 4307 3738 4368 ibidicitttr.

2180 4411 2356 4469 Verba
2387 4423 2433 4468 et
2464 4412 2785 4488 Confessoris
2812 4413 3024 4485 adjecta
3055 4423 3177 4469 sunt
3205 4412 3426 4470 diverso
3470 4408 3742 4466 charactere

2181 4518 2230 4561 et
2256 4514 2583 4574 atramento,
2616 4507 2772 4562 sicuti
2806 4514 2863 4562 et
2889 4506 2981 4561 illa
3013 4505 3282 4562 Valeriani
3321 4514 3391 4561 et.
3434 4502 3555 4559 P051
3580 4502 3742 4549 nomen

468 4574 711 4671 [:audes,
747 4588 799 4633 et
832 4579 883 4632 in
930 4579 1183 4650 Vesperi:
1222 4581 1513 4637 adnotatur
1541 4583 1783 4656 Hymnus
1820 4583 2076 4641 Prtesulis
2101 4559 2157 4621 Β
2180 4559 2771 4655 duliiani
3052 4559 3435 4667 ινέ-ᾖιονερεῑῖο
3460 4632 3475 4660 ,
3520 4596 3740 4662 quantum

470 4667 682 4734 Sancti,
714 4670 868 4739 cujus
920 4685 1082 4739 supra
1132 4684 1339 4741 partem
1393 4675 1680 4731 retulimus
1715 4679 1851 4748 (cap.
1887 4677 1964 4748 1),
2016 4678 2074 4734 in

465 4778 573 4832 quo
623 4763 942 4841 martyrium
975 4764 1032 4819 S.
1066 4764 1305 4821 Zenonis
1346 4779 1825 4823 commemoratur.
1874 4768 2072 4827 Totum

465 4871 595 4911 vero
623 4855 859 4912 officium
891 4867 973 4910 est
1001 4856 1068 4911 de
1098 4856 1413 4914 confessore
1468 4862 1744 4930 pontifice.
1774 4860 1846 4916 At
1887 4862 1940 4917 in
1971 4862 2076 4919 Fe-

467 4957 551 5002 sto
577 4951 777 5005 mensis
798 4950 1001 5022 Aprilis
1023 4963 1109 5005 am
1123 4951 1337 5019 iphouaz
1352 4953 1418 5007 ad
1436 4953 1651 5010 Laudes
1667 4955 1734 5010 de
1748 4955 2076 5029 Martyribus

465 5050 713 5109 tempore
732 5041 976 5097 Paschali
998 5052 1270 5112 notantur,
1290 5045 1496 5101 scilicet
1513 5049 1694 5103 Sancti
1709 5049 1804 5107 tui.
1821 5050 2065 5105 Domine.

462 5131 545 5187 Ad
577 5132 897 5189 Benedictus
932 5133 1226 5205 antiphoua
1255 5135 1557 5207 Acceptum,
1589 5155 1710 5209 qua:
1740 5152 1823 5196 est
1848 5119 2066 5212 propria

461 5227 518 5282 S.
548 5224 807 5291 Zenonis,
832 5230 919 5284 vel
944 5228 1060 5283 Lux
1086 5239 1359 5302 perpetua,
1377 5248 1506 5300 quae
1530 5234 1696 5290 estde
1714 5236 2066 5307 Martyribus.

459 5319 542 5375 Ad
564 5320 802 5377 Primam
833 5321 1124 5391 antiphona
1156 5322 1221 5375 In
1270 5324 1554 5381 cmlestibus
1583 5329 1776 5398 regnis,
1805 5343 1925 5398 qua:
1966 5344 2065 5399 pa-

460 5414 595 5470 riter
615 5425 699 5469 cst
722 5415 788 5470 de
818 5416 1093 5470 communi
1116 5415 1411 5488 Martyrum
1445 5428 1687 5490 tempore
1712 5420 1973 5489 paschali.
2002 5423 2060 5478 ln

458 5505 715 5578 Vesperis
745 5507 1038 5578 antiphona
1064 5507 1248 5563 Sancti
1278 5509 1379 5575 tui,
1420 5509 1744 5580 Domine,de
1784 5514 2058 5569 communi

454 5596 746 5670 Martyrum
799 5610 1047 5673 tempore
1079 5600 1339 5671 paschali.
1374 5602 1433 5658 In
1462 5602 1584 5658 aliis
1613 5604 1946 5675 Antiphonis
1998 5615 2056 5663 et

459 5686 834 5759 Responsoriis
886 5709 1007 5763 qua:
1049 5709 1116 5750 ex
1148 5694 1373 5751 historia
1394 5694 1453 5751 S.
1490 5695 1726 5771 Zenonis
1755 5698 2050 5759 desumun-

457 5782 569 5847 tur,
602 5796 776 5853 neque
816 5785 1038 5855 integrae
1068 5795 1353 5858 ponuntur
1380 5825 1396 5855 ,
1453 5786 1678 5846 forsitan
1731 5790 2050 5860 martyrium

2183 4701 2306 4763 apte
2346 4693 2490 4763 capit
2532 4692 2650 4749 haec
2680 4693 2842 4747 verba
2872 4733 2886 4757 ,
2920 4692 3168 4764 martyrio
3189 4694 3465 4758 coronatus
3502 4691 3606 4746 est,
3633 4688 3741 4749 qut)-

2181 4800 2303 4840 rum
2327 4785 2447 4840 loco
2470 4784 2588 4840 haec
2618 4785 2810 4841 eodem
2838 4784 3057 4840 diverso
3084 4783 3405 4838 charactere
3432 4785 3553 4834 sunt
3572 4773 3739 4840 scripta

2185 4874 2601 4946 lmperatorum,
2656 4887 2706 4931 et
2760 4876 2907 4931 turba
2943 4893 3077 4948 pa...
3133 4876 3341 4945 reliqua
3414 4882 3539 4926 vero
3576 4862 3738 4922 eodem

2183 4969 2503 5024 charactere
2544 4970 2596 5024 in
2633 4972 2899 5040 margine.
2927 4966 3080 5036 Quod
3110 4976 3291 5021 autem
3333 4979 3456 5019 rasa
3484 4961 3584 5017 sint
3606 4953 3737 5012 verba

2179 5062 2430 5132 martyrio
2457 5072 2732 5117 coronatus
2763 5071 2860 5127 est,
2894 5071 3003 5117 tum
3030 5073 3094 5114 ex
3123 5057 3299 5130 spatio
3324 5056 3535 5117 abroso,
3564 5061 3659 5103 tum
3680 5056 3737 5098 ex

2177 5166 2245 5207 eo
2273 5152 2417 5223 quod
2455 5154 2677 5209 verbum
2720 5153 3031 5225 confessoris
3066 5148 3479 5221 super-additum
3512 5142 3616 5208 sit,
3644 5134 3737 5193 evi-

2178 5244 2371 5299 denter
2401 5254 2566 5314 patet.

2248 5337 2349 5391 Hic
2371 5353 2501 5392 vero
2526 5352 2679 5393 error
2708 5336 2958 5407 irrepsit,
2999 5335 3126 5406 quia
3173 5331 3472 5391 solemnior
3510 5322 3738 5384 festivitas

2174 5428 2233 5484 8.
2267 5428 2504 5483 Zenonis
2534 5445 2585 5484 vr
2622 5429 2745 5484 ldus
2790 5429 3110 5484 Decembris
3143 5427 3373 5485 Veronae
3404 5418 3737 5492 agebatur,“

2126 5548 2135 5555 ι
2174 5518 2391 5575 Pistorii
2436 5536 2582 5576 nunc
2625 5535 2842 5592 quoque
2870 5519 3084 5592 agitur;
3112 5519 3207 5591 qui
3250 5518 3370 5574 dies
3408 5505 3736 5573 Ordinatiouis

2173 5618 2286 5680 est,
2317 5621 2372 5668 et
2401 5610 2651 5668 Officium
2682 5612 2878 5684 legitur
2902 5612 2970 5669 de
2996 5612 3315 5668 confessore
3349 5607 3590 5681 pontifice
3622 5611 3735 5670 prat-

2169 5703 2355 5757 sertim
2387 5702 2616 5759 Veronae
2639 5745 2653 5771 ,
2696 5702 2818 5769 ubi,
2846 5711 2906 5759 ut
2929 5703 3189 5759 observat
3226 5700 3464 5757 Doudori
3488 5700 3505 5769 (
3527 5696 3637 5749 Lac.

2165 5810 2283 5864 εαΡο
2344 5794 2427 5866 1),
2455 5793 2525 5851 de
2568 5794 2832 5867 martyrio
2869 5794 2925 5853 8.
2958 5793 3200 5853 Zenonis
3247 5791 3392 5851 nulla
3442 5790 3496 5844 ﬁt
3540 5786 3728 5841 mentio
