3902 6324
210 304 293 363 σει

1311 310 1404 366 DE
1442 306 1801 367 ΜΛΒἹὝΜΟ
1840 260 2091 370 SANCTl
2131 313 2442 377 ZENONIS.

3354 334 3459 390 622

209 417 395 476 Pistorii
422 433 569 487 vero,
595 426 654 475 ut
676 432 837 491 supra
863 422 1291 492 observavimus,
1313 424 1368 480 in
1393 426 1595 496 hymno
1620 426 1766 481 Prte-
1788 427 1843 487 Α
1867 426 2017 484 addit
2044 437 2099 486 et
2117 435 2447 504 confessoris.
2496 435 2767 507 Rabanus,
2802 454 2962 511 quem
2986 442 3157 501 refert
3188 445 3459 518 Panemo-

207 514 313 571 setis
338 513 506 570 Sancti
526 516 1056 572 commemorabatur
1081 519 1396 588 martyrium
1419 520 1476 575 S.
1500 519 1758 587 Zenonis,

207 618 251 666 et
272 624 398 665 nunc
423 624 635 680 quoque
685 610 738 666 in
768 611 1027 667 Oratione
1067 620 1122 668 et
1160 612 1506 671 Lectionibus
1537 613 1762 671 secundi

206 701 447 758 Nocturni.
481 701 549 757 At
591 701 732 759 bane
759 705 1156 761 correctionem
1200 705 1398 764 iecisse
1434 706 1760 764 crediderim
1800 720 1813 735 ν

204 795 403 867 aliquem
428 793 745 851 Dilieiorum
792 795 1053 853 Ecclesiae
1094 797 1445 854 Pistoriensis
1472 799 1758 868 ignarum,

204 889 333 957 cujus
357 887 615 958 ignoratio
635 903 701 944 es
726 904 793 945 eo
812 890 1377 960 eognoscitur.........
1419 890 1682 947 Valeriani
1711 901 1762 946 et

203 980 321 1051 quod
347 980 503 1037 verba
528 979 713 1037 addita
742 999 756 1036 ε
787 981 852 1037 Et
877 990 1102 1054 tempore
1123 982 1350 1039 Gallieni
1368 984 1758 1055 imperatorum,

204 1083 241 1127 et
262 1071 393 1127 turba
418 1071 758 1143 Pageuorum
800 1074 871 1129 ad
907 1074 1091 1130 Fidem
1121 1077 1400 1144 convertit,
1429 1093 1554 1132 cum
1593 1090 1760 1149 supe-

202 1166 402 1224 rioribus
439 1167 663 1223 minime
685 1167 1014 1225 cohaereant.
1044 1169 1159 1239 Qua
1181 1169 1327 1225 enim
1355 1170 1567 1226 ratione
1595 1171 1678 1226 bis
1707 1172 1760 1227 in

201 1258 480 1315 mucidum
525 1259 747 1317 Festum
787 1261 1171 1317 celebrandum
1213 1262 1283 1317 sit
1322 1264 1377 1318 in
1423 1263 1616 1319 eadem
1658 1263 1764 1319 Ec-

201 1352 338 1410 clesia
359 1392 372 1415 ,
401 1351 592 1424 utique
618 1368 729 1408 nou
769 1362 1001 1409 constat.
1044 1355 1329 1410 Diversum
1359 1369 1491 1427 ergo
1517 1370 1639 1412 esse
1667 1355 1764 1411 de-

202 1442 279 1499 bet
300 1442 508 1500 Festum
554 1444 764 1500 mensis
806 1443 1012 1515 Aprilis
1035 1460 1067 1500 a
1098 1445 1262 1501 Festo
1310 1447 1516 1502 mensis
1543 1448 1762 1503 Decem-

198 1534 321 1601 br'u;
351 1549 546 1610 nempe
571 1536 677 1593 hoc
711 1538 1117 1604 Ordinatiouis,
1151 1538 1283 1595 illud
1312 1540 1551 1607 Natalis;
1587 1556 1765 1612 neque

200 1637 375 1685 unitum
414 1632 524 1685 ritu
550 1630 873 1687 solemniori
900 1631 986 1688 vel
1015 1632 1197 1687 minus
1240 1632 1475 1688 solemni
1503 1632 1764 1704 distingui

197 1721 386 1778 debent.
428 1726 613 1793 Quare
651 1738 938 1795 perperam
977 1723 1259 1780 adnotavit
1292 1742 1304 1779 :
1341 1724 1473 1797 Ejus
1520 1725 1765 1782 solemnis

197 1811 440 1871 lt'estiritas
475 1830 539 1872 vs
565 1814 700 1871 ldus
725 1814 1057 1883 Decembris,
1088 1828 1197 1872 etc.
1243 1816 1341 1871 Hic
1384 1831 1538 1872 error
1567 1833 1636 1873 ex
1664 1832 1766 1873 1118-
1800 1820 1848 1881 Β
1876 1827 2001 1883 ldus
2051 1830 2248 1900 Aprilis
2280 1847 2294 1887 :
2328 1829 2526 1886 Eodem
2563 1833 2647 1887 die
2684 1834 2742 1891 8.
2778 1811 3011 1893 Ζιξηοηίε⁷
3042 1811 3325 1911 Episcopi,

196 1907 385 1979 irrepsit
412 1910 465 1965 in
491 1910 673 1982 aliqua
701 1910 1090 1983 Martyrologia
1116 1912 1260 1983 typis
1287 1911 1433 1967 edita
1451 1956 1467 1979 ,
1494 1921 1553 1967 ut
1575 1912 1762 1969 videre

198 2002 337 2059 estin
386 2001 603 2072 publica
648 2013 705 2059 et
738 2003 1076 2073 amplissima
1124 2003 1451 2075 bibliotheca
1503 2004 1766 2062 Eminen-

198 2092 365 2149 tissimi
403 2092 715 2150 Cardiualis
756 2093 989 2151 Fabroni
1015 2096 1322 2166 sumptibus
1366 2096 1584 2153 Pistorii
1633 2112 1769 2153 con-

198 2195 371 2243 struem
393 2227 408 2253 ,
441 2188 497 2243 iu
526 2204 633 2258 qua
659 2199 973 2245 asservatur
1009 2189 1448 2262 Martyrologium
1478 2190 1770 2248 Florentiae

196 2280 379 2336 editum
406 2296 579 2352 opera
610 2280 882 2339 Vrancisci
911 2282 981 2339 de
1014 2283 1394 2339 Bonaccursiis
1433 2300 1576 2341 anno
1605 2285 1769 2355 “86,

196 2368 354 2443 inquo
377 2372 446 2429 de
464 2373 532 2431 S.
561 2372 779 2430 Zenone
800 2373 880 2430 sic
908 2391 923 2429 :
964 2373 1142 2430 Pridie
1169 2374 1293 2431 ldus
1319 2376 1607 2446 Aprilis....
1637 2376 1771 2432 Item

198 2464 478 2524 S.Zeuonis
521 2465 822 2523 Veronensis
842 2468 1069 2539 episcopi
1118 2479 1168 2523 et
1195 2469 1540 2539 confessoris,
1569 2470 1659 2542 qui
1680 2471 1773 2525 tri-

198 2556 275 2614 ius
288 2561 427 2617 armis
466 2559 735 2615 Valesiani
767 2571 815 2615 et
841 2559 1065 2617 Gallieni
1090 2562 1196 2633 fide
1229 2564 1568 2631 clarissimus,
1615 2581 1770 2619 sanc-

196 2651 318 2707 ἠως
333 2654 645 2726 conspicuus
672 2652 865 2710 Christi
894 2653 1081 2709 Fidem
1102 2656 1243 2727 genti
1264 2672 1375 2711 sum
1396 2655 1773 2724 ferventissime

198 2745 469 2814 medicauit
490 2789 509 2815 ,
544 2758 592 2801 et
620 2763 863 2819 magnam
900 2749 1100 2804 turbant
1138 2766 1459 2820 paganorum
1487 2751 1556 2805 ad
1585 2749 1773 2806 Fidens

197 2837 369 2897 Christi
419 2843 689 2896 conuertit.
744 2840 938 2911 Tamen
986 2841 1262 2898 Festiuitas
1317 2846 1434 2917 ejus
1482 2844 1773 2899 celebratur

195 2942 316 2987 testo
340 2930 464 2987 Idus
487 2933 814 2989 Decembris.
842 2934 1027 2992 Mense
1055 2944 1234 3003 autem
1270 2935 1580 2990 Decembris
1613 2935 1684 2990 ita
1717 2936 1770 2992 in

196 3024 360 3081 eodem
388 3025 776 3099 Martyrologio
804 3043 818 3082 :
850 3043 906 3082 v1
935 3026 1064 3081 ldus
1094 3023 1393 3082 Decembris
1431 3026 1577 3097 apud
1610 3026 1772 3082 Vero-

193 3132 294 3170 nam
318 3115 374 3173 S.
401 3117 631 3174 Zenonis
653 3118 880 3192 ejusdem
907 3117 1046 3172 urbis
1069 3118 1303 3186 episcopi
1358 3126 1405 3172 et
1455 3119 1770 3190 confessoris

1858 517 2037 587 chius,
2075 521 2142 578 de
2167 522 2223 579 S.
2249 525 2467 581 Zenone
2495 526 2609 584 haec
2638 530 2829 603 habet:
2855 532 3055 590 Eadem
3069 537 3152 593 die
3170 539 3223 595 in
3246 517 3463 599 Civitate

1873 609 2107 680 Veronae,
2142 614 2328 672 Passio
2350 618 2412 672 S.
2442 619 2667 678 Zenonis
2691 623 2961 698 Martyris.
2998 630 3094 686 Die
3114 648 3245 689 vero
3268 646 3459 693 octava

1862 702 2178 762 Decembris
2224 728 2240 764 :
2280 708 2349 763 In
2388 710 2601 767 Civitatis
2637 714 2852 774 Veronte
2896 718 3088 779 Natale
3132 725 3195 782 8.
3239 727 3461 787 Zenonis

1863 795 2135 869 Martyris.
2168 800 2425 859 [tabanus
2452 816 2631 861 autem
2675 811 2893 881 scripsit
2932 814 3236 885 imperante
3271 820 3454 880 Ludo-

1862 889 1984 982 vico
2015 889 2132 946 Pio.
2165 891 2440 950 Notkerus
2465 913 2679 971 quoque
2715 903 2892 973 pridie
2918 906 3041 963 ldus
3066 910 3288 982 Aprilis,
3318 924 3373 971 et
3404 933 3455 974 t't

1863 981 1988 1039 idus
2014 985 2329 1044 Decembris
2375 992 2435 1044 8.
2490 991 2765 1052 Zenonem
2797 981 3299 1073 mertyremidicit.
3358 1010 3461 1066 Ec-

1862 1077 2028 1133 clesia
2058 1096 2271 1152 quoque
2311 1082 2677 1156 Frisingensls
2719 1100 2991 1162 tamquam
3036 1096 3359 1168 Episcopum
3409 1115 3465 1159 et

1863 1181 2155 1244 martyrem
2189 1175 2248 1230 S.
2287 1175 2561 1234 Zenonem
2598 1181 2760 1249 colit,
2791 1193 2848 1239 ut
2876 1186 3019 1241 idem
3058 1188 3462 1260 Papebrochius

1862 1261 2097 1318 afﬁrmat
2116 1264 2208 1333 (In
2228 1269 2359 1323 actis
2377 1268 2482 1325 SS.
2505 1286 2666 1326 mens.
2688 1275 2907 1345 Aprilis,
2929 1278 3014 1332 die
3036 1279 3123 1346 η,
3148 1298 3195 1335 c.
3222 1282 3279 1350 2,
3308 1285 3460 1348 n.3l.

1864 1355 2009 1412 Beda
2040 1358 2171 1415 item
2202 1362 2255 1415 in
2286 1362 2670 1436 Martyrologio
2699 1368 2875 1438 pridie
2907 1362 3034 1426 ldus
3056 1374 3285 1444 Aprilis.
3312 1377 3465 1450 Apud

1870 1451 2212 1511 Veronensem
2235 1457 2503 1513 Civitatem
2529 1459 2715 1516 Passio
2746 1463 2805 1518 S.
2840 1464 3067 1522 Zenonis
3094 1472 3372 1542 martyris’,
3404 1474 3470 1527 de

1865 1565 1964 1619 quo
1994 1550 2058 1608 B.
2092 1550 2372 1626 Gregorius
2398 1554 2452 1609 in
2496 1555 2633 1610 libro
2672 1556 3014 1632 Dialogorum
3052 1563 3211 1633 refert
3258 1580 3312 1620 vn
3340 1565 3460 1621 ldus

1840 1640 2202 1725 Decembris.
2250 1644 2318 1700 In
2368 1645 2587 1703 Civitate
2640 1648 2844 1705 Verona
2893 1652 3087 1710 Natale
3130 1655 3189 1712 S.
3242 1656 3469 1713 Zenonis

1868 1736 2131 1806 martyris.
2184 1726 2461 1794 Usuardus
2486 1748 2542 1796 et
2590 1740 2707 1810 ipse
2751 1743 2804 1797 in
2857 1743 3241 1818 Martyrologio
3290 1750 3468 1820 pridie

3379 1860 3469 1914 qui

1875 1920 2010 1975 inter
2060 1923 2317 1991 procellas
2361 1928 2729 1995 persecutionis
2800 1927 3142 1986 Veronensum
3181 1932 3470 1990 Ecclesium

1874 2012 2179 2069 mirabiliter
2201 2006 2367 2085 'retcit,
2402 2033 2465 2071 ac
2501 2028 2724 2090 tempore
2763 2020 2991 2077 Gallieni
3030 2027 3278 2096 martyrio
3320 2043 3471 2082 coro-

1876 2116 2030 2162 natus
2051 2119 2146 2163 est.
2174 2109 2310 2164 Nota
2347 2111 2435 2166 hic
2456 2112 2620 2168 verba
2643 2113 2879 2170 Usuardi
2897 2157 2912 2183 ,
2968 2132 3088 2183 quas
3127 2119 3316 2175 eadem
3345 2130 3473 2177 sunt

1875 2214 1942 2256 ac
1964 2201 2130 2256 verba
2159 2202 2522 2276 Martyrologii
2551 2220 2652 2262 ms.
2681 2207 2823 2277 quod
2845 2207 2933 2263 hic
2960 2208 3174 2266 Pistorii
3199 2212 3251 2266 in
3280 2213 3475 2269 biblio-

1876 2296 2034 2351 theca
2078 2287 2257 2353 almae
2292 2299 2496 2356 Domus
2542 2300 2833 2371 Sapientiae
2880 2314 3229 2373 asservatur,
3274 2308 3473 2379 dequo

1876 2389 2114 2446 diximus
2157 2392 2336 2462 capite
2365 2395 2634 2463 secundo,
2670 2395 2779 2451 ubi
2805 2397 2874 2454 de
2925 2399 3094 2469 ipsius
3123 2416 3228 2456 ms.
3257 2416 3473 2458 correc-

1877 2482 2044 2551 tione,
2078 2498 2174 2540 seu
2205 2487 2381 2555 potius
2406 2486 2795 2558 depravatione
2819 2491 3047 2560 egimus,
3080 2493 3223 2563 quod
3255 2503 3476 2552 senten-

1876 2576 2008 2631 tiam
2055 2587 2296 2635 nostram
2341 2581 2672 2650 confirmat,
2721 2582 2899 2640 deleta
2936 2585 3145 2643 scilicet
3195 2589 3363 2645 fuisse
3409 2590 3466 2645 in

1875 2671 2068 2726 eodem
2108 2687 2211 2728 ms.
2246 2674 2409 2729 verba
2442 2676 2554 2740 illa,
2587 2673 2845 2749 Mai-tyrio
2890 2689 3168 2734 coronatus
3209 2693 3302 2736 est.
3328 2681 3475 2738 Van-

1874 2764 2156 2820 delbertus
2184 2766 2239 2820 in
2283 2780 2383 2821 suo
2409 2766 2791 2840 Martyrologio
2830 2770 3055 2827 metrico
3095 2787 3151 2828 vt
3197 2772 3322 2829 ldus
3369 2773 3475 2831 De-

1875 2856 2113 2913 cembris
2140 2858 2219 2913 sic
2280 2858 2476 2913 cecinit
2516 2857 2708 2931 (Apud
2763 2860 3100 2934 Daclterium,
3130 2875 3168 2921 t.
3220 2882 3253 2923 ν
3299 2865 3478 2938 Spiri-

1879 2947 2037 3021 leyli)
2073 2966 2085 3003 :

2124 3041 2227 3093 Has
2245 3042 2638 3113 gpoque_Zeuon
2662 3046 2814 3099 habet
2836 3049 3099 3113 conjuncta

2246 3105 2425 3170 Μανίαν
2449 3107 2656 3160 honore.

194 3210 326 3266 totius
342 3212 633 3268 sanctitatis
657 3188 773 3266 ιέίνε.
805 3211 904 3268 Ubi
934 3210 1068 3267 nihil
1089 3211 1155 3267 de
1181 3210 1344 3267 Festo
1372 3188 1766 3277 Ordinationis,

1943 3188 2078 3247 item
2109 3189 2303 3248 Petrus
2332 3190 2617 3249 Galesinus
2637 3194 2693 3250 in
2722 3197 2867 3253 notis
2892 3199 3067 3270 pridie
3112 3201 3236 3259 ldus
3264 3205 3472 3275 Aprilis

193 3300 237 3356 in
263 3319 363 3374 quo
384 3306 517 3360 satis
550 3313 738 3376 aperte
780 3304 952 3377 liquet
980 3304 1357 3361 Drdinationis
1381 3345 1395 3370 ,
1444 3314 1500 3361 et
1545 3305 1769 3376 Deposi-

194 3393 334 3452 tionis
356 3438 370 3460 ,
400 3412 498 3454 seu
531 3397 778 3469 martyrii
810 3396 971 3453 Festa
1011 3396 1300 3461 confundi,
1332 3412 1453 3469 qun:
1482 3399 1686 3469 optime
1713 3399 1767 3453 in

191 3484 547 3560 llartyrologio
586 3489 834 3545 Romano
874 3498 929 3545 et
994 3490 1117 3545 aliis
1143 3489 1566 3561 distinguuntur.
1614 3489 1770 3546 Licet

190 3575 331 3649 igitur
350 3582 402 3638 in
431 3583 715 3639 veteribus
745 3583 1116 3639 monumentis
1160 3583 1319 3653 hujus
1361 3583 1615 3640 Ecclesiae
1644 3584 1766 3640 Pis-

193 3674 415 3731 toriensis
432 3675 693 3733 confusio
718 3676 1022 3747 reperiatur
1046 3676 1097 3731 in
1123 3676 1321 3732 Ofﬁcio
1339 3676 1399 3731 S.
1429 3675 1667 3732 Zenonis
1699 3677 1769 3734 de

192 3763 285 3822 ritu
306 3769 561 3841 martyris
630 3776 688 3824 et
708 3768 1069 3836 confessoris,
1104 3778 1283 3825 tamen
1321 3767 1605 3824 evidenter
1638 3783 1767 3824 con-

188 3867 279 3914 stat
321 3876 539 3932 semper
593 3861 751 3917 illum
787 3869 1060 3931 tamquam
1086 3869 1380 3934 martyrem
1422 3860 1589 3916 fuisse
1618 3861 1768 3918 habio

190 3957 319 4019 tum;
350 3954 422 4009 ita
465 3963 528 4011 ut
551 3955 870 4011 continuata
917 3955 1138 4009 traditio
1175 3954 1245 4011 de
1271 3954 1530 4027 Martyrio
1575 3954 1635 4009 S.
1667 3955 1767 4010 Ze-

190 4049 321 4103 nonis
347 4050 757 4107 euidentissime
782 4049 1213 4117 demonstretur,
1238 4066 1358 4122 qua:
1380 4049 1581 4106 nostris
1600 4049 1765 4107 etiam

189 4142 497 4211 temporibus
527 4150 868 4214 perseverat.

788 4235 1019 4294 CAPUT
1058 4236 1142 4292 Ill.

187 4322 405 4385 Batonis
419 4331 823 4387 auctoritatibus
842 4330 1085 4401 probatur
1103 4329 1417 4402 Hartyrium
1439 4332 1499 4387 8.
1520 4329 1765 4386 Zenonis.

242 4424 457 4481 sanctus
483 4426 789 4497 Gregorius
806 4424 1031 4496 Magnus
1050 4423 1190 4481 libro
1212 4425 1370 4480 tertio
1394 4423 1763 4494 Dialogorum,

184 4520 335 4586 capite
356 4521 446 4587 ω,
481 4520 809 4578 miraculum
852 4534 1080 4576 narrans
1126 4518 1277 4575 ﬂuvii
1304 4520 1525 4576 Athesis
1557 4520 1614 4576 S.
1665 4520 1767 4577 Ze-

1874 3280 1991 3338 hmc
2049 3282 2217 3347 refert
2254 3301 2267 3337 :
2306 3282 2371 3341 S.
2398 3283 2623 3343 Zenonis
2649 3288 2879 3362 episcopi
2929 3301 2979 3351 et
3020 3295 3297 3365 martyris,
3326 3306 3381 3355 ut
3410 3315 3475 3357 ex

1874 3371 1938 3429 8.
1970 3373 2207 3447 Gregorii
2260 3377 2561 3432 testimoniis
2613 3388 2773 3449 atque
2812 3398 2877 3439 ea:
2918 3386 3059 3443 omni
3100 3390 3468 3462 martyralogio

1871 3475 2094 3532 constat,
2128 3467 2281 3533 idque
2309 3469 2546 3537 pluribus
2571 3474 2858 3526 ostenditur
2878 3476 2930 3528 in
2952 3475 3083 3530 libro
3099 3519 3114 3543 ,
3139 3480 3228 3547 qui
3255 3486 3320 3535 de
3344 3480 3455 3538 SS.

1872 3556 2145 3630 Episcopis
2179 3558 2557 3616 Veronensibus
2586 3578 2748 3635 nuper
2767 3565 2822 3618 in
2846 3565 3010 3621 lucem
3035 3569 3201 3625 editus
3222 3581 3317 3627 est.
3348 3573 3467 3631 Hoc

1869 3647 1983 3717 ipso
2004 3650 2087 3713 die
2115 3649 2425 3723 Martyrium
2451 3670 2464 3707 :
2489 3669 2542 3708 γι
2564 3652 2696 3711 Idus
2724 3654 3021 3714 Decembris
3038 3660 3315 3721 Ordinatio
3344 3682 3365 3722 :
3394 3683 3472 3723 stt

1871 3738 2140 3795 Kalendas
2179 3739 2333 3797 Junii
2386 3746 2661 3801 translatio
2720 3746 2941 3805 Veronar
2986 3753 3285 3813 celebratur.
3334 3758 3470 3831 Ejus

1881 3831 2052 3888 Vitaa
2094 3832 2354 3890 Coronato
2380 3837 2626 3893 'Notario
2668 3844 2961 3915 conscripta
3000 3845 3151 3903 Lobii
3194 3860 3351 3906 extat.
3384 3851 3468 3909 Tu

1871 3934 2121 3999 praterca
2160 3927 2271 3999 tege
2311 3926 2546 3988 Suriuut.
2594 3930 2950 4005 Constantius
2975 3935 3214 3999 Felieius
3264 3941 3319 3998 in
3365 3959 3469 4000 suo

1869 4020 2199 4081 Kalendario
2244 4023 2417 4094 pridie
2447 4025 2570 4083 ldus
2595 4028 2799 4097 Aprilis
2842 4032 3132 4089 vernacula
3163 4033 3346 4107 lingua
3386 4037 3467 4095 sic

1869 4115 2058 4184 habet,
2105 4118 2250 4188 quod
2296 4135 2396 4175 nos
2448 4119 2613 4176 latine
2656 4121 2932 4179 reddimus
2978 4125 3209 4183 :Zenon.
3254 4128 3471 4189 Verona!

1868 4209 2140 4281 episcopus
2166 4222 2362 4283 martyr
2379 4212 2475 4269 sub
2499 4210 2737 4271 Gallieno
2770 4217 3099 4289 imperatore.
3134 4221 3201 4277 Et
3230 4239 3281 4280 vs
3333 4225 3462 4285 ldus

1870 4301 2187 4360 Decembris
2220 4322 2233 4360 :
2271 4304 2449 4362 Zenon
2515 4306 2826 4367 Veronensis
2866 4314 3139 4384 episcopus
3194 4320 3463 4378 miraculis

1868 4397 2149 4455 admodum
2178 4398 2350 4465 clarus
2371 4409 2602 4471 teutpore
2625 4400 2853 4459 Gallieni
2882 4405 3214 4477 imperatoris
3242 4412 3424 4482 ﬂoruit
3442 4458 3459 4483 ,

1870 4494 2017 4563 cujus
2060 4491 2224 4561 ﬁliam
2260 4510 2295 4547 α
2321 4489 2566 4548 Damone
2601 4493 2919 4550 liberauerat.
2964 4496 3136 4557 Caute
3177 4502 3342 4573 igitur
3385 4506 3467 4564 le.

184 4584 353 4666 nonem
381 4584 691 4685 martyrem.
713 4611 845 4668 dicit
868 4629 881 4666 :
913 4612 1072 4681 Apud
1097 4612 1442 4667 Veronensem
1465 4611 1645 4667 urbem
1661 4614 1759 4683 βας

1870 4584 2077 4656 gendus
2098 4585 2175 4641 De
2206 4587 2372 4652 Aste,
2401 4587 2489 4655 qui
2533 4586 2676 4656 prid.
2706 4587 2832 4644 ldus
2857 4588 3063 4659 Aprilis
3094 4593 3148 4657 in
3189 4597 3302 4652 suis
3348 4599 3465 4657 Dis-

184 4707 277 4756 sttts
306 4705 509 4761 Athesis
530 4722 835 4761 eucrescens
874 4706 945 4760 ad
968 4704 1036 4762 Β.
1081 4705 1304 4761 Zenonis
1345 4711 1587 4780 martyris
1614 4716 1766 4778 aulae

186 4797 423 4866 Pontiﬁcis
450 4798 742 4855 Eeclesiam
775 4802 910 4855 venit
933 4817 952 4855 :
982 4802 1130 4871 cujus
1170 4800 1422 4856 Ecclesiae
1455 4802 1577 4856 dum
1600 4811 1764 4858 essent

179 4887 333 4955 iam
367 4902 565 4961 aperta
586 4933 603 4958 ,
630 4907 769 4961 aqua
794 4893 849 4947 in
896 4908 1008 4947 eam
1034 4893 1247 4946 minime
1287 4892 1518 4947 intrauit.
1563 4893 1762 4948 Paulus

184 4978 331 5036 etiam
355 4982 651 5051 Diacouus,
683 4983 754 5040 de
782 4983 965 5041 Gestis
990 4984 1479 5054 Langobardorum
1496 4985 1634 5042 libro
1653 4995 1762 5041 ter-

184 5067 268 5134 tio,
292 5086 404 5145 esp.
431 5076 529 5144 25,
557 5086 875 5148 martyrem,
900 5088 954 5134 et
974 5077 1092 5147 ipse
1117 5075 1375 5146 afﬁrmat,
1403 5078 1471 5135 de
1496 5080 1760 5135 miraculo

185 5158 378 5221 Athesis
417 5182 635 5238 agens:
658 5166 941 5223 Destructa
972 5179 1101 5226 sunt
1119 5168 1327 5236 itinera,
1354 5168 1621 5243 dissipata:
1644 5181 1763 5225 sunt

185 5250 296 5322 de,
327 5265 622 5331 tantumque
658 5259 861 5315 Athesis
892 5262 1081 5321 [lucius
1117 5270 1239 5316 tunc
1264 5263 1485 5316 excreuit
1504 5301 1520 5330 ,
1548 5273 1601 5316 ut
1626 5263 1766 5317 circa

184 5343 441 5407 Meam
466 5354 534 5410 Β.
567 5354 795 5410 Zenonis
812 5357 1097 5427 martyris,
1127 5372 1243 5425 quia
1270 5365 1419 5411 extra
1453 5354 1763 5411 Veronensis

186 5442 311 5497 Urbis
332 5462 509 5503 mos
561 5449 663 5503 sita
712 5458 786 5505 est
803 5490 819 5516 ,
849 5465 1010 5520 usque
1055 5450 1126 5504 ad
1168 5450 1461 5522 superiores
1504 5453 1761 5522 fenestras

186 5550 298 5604 ma
324 5541 635 5613 pertingens
654 5557 673 5594 :
695 5540 824 5597 licet
843 5540 909 5595 Β.
953 5539 1239 5613 Gregorius
1274 5553 1391 5613 post
1424 5541 1573 5615 Papa
1592 5545 1760 5613 scrip-

186 5629 288 5682 serit
324 5630 379 5684 in
412 5633 655 5687 earndent
689 5632 975 5700 Basilicam
1011 5649 1200 5704 aquam
1236 5634 1445 5689 minime
1494 5635 1755 5691 introisse.

186 5718 584 5801 Iauuseriptum
640 5727 1050 5794 Modoetieuse,
1115 5736 1174 5785 ut
1226 5727 1563 5785 Muratorius-
1610 5738 1761 5785 notat

192 5810 326 5877 (lter.
354 5816 479 5876 itel.
499 5829 539 5874 t.
569 5835 606 5888 ι,
638 5839 761 5894 pag.
792 5820 938 5893 H7)
973 5820 1047 5879 ad
1096 5820 1231 5879 illud
1256 5821 1477 5891 verbum
1505 5822 1761 5894 martyris

1865 4677 2265 4749 ceptationibus
2315 4679 2367 4734 in
2415 4679 2854 4751 Martyrologium
2900 4681 3205 4744 Romanum
3246 4690 3468 4749 adducit

1864 4771 2123 4828 Felicium
2154 4784 2207 4827 et
2256 4770 2593 4838 Galcsinum,
2621 4780 2812 4845 utpote
2836 4775 2929 4846 qui
2948 4778 3006 4833 S.
3038 4777 3314 4838 Zenonem
3338 4800 3464 4841 con-

1863 4863 2128 4920 fessorem
2172 4879 2278 4921 non
2329 4872 2623 4937 martyrem
2663 4872 3094 4939 nuncupaverint
3136 4890 3352 4943 :quare
3396 4878 3466 4934 ti-

1864 4956 2120 5015 mendum
2142 4966 2229 5015 est
2269 4974 2339 5013 ne
2390 4965 2447 5012 et
2480 4957 2536 5013 in
2561 4958 2680 5017 aliis
2706 4962 3023 5023 auctoribus
3052 4963 3341 5023 alios-endis
3366 4969 3467 5025 ial-

1866 5050 2005 5107 latur
2030 5092 2045 5117 ,
2079 5051 2238 5107 sicuti
2270 5052 2321 5107 in
2350 5052 2433 5107 his
2462 5051 2690 5108 fallitur.
2735 5053 2955 5123 Falsum
2987 5067 3074 5115 est
3123 5060 3269 5123 enim
3315 5065 3467 5134 quod

1867 5144 1999 5202 dicit
2029 5163 2042 5198 :
2071 5143 2204 5199 Item
2236 5142 2496 5217 Vuitford,
2531 5143 2790 5215 Bellinns,
2815 5144 3115 5219 Galesinus,
3147 5162 3196 5208 et
3229 5152 3462 5216 Felicius

1865 5254 2039 5294 omnes
2066 5254 2171 5292 uno
2196 5253 2281 5292 ore
2320 5238 2640 5294 buccinando
2672 5240 2734 5294 S.
2766 5239 3027 5301 Zenonem
3050 5247 3347 5323 episcoth
3368 5292 3382 5315 ,
3411 5261 3464 5307 et

1862 5333 2220 5403 confessorem.
2252 5329 2407 5399 Quod
2435 5331 2673 5387 alienum
2706 5348 2828 5389 esse
2852 5349 2884 5390 a
2911 5338 3164 5405 veritate,
3186 5356 3255 5397 ex
3287 5358 3461 5415 nuper

1860 5424 2038 5481 allatis
2063 5423 2300 5483 Galesini
2328 5436 2381 5481 et
2411 5424 2599 5483 Felicii
2629 5427 2810 5505 yerbis
2839 5429 2966 5487 licet
2990 5447 3303 5504 agnoscere.

2479 5538 2710 5597 CAPUT
2748 5542 2840 5597 IV.

2479 5540 2615 5595 CAP
2748 5542 2769 5596 l
2824 5582 2840 5597 .

1937 5629 2161 5688 Romani
2201 5630 2564 5706 Hartyrologii
2601 5540 2877 5691 αῗῖιονῖιω
2915 5637 3176 5710 Martyris
3203 5654 3388 5702 nomen

2372 5728 2445 5786 S.’
2474 5729 2686 5799 Zenoni-
2709 5732 2957 5789 decernit.

1940 5820 2008 5878 Bi
2046 5836 2241 5880 omnes
2258 5863 2275 5893 ,
2305 5834 2447 5894 quos
2473 5836 2636 5894 supra
2661 5826 3040 5885 recensuimus
3058 5871 3073 5901 ,
3106 5840 3239 5892 ante
3263 5833 3465 5896 Roma-
