3902 6324
439 286 547 342 625

1515 279 1601 336 DE
1640 277 2005 336 MARTYRIO
2041 278 2286 338 SANCTI
2327 281 2639 340 ZENONIS.
3593 291 3671 348 ιιι

438 416 568 456 num
620 395 1062 469 Martyrologium
1113 407 1140 446 a
1195 393 1422 450 Summo
1470 393 1727 462 pontiﬁce
1777 393 2042 464 Gregorio
2069 397 2123 456 Α
2148 395 2407 464 Remigii:
2428 397 2550 451 Non
2574 398 2736 452 multo
2763 409 2875 468 post
2895 399 2947 451 in
2975 415 3098 470 pace
3124 410 3344 471 receptus
3367 413 3451 455 est.
3476 403 3553 457 Illa
3575 421 3679 473 quo-

441 492 596 554 Xlll,
629 489 971 545 emendatum
999 487 1066 541 de
1109 487 1367 555 martyrio
1399 485 1455 538 S.
1490 485 1724 541 Zenonis
1758 495 2043 541 testantur.

441 585 640 654 Eisque
679 581 820 636 idem
861 579 1311 652 Martyrologium
1351 580 1657 641 consentit,
1705 580 1757 633 in
1797 595 1903 649 qtto
1944 579 2050 634 fes-

439 686 553 730 tum
596 673 837 744 martyrii
867 687 895 726 a
930 673 1068 726 festo
1097 671 1458 727 ordinationis
1490 673 1547 726 S.
1581 670 1818 726 Zenonis
1848 672 2050 742 optime

437 767 806 839 distinguitur.
840 765 1022 821 Pridie
1055 781 1286 837 namque
1317 765 1440 820 Idus
1471 765 1674 836 Aprilis
1705 765 1777 820 ita
1807 766 1874 821 de
1907 766 2050 820 Mar-

435 862 577 934 tyrio
621 861 676 916 S.
735 859 1011 913 Zenonis:
1053 858 1289 924 Veronae,
1336 857 1523 912 Passio
1571 857 1634 913 S.
1678 857 1900 913 Zenonis
1943 858 2052 929 epi-

441 954 608 1023 sc0pi,
641 953 730 1022 qui
760 953 893 1006 inter
921 951 1174 1021 procellas
1219 952 1588 1023 persecutionis
1610 967 1722 1005 eam
1765 951 2048 1005 Ecclesiam

436 1047 567 1099 mira
592 1045 883 1098 constantia
910 1044 1245 1116 gubernavit,
1277 1052 1328 1098 et
1368 1042 1595 1098 Gallieni
1637 1054 1868 1114 tempore
1900 1042 2048 1097 Mar-

437 1137 572 1207 tyrio
612 1147 886 1190 coronatus
929 1144 1023 1189 est.
1066 1137 1234 1190 Sexto
1278 1135 1406 1189 Idus
1444 1135 1795 1190 Decembris:
1835 1133 2050 1189 Veronte

440 1229 715 1284 Ordinatio
766 1231 826 1285 S.
883 1229 1107 1284 Zenonis
1157 1230 1408 1301 episcOpi.
1465 1230 1834 1302 Martyrologii
1887 1230 2048 1299 hujus

435 1325 731 1379 auctoritas
747 1322 888 1393 apud
910 1338 1096 1393 aequos
1123 1323 1336 1392 judices
1358 1323 1491 1376 satis
1517 1338 1637 1377 esse
1664 1323 1912 1378 deberet.
1939 1323 2048 1378 Ne~

436 1416 640 1471 minem
680 1415 948 1485 siquidem
991 1415 1126 1486 fugit
1164 1414 1462 1470 Romanam
1507 1415 1845 1482 Ecclesiam,
1888 1424 2050 1486 caput

437 1516 494 1564 et
524 1508 840 1578 magistram
869 1516 1192 1563 caeterarum
1227 1507 1460 1560 maxima
1495 1522 1646 1562 usam
1676 1522 1895 1578 semper
1925 1521 2051 1562 esse

344 1671 348 1676 δ
433 1602 658 1657 solertia
691 1602 744 1655 in
781 1600 1115 1670 inquirendis
1146 1611 1448 1670 martyrum
1482 1601 1652 1666 actis;
1687 1601 1990 1673 iisdemque
2019 1617 2050 1656 a

433 1693 650 1749 rudium
707 1693 986 1748 hominum
1035 1702 1090 1748 et
1131 1692 1512 1748 haereticorum
1569 1695 1847 1749 erroribus
1875 1695 2050 1749 vindi-

2153 501 2256 556 qtte
2297 487 2349 542 in
2393 489 2602 544 duobus
2644 489 2726 543 his
2753 489 3029 544 codicibus
3059 491 3335 547 diversitas
3367 495 3574 549 notanda
3598 509 3676 551 est.

2151 580 2283 636 Nam
2324 583 2373 636 in
2417 583 2602 638 codice
2643 583 2897 639 Remensi
2939 584 3132 655 legitur
3173 587 3227 642 S.
3260 587 3513 643 Zenonem
3549 590 3684 647 fuisse

2153 673 2464 730 ordinatum
2525 678 2838 747 episcopum
2886 677 3313 748 Veronensium,
3381 682 3442 738 de
3479 700 3566 754 qua
3605 685 3685 740 0r-

2151 766 2432 823 dinatione
2482 768 2534 823 in
2593 771 2782 826 codice
2829 772 3074 829 Abbatiae
3116 775 3174 829 S.
3211 775 3496 832 Salvatoris
3528 777 3686 836 Montis

2152 861 2352 916 Amiati
2379 862 2520 931 apud
2552 863 2838 934 Ugltellum
2868 866 3015 922 nulla
3046 867 3103 921 ﬁt
3132 870 3354 925 mentio.
3381 870 3490 924 Vita
3515 888 3690 942 quoque

2152 955 2211 1008 ὃ.
2236 953 2471 1011 Zenonis
2488 998 2500 1021 ,
2521 973 2642 1025 qua:
2663 973 2691 1011 a
2716 949 2991 1014 Coronato
3016 963 3320 1029 conscripta
3343 963 3536 1028 dicitur,
3562 981 3691 1035 quam

2153 1045 2414 1118 Ugltellus
2458 1047 2664 1116 refert,
2708 1051 2776 1105 ab
2811 1044 2878 1106 ea
2935 1053 3209 1124 discrepat
3252 1071 3369 1126 quae
3397 1056 3524 1126 apud
3554 1057 3692 1126 Pape-

2153 1139 2434 1196 brochium
2477 1142 2672 1212 legitur
2713 1144 2877 1213 (tom.
2931 1162 3001 1212 ιι,
3050 1164 3210 1201 mens.
3248 1148 3436 1219 Aprilis
3474 1151 3546 1204 die
3589 1150 3690 1223 l2).

2151 1231 2329 1299 Quare
2343 1233 2932 1293 Tillemontiusnullius
2961 1240 3300 1294 auctoritatis
3328 1241 3456 1295 hanc
3482 1242 3694 1298 Coronati

2153 1325 2620 1382 elncubrationem
2654 1337 2835 1398 putat,
2868 1330 3011 1401 quod
3053 1333 3257 1386 certius
3294 1333 3522 1388 redditur
3548 1350 3604 1390 ex
3628 1335 3695 1390 di-

2153 1419 2432 1485 versitate,
2474 1437 2634 1491 quam
2665 1423 2717 1477 in
2751 1424 3021 1492 praedictis
3057 1425 3274 1482 duobus
3295 1442 3421 1481 mss.
3460 1427 3692 1483 adnotavi-

2152 1526 2292 1565 mus.
2326 1510 2438 1567 Non
2473 1513 2700 1568 multum
2748 1515 2928 1585 itaque
2973 1514 3305 1572 Combelisio
3350 1517 3596 1574 ﬁdendum
3627 1521 3699 1590 qui

2153 1603 2368 1658 codices
2385 1619 2514 1660 mss.
2545 1605 2614 1662 de
2637 1607 2754 1661 Vita
2785 1606 2842 1663 S.
2870 1607 3103 1664 Zenonis
3129 1624 3158 1662 a
3179 1611 3447 1666 Coronato
3473 1611 3698 1682 descripta

2155 1713 2263 1750 non
2290 1698 2566 1753 absimiles
2597 1714 2718 1755 esse
2747 1700 2910 1766 dicit;
2945 1717 3068 1756 nam
3094 1710 3150 1757 et
3176 1701 3402 1758 inferius
3425 1703 3698 1771 videbimus,

434 1785 644 1841 caudis.
679 1785 794 1851 Qua
827 1785 986 1856 plane
1017 1785 1239 1840 solertia
1270 1798 1488 1854 semper
1511 1784 1638 1840 licet
1667 1785 1910 1840 Romana
1940 1786 2044 1841 Ec-
2077 1791 2123 1852 B
2151 1805 2274 1845 eum
2309 1792 2362 1844 in
2389 1791 2694 1848 referendis
2726 1794 3035 1849 auctoribus
3068 1811 3172 1850 non
3202 1799 3340 1853 satis
3369 1804 3553 1852 tutum.
3584 1797 3702 1852 lianc

431 1880 596 1936 clesia
643 1895 740 1933 usa
789 1879 894 1945 sit;
944 1880 996 1934 itt
1044 1878 1431 1950 Martyrologio
1476 1887 1658 1934 tamen
1703 1878 2047 1935 emendando

429 1974 762 2030 exacuorem
795 1973 1048 2046 praestitit
1077 1987 1262 2028 curam
1287 2013 1302 2040 ,
1334 1983 1392 2026 ut
1423 1973 1475 2026 in
1507 1973 1658 2028 brevi
1688 1974 1868 2029 eidem
1901 1974 2044 2028 Mar-

434 2065 702 2137 tyrologio
732 2065 983 2135 apposito
1011 2065 1243 2134 ipsemet
1270 2073 1502 2119 testatur
1531 2064 1863 2134 Gregorius:
1896 2081 2048 2120 nem-

433 2175 501 2228 pe
542 2159 718 2227 ipsum
762 2157 1211 2228 Martyrologium
1252 2157 1591 2222 Romanum,
1629 2177 1648 2210 ‹
1677 2158 1953 2213 nonnullis
1993 2159 2046 2213 in

433 2251 570 2308 locis
628 2252 975 2306 librariorum
1053 2260 1110 2306 et
1194 2253 1656 2322 typographorum
1715 2251 2047 2323 negligentia

434 2343 760 2398 mendosum
791 2358 886 2413 per
911 2343 1060 2397 viros
1083 2343 1328 2399 eruditos
1356 2345 1420 2398 ad
1448 2344 1607 2400 ﬁdem
1632 2345 1900 2412 historia},
1927 2361 2048 2416 qua:

434 2451 617 2491 rerum
658 2445 964 2506 gestarum,
1000 2451 1393 2506 personarum,
1429 2438 1704 2504 locorum,
1742 2449 2044 2509 temporum

434 2529 698 2584 varietate
721 2529 1054 2595 continetur,
1085 2529 1341 2584 adhibitis
1367 2529 1532 2584 etiam
1560 2531 1841 2586 codicibus
1866 2539 2048 2587 vetus-

431 2625 662 2681 tioribus
725 2636 889 2696 atque
958 2624 1422 2680 emendatioribns
1468 2634 1775 2681 correctum
1819 2625 2041 2681 fuisse.»

433 2721 590 2789 Quod
622 2730 803 2776 autem
836 2721 1002 2792 aliqui
1036 2721 1236 2776 veteris
1267 2720 1494 2774 Romani
1526 2720 1897 2792 Martyrologii
1928 2736 2050 2776 auc-

432 2816 656 2871 toritate
697 2816 755 2870 S.
786 2815 1062 2870 Zenonem
1106 2830 1212 2868 non
1255 2813 1583 2885 Martyrem,
1626 2815 1722 2869 sed
1749 2815 2045 2870 Confesso-

427 2926 545 2966 rem
575 2909 743 2965 fuisse
771 2918 1037 2964 conentur
1063 2923 1309 2962 asserere
1348 2922 1441 2962 cos
1479 2923 1663 2984 errare
1710 2908 1763 2962 in
1800 2909 2049 2978 rejicien-

430 3004 518 3060 dis
547 3002 837 3058 contrariis
862 3001 1261 3073 objectionibus
1291 3000 1760 3058 demontrabimus
1792 3001 1930 3074 (cap.
1964 3001 2043 3074 7).

433 3097 504 3153 Et
547 3112 680 3153 sane
723 3096 917 3151 mirum
959 3104 1044 3150 est
1083 3095 1384 3165 quosdam,
1430 3095 1519 3163 qui
1563 3096 1704 3150 inter
1733 3093 2046 3151 Catltolicos

435 3189 817 3246 connumerari
868 3188 1094 3250 volunt,
1141 3197 1330 3242 contra
1371 3187 1673 3242 Romanum
1721 3189 2040 3260 Martyrolo-

369 3305 372 3308 ~
429 3281 578 3353 gium
612 3290 718 3336 tam
752 3279 943 3336 leviter
970 3277 1220 3342 effutire,
1247 3279 1317 3333 ita
1361 3287 1420 3334 ut
1459 3279 1634 3350 ipsum
1678 3279 1876 3336 nullius
1901 3279 2042 3351 apud

436 3389 497 3430 se
535 3387 658 3430 esse
700 3371 1042 3429 auctoritatis
1079 3371 1391 3428 ostendant.

1066 3503 1295 3561 CAPUT
1337 3504 1400 3558 V.

433 3622 605 3689 Quam
649 3619 804 3690 ﬁdem
849 3600 1106 3674 mereatur
1150 3617 1274 3672 Vita
1324 3617 1390 3673 S.
1443 3618 1667 3674 Zenonis
1707 3635 1741 3674 a
1786 3618 2040 3676 Coronato

499 3713 728 3786 quodam
776 3709 997 3766 Notario
1041 3710 1355 3782 conscripta,
1385 3710 1437 3764 in
1473 3727 1574 3780 qua
1622 3710 1684 3766 S.
1717 3709 1857 3766 Zeno
1905 3710 2041 3766 Con-

507 3809 672 3880 fessor
709 3805 924 3866 dicitur.

502 3922 575 3980 lis
603 3939 723 3995 quae
753 3922 1091 3993 objiciuntur
1119 3919 1559 3992 respondendum
1593 3920 1644 3975 in
1678 3935 1939 3992 prtesens.
1974 3921 2045 3976 Et

431 4021 670 4093 primum
697 4019 766 4075 de
796 4018 1032 4090 quodam
1063 4014 1340 4072 Goronato
1367 4013 1590 4070 Notario
1617 4015 1884 4086 agendum
1907 4056 1923 4081 ,
1950 4016 2042 4086 qui

432 4115 493 4171 S.
537 4115 774 4170 Zenonis
815 4116 1016 4178 vitam,
1060 4111 1178 4166 rttdi
1223 4110 1367 4182 stylo
1407 4108 1724 4164 describens
1764 4109 1831 4164 de
1874 4110 2043 4179 ipsius

433 4219 613 4266 morte
633 4209 753 4263 haec
774 4208 972 4263 habet:
998 4207 1096 4261 Dei
1121 4207 1378 4261 voluntate
1403 4205 1607 4276 quando
1631 4206 1824 4276 placuit
1844 4206 1896 4259 in
1919 4223 2043 4276 pace

428 4315 666 4373 receptus
693 4311 788 4356 est.
819 4302 897 4356 lta
924 4299 1063 4370 apud
1090 4299 1396 4370 Ugbellum.
1427 4298 1598 4372 (Tom.
1626 4314 1655 4350 v
1681 4297 1950 4363 ltal.sac.,
1979 4298 2042 4354 de

439 4395 695 4450 Veronen.
725 4393 829 4464 Ep.
858 4411 910 4448 η.
939 4393 995 4459 8,
1024 4395 1077 4447 in
1105 4393 1193 4447 vit.
1225 4392 1285 4449 S.
1319 4391 1476 4461 Zen.)
1508 4392 1584 4446 De
1614 4391 1716 4446 hoc
1769 4392 2042 4446 Coronato

433 4486 803 4543 meminerunt
841 4487 1002 4542 etiam
1045 4485 1151 4540 PP.
1197 4483 1646 4555 Congregationis
1686 4484 1744 4540 S.
1777 4484 1943 4539 Mauri
1986 4484 2037 4538 itt

2153 1884 2401 1939 eamdem
2431 1884 2688 1940 Coronati
2714 1886 3174 1944 elncubrationem
3191 1889 3556 1945 Tillemontius
3576 1893 3706 1961 scrip-

2150 1983 2256 2028 tam
2302 1985 2448 2045 putat
2492 1988 2614 2048 post
2645 1980 3052 2036 translationem
3113 1983 3364 2052 corporis
3391 1984 3445 2038 S.
3475 1983 3701 2049 Zenonis,

2148 2083 2271 2138 qua:
2302 2069 2367 2124 ad
2399 2085 2597 2125 annum
2629 2071 2769 2136 805,
2802 2083 3045 2144 tempore
3076 2075 3252 2144 Pipini
3286 2077 3424 2147 regis
3454 2076 3580 2131 facta
3607 2076 3700 2130 fuit.

2148 2161 2367 2217 Certum
2399 2179 2525 2219 vero
2553 2164 2685 2219 illud
2710 2174 2794 2219 est
2820 2165 2963 2222 hunc
2984 2165 3316 2222 Coronatum
3341 2168 3596 2223 Notarium
3619 2182 3703 2221 non

2149 2255 2339 2310 eadem
2367 2272 2470 2325 qua
2498 2257 2555 2311 S.
2583 2257 2729 2313 Zeno
2755 2269 2912 2313 astate
2942 2259 3140 2314 vixisse
3165 2278 3179 2314 :
3205 2269 3390 2316 narrat
3416 2261 3548 2316 enim
3573 2261 3706 2315 mira-

2148 2349 2327 2403 culum
2379 2348 2596 2404 Athesis
2615 2392 2636 2415 ,ι
2662 2351 2804 2421 quod
2843 2351 2900 2408 S.
2929 2351 3176 2422 Gregorii
3209 2353 3388 2420 Magni
3418 2352 3707 2421 temporibus

2148 2441 2441 2510 contigisse
2484 2445 2775 2510 trecentis,
2815 2453 2871 2498 et
2903 2446 3134 2516 amplius
3170 2446 3332 2500 annis
3369 2462 3397 2500 a
3435 2447 3488 2502 S.
3527 2445 3709 2501 Zenone

2147 2542 2471 2589 certutncst.
2499 2534 2668 2604 llujus
2697 2537 2878 2605 itaque
2909 2551 3010 2590 ms.
3041 2541 3243 2591 incerta
3276 2538 3410 2594 ﬁdes
3435 2548 3541 2603 est,
3569 2550 3711 2606 neque

2151 2635 2229 2680 tot
2280 2629 2515 2697 antiquis
2556 2637 2611 2683 et
2636 2629 2800 2683 certis
2831 2631 3231 2697 monumentis,
3269 2645 3390 2700 quae
3417 2645 3566 2701 supra
3593 2637 3711 2684 retuo

2149 2719 2310 2775 limus
2331 2765 2345 2786 ,
2391 2721 2747 2791 praeferenda.
2782 2721 2920 2788 Quin
2957 2723 3137 2792 potius
3168 2733 3223 2778 ut
3253 2723 3470 2780 dubiam
3501 2721 3710 2791 rejicien-

2148 2813 2269 2870 dam
2305 2827 2426 2869 esse
2471 2815 2715 2885 quisquis
2747 2815 3022 2886 intelligit.

2552 3025 2555 3028 _
2770 2951 2998 3008 CAPUT
3037 2951 3123 3009 γι.

2147 3063 2456 3132 Explicatur
2480 3063 2797 3131 Panvinius,
2846 3067 2933 3135 qui
2964 3067 3094 3121 libro
3126 3079 3319 3138 quarto
3343 3067 3514 3137 Antiq.
3552 3067 3706 3122 Veron.

2069 3177 2115 3240 ρ
2219 3157 2374 3222 dicit,
2404 3157 2690 3213 Ecclesiam
2722 3157 3066 3214 Veronensem
3091 3160 3381 3230 antiquitus
3409 3158 3470 3215 S.
3497 3157 3715 3214 Zenonem

2219 3265 2320 3303 non
2359 3249 2579 3304 coluisse
2618 3251 2696 3304 uti
2729 3249 3050 3322 Illartyrem:
3089 3261 3135 3306 et
3179 3252 3449 3323 Aloysium
3479 3249 3716 3322 Lippoma-

2219 3359 2342 3396 num
2373 3343 2598 3413 primum
2638 3343 2827 3413 fuisse,
2871 3345 2959 3411 qui
2990 3341 3240 3414 Ofﬁcium
3273 3343 3338 3400 S.
3368 3343 3578 3399 Zenonis
3603 3352 3713 3396 tam-

2216 3449 2369 3504 quam
2399 3431 2673 3502 Pontiﬁcis
2703 3431 2953 3504 Martyris
2983 3433 3325 3489 ordinauerit.

2220 3546 2466 3603 Panvinii
2507 3545 2843 3602 Veronensis
2887 3548 3270 3604 auctoritatem
3317 3547 3567 3618 Dupinius
3584 3543 3717 3600 Tille-

2143 3643 2380 3696 montius
2432 3648 2489 3696 et
2532 3639 2624 3694 alii
2661 3648 2849 3696 contra
2902 3640 2960 3696 S.
2991 3641 3228 3697 Zenonis
3271 3641 3580 3714 Martyrium
3613 3652 3711 3692 seu-

2144 3736 2339 3792 tientes
2369 3735 2654 3805 plurimum
2682 3734 2931 3798 laudant,
2966 3750 3127 3806 quam
3159 3734 3249 3792 hic
3277 3750 3344 3790 ex
3380 3734 3592 3804 Ugbello
3614 3744 3712 3787 sus-

2145 3832 2389 3900 cepimus
2418 3829 2819 3898 explicandam.
2845 3827 3082 3884 tVerum
3112 3830 3376 3900 quoniam
3407 3828 3494 3899 (ut
3518 3822 3712 3896 opinor)

2144 3922 2210 3978 de
2234 3921 2474 3994 Martyrii
2504 3936 2702 3992 genere
2727 3936 2837 3977 non
2861 3928 3170 3987 constaret,
3203 3920 3448 3978 Ecclesia
3476 3918 3716 3974 Veronen-

2144 4018 2220 4072 sis
2256 4017 2324 4071 ab
2364 4015 2522 4070 initio
2557 4030 2728 4085 usque
2761 4013 2828 4070 ad
2866 4023 3051 4070 nostra
3081 4015 3283 4069 saecula
3320 4009 3712 4069 anniversariam

2143 4112 2211 4166 tle
2239 4125 2306 4165 eo
2333 4119 2604 4180 tamquam
2631 4109 2702 4163 de
2732 4107 2986 4178 pontifice
3013 4107 3335 4163 confessore
3363 4113 3716 4162 commemora-

2144 4204 2345 4258 tionem
2373 4202 2519 4258 fecit.
2549 4202 2762 4256 Primus
2789 4200 3049 4272 Aloysius
3076 4200 3448 4270 Lippomanus
3474 4198 3714 4253 Veronen-

2143 4296 2220 4352 sis
2242 4296 2552 4367 episcOpus,
2582 4294 2910 4350 testimoniis
2936 4308 3056 4364 qua:
3079 4309 3251 4362 supra
3273 4293 3434 4349 retuli
3463 4288 3715 4350 adductus,

2144 4398 2332 4445 nostro
2360 4399 2604 4459 tempore
2629 4388 2748 4458 ejus
2776 4387 3080 4442 solemnem
3113 4388 3440 4442 memoriam
3475 4393 3713 4452 tamquam

2145 4483 2415 4553 pontificis
2442 4482 2695 4554 martyris
2725 4482 2778 4536 in
2811 4480 3056 4536 Ecclesia
3087 4480 3400 4537 Veronensi
3440 4479 3552 4534 ﬁeri
3591 4473 3718 4530 insti-

434 4579 704 4649 Operibus
731 4581 788 4635 S.
819 4580 1009 4635 l‘lilarii
1038 4579 1092 4633 in
1125 4578 1494 4633 admonitione
1521 4578 1586 4633 ad
1613 4579 1812 4633 Psaltn.
1841 4594 2038 4643 cxxvr,
2068 4577 2124 4639 D
2152 4578 2268 4632 tuit.
2298 4597 2316 4630 ι
2339 4577 2484 4632 Idem
2523 4590 2770 4630 asserere
2807 4574 3150 4630 Cardinalem
3196 4574 3472 4630 Valeriutn
3513 4574 3563 4627 in
3604 4568 3718 4624 libro

433 4669 590 4742 cujus
631 4669 1080 4726 commentarium
1124 4669 1191 4723 de
1230 4670 1341 4722 vita
1369 4667 1427 4724 S.
1455 4667 1688 4725 Zenonis
1719 4669 1875 4724 initio
1904 4685 2039 4739 ope-

433 4779 556 4821 rum
592 4763 836 4835 ejusdem
877 4760 935 4817 S.
969 4762 1210 4831 episcotii
1249 4762 1301 4816 in
1347 4763 1672 4818 bibliotheca
1717 4764 1774 4820 S.
1805 4764 2040 4835 Remigii

435 4858 643 4914 servari
669 4857 859 4911 dicunt
887 4854 988 4910 hoc
1016 4853 1334 4923 inscriptum
1361 4854 1553 4910 titulo:
1589 4856 1771 4910 Sermo
1807 4855 2035 4910 Venera-

440 4951 554 5004 bilis
601 4948 846 5004 Coronati
887 4945 1103 5001 Notarii
1146 4946 1208 4999 de
1247 4946 1350 4999 vita
1391 4947 1453 5001 S.
1488 4946 1714 5002 Zenonis
1744 4951 1968 5022 epis-cepi
1994 4961 2042 5004 et

434 5043 766 5113 confessoris.
793 5041 854 5096 In
878 5056 986 5111 quo
1013 5054 1266 5094 sermone
1293 5039 1614 5108 przedicatur
1637 5040 1774 5096 Zeno
1801 5059 1833 5096 a
1859 5045 2036 5099 matris

435 5144 585 5190 utero
605 5133 980 5202 sanctiﬁcatus.
1009 5133 1076 5186 Et
1112 5132 1180 5187 de
1219 5131 1335 5201 ejus
1365 5143 1539 5188 morte
1568 5136 1647 5190 sic
1675 5154 1686 5187 :
1724 5135 1846 5190 Non
1874 5138 2034 5192 multo

431 5238 546 5300 post
586 5229 638 5281 in
679 5243 804 5299 pace
841 5237 1074 5295 receptus
1113 5235 1210 5280 est.
1253 5224 1584 5296 Opusculum
1627 5228 1726 5284 hoc
1755 5246 1821 5284 ex
1851 5230 2037 5288 codice

436 5321 615 5377 aadino
644 5318 892 5375 Abbatia)
932 5318 990 5374 S.
1023 5316 1317 5372 Salvatoris
1354 5317 1548 5372 Montis
1577 5321 1776 5376 Amiati
1811 5323 2034 5378 t0tidem

431 5412 728 5482 exscripsit
755 5410 937 5466 verbis
965 5407 1226 5478 Ugbellus
1245 5449 1262 5472 ,
1291 5417 1342 5462 et
1371 5409 1424 5462 iu
1453 5425 1518 5464 eo
1547 5410 1678 5464 nihil
1707 5413 1917 5481 penitus
1947 5415 2040 5467 ha-

434 5503 528 5559 bet
551 5505 619 5559 de
645 5502 1077 5558 sanctiﬁcatione
1105 5499 1165 5554 S.
1195 5499 1430 5556 Zenonis
1459 5501 1512 5556 in
1543 5510 1699 5557 utero
1730 5507 1952 5559 matris:
1986 5515 2041 5560 et

431 5597 547 5663 ipsa
573 5595 737 5651 verba
762 5595 831 5650 de
853 5594 997 5650 illius
1035 5593 1185 5648 obitu
1214 5593 1454 5657 variant,
1489 5603 1548 5649 ut
1578 5595 1720 5664 apud
1753 5595 2038 5666 Ughellum

432 5687 618 5742 videre
643 5697 729 5741 est
750 5687 868 5741 loco
891 5701 1055 5756 supra
1081 5685 1269 5754 citato,
1295 5684 1384 5740 ubi
1411 5686 1490 5747 sic
1514 5685 1738 5757 legitur:
1769 5687 1847 5742 De
1868 5690 2040 5744 volun-

430 5787 534 5836 tate
562 5779 766 5850 quando
796 5780 990 5850 placuit
1026 5781 1082 5834 in
1117 5795 1241 5852 pace
1268 5763 1501 5851 receptus
1529 5791 1622 5837 cst.
1664 5781 1725 5838 In
1753 5781 1942 5841 codice
1971 5783 2027 5842 S.

2140 4672 2209 4727 de
2233 4671 2558 4727 Praesulibus
2585 4667 2993 4725 Veronensibus
3019 4669 3150 4722 folio
3179 4669 3270 4734 l5,
3298 4676 3528 4723 testatur
3555 4663 3615 4718 de
3636 4659 3718 4716 As-

2141 4776 2212 4822 te.
2257 4765 2328 4821 At
2354 4765 2660 4820 Cardinalis
2692 4764 2942 4820 Valerius
2973 4765 3027 4819 in
3057 4764 3401 4821 dedicatoria
3439 4775 3645 4834 operum
3669 4756 3717 4812 S.

2143 4859 2377 4915 Zenonis
2406 4857 2562 4914 Sixto
2591 4857 2635 4910 V
2683 4869 2996 4927 nuncupata
3040 4859 3099 4914 S.
3129 4858 3410 4915 Zenonem
3455 4863 3716 4926 martyrem

2131 4934 2274 5007 ‘dicit
2297 4993 2310 5013 .
2341 4961 2397 5006 et
2426 4950 2479 5004 in
2508 4949 2702 5006 eodem
2744 4950 2886 5004 libro
2917 4951 3018 5008 SS.
3049 4954 3437 5022 episcoporum
3467 4950 3717 5004 Veronen-

2142 5045 2281 5101 sium
2307 5086 2320 5109 ,
2351 5053 2408 5096 ut
2434 5051 2582 5112 patet
2613 5059 2682 5098 ex
2707 5043 2870 5098 Petro
2895 5043 3156 5099 Galesino
3175 5087 3190 5110 ,
3219 5060 3384 5113 quem
3412 5057 3569 5114 supra
3593 5046 3717 5094 relu-

2142 5137 2307 5191 litntts
2343 5135 2494 5209 (cap.
2526 5136 2630 5205 ὅ),
2690 5134 2834 5190 idem
2886 5135 3144 5191 afﬁrmat.
3190 5136 3314 5206 Ipse
3354 5135 3517 5191 etiam
3556 5125 3718 5185 Panv’e

2143 5230 2264 5283 nius
2292 5227 2349 5284 S.
2383 5227 2657 5282 Zenonem
2686 5238 2984 5300 martyrem
3018 5227 3242 5296 probat,
3279 5227 3409 5284 licet
3449 5227 3585 5280 inea
3611 5232 3716 5275 sen-

2143 5323 2311 5376 tentia
2359 5321 2556 5387 fuerit,
2603 5327 2664 5375 ut
2709 5322 2982 5390 putaverit
3027 5321 3330 5377 Ecclesiam
3379 5319 3714 5375 Veronensem

2144 5414 2392 5471 Officium
2425 5413 2479 5470 S.
2511 5413 2746 5469 Zenonis
2785 5424 3058 5482 tamquam
3102 5412 3435 5469 confessoris
3476 5403 3714 5482 pontiﬁcis

2143 5507 2441 5578 antiquitus
2465 5506 2792 5562 celebrasse.
2837 5506 2952 5562 Hoc
2976 5523 3043 5562 ex
3075 5505 3326 5561 Panvinii
3367 5504 3541 5560 verbis
3581 5495 3713 5566 Dupi:

2146 5599 2288 5665 nius,
2317 5598 2770 5655 etTillemontius
2796 5614 2904 5654 non
2930 5601 3309 5663 observarunt,
3339 5598 3437 5654 sed
3462 5596 3513 5652 id
3537 5593 3712 5654 solum,

2143 5693 2285 5764 quod
2307 5709 2420 5749 sua:
2449 5693 2689 5762 ipsorum
2716 5695 3006 5751 sententiae
3034 5695 3178 5752 favet
3199 5737 3213 5760 ,
3234 5696 3507 5766 opinatam
3535 5687 3713 5744 scilicet

2140 5785 2316 5857 Quoad
2367 5785 2582 5843 titulum
2623 5785 2966 5845 Confessoris
3017 5787 3364 5844 traditionem
3413 5775 3712 5840 Veronensis
