3902 6324
239 274 322 333 625
1269 267 1359 324 DE
1397 267 1761 325 MARTYRIO
1797 266 2046 326 SANCTI
2082 268 2392 328 ZENONIS.
3367 270 3474 328 626

237 389 472 453 Ecclesiae,
499 385 562 440 ab
589 398 650 440 ea
679 383 784 440 ﬁde
814 383 1208 447 desciscentes,
1241 399 1361 454 quae
1388 385 1434 440 si
1465 375 1636 450 desi't,
1668 401 1770 440 nuo
1797 385 1846 446 Α
1873 384 2131 441 Ecclesiae
2161 385 2292 441 nihil
2317 394 2401 441 est
2429 384 2572 456 quod
2597 387 2872 454 dicamus;
2911 387 3000 446 die
3027 405 3262 461 namque
3281 401 3475 446 octava

236 497 296 543 tat
327 484 478 540 omnis
513 479 747 536 historiae
779 479 998 534 veritas.
1035 479 1160 534 llaec
1189 487 1368 534 tamen
1400 480 1629 549 quaestio
1686 479 1768 534 in-
1869 480 2176 539 decembris
2199 481 2508 536 celebratur
2532 481 2727 538 festum
2743 482 3099 538 ordinationis
3120 485 3182 540 S.
3210 484 3471 550 Zenonis,

234 590 383 652 specta
411 592 501 633 ms.
528 575 750 630 veritate
777 572 934 653 facile
958 573 1296 628 dissolvitur.
1327 572 1461 628 Nam
1485 589 1550 627 ex
1590 572 1764 628 Vero-
1868 573 1945 628 uti
1976 571 2306 628 confessoris
2337 574 2640 643 pontiﬁcis,
2677 591 2786 630 non
2834 576 2994 632 modo
3024 577 3335 646 Mediolani,
3369 578 3466 633 sed

234 675 407 739 nensis,
445 685 535 726 nec
570 685 674 724 non
713 667 1063 723 Pistoriensis
1103 666 1370 722 Ecclesia:
1401 667 1768 722 monumentis
1869 675 1924 722 et
1954 667 2602 734 Veronaz.etPistorii,et
2633 670 2790 725 Pisis.
2811 670 2886 725 Ita
2918 681 2973 727 et
2999 673 3067 727 de
3105 672 3363 728 cathedra
3406 672 3466 729 8.

231 783 359 839 supra
386 764 558 820 relatis
589 769 744 832 (cap.
800 763 825 815 1
873 772 923 816 et
971 757 1040 832 ἓ)
1089 776 1154 816 ex
1207 761 1382 829 iisque
1425 760 1770 831 potissimum
1869 757 2012 813 Petri
2047 768 2156 812 tum
2183 757 2575 825 Romana,tum
2603 761 2939 817 Antiochena
2971 763 3190 819 Festum
3219 765 3466 821 celebra-

231 879 325 934 qure
349 859 707 916 Pistoriensem
739 855 1042 911 Ecclesiatu
1071 870 1100 908 a
1136 854 1428 910 Veronensi
1472 862 1767 908 mutuatam
1870 860 1957 906 tur
1985 852 2188 921 absque
2216 852 2319 906 ulla
2352 855 2626 909 mentione
2657 855 2922 926 martyrii.
2954 856 3010 910 In
3043 858 3244 912 Missali
3277 868 3463 914 tamen

231 969 326 1012 esse
349 949 652 1006 credendum
683 959 799 1014 est,
829 946 1034 1016 liquido
1063 955 1276 1001 constat
1307 947 1360 1000 in
1393 945 1764 1013 Lectionibus,
1870 947 2234 1000 Ambrosiauo
2252 946 2406 1016 jussu
2433 946 2712 1003 Frederici
2737 948 3023 1003 cardinalis
3055 949 3334 1005 Borromei
3359 952 3464 1004 Ar-

229 1051 271 1127 Π(
305 1047 487 1120 Hymua
529 1053 583 1100 et
627 1043 680 1098 in
719 1040 1046 1111 Antiphonis
1085 1039 1401 1110 Martyrium
1439 1039 1496 1094 S.
1531 1038 1768 1093 Zenonis
1870 1038 2203 1108 ehiepiscopi
2251 1038 2668 1095 Mediolanensis
2699 1041 2866 1107 edito,
2899 1052 3089 1096 octava
3129 1042 3216 1098 die
3246 1043 3462 1098 decem-

230 1136 612 1196 commemarari.
643 1134 838 1190 Verum
867 1133 1088 1204 quidem
1113 1141 1196 1187 est
1225 1133 1487 1201 reliquum
1516 1130 1766 1187 Ofﬁcium
1869 1130 1980 1186 bris
2004 1130 2197 1185 festum
2230 1131 2614 1200 Conceptionis
2647 1132 2707 1186 Β.
2734 1131 2911 1186 Μαι-ἰώ
2941 1133 3162 1203 virginis
3203 1134 3456 1199 habetur,

229 1236 464 1290 Fastorum
490 1231 544 1288 S.
574 1230 808 1286 Zenonis
833 1245 900 1284 ex
926 1227 1201 1284 communi
1229 1227 1601 1281 confessorum
1635 1240 1769 1294 pon-
1867 1237 1990 1276 cum
2017 1223 2538 1277 commemoratione
2569 1223 2628 1278 S.
2672 1223 2920 1290 Zenonis,
2957 1235 3010 1279 et
3041 1226 3094 1278 in
3125 1225 3462 1280 orationibus

227 1330 388 1384 tiﬁcum
423 1325 718 1381 ordinatum
762 1324 960 1388 fuisse;
1007 1332 1062 1378 et
1101 1324 1171 1389 ita
1209 1330 1355 1391 patet
1400 1319 1658 1375 confundi
1697 1319 1771 1374 ri-
1869 1315 1925 1371 8.
1961 1314 2108 1370 Zeno
2136 1326 2339 1387 martyr
2365 1324 2421 1370 et
2467 1314 2715 1385 pontifex
2745 1315 2961 1371 dicitur.
3004 1315 3158 1386 Quod
3183 1326 3387 1377 autem,
3415 1326 3475 1370 ut

228 1430 315 1477 tum
338 1421 396 1475 de
422 1430 647 1492 martyre
672 1426 729 1474 et
753 1417 1069 1475 confessore
1099 1417 1152 1472 in
1181 1416 1369 1471 Ofﬁcio
1423 1415 1478 1469 S.
1509 1413 1766 1478 Zenonis,
1871 1406 2250 1463 Tillemontius
2297 1406 2529 1461 afﬁrmat
2574 1409 2628 1462 in
2680 1408 2877 1464 Missali
2925 1408 3288 1463 Atnbrasiano
3335 1407 3466 1462 anni

225 1531 273 1570 ea
297 1514 414 1570 forte
437 1514 502 1570 de
526 1528 687 1569 causa
706 1553 721 1578 ,
747 1513 870 1584 quia
901 1526 1023 1567 cum
1052 1511 1312 1566 solemnis
1341 1508 1630 1573 festivitas,
1658 1517 1767 1562 tam
1874 1501 2033 1565 1560,
2064 1502 2209 1555 nulla
2256 1501 2348 1555 ﬁat
2374 1503 2822 1557 commemoratio
2860 1501 2930 1556 de
2960 1501 3245 1573 martyrio,
3274 1501 3470 1554 mirum

224 1607 335 1673 apud
361 1607 684 1662 Veronenses
735 1620 896 1673 quam
924 1603 1064 1675 apud
1092 1601 1456 1674 Pistorienses
1483 1600 1551 1655 de
1579 1600 1636 1657 S.
1670 1599 1770 1654 Zc-
1872 1611 1980 1651 non
2008 1603 2110 1662 est,
2160 1610 2282 1650 cum
2305 1605 2361 1650 et
2393 1594 2638 1662 Veronae,
2673 1605 2728 1650 ut
2756 1609 2918 1664 supra
2964 1595 3103 1667 (cap.
3137 1594 3194 1663 l)
3222 1608 3294 1648 ex
3327 1593 3468 1648 Don-

225 1717 336 1757 noue
361 1717 408 1755 vt
436 1698 551 1755 ldus
579 1698 896 1754 Decembris
916 1738 929 1760 ,
960 1696 1052 1765 qui
1103 1694 1221 1750 dies
1251 1691 1620 1749 Ordinationis
1648 1700 1766 1758 est,
1871 1688 2030 1744 dario
2053 1689 2376 1755 notavimus,
2407 1689 2474 1743 de
2502 1688 2762 1759 martyrio
2782 1687 2838 1743 S.
2871 1687 3104 1742 Zenonis
3126 1687 3178 1741 in
3204 1686 3343 1741 festo
3371 1701 3462 1739 or-

223 1794 566 1856 celebraretur,
595 1807 760 1845 unum
794 1798 998 1843 tantum
1023 1786 1260 1842 ofﬁcium
1285 1784 1492 1839 duabus
1512 1782 1773 1838 festivita-
1802 1777 1850 1836 B
1876 1782 2169 1838 dinationis
2193 1781 2310 1851 ejus
2341 1781 2510 1836 altum
2539 1780 2836 1836 silentium.
2867 1779 3021 1835 Nunc
3050 1779 3117 1834 de
3148 1778 3472 1850 Martyrolo-

225 1887 336 1942 tibus
360 1886 496 1940 rudis
518 1884 812 1954 antiquitas
836 1878 1290 1943 accommodavit,
1324 1878 1396 1932 ita
1424 1885 1483 1930 ut
1511 1875 1771 1930 memoria
1873 1875 1962 1944 gio
1991 1875 2235 1928 Romano
2257 1873 2542 1928 dicendum
2567 1882 2668 1929 est.
2701 1874 2941 1940 QUt'BSliO
2968 1879 3148 1926 autem
3171 1885 3278 1926 non
3301 1880 3385 1925 eat
3404 1868 3474 1924 de

222 1981 422 2050 martyrii
443 1980 495 2034 S.
521 1979 761 2036 Zenonis
792 1977 952 2033 unice
979 1982 1290 2031 servaretur
1321 1973 1371 2026 in
1400 1971 1770 2034 Lectionibus,
1875 1967 2260 2050 Martyrologio
2284 1969 2530 2022 Romano
2555 1966 2866 2032 emendato,
2889 1967 2939 2021 in
2963 1982 3068 2037 quo
3091 1966 3150 2022 S.
3169 1966 3316 2020 Zeno
3330 1979 3473 2018 mar-

221 2075 414 2145 llymno,
442 2071 766 2143 Antiphonis
789 2113 803 2137 ,
837 2079 893 2125 et
923 2068 1143 2123 forsitan
1175 2066 1228 2120 in
1259 2064 1538 2126 Oratione,
1569 2077 1688 2131 qua:
1715 2060 1770 2115 in
1878 2037 2198 2132 tyrisi'titulo
2236 2061 2546 2126 decoratur,
2577 2060 2671 2116 sed
2707 2061 2775 2115 dc
2810 2059 3198 2130 Martyrologio
3227 2057 3474 2111 Romano

221 2179 371 2224 nostra
407 2169 561 2223 etiam
613 2165 794 2221 ofﬁcio
840 2166 1120 2220 immutata
1161 2175 1267 2216 non
1307 2157 1519 2214 videtur
1547 2156 1600 2210 in
1633 2169 1772 2226 prae-
1871 2155 2116 2224 antiquo,
2138 2153 2569 2210 utCombeﬁsius
2590 2162 2762 2223 putat,
2789 2150 3344 2221 quiMolanierrarem
3367 2164 3476 2203 non

217 2274 348 2323 sens,
416 2274 531 2314 cum
614 2257 840 2313 multam
894 2269 1004 2323 prro
1059 2267 1120 2308 se
1169 2251 1307 2307 ferat
1369 2247 1766 2318 antiquitatem.
1874 2248 2281 2315 animadvertit,
2333 2263 2455 2302 cum
2498 2248 2649 2302 illum
2691 2247 2777 2303 vel
2821 2246 3068 2300 Molanus
3110 2252 3232 2314 post
3269 2242 3472 2297 editum

220 2352 308 2408 [Ioc
348 2353 495 2424 igitur
543 2352 865 2422 praestitisse
919 2349 1286 2417 Lippomauus
1332 2342 1599 2400 dicendus
1648 2349 1766 2396 est:
1874 2341 2105 2398 Usuardi
2128 2341 2567 2412 Martyrologium
2605 2340 2910 2410 agnoverit.
2944 2338 3064 2408 Ipse
3103 2339 3246 2392 enim
3273 2335 3475 2390 fatetur

217 2446 455 2503 sustulisse
494 2446 706 2502 scilicet
746 2444 886 2499 lianc
919 2441 1093 2498 Officii
1137 2438 1509 2495 eonfusionem
1533 2478 1548 2502 ,
1591 2443 1647 2490 et
1679 2449 1769 2490 re-
1873 2437 1928 2492 in
1979 2437 2208 2508 epistola
2237 2438 2302 2490 ad
2333 2436 2592 2491 lectorem
2618 2443 2744 2490 ante
2771 2434 3001 2491 Usuardi
3031 2431 3474 2502 Martyrologium

217 2539 319 2595 licto
354 2540 448 2595 ritu
483 2538 827 2596 Confessoris
867 2535 1148 2591 Pontiﬁcis
1181 2548 1275 2602 pro
1305 2532 1392 2587 die
1421 2531 1583 2586 Festo
1613 2527 1773 2584 Ordi-
1873 2547 1932 2586 se
1949 2547 2045 2601 pro
2059 2530 2697 2601 RomanaMartyrologia
2720 2545 2874 2584 usum
2901 2528 3067 2583 fuisse
3088 2526 3471 2598 Martyrologia

216 2634 442 2701 nationis,
482 2635 646 2688 ritum
697 2631 862 2686 totius
909 2629 1082 2685 Ofﬁcii
1123 2627 1192 2683 de
1231 2624 1496 2682 Pantiﬁce
1535 2624 1770 2694 Martyre
1874 2622 2070 2678 Bellini
2098 2622 2166 2677 de
2197 2622 2401 2687 Padua,
2435 2637 2612 2691 neque
2633 2621 2802 2676 ullum
2829 2621 2994 2674 alium
3026 2618 3474 2690 Martyrologium

217 2742 292 2796 pro
315 2726 458 2784 Festo
482 2727 735 2782 Natalitio
761 2726 818 2782 S.
845 2723 1080 2780 Zenonis
1106 2721 1246 2792 prid.
1272 2721 1396 2776 Idus
1419 2718 1622 2790 Aprilis
1649 2718 1771 2773 des-
1874 2718 2174 2772 Romanum
2203 2717 2424 2772 vidisse.
2448 2716 2641 2772 Extant
2663 2717 2758 2788 (ait
2790 2717 2926 2788 ipse)
2955 2715 3061 2769 alia
3099 2713 3349 2768 Romana:
3373 2711 3477 2766 Ec-

215 2821 396 2876 tinasse.
438 2821 568 2876 Illud
617 2830 800 2874 autem
837 2827 1045 2873 certum
1091 2823 1178 2871 est
1222 2825 1349 2870 ante
1376 2813 1768 2884 Lippomanum
1873 2813 2044 2867 clesiw
2069 2810 2464 2882 Martyrologia,
2497 2826 2611 2881 qua!
2635 2827 2738 2864 non
2755 2810 2879 2864 vidi.
2899 2811 3031 2864 Cum
3051 2823 3180 2864 vero
3210 2809 3476 2879 Martyro-

214 2913 393 2968 Festum
431 2913 794 2970 Ordinationis
840 2927 895 2966 v1
945 2909 1066 2964 Idus
1123 2906 1434 2963 Decembris
1475 2904 1771 2960 solemnius
1875 2905 2075 2974 logium
2093 2901 3479 2973 RomanumtemporeBaroniieditumvidisset,no-

213 3009 429 3064 celebrari
468 3008 690 3064 solitum
730 3006 999 3061 Veronae:
1044 3012 1165 3072 post
1205 2996 1768 3070 Lippomanum'vcro
1873 2997 2629 3054 tationessuasinUsuardum
2645 2994 3478 3067 correxitacMartyralogioRo-

213 3103 543 3158 solemniorem
587 3101 966 3157 Festivitatem
1008 3097 1096 3152 die
1152 3095 1359 3152 Natalis
1399 3108 1494 3149 seu
1526 3091 1769 3164 martyrii
1874 3106 2035 3146 mana
2055 3090 2499 3154 accommodavit;
2531 3089 2627 3146 sed
2651 3100 2824 3145 morte
2848 3097 3154 3160 praeventus
3175 3088 3341 3144 edere
3363 3101 3471 3142 non

212 3194 374 3250 ibidem
397 3194 662 3252 celebrari
688 3193 772 3248 bis
798 3205 1014 3263 quoque
1039 3189 1239 3243 nostris
1267 3185 1598 3258 temporibns
1621 3183 1762 3254 prid.
1796 3170 1842 3234 C
1875 3183 2062 3253 potuit.
2091 3183 2163 3237 Ita
2195 3192 2420 3238 testatur
2436 3183 2700 3237 Baronius
2730 3183 2782 3237 in
2812 3182 3209 3252 prolegomenis
3236 3181 3304 3236 de
3339 3181 3480 3235 Mar-

212 3285 311 3341 Idus
336 3287 524 3357 Aprilis
551 3284 939 3346 consuevisse;
969 3290 1025 3336 et
1052 3283 1154 3335 hoc
1185 3286 1512 3350 praeceptum
1545 3275 1710 3331 fuisse
1737 3289 1764 3329 a
1873 3276 2136 3345 tyrologio
2167 3274 2410 3329 Romana
2437 3285 2562 3329 ante
2579 3289 2708 3330 suas
2735 3274 3063 3338 natationes,
3095 3271 3272 3342 capite
3309 3285 3473 3326 nano.

212 3379 523 3451 Lippomano,
554 3379 882 3452 putaverim,
915 3385 974 3430 ut
998 3373 1312 3444 Martyrium
1339 3367 1651 3427 S.Zenonis
1676 3381 1770 3424 ce-
1873 3367 2244 3422 Prwterierunt
2263 3368 2398 3420 enim
2414 3365 2686 3421 Malanum
2708 3366 3089 3438 quamplurima
3130 3364 3341 3434 antiqua
3376 3379 3472 3416 ms.

214 3473 398 3530 lebriori
445 3474 707 3530 memoria
761 3479 1033 3542 ageretur.
1089 3466 1479 3534 Lippomanum
1539 3475 1772 3531 namque
1873 3459 2097 3514 Romani
2130 3458 2495 3531 Martyrologii
2542 3460 2892 3528 exemplaria,
2924 3474 2989 3512 ea:
3015 3458 3196 3527 quibus
3221 3456 3480 3522 quodnam

217 3568 413 3635 primum
469 3567 640 3622 fuisse
682 3564 772 3635 qui
817 3559 1134 3618 memoriam
1175 3555 1418 3628 Martyrii
1449 3553 1508 3610 S.
1540 3552 1774 3610 Zenonis
1873 3553 2083 3621 qualeve
2113 3561 2242 3606 esset
2273 3551 2585 3605 Germanum
2631 3552 2802 3620 ipsum
2830 3550 3123 3616 Romanum
3163 3547 3483 3619 Martyrolo-

214 3663 492 3729 institnerit,
523 3660 677 3718 nullo
700 3667 862 3730 pacto
887 3655 992 3711 dici
1025 3661 1234 3722 potest,
1263 3666 1384 3705 cum
1413 3649 1466 3704 id
1497 3647 1775 3702 veteribus
1876 3648 2019 3716 giam
2037 3644 2327 3715 intelligere
2345 3645 2532 3699 certius
2556 3644 2822 3712 potuisset.
2855 3641 3164 3698 Tolerabilis
3184 3640 3410 3709 quidem,
3437 3648 3486 3694 et

213 3754 421 3809 omnibus
462 3751 834 3809 monumentis
875 3747 1217 3803 adversetur.
1251 3742 1366 3798 Non
1398 3755 1528 3810 ergo
1567 3739 1777 3809 primus
1875 3737 2021 3791 uenia
2050 3737 2235 3807 dignus
2263 3752 2427 3800 error,
2461 3751 2576 3789 eum
2607 3736 2716 3803 ipse
2746 3744 2852 3789 tam
2872 3733 3021 3803 longe
3049 3734 3267 3803 positus,
3296 3747 3357 3784 ea
3388 3746 3480 3784 ne-

214 3849 417 3919 martyrii
443 3825 824 3904 celebritatem
856 3841 1092 3897 instituit
1117 3839 1513 3908 Lippomanus,
1548 3833 1643 3890 sed
1674 3833 1774 3888 ad-
1878 3831 2050 3884 scierit
2105 3845 2217 3899 qua:
2241 3829 2342 3894 illi,
2385 3830 2474 3900 qui
2506 3828 2682 3883 Roma:
2708 3837 2900 3898 agunt,
2943 3827 3030 3880 uia:
3069 3841 3257 3896 magno
3287 3823 3481 3886 labore,

211 3916 344 3996 mixta
368 3941 619 3998 discrevit
648 3937 838 3994 Ofﬁcia
865 3976 880 4000 ,
911 3942 968 3990 et
993 3929 1332 3988 Confessmis
1367 3927 1618 3984 Ofﬁcium
1673 3925 1776 3981 Ore
1880 3925 2136 3998 pervigili,
2168 3925 2460 3996 diligentia,
2485 3935 2532 3978 et
2556 3920 3172 3978 summa'suntindustria
3195 3916 3480 3973 consecuti.

212 4035 438 4094 dinationi
457 4082 471 4105 ,
496 4037 762 4108 Martyris
788 4024 960 4088 Natali
990 4031 1046 4085 S.
1078 4025 1314 4083 Zenonis
1341 4023 1569 4079 addixit.
1885 4022 2104 4077 Gauisus
2124 4037 2244 4076 vero
2267 4038 2368 4074 non
2397 4020 2720 4074 mediocriter
2744 4019 2838 4089 fui,
2869 4034 2983 4071 cum
3007 4032 3172 4084 nuper
3195 4021 3482 4084 Opportune

792 4121 1021 4179 CAPUT
1075 4119 1188 4175 VII.
1883 4116 2162 4170 admodum
2189 4116 2418 4169 accincta
2436 4119 2551 4188 jam
2573 4115 2641 4167 ad
2671 4112 2946 4169 secundam
2959 4111 3232 4165 editionem
3250 4118 3488 4180 typogra-

214 4217 274 4274 De
295 4221 651 4294 Martyrologio
668 4221 895 4277 Usuardi
911 4237 942 4273 a
963 4218 1176 4272 Molana
1201 4225 1452 4278 correcta,
1477 4222 1525 4267 et
1545 4211 1607 4264 de
1631 4207 1781 4263 Mar-
1885 4209 1990 4279 pho
2013 4211 2363 4280 conjecturam
2401 4207 2841 4278 suspicionemque
2864 4203 3000 4256 hanc
3021 4218 3185 4256 meam
3213 4216 3275 4254 ea:
3301 4198 3484 4254 litteris

267 4292 492 4391 Iyroloqio
513 4292 750 4374 Romano
771 4313 1140 4386 antiquo.etde
1161 4312 1278 4364 aliis
1301 4303 1708 4378 Martyrologiis.
1888 4302 2294 4358 reverendissimi
2332 4299 2544 4355 Domini
2594 4299 2804 4353 Henrici
2854 4296 3012 4352 Gravi
3048 4293 3270 4366 theolOgi
3308 4292 3483 4346 Lava-

1889 4397 2080 4450 niensis
2133 4395 2345 4449 minime
2415 4409 2628 4447 uacuam
2675 4400 2766 4444 aut
2804 4392 3008 4444 inanem
3049 4389 3207 4458 fuisse
3248 4385 3481 4458 cOgnoui.

1892 4489 2084 4546 Scribit
2104 4490 2147 4543 is
2175 4489 2311 4542 enim
2337 4487 2404 4541 ad
2433 4503 2510 4539 me
2553 4484 3037 4540 reuerendissimum
3061 4481 3340 4534 Dominum
3363 4477 3484 4532 Μο-

1885 4585 2060 4638 lanum
2083 4592 2292 4653 accepto
2323 4582 2440 4652 jam
2469 4577 2810 4632 recens'edito
2839 4575 3217 4646 Martyrologia
3247 4571 3484 4626 Romano

1882 4678 2168 4731 natationes
2187 4690 2329 4738 suas,
2351 4688 2478 4743 quas
2505 4673 2557 4724 in
2589 4669 2888 4724 Usuardum
2899 4671 3016 4741 jam
3037 4666 3238 4736 pridem
3260 4665 3484 4734 scripse-

1881 4779 1963 4823 rat
1993 4769 2146 4838 probe
2182 4767 2472 4840 recognitas
2501 4773 2778 4834 auctasque
2803 4762 2966 4816 eidem
3009 4759 3381 4831 Martyrologio
3409 4764 3488 4809 at-

1885 4875 2195 4922 tenwerasse
2243 4871 2394 4928 atque
2440 4856 2896 4920 accommodasse;
2952 4852 3043 4908 sed
3071 4862 3120 4907 et
3171 4859 3487 4919 praematura

1889 4967 2050 5013 morte
2089 4956 2368 5018 subtracto,
2399 4953 2570 5006 minus
2597 4955 2764 5021 facere
2794 4949 3019 5003 licuisse.
3045 4946 3170 5000 Haec
3197 4943 3486 4999 Baronius.

1890 5049 2025 5106 Illud
2051 5062 2268 5119 quoque
2293 5053 2378 5102 est
2413 5042 2837 5123 observandum.
2866 5042 3042 5109 ipsum
3081 5037 3288 5092 scilicet
3315 5037 3488 5092 Mala-

1891 5162 2018 5202 num
2047 5147 2098 5200 in
2125 5142 2385 5212 apusculo
2423 5141 2489 5196 de
2528 5137 2924 5210 Martyrologils
2967 5133 3241 5188 afﬁrmare
3293 5132 3488 5188 Eccle—

1891 5241 2026 5297 siam
2078 5251 2357 5294 romanam
2413 5236 2487 5289 uti
2541 5233 2758 5288 solitam
2815 5227 3202 5300 Martyrologio
3255 5222 3488 5281 Usuardi

1897 5345 2077 5401 aucto,
2110 5335 2164 5389 in
2187 5348 2295 5404 quo
2315 5331 2374 5388 S.
2405 5330 2552 5386 Zeno
2575 5339 2822 5396 tempore
2842 5322 3078 5380 Gallieni
3113 5319 3374 5390 martyrio
3402 5331 3495 5372 ca-

1903 5440 2126 5488 ronatus
2179 5428 2393 5484 dicitur.
2466 5422 2904 5496 Martyrologium
2966 5432 3097 5487 ergo
3153 5416 3494 5476 Romanum,

1902 5527 2044 5598 quod
2074 5525 2214 5581 idem
2247 5533 2328 5579 est
2354 5537 2422 5579 ex
2447 5522 2620 5592 ipsius
2659 5518 2948 5581 sententia,
2973 5530 3035 5569 ac
3059 5509 3497 5582 Martyrologium

217 5640 358 5696 rilitcr
387 5643 687 5713 pertulerit;
717 5658 815 5709 qua
848 5641 1022 5695 eadem
1054 5655 1206 5692 causa
1249 5632 1552 5688 quenalem
1588 5645 1787 5700 quoque
1903 5633 2120 5678 auctum
2150 5617 2381 5676 Usuardi
2427 5616 2487 5673 S.
2518 5616 2791 5670 Zenonem
2825 5618 3116 5680 martyrem
3151 5619 3272 5661 esse
3300 5603 3500 5658 conﬁr-

219 5731 321 5784 alibi
343 5746 614 5805 martyrem
638 5734 884 5786 nominat.
915 5733 989 5786 De
1010 5728 1320 5784 narratione
1347 5724 1602 5781 Coronati
1633 5730 1790 5776 nota-
1901 5727 2031 5781 mat;
2061 5713 2493 5785 Martyrologium
2515 5723 2644 5764 vero
2672 5705 2882 5768 Bellini,
2907 5701 3052 5773 quod
3075 5697 3496 5784 vidityMolanus,

220 5812 393 5890 ilijam
434 5785 638 5881 dictum
668 5821 1017 5894 (βασανιεῖ).
1059 5822 1132 5877 De
1159 5820 1343 5877 ofﬁcio
1373 5814 1794 5873 Mediolanenslb
1913 5811 1973 5866 S.
2033 5799 2311 5863 Zenonem
2359 5803 2730 5859 confessorem
2772 5795 2902 5853 dicit
2928 5809 2980 5851 vt
3018 5793 3143 5850 Idus
3171 5785 3498 5849 decembris.

269 4429 486 4487 Ilolanus
551 4433 604 4487 in
672 4427 1118 4484 adnotationibus
1203 4423 1268 4478 ad
1345 4416 1784 4491 Martyrologium

213 4516 405 4576 Usuardi
438 4524 612 4593 pridie
640 4522 762 4576 Idus
789 4520 1012 4591 Aprilis,
1046 4518 1134 4573 ubi
1177 4515 1246 4569 de
1277 4514 1335 4570 S.
1367 4512 1610 4573 Zenone,
1663 4508 1779 4562 haec

214 4615 344 4668 verba
372 4616 602 4672 Usuardi
631 4616 849 4670 sustulit
880 4632 891 4666 :
924 4614 994 4667 Ac
1023 4623 1251 4676 tempore
1277 4606 1502 4661 Gallieni
1525 4602 1775 4673 martyrio

212 4720 444 4765 coronatus
472 4722 569 4764 est.
602 4709 766 4776 Cujus
795 4705 1150 4763 correctionis
1181 4702 1448 4756 rationem
1477 4697 1566 4751 his
1598 4693 1777 4749 verbis

215 4800 356 4854 reddit
383 4822 394 4856 :
427 4801 503 4857 De
542 4801 753 4856 Zenone
777 4799 960 4854 sustuli
995 4794 1221 4853 Usuardi
1253 4793 1426 4854 verba,
1462 4807 1523 4845 ac
1550 4798 1779 4856 tempore

215 4890 402 4948 Gallieni
421 4896 674 4967 martyrio
709 4901 982 4948 coronatus
1013 4901 1105 4944 est.
1139 4886 1401 4942 Honorari
1429 4901 1545 4940 eum
1573 4891 1626 4936 ut
1654 4897 1780 4935 con-

216 4985 424 5050 fessorem
467 4997 676 5044 constat
706 5004 768 5041 ex
815 4986 1050 5040 Romano
1099 4979 1475 5051 Martyrologio
1520 4986 1567 5030 et
1608 4973 1786 5047 officio

216 5077 589 5138 ﬁlediolanensis
649 5081 927 5144 Ecclesiae,
991 5080 1074 5132 die
1162 5085 1339 5130 octava
1388 5069 1667 5126 decembris
1741 5075 1789 5120 et

215 5172 420 5240 aliunde;
456 5187 698 5247 extatque
737 5173 886 5227 Lobii
933 5171 1166 5225 narratio
1213 5165 1515 5221 venerabilis
1543 5159 1789 5217 Coronati

216 5261 613 5324 Christianissimi
657 5269 844 5324 notarii
880 5268 944 5321 de
981 5264 1096 5320 Vita
1127 5263 1189 5320 S.
1230 5262 1450 5317 Zenonis
1487 5256 1712 5329 episcOpi
1743 5263 1792 5308 et

219 5359 510 5429 confessoris.
563 5359 843 5433 Gregorius
885 5359 1087 5426 interim
1127 5357 1276 5411 tertio
1306 5331 1644 5420 Dialogorum
1666 5365 1782 5418 cap.

217 5451 288 5515 19,
326 5457 394 5510 bis
420 5474 534 5511 eum
564 5465 842 5527 martyrem
879 5454 1146 5507 nominare
1176 5447 1355 5527 maluit
1400 5461 1554 5516 quam
1583 5444 1788 5510 confes-

218 5562 377 5615 sorem,
409 5566 465 5602 eo
493 5549 634 5617 quod
663 5549 792 5601 inter
823 5543 1080 5618 procellas
1109 5521 1479 5616 persecutionis
1503 5537 1668 5590 multa
1713 5535 1787 5587 vi-
