3902 6324
446 279 549 333 ΟΞἹ

1515 269 1604 327 nr.
1641 267 2004 326 MARTYRIU
2041 266 2290 324 SANCTI
2319 225 2646 325 annosus.

3588 267 3668 325 (iis

437 409 507 453 eo
535 393 743 450 scilicet
773 393 877 459 die,
927 405 1034 462 quo
1076 391 1270 446 festum
1301 386 1658 444 ordinationis
1699 386 2025 443 celebratur.
2061 389 2113 447 Α
2138 384 2376 440 historia:
2407 386 2659 457 martyris
2698 385 2908 440 titulum
2939 385 3060 439 aliis
3085 384 3326 454 largitum
3363 402 3490 442 esse.
3517 387 3676 444 Athos

445 487 594 543 Prid.
645 497 824 543 autem
876 485 997 540 ldus
1025 484 1229 555 Aprilis
1281 483 1588 538 nullatenus
1618 482 1687 537 de
1727 482 1784 538 8.
1817 481 2034 536 Zenone

445 581 564 652 ipse
585 581 851 636 meminit.
881 578 1060 646 Quare
1088 575 1390 631 mirandum
1421 590 1529 629 non
1554 584 1637 629 est
1667 573 1842 642 ipsum
1866 573 2035 628 Belli-

443 693 572 732 num
602 675 969 730 confessorem
1021 682 1237 742 putasse
1268 671 1323 727 S.
1356 670 1625 724 Zenonem
1667 684 1735 724 eo
1779 667 1889 734 die,
1929 681 2038 739 quo

443 770 612 842 ipsius
661 768 920 824 memoria
969 766 1275 822 celebratur
1313 764 1494 820 officio
1541 764 1930 818 confessorum.
1981 760 2037 815 Id

443 865 612 928 enim,
639 871 689 916 et
709 863 762 916 in
790 861 893 916 hac
918 859 1139 915 dioecesi
1162 856 1479 913 Pistoriensi
1503 857 1580 923 fit,
1612 856 1702 910 ubi
1725 856 1780 912 S.
1817 855 1964 911 Zeno
1983 865 2041 912 ut

443 966 652 1026 martyr
672 953 863 1008 colitur
885 967 1051 1021 usque
1071 951 1124 1006 in
1152 959 1471 1020 praesentem
1494 949 1636 1004 diem
1668 967 1683 1014 ;
1726 958 1960 1006 attamen
1983 967 2039 1007 vr

448 1047 574 1104 ldus
600 1047 902 1103 decembris
937 1047 986 1099 in
1030 1044 1344 1100 kalendaria
1372 1043 1596 1114 singulis
1624 1043 1783 1098 annis
1823 1053 2042 1098 notatur

446 1142 605 1196 titulo
634 1139 985 1207 confessoris,
1016 1137 1081 1192 ad
1107 1137 1454 1192 indicandum
1481 1136 1688 1191 scilicet
1715 1136 1896 1200 ritum,
1930 1151 2038 1206 quo

444 1239 614 1308 ipsius
645 1236 840 1291 festum
864 1236 1196 1298 celebratur,
1235 1234 1358 1287 licet
1389 1233 1439 1286 in
1471 1231 1717 1286 oratione
1777 1242 1830 1284 et
1857 1231 2044 1287 lectio-

442 1332 606 1388 nibus
635 1329 858 1385 secitndi
891 1328 1142 1383 nocturni
1187 1327 1428 1398 martyrii
1463 1327 1628 1396 ipsius
1660 1325 1919 1380 memoria
1957 1341 2044 1381 re-

444 1426 674 1481 colatur.
717 1423 917 1477 Octava
977 1419 1280 1476 decembris
1323 1437 1335 1472 :
1383 1418 1655 1472 Ordinatio
1703 1417 1763 1472 8.
1821 1417 2045 1473 Zenonis

397 1515 401 1518 ⁴
446 1516 674 1588 episc0pi
710 1525 762 1570 et
783 1515 1112 1585 confessoris,
1166 1514 1372 1584 patroni
1403 1521 1449 1566 et
1491 1512 1738 1566 Ecclesiae
1767 1511 2044 1566 cathedra-

446 1613 512 1666 lis
533 1611 776 1665 titularis.
815 1609 1138 1666 Duodecima
1167 1623 1299 1664 vero
1319 1607 1519 1678 Aprilis
1547 1623 1566 1662 :
1598 1607 1660 1662 S.
1691 1606 1914 1662 Zenonis
1934 1609 2048 1679 epi-

445 1710 586 1779 δευρὶ
617 1718 662 1762 et
689 1706 936 1776 martyris
969 1703 1200 1775 (kalend.
1234 1702 1563 1772 Pistorien.).
1590 1701 1736 1757 idem
1769 1704 1929 1757 etiam
1957 1716 2047 1757 no-

2141 477 2532 532 calumniarum
2573 477 2776 531 rivulos
2805 492 2837 532 e
2870 477 3107 532 fontibus
3138 477 3496 534 haereticorum
3520 496 3677 535 recru-

2143 574 2307 627 tiores
2335 571 2388 626 hi
2419 572 2754 626 derivarunt.
2786 571 2994 638 Quanta
3024 587 3154 627 vero
3183 573 3475 628 temeritate
3499 573 3550 629 8.
3575 574 3680 631 Gre-

2141 666 2349 736 gorium
2381 664 2622 720 levitatis
2650 673 2898 734 arguant,
2922 679 2990 719 ex
3013 680 3080 719 eo
3104 673 3247 734 patet
3282 666 3418 735 quod
3443 667 3547 736 ipse
3581 683 3682 722 san-

2142 759 2416 814 ctissimus
2463 757 2700 826 pontifex
2739 757 3042 828 Augustino
3093 756 3460 815 Cantuariensi
3501 761 3686 818 Archia-

2145 854 2369 925 piseOpo
2397 852 2464 907 de
2487 853 2636 906 cultu
2666 853 2825 906 alicui
2856 861 3126 920 tamquam
3158 839 3372 927 Mar’tyri
3400 857 3686 926 exhibendo,

2145 949 2216 1003 ita
2251 947 2527 1015 praecepit,
2555 945 2682 1000 dum
2707 946 2880 1002 eidem
2912 947 3214 1017 Augustino
3241 949 3296 1006 8.
3325 948 3454 1003 Sisti
3481 953 3690 1024 martyris

2145 1038 2400 1109 reliquias
2431 1038 2650 1092 indulsit
2681 1037 3081 1110 (Epistolarum.
3113 1041 3203 1095 lib.
3228 1057 3287 1106 ιι,
3320 1040 3437 1097 Ind.
3472 1041 3538 1114 7).
3571 1042 3691 1106 Feri-

2146 1150 2261 1188 mus
2286 1132 2422 1202 quod
2443 1133 2632 1203 petisti,
2657 1143 2902 1202 quatenus
2925 1133 3167 1202 populus,
3198 1135 3285 1204 qui
3311 1135 3362 1189 in
3384 1137 3488 1190 loco
3507 1139 3692 1208 quodam

2148 1226 2211 1282 8.
2245 1225 2385 1281 Sixti
2414 1226 2656 1296 martyris
2697 1240 2884 1296 corpus
2913 1227 3152 1282 dixerunt
3187 1231 3443 1294 uenerari,
3469 1232 3590 1299 quod
3613 1244 3694 1287 luat

2149 1319 2483 1391 fraternitati,
2511 1335 2601 1372 nec
2635 1334 2830 1385 verum,
2857 1336 2948 1373 nec
2978 1323 3222 1376 veraciter
3255 1322 3495 1378 Sanctum
3515 1326 3694 1391 videtur,

2147 1421 2288 1468 certa
2331 1412 2638 1466 sanctissimi
2694 1421 2740 1465 et
2792 1412 3134 1481 probatissimi
3208 1413 3454 1486 Martyris
3495 1417 3696 1486 beneficia

2150 1507 2459 1574 suscipiens,
2487 1506 2656 1560 colere
2682 1507 2876 1561 incerta
2902 1525 3004 1562 non
3032 1509 3228 1564 debeat.
3258 1510 3390 1564 Mihi
3415 1522 3566 1566 tamen
3588 1512 3697 1566 uide-

2153 1608 2256 1665 tur,
2285 1600 2408 1668 quia
2433 1599 2478 1652 si
2506 1614 2722 1669 corpus,
2765 1600 2900 1670 quod
2927 1619 2958 1655 a
2996 1603 3185 1674 populo
3205 1604 3469 1674 cujusdam
3497 1602 3700 1674 Hortgris

2151 1707 2260 1746 esse
2297 1691 2544 1756 creditur,
2587 1693 2745 1746 nullis
2785 1693 2875 1748 ille
2917 1695 3181 1751 miraculis
3206 1707 3468 1762 coruscat,
3499 1708 3542 1752 et
3572 1714 3702 1768 neque

453 1801 671 1855 tandum
697 1808 777 1854 est
809 1799 860 1852 in
887 1799 1064 1853 edicto
1097 1797 1199 1851 hoc
1224 1811 1367 1850 anno
1397 1796 1535 1856 1732
1573 1795 1641 1850 ab
1672 1795 2045 1851 illustrissitno
2076 1787 2125 1848 B
2152 1785 2310 1855 aliqui
2349 1784 2412 1838 de
2455 1785 2829 1856 antiquioribus
2869 1789 3124 1857 εωῦπιιηε,
3156 1791 3244 1854 σαί
3287 1807 3340 1846 τε
3385 1807 3416 1845 α
3456 1791 3702 1862 parentibus

447 1903 501 1948 et
550 1891 1004 1948 reverendissimo
1061 1889 1288 1944 Domino
1324 1888 1650 1944 Columbina
1692 1889 1882 1959 Bassi,
1933 1892 2049 1962 epi-

445 2000 615 2056 scopo
646 1993 834 2039 nostro
883 1981 1222 2048 Pistoriensi,
1275 1990 1331 2036 et
1389 1982 1633 2037 Pratensi
1687 1985 2047 2056 promulgata,

446 2080 589 2133 circa
615 2076 1022 2132 translationem
1038 2074 1395 2146 quorumdam
1421 2074 1705 2143 festorum,
1732 2077 1820 2131 ubi
1851 2075 2048 2134 festum

449 2169 813 2224 Immaculata:
863 2167 1248 2236 Conceptianis
1289 2165 1348 2219 Β.
1380 2165 1450 2220 Μ.
1499 2166 1562 2220 V.
1608 2167 1949 2237 transfertur,
1983 2184 2050 2226 eo

450 2259 593 2329 quod
639 2267 894 2314 occurrat
941 2273 1067 2311 cum
1115 2257 1254 2312 festo
1297 2257 1651 2313 ordinationis
1692 2259 1752 2312 8.
1795 2259 2047 2328 Zenonis,

455 2366 562 2422 quo
613 2351 664 2404 in
713 2351 834 2404 loco
865 2349 922 2404 8.
957 2347 1106 2402 Zeno
1149 2349 1303 2402 titulo
1343 2348 1672 2404 confessoris
1718 2353 2046 2408 nominatur.

461 2443 704 2514 Ofﬁcium
736 2441 1082 2512 conreptionis
1105 2439 1170 2494 Β.
1191 2439 1245 2492 Il
1257 2482 1268 2493 .
1297 2438 1358 2492 V.
1391 2441 1586 2506 duplex
1609 2442 1847 2497 secunda:
1870 2445 2052 2500 classis

451 2534 771 2590 recitandum
813 2533 896 2586 die
935 2543 1115 2587 octava
1151 2532 1457 2598 decembris;
1486 2549 1600 2599 quae
1643 2534 1754 2588 dics
1779 2535 2051 2591 solemnis-

454 2629 584 2682 st'ma
617 2627 762 2680 nobis
794 2635 870 2680 est
908 2626 970 2680 ob
1003 2625 1190 2694 festum
1215 2625 1572 2680 Ordinationis
1603 2625 1665 2680 8.
1701 2625 1924 2682 Zenonis
1947 2628 2054 2697 epi-

454 2721 598 2788 scopi
646 2728 692 2773 et
724 2718 1060 2787 confessoris,
1104 2719 1310 2786 patroni
1359 2727 1406 2770 et
1477 2717 1708 2772 ecclesia:
1735 2718 2055 2774 cathedralis

457 2812 706 2877 titnlaris,
735 2811 932 2881 duplex
967 2810 1147 2879 primtv
1171 2809 1374 2864 classis.
1406 2808 1560 2876 Quod
1591 2811 1754 2864 etiam
1769 2811 2056 2866 dicendum

459 2915 542 2960 est
580 2905 648 2960 de
676 2904 1062 2975 Martyrologio
1091 2917 1192 2957 ms.
1225 2902 1294 2957 de
1331 2917 1439 2972 quo
1468 2917 1627 2971 supra
1657 2905 1675 2972 (
1707 2919 1821 2973 cap.
1856 2902 1891 2956 ἓ
1916 2904 1934 2973 )
1955 2946 1968 2969 ,
2001 2905 2054 2958 in

461 3011 528 3051 eo
554 2997 699 3051 enim
730 3004 922 3050 octava
950 2994 1036 3048 die
1065 2993 1370 3048 decembris
1400 2994 1458 3048 8.
1489 2993 1635 3048 Zeno
1687 2995 1973 3065 episcopus
2003 3005 2058 3050 et

459 3089 739 3142 confessor
761 3087 976 3142 dicitur.
1001 3086 1158 3153 Quin,
1189 3095 1244 3141 et
1275 3086 1450 3155 ipsum
1479 3086 1912 3157 Martyrologium
1944 3087 2054 3142 Ro-

2153 1879 2447 1948 passionem
2478 1878 2590 1944 eius
2619 1879 2824 1933 audisse
2850 1885 3131 1951 fateantur,
3162 1884 3235 1938 ita
3259 1884 3484 1954 reliquit:
3503 1901 3614 1954 quos
3638 1901 3704 1952 pe.

2153 1973 2258 2028 tisti
2279 1989 2506 2026 seorsum
2536 1974 2816 2029 condenda:
2841 1986 2978 2042 sunt,
3002 1987 3056 2030 ut
3085 1977 3247 2043 locus,
3277 1979 3332 2032 in
3357 1995 3455 2050 quo
3477 1982 3707 2048 prwfottuu

2152 2081 2340 2133 corpus
2359 2066 2501 2135 jacet
2526 2066 2692 2122 modis
2717 2067 2948 2122 omnibus
2975 2069 3289 2138 obstruatsrr,
3320 2086 3409 2126 nec
3433 2073 3708 2141 permittatur

2152 2158 2374 2228 populus
2403 2168 2594 2212 certum
2625 2159 2875 2228 deserere,
2899 2171 2946 2216 et
2971 2163 3222 2217 incertum
3273 2167 3516 2220 venerari.
3548 2164 3707 2219 Htecne

2153 2250 2424 2306 censenda
2473 2251 2764 2307 credulitas
2807 2262 2923 2320 est,
2972 2270 3095 2324 qute
3139 2256 3206 2310 ad
3239 2257 3486 2328 Martyris
3531 2255 3707 2310 titulum

2154 2346 2317 2402 alicui
2345 2347 2712 2413 tribuendum,
2732 2351 2915 2420 populi
2948 2367 3167 2407 rumore
3187 2362 3518 2422 contempto,
3537 2351 3609 2405 vel
3629 2348 3710 2402 mi-

2155 2441 2339 2494 racula
2367 2441 2552 2512 exigit,
2585 2442 2665 2497 vel
2695 2444 2971 2511 probatam
2998 2446 3350 2515 antiquarum
3379 2441 3711 2501 traditionem?

2157 2531 2295 2586 Num
2326 2533 2467 2603 quod
2499 2533 2556 2589 8.
2591 2534 2883 2606 Gregorius
2913 2536 3035 2591 aliis
3068 2538 3401 2608 prmscripsit
3427 2539 3476 2592 in
3506 2535 3713 2607 Martyris

2157 2628 2304 2682 cultu
2333 2627 2672 2695 adhibendo,
2705 2630 2883 2700 ipsum
2931 2645 3037 2685 non
3069 2631 3392 2700 przestitisse
3435 2628 3710 2685 credendum

2160 2723 2281 2776 est?
2310 2721 2449 2788 Quid
2484 2721 2685 2778 habent
2710 2725 3043 2778 recentiores
3077 2723 3164 2790 hi,
3206 2723 3353 2794 quod
3394 2723 3443 2779 in
3473 2720 3713 2777 tribuendo

2155 2817 2213 2874 S.
2245 2816 2450 2872 Zenoni
2495 2817 2746 2887 martyris
2775 2817 2928 2870 titulo
2956 2814 3014 2870 S.
3044 2815 3366 2887 Gregorium
3410 2815 3596 2870 erroris
3619 2812 3714 2867 red-

2158 2909 2425 2980 arguant?
2515 2905 2768 2962 Coronati
2842 2906 3045 2961 Notarii
3111 2909 3512 2964 narrationem?
3559 2903 3716 2960 Incerti

2160 3002 2400 3055 auctoris
2445 3000 2809 3072 apocryphurn
2841 3002 3186 3067 opusculum,
3215 3001 3366 3055 nulla
3396 3001 3596 3071 dignum
3616 2997 3713 3058 title,

2164 3104 2220 3148 ut
2253 3093 2470 3164 ipsimet
2497 3094 2754 3153 fatentur,
2778 3102 2831 3146 et
2853 3093 3104 3162 superius
3135 3093 3480 3162 probavimus
3504 3092 3624 3163 (cap.
3646 3088 3718 3158 5)?

457 3199 677 3237 manum
704 3191 1010 3236 correctum
1041 3181 1231 3236 eadem
1271 3179 1362 3235 die
1401 3181 1760 3238 ordinationis
1790 3184 1847 3239 8.
1881 3184 2053 3240 Zeno-
2083 3172 2129 3235 C
2167 3188 2422 3242 Ecclesiae
2454 3185 2784 3240 Veronensis
2811 3185 3131 3238 contrariam
3182 3183 3554 3240 traditionem?
3587 3179 3720 3236 Mani-

458 3277 543 3330 nis
571 3291 674 3330 non
717 3276 846 3329 dicit
875 3287 1198 3344 martyrem;
1249 3273 1364 3329 haec
1405 3275 1548 3329 enim
1597 3275 1801 3331 habet:
1845 3278 2060 3335 Verona;

461 3372 720 3426 ordinatio
753 3370 813 3426 8.
846 3370 1069 3425 Zenonis
1095 3370 1344 3441 episcopi.
1374 3369 1472 3424 Cui
1506 3377 1715 3424 vetusta
1745 3370 2057 3428 kalendaria

460 3468 718 3523 Ecclesiae
771 3467 1119 3521 Pistoriensis
1165 3481 1324 3534 supra
1378 3467 1645 3519 recensita
1706 3468 2057 3525 conveniunt.

465 3560 524 3614 In
566 3576 632 3615 ea
690 3575 948 3628 namque,
995 3559 1138 3628 quod
1182 3559 1356 3628 primo
1397 3558 1515 3612 loco
1544 3560 1821 3627 posuimus
1851 3575 1907 3613 vr
1937 3558 2059 3616 ldus

462 3651 765 3707 decembris
794 3651 985 3721 legitur
1011 3669 1023 3702 :
1051 3648 1244 3704 Natale
1281 3649 1342 3704 8.
1377 3649 1599 3703 Zenonis
1629 3652 1831 3720 patroni
1871 3654 2054 3718 nostri,

464 3747 592 3800 licet
640 3746 692 3799 in
737 3743 926 3799 eodem
969 3742 1283 3798 kalendario
1324 3758 1396 3797 χιι
1435 3741 1615 3797 kalcn.
1663 3742 1784 3798 Maii
1817 3746 1873 3800 8.
1913 3745 2060 3800 Zeno

462 3835 710 3907 martyrii
747 3836 904 3890 titulo
935 3836 1250 3890 illustratur.
1283 3833 1340 3888 In
1387 3835 1497 3888 alio
1524 3849 1625 3889 ms.
1653 3837 1823 3890 relato
1850 3853 1904 3891 vr
1932 3837 2061 3894 Idus

463 3929 742 3984 decembris
770 3928 829 3983 S.
864 3925 1087 3980 Zenonis
1115 3927 1360 3997 episcopi.
1393 3925 1574 3996 Itaque
1599 3927 1642 3982 si
1676 3929 1728 3981 in
1749 3928 1869 3982 aliis
1899 3930 2059 3984 etiam

462 4022 863 4091 Martyrologiis
916 4035 970 4075 vt
1021 4019 1144 4074 ldus
1186 4018 1492 4075 decembris
1520 4019 1581 4075 S.
1610 4020 1757 4075 Zeno
1782 4021 2063 4085 confessor

463 4116 702 4187 legatur,
745 4114 846 4170 hoc
875 4127 939 4168 ea
972 4115 1180 4168 ratione
1209 4114 1404 4168 factum
1445 4113 1611 4170 fuisse
1635 4114 1924 4170 dicendum
1951 4126 2060 4185 est,

463 4210 588 4279 quia
631 4208 818 4263 eadem
846 4206 936 4261 die
964 4205 1021 4261 8.
1053 4205 1286 4260 Zenonis
1315 4204 1509 4261 festqu
1553 4208 1660 4261 ritu
1685 4207 2061 4263 confessorum

465 4301 791 4356 celebratur.
835 4299 991 4366 Quod
1013 4311 1137 4353 cum
1169 4308 1318 4354 esset
1349 4314 1460 4369 prae
1488 4299 1609 4353 aliis
1640 4299 1791 4354 festis
1819 4301 2066 4356 celeber-

467 4394 687 4458 rimum,
722 4392 791 4446 ab
816 4391 1006 4446 eadem
1037 4401 1290 4446 auctores
1317 4391 1822 4462 Martyrologioru’m
1849 4391 2065 4448 confes-

467 4487 608 4540 soris
637 4485 848 4542 titulum
891 4485 1276 4550 desumebant;
1317 4496 1376 4541 ut
1411 4487 1572 4542 etiam
1598 4485 1834 4542 Felicius
1866 4487 1918 4541 in
1964 4503 2064 4543 suo

2167 3284 2360 3340 festum
2394 3282 2636 3337 Panvinii
2665 3295 2930 3344 errorem,
2961 3287 3020 3332 ut
3054 3294 3120 3334 ex
3146 3279 3389 3349 antiquis
3411 3284 3603 3334 constat
3625 3289 3718 3328 mn-

2167 3375 2459 3431 numentis.
2497 3372 2647 3446 (Cap.
2681 3371 2762 3444 6.)
2792 3371 3022 3426 Romani
3055 3373 3252 3426 veteris
3289 3368 3718 3442 Martyrologiian—

2165 3466 2506 3520 claritatem?
2558 3464 2960 3532 lmprudentem
3011 3462 3205 3518 Moloni
3256 3463 3501 3532 lapsum,
3544 3460 3622 3530 qui
3647 3471 3720 3525 pro

2168 3561 2444 3624 Romano,
2497 3558 2689 3613 Bellini
2745 3557 3181 3628 Martyrologium
3233 3555 3476 3611 adtribuit
3506 3555 3626 3627 (cap.
3657 3552 3716 3621 7).

2167 3656 2365 3710 Hamae
2415 3661 2543 3707 sunt
2595 3659 2946 3722 argumenta,
2987 3650 3192 3720 quibus
3221 3647 3281 3704 8.
3316 3647 3565 3718 Gregorio
3591 3643 3719 3698 fidem

2169 3746 2470 3802 habendam
2514 3759 2618 3798 non
2651 3757 2773 3798 esse
2801 3741 3208 3797 demonstrent?
3233 3733 3406 3811 Cujus
3442 3736 3717 3796 auctoritas,

2167 3853 2221 3898 et
2250 3843 2418 3912 ipsius
2451 3839 2778 3895 Veronensis
2821 3837 3077 3893 Ecclesiae
3098 3878 3112 3903 ,
3143 3845 3198 3891 et
3228 3836 3394 3905 hujus
3421 3829 3718 3890 Pistoriensis

2168 3935 2443 3991 traditioni
2474 3949 2535 3989 ac
2563 3933 2944 3990 vetustioribus
2976 3945 3074 3986 ms.
3101 3943 3388 3986 consonat.
3423 3927 3564 4010 (Cap.
3590 3919 3716 3991 1,3.)

2168 4027 2359 4082 Dicent
2387 4026 2616 4080 fortasse
2643 4026 2694 4079 in
2729 4024 2946 4078 laudato
2977 4022 3034 4078 8.
3067 4023 3318 4093 Gregorii
3351 4033 3612 4090 reSpouso,
3636 4028 3718 4068 non

2167 4121 2235 4176 de
2257 4121 2374 4177 solo
2400 4121 2639 4191 Martyrii
2663 4120 2820 4175 titulo
2842 4121 2950 4189 agi,
2977 4118 3073 4174 sed
3095 4118 3161 4172 de
3183 4118 3328 4174 cultu
3351 4116 3521 4172 dubiis
3541 4113 3590 4168 S.
3613 4110 3718 4164 llat-

2169 4214 2304 4286 tyris
2334 4212 2579 4284 reliquiis
2621 4210 2907 4266 tribuendo
2938 4227 2952 4263 :
2983 4225 3159 4280 neque
3201 4211 3256 4264 in
3287 4210 3502 4265 dubium
3528 4203 3642 4260 verti
3667 4214 3719 4252 an

2170 4307 2232 4361 Ι).
2259 4301 2406 4360 Zeno
2433 4305 2736 4360 sanctitatis
2768 4304 3010 4360 laureola
3037 4303 3234 4374 dignus
3259 4305 3352 4370 sit,
3384 4301 3475 4358 sed
3507 4300 3553 4354 itl
3578 4297 3718 4352 solum

2168 4397 2463 4454 Confessor
2485 4413 2552 4452 ne
2581 4405 2809 4463 tantum,
2842 4412 2909 4451 an
2939 4396 3096 4450 simul
3128 4396 3293 4451 etiam
3327 4404 3522 4464 martyr
3549 4388 3718 4445 haben-

2167 4493 2270 4548 dus
2315 4494 2404 4548 sit.
2439 4493 2508 4546 At
2537 4507 2601 4546 ex
2632 4506 2698 4546 eo
2737 4491 2877 4560 quod
2907 4490 2964 4546 S.
2999 4490 3246 4544 Pontifex
3299 4499 3405 4543 tam
3438 4485 3643 4557 prudens
3677 4487 3721 4535 et

464 4576 784 4632 kalendaria
822 4579 1082 4633 servavit.
1126 4577 1258 4632 Nam
1302 4577 1441 4648 prid.
1492 4578 1567 4633 ld.
1621 4578 1821 4648 Aprilis
1849 4594 1972 4633 cum
2003 4579 2061 4636 S.
2093 4571 2143 4633 D
2169 4595 2360 4644 cautus
2381 4585 2481 4641 fuit
2508 4587 2558 4639 in
2589 4584 2766 4640 dubias
2792 4583 3029 4654 reliquias
3055 4583 3201 4637 cultu
3229 4578 3592 4652 permittendo,
3620 4585 3718 4628 num

466 4673 740 4727 Zenonem
790 4683 1085 4742 martyrem
1140 4672 1403 4739 dixisset;
1456 4689 1509 4728 vr
1560 4672 1686 4727 Idus
1757 4673 2064 4729 decembris

466 4768 778 4836 episc0pttm
807 4765 1152 4820 solummodo
1182 4766 1495 4820 nominavit.
1523 4765 1641 4820 Non
1673 4775 1756 4822 est
1786 4768 1943 4836 igitur
1966 4783 2064 4822 cur

467 4859 527 4916 S.
555 4858 763 4915 Zenoni
797 4858 1040 4928 martyrii
1066 4859 1296 4927 palmam
1319 4859 1691 4926 detrahamus,
1720 4859 1850 4915 licet
1878 4861 1931 4916 in
1959 4861 2063 4916 ali-

467 4952 662 5023 quibus
688 4949 1089 5022 Martyrolagiis
1116 4951 1172 5005 S.
1207 4951 1352 5007 Zeno
1379 4953 1538 5007 unice
1561 4961 1924 5024 nuncupetur.

1078 5085 1306 5143 CAPUT
1345 5085 1478 5144 Vill.

471 5203 547 5258 Ea
575 5203 950 5275 expenduntur,
1007 5219 1122 5276 qua:
1150 5212 1329 5258 contra
1359 5204 1422 5261 S.
1448 5204 1683 5277 Gregorii
1710 5208 2063 5265 auctoritatem

533 5297 697 5368 aliqui
727 5295 1261 5367 ttuctores,aninius
1291 5299 1574 5370 prtesertim
1598 5308 1647 5354 et
1678 5298 2060 5369 Tillemontius,

531 5390 800 5460 objiciunt.

533 5504 720 5562 Sancti
757 5502 1005 5576 Gregorii
1050 5505 1429 5561 auctoritatem
1476 5505 1706 5579 (Stecul.
1743 5507 1796 5576 6,
1827 5516 1864 5562 t.
1898 5524 1970 5577 tv,
2001 5511 2064 5567 de

463 5598 525 5654 8.
557 5596 736 5670 Greg.,
765 5597 865 5652 loc.
891 5598 1033 5669 cit.),
1060 5598 1276 5654 elevare
1293 5611 1559 5660 conantur
1586 5600 1828 5670 Dupinus
1871 5609 1925 5656 et
1953 5601 2064 5657 Til-

461 5692 751 5745 lemontius
774 5691 953 5746 nimiae
973 5691 1314 5748 credulitatis
1335 5691 1511 5764 ipsum
1542 5693 1938 5761 insimulantes,
1968 5695 2062 5750 ad-

464 5779 652 5856 ditque
694 5785 1072 5849 Tillemontius
1100 5792 1158 5850 8.
1208 5791 1525 5870 Gregorium
1556 5797 1744 5847 contra
1774 5789 2059 5848 veritatem

2171 4692 2277 4737 tam
2308 4680 2442 4735 levis
2467 4693 2588 4734 esse
2619 4677 2910 4745 debuerat,
2941 4685 2994 4730 ut
3023 4675 3297 4730 Zenonem
3335 4683 3606 4744 martyrem
3634 4663 3720 4736 pri-

2170 4792 2288 4832 mus
2315 4776 2542 4840 diceret,
2573 4788 2735 4844 quem
2759 4816 2774 4839 ,
2807 4773 2850 4827 si
2896 4780 3101 4842 martyr
3127 4786 3233 4824 non
3260 4768 3478 4833 fuisset,
3511 4765 3719 4820 universa

2174 4867 2382 4922 Verona
2401 4877 2671 4936 tamquam
2701 4863 3081 4919 Confessarem
3108 4871 3483 4918 veneraretur.
3513 4850 3719 4913 Gaudeat

2169 4962 2349 5031 itaque
2374 4961 2430 5014 8.
2456 4958 2604 5014 Zeno
2629 4957 2846 5028 gloriosi
2877 4957 2957 5011 sui
2987 4955 3227 5026 Martyrii
3250 4969 3309 5009 se
3337 4964 3534 5008 tantum
3558 4948 3719 5002 habere

2173 5054 2465 5109 Patronum
2495 5060 2549 5106 et
2595 5060 2945 5112 assertorem,
2974 5049 3060 5118 qui
3085 5058 3237 5103 tanta
3260 5063 3388 5103 usus
3410 5042 3616 5102 consilio
3634 5044 3716 5099 est,

2168 5143 2633 5218 tantaprudeutia
2663 5152 2948 5214 antequam
2978 5151 3196 5197 sanctas
3236 5141 3384 5196 cultu
3409 5137 3633 5206 Martyris
3655 5129 3718 5183 di-

2169 5247 2448 5311 gnaretur,
2481 5251 2657 5307 neque
2679 5244 2784 5290 tam
2811 5249 2956 5290 czeco
2981 5234 3183 5303 impetu
3206 5233 3376 5288 acutis
3404 5231 3510 5286 suis
3531 5219 3717 5282 calanus

2171 5334 2303 5388 tanti
2338 5329 2614 5386 Pontificis
2644 5330 3018 5382 auctoritatem
3049 5325 3102 5381 bi
3142 5327 3469 5383 recentiores
3511 5317 3715 5394 proscin-

2171 5426 2320 5481 dant.
2351 5423 2460 5479 Cur
2485 5437 2545 5477 ea
2572 5430 2777 5476 tantum
2807 5419 3058 5483 afferunt,
3090 5419 3210 5475 sine
3237 5419 3345 5474 ulla
3372 5417 3594 5476 delectu.
3621 5417 3716 5476 qua

2171 5518 2244 5573 ita
2278 5516 2434 5572 facile
2480 5515 2683 5569 incerta
2727 5523 2781 5570 et
2832 5514 2962 5569 falsa
3011 5513 3305 5584 probantur
3332 5519 3512 5566 contra
3538 5502 3714 5562 861³6-

2170 5612 2304 5682 gorii
2331 5609 2610 5680 probatam
2641 5606 2841 5666 fidem?
2867 5606 2979 5662 Cur
3000 5607 3141 5672 haec,
3175 5622 3290 5678 quas
3322 5606 3373 5660 in
3404 5601 3551 5672 hujus
3577 5588 3714 5651 libelli

2171 5704 2494 5761 tractatione
2519 5702 2726 5773 digesta
2749 5710 2896 5768 sunt,
2917 5700 3105 5757 videre
3132 5701 3496 5771 neglexerunt.
3521 5697 3710 5764 quorum

2169 5800 2322 5878 plura
2356 5797 2498 5876 apud
2529 5797 2819 5862 Baronittm
2846 5804 2903 5854 et
2949 5795 3089 5858 alios
3134 5808 3271 5876 quos
3300 5790 3608 5876 laudavimus
3631 5792 3709 5836 all-
