3798 6322
92 287 186 346 629

1113 274 1202 332 DE
1239 272 1607 333 “ARTEMO
1638 271 1890 332 SW11
1926 274 2237 335 annosus.

3256 285 3361 341 650

90 412 254 456 ctores
286 397 465 452 videre
508 392 846 465 potuissent?
875 394 916 447 Α
944 390 1228 448 calomniis
1268 390 1449 461 ltaque
1485 389 1655 445 absti—
1684 391 1733 451 Α
1764 388 1896 444 bone
1923 389 2027 458 [ide
2051 405 2145 446 nes
2169 408 2477 462 agnoscere,
2507 394 2710 450 nullam
2739 410 2832 452 nos
2859 396 3046 453 habere
3084 412 3359 470 eranttum

89 501 268 555 neant,
323 500 497 559 neque
539 486 737 541 Dedam
798 494 893 539 aut
938 484 1074 538 alios
1117 481 1374 553 culpent,
1421 480 1467 536 si
1520 479 1657 536 forte

90 584 141 642 8.
170 579 402 652 Gregorii
431 578 749 634 auctoritate
770 576 937 643 ducti,
970 575 1028 632 S.
1060 574 1333 629 Zenonem
1360 579 1657 645 martyrem

86 673 324 731 dixerint.
353 670 545 727 Nonne
563 669 775 726 Verona
799 667 940 724 Urbs
962 676 1048 723 est
1073 666 1237 722 ltalize
1257 665 1537 736 praeclara,
1562 680 1656 741 cu-

84 772 163 843 jus
187 769 241 826 8.
272 768 559 825 Patronem
586 765 747 822 facile
784 777 1079 837 agnoscere
1117 773 1328 836 poterat
1364 761 1655 836 Gregorius

87 877 312 921 summus
337 860 601 927 Pontifex,
628 869 685 915 et
712 860 834 928 ipse
860 858 1023 913 Italus
1066 856 1375 924 Romanus,
1405 856 1459 910 in
1490 856 1655 911 rebus

85 957 234 1014 ltalire
261 952 650 1009 versatissimus
670 992 686 1017 ,
717 960 828 1006 tum
858 960 1081 1021 propter
1123 963 1210 1004 res
1241 948 1409 1023 italia:
1436 956 1651 1017 gestas,

86 1060 187 1106 tum
210 1054 422 1119 propter
444 1044 671 1099 Romani
715 1043 1059 1115 pontiﬁcatus
1092 1040 1652 1097 administrationem?

87 1142 155 1197 De
197 1139 355 1194 Paulo
403 1138 564 1193 etiam
618 1136 878 1201 Diacono,
926 1134 1020 1207 qui
1066 1133 1126 1190 8.
1179 1134 1453 1189 Zeuonem
1504 1147 1652 1187 mar-

84 1244 239 1305 tyrem
264 1231 392 1286 dicit
417 1229 544 1299 quid
568 1227 853 1284 dubitant?
882 1228 997 1295 Qua
1026 1228 1236 1284 ratione
1264 1233 1453 1297 putant
1477 1226 1652 1295 ipsum

83 1324 380 1381 auctoritate
409 1325 465 1381 S.
499 1323 747 1395 Gregorii
791 1324 1011 1379 ductum
1058 1322 1110 1377 id
1148 1320 1489 1377 afﬁrmasse?
1514 1320 1650 1377 Cum

82 1420 165 1474 ille
190 1419 356 1474 Patria
387 1416 747 1489 Aquileiensis
767 1430 830 1472 ac
885 1415 1145 1471 Desiderii
1174 1414 1648 1487 Longohardorum

82 1513 239 1583 regis,
283 1526 311 1566 a
350 1511 573 1568 secretis
600 1510 966 1567 Veronensent
1008 1509 1197 1564 urbem
1248 1523 1279 1563 a
1330 1509 1495 1578 Papia
1541 1523 1650 1564 non

80 1604 221 1675 longe
245 1602 527 1659 admodum
555 1603 717 1658 sitam
759 1602 1002 1674 apprime
1040 1601 1304 1657 calluerit.
1337 1600 1473 1656 Num
1499 1600 1651 1672 igno-

81 1713 191 1755 rare
213 1697 405 1769 potuit,
433 1711 541 1767 quo
567 1697 715 1752 cultu
741 1696 1034 1752 Patronum
1063 1710 1217 1749 suum
1249 1693 1461 1749 Verona
1498 1694 1646 1750 cole-

1759 490 1871 535 tarn
1895 479 1959 536 S.
1989 481 2255 539 Zenonem
2276 494 2504 556 tempore
2522 485 2749 544 Gallieni
2778 487 2955 557 (tisse.
2985 489 3220 547 Iissalis
3246 489 3358 546 Me-

1758 572 2093 630 diolanensis
2120 576 2390 644 meminit,
2421 596 2563 636 anno
2598 580 2760 646 1560,
2781 580 2937 649 editi,
2965 581 3055 637 ubi
3085 582 3190 638 ritu
3215 581 3360 638 Con-

1756 665 1985 723 fessoris
2013 667 2234 725 Festum
2273 670 2333 728 8.
2376 671 2612 728 Zenonis
2657 672 2908 730 habetur.
2951 675 3021 732 At
3065 675 3359 734 observare

1757 756 2043 825 debuerat,
2072 762 2247 830 ipsum
2275 761 2492 818 Festum
2521 764 2892 822 Ordinationis
2910 781 3057 835 esse,
3084 782 3191 823 non
3216 783 3361 824 mar-
3454 836 3463 845 τ

1756 852 1905 923 tyrii,
1936 852 1988 908 in
2014 867 2122 923 quo
2147 854 2309 910 etiam
2339 854 2568 911 Veronae
2587 857 2739 913 nulla
2762 858 2830 913 de
2849 856 3185 932 Martyrio'ﬁt
3205 876 3361 933 men-_

1755 944 1835 999 tio
1860 944 1979 1012 (lib.
2002 960 2060 1011 ιι,
2088 962 2206 1016 cap.
2228 943 2307 1019 Ἰ).
2342 944 2683 1006 Auctoritate
2705 950 2957 1008 Coronati
2984 952 3192 1010 Notarii
3213 954 3359 1012 Cou-

1754 1034 2016 1093 l'essorem
2065 1036 2124 1093 S.
2170 1037 2443 1095 Zenonem
2493 1040 2705 1111 probat.
2757 1040 2925 1097 Unica
2969 1044 3183 1100 historia
3243 1046 3358 1117 (ait

1754 1129 1895 1200 ipse)
1920 1146 2075 1201 quam
2098 1130 2163 1186 de
2188 1133 2285 1187 hoc
2309 1131 2508 1190 Sancto
2534 1134 2804 1202 habemus,
2830 1152 2945 1206 quae
2979 1149 3090 1206 post
3121 1148 3356 1195 sanctam

1755 1220 2061 1292 Gregorium
2086 1236 2205 1281 ante
2229 1243 2422 1283 nonum
2447 1230 2697 1283 malum
2721 1231 2913 1300 scripta
2939 1232 3155 1300 dicitur,
3180 1233 3355 1302 ipsum

1752 1317 1808 1370 in
1837 1333 1963 1387 pace
2000 1318 2248 1389 quievisse
2284 1320 2440 1388 dicit,
2470 1322 2703 1390 nihilque
2726 1338 2822 1394 pro
2862 1322 3000 1378 Fide
3022 1340 3138 1379 eum
3180 1326 3359 1381 tulisse

1754 1418 1954 1464 narrat.
2002 1409 2134 1466 Eam
2166 1412 2449 1469 historiam
2480 1425 2670 1485 postea
2702 1414 3007 1485 improbat,
3052 1432 3178 1473 cum
3206 1418 3261 1473 in
3292 1434 3356 1475 ea

1754 1499 1815 1556 8.
1864 1500 2142 1558 Zenonem
2179 1502 2416 1561 Gallieni
2457 1517 2700 1576 tempore
2740 1507 2943 1563 vixisse
2989 1508 3207 1565 dicitur.
3258 1509 3358 1566 Ut-

1754 1611 1968 1667 cumque
1985 1597 2050 1651 sit
2073 1597 2182 1652 hinc
2204 1599 2309 1652 vita
2327 1615 2361 1654 a
2383 1600 2605 1670 quodam
2625 1599 2883 1658 Coronato
2900 1601 3122 1659 Notario
3147 1621 3356 1677 compo-

1752 1688 1853 1741 sita
1892 1698 1962 1742 tot
1991 1691 2253 1746 erroribus
2291 1692 2553 1760 abundat,
2594 1702 2651 1746 ut
2675 1695 2872 1749 nullius
2909 1697 3232 1752 auctoritatis
3261 1698 3356 1752 ha-

79 1801 153 1846 rct
190 1790 470 1846 universal
494 1789 623 1845 Haec
664 1803 763 1859 pro
799 1788 860 1844 8.
885 1787 1147 1857 Gregorii
1176 1785 1527 1853 suetoritate,
1557 1786 1649 1856 qui
1678 1782 1729 1844 Β
1755 1782 1918 1838 bendo
1942 1784 2027 1839 sit.
2058 1784 2180 1840 Alia
2222 1786 2525 1843 omittimus
2559 1787 2631 1843 de
2658 1786 2857 1859 quibus
2901 1803 3065 1859 supra
3120 1790 3353 1863 egimus.

78 1884 161 1940 lib.
188 1899 240 1939 tn
264 1883 636 1955 Dialogorum,
675 1896 794 1953 cap.
831 1881 921 1947 l9,
946 1880 1004 1939 8.
1036 1880 1309 1936 Zenonem
1350 1888 1646 1952 martyrem

77 1977 275 2044 asserit,
306 1976 448 2033 dicta
472 1976 768 2031 sufﬁciant.
800 1974 879 2029 De
902 1988 970 2029 eo
996 1988 1150 2038 vero,
1174 1973 1315 2044 quod
1345 1971 1643 2028 Tillemono

78 2072 171 2126 tius
198 2080 393 2128 temere
412 2070 703 2126 admodum
727 2066 981 2135 afﬁrmat,
1012 2069 1219 2124 scilicet
1239 2066 1296 2124 8.
1324 2065 1642 2138 Gregorium

76 2175 243 2220 contra
266 2166 541 2220 veritatem
576 2164 838 2231 historias,
871 2163 1011 2220 alios
1027 2170 1243 2220 sanctos
1264 2163 1528 2235 Martyres
1547 2176 1645 2219 no-

75 2257 308 2326 minasse,
338 2259 564 2314 seorsim
592 2257 861 2328 agendum
884 2265 989 2314 est.
1078 2284 1083 2289 ο

664 2388 893 2446 CAPUT
927 2386 1024 2446 1X.

78 2506 225 2571 Quom
249 2504 414 2561 leuiter
466 2503 728 2574 liupiuius
764 2514 812 2560 et
853 2503 1247 2570 Tillemontius,
1287 2502 1351 2560 S.
1383 2502 1642 2560 Zenonem

228 2614 326 2653 non
354 2597 637 2669 Martyrem
657 2639 673 2666 ,
702 2598 794 2654 sed
822 2597 1177 2668 Confessorem
1197 2596 1456 2667 jactiteut.

136 2709 256 2766 Cum
284 2713 463 2784 itaque
485 2727 547 2770 ea
567 2712 950 2778 everterimus,
976 2726 1098 2781 qua:
1117 2720 1307 2765 contra
1329 2708 1386 2766 8.
1410 2710 1642 2766 Zenonis

74 2806 364 2875 martyrium
386 2805 739 2876 objiciuntur,
770 2803 1131 2859 admiratione
1154 2801 1373 2872 quidem
1388 2801 1549 2873 digna
1568 2802 1645 2856 vi-

74 2893 229 2963 detur,
264 2896 490 2968 Dupinii,
523 2896 857 2953 Tillemontii
898 2911 961 2950 ac
987 2894 1344 2966 quorumdam
1374 2894 1642 2949 recentio-

73 3003 176 3042 rum
202 2991 471 3057 securitas,
499 2991 590 3060 qui
615 2988 937 3059 antiquitate
963 2996 1295 3057 contempta,
1318 2988 1476 3041 novis
1497 3001 1637 3041 sem-

73 3094 158 3149 per
183 3081 511 3152 opinionibus
538 3080 847 3151 praecipites
865 3080 1258 3136 assentiuntur.
1287 3079 1403 3135 Hoc
1429 3094 1559 3135 vero
1583 3089 1642 3136 ut

1750 1876 1973 1932 Constat
2001 1886 2183 1933 autem
2210 1894 2278 1934 ex
2314 1878 2419 1942 bis,
2447 1896 2608 1951 quam
2636 1887 2842 1936 temere
2868 1882 3064 1952 spretis
3084 1882 3355 1954 antiquio-

1747 1968 1902 2025 ribus
1954 1972 2268 2028 auctoribus
2322 1983 2380 2029 et
2446 1975 2851 2044 monumentis,
2918 1976 3059 2031 viam
3110 1977 3354 2033 veritatis

1748 2063 2066 2133 obtrudant,
2081 2066 2317 2123 incertas
2340 2068 2717 2125 tantummodo
2736 2068 3354 2140 asserentes,falsasque

1746 2156 2007 2214 rationes.
2038 2158 2157 2227 Quo
2191 2161 2337 2216 enim
2384 2169 2541 2231 pacto
2585 2163 2706 2232 quis
2746 2160 2907 2217 ﬁdem
2956 2162 3023 2217 iis
3062 2161 3350 2232 adhibeat,

1744 2266 1867 2321 quas
1910 2252 2123 2309 incerto
2178 2263 2233 2311 et
2277 2254 2480 2311 nullius
2523 2255 2867 2313 auctoritatis
2906 2256 3175 2326 scriptore
3221 2256 3353 2315 alie-

1744 2347 1973 2402 rnntur‘l
2001 2347 2187 2419 anue
2212 2360 2475 2420 spernat,
2504 2366 2625 2420 quas
2654 2350 2832 2421 ipsum
2862 2349 3167 2407 Romanum
3206 2351 3351 2407 Mar-

1744 2437 2107 2509 tyrologium,
2138 2438 2283 2495 Beda
2305 2481 2323 2507 ,
2350 2441 2549 2497 Paulus
2581 2441 2884 2509 Diaconos,
2911 2443 3114 2513 aliique
3156 2443 3346 2499 claris-

1744 2528 1869 2583 simi
1911 2538 2164 2586 auctores
2208 2539 2496 2598 testantur,
2541 2546 2772 2603 quorum
2797 2549 2967 2603 opera
3006 2534 3205 2605 ubique
3242 2534 3347 2590 dif-

1743 2620 1863 2676 fusa
1901 2622 2044 2691 iusta
2081 2624 2508 2694 reprehensione
2546 2641 2655 2683 non
2706 2628 3045 2693 caruissent,
3072 2628 3119 2684 si
3150 2628 3347 2698 aliquis

1744 2712 1799 2769 in
1825 2715 1908 2770 eis
1946 2729 2102 2770 error
2144 2716 2489 2787 irrepsisset?
2515 2718 2590 2774 At
2630 2719 2966 2775 recentiores
3010 2718 3100 2783 hi,
3145 2719 3238 2788 qui
3278 2733 3343 2777 se

1743 2820 1857 2877 prae
1880 2806 2134 2864 omnibus
2158 2810 2439 2866 veteribus
2480 2825 2677 2881 sapere
2704 2811 2845 2867 ialso
2882 2817 3111 2882 putant,
3144 2819 3204 2866 et
3246 2822 3347 2880 pro

1742 2899 1895 2956 libito
1921 2902 2274 2958 auctoritates
2304 2902 2522 2959 easdem
2552 2904 2823 2974 recipiunt
2872 2912 2929 2958 et
2952 2910 3237 2974 respuunt,
3266 2902 3350 2957 ui-

1741 2992 1848 3047 mia
1875 2991 2136 3049 facilitate
2174 2994 2428 3065 antiquos
2469 3005 2703 3066 carpunt
2741 3004 3025 3061 auctores,
3051 3009 3082 3048 a
3112 3007 3345 3081 qporum

1742 3087 2012 3143 sententia
2040 3088 2331 3155 recedere,
2372 3089 2431 3145 in
2460 3090 2545 3146 his
2577 3088 2884 3161 prtesertim
2901 3127 2918 3155 ,
2946 3102 3070 3159 qus
3092 3086 3164 3145 ad
3191 3095 3344 3142 vete-

74 3171 329 3229 evidenter
354 3189 611 3246 agnoscas
631 3215 645 3239 ,
679 3174 768 3229 hic
794 3188 860 3229 ex
901 3172 1109 3229 Gallico
1137 3187 1392 3228 sermone
1434 3172 1486 3225 in
1513 3171 1639 3227 lati-
1666 3177 1713 3241 ο
1746 3196 1859 3236 rem
1886 3182 2169 3238 historiam
2198 3184 2497 3254 pel-rimi,
2522 3185 2627 3240 ηίςί
2647 3183 2719 3240 (ιο
2742 3182 3089 3255 apertissimo
3114 3195 3346 3252 mea".

74 3281 183 3321 num
244 3268 477 3337 ipsorum
515 3267 677 3323 ell’ata
718 3267 1056 3323 exhibemus.
1088 3264 1337 3336 (Dapin,
1386 3263 1636 3321 Biblioth.

77 3356 232 3425 Eccl.,
269 3368 381 3425 ιι,
416 3369 551 3431 pert.
588 3376 627 3428 l,
674 3360 831 3414 trium
881 3359 1038 3427 prim.
1092 3356 1298 3428 saeui.)
1342 3355 1642 3414 Communis

78 3453 229 3522 opinio
248 3461 322 3506 est
341 3452 433 3525 (ait
461 3452 729 3525 Dupinus)
758 3452 1029 3525 quemdam
1058 3453 1216 3522 fuisse
1244 3449 1502 3506 Zenonem
1537 3451 1639 3507 Ve-

76 3556 198 3596 rona:
218 3547 523 3614 episcopum,
553 3546 642 3616 qui
668 3546 762 3600 sub
787 3547 1004 3616 inperio
1032 3543 1290 3611 Gallieni,
1326 3543 1640 3616 Martyrium

79 3634 246 3689 tulerit.
277 3635 342 3691 Et
368 3638 465 3710 ipsi
495 3655 756 3694 sermones
781 3639 990 3710 quidam
1007 3640 1301 3694 tribuantur
1328 3656 1361 3694 a
1380 3638 1637 3708 Guarino,

79 3729 183 3781 editi
214 3728 428 3786 Venetiis
476 3744 525 3787 et
591 3732 806 3788 Verona:
845 3732 1008 3805 prmio
1031 3734 1208 3788 mosi
1258 3750 1394 3788 anno
1430 3733 1569 3789 1508
1593 3742 1641 3788 et

81 3820 219 3886 1586,
247 3826 331 3894 qui
364 3835 537 3897 postea
573 3829 631 3882 in
667 3827 971 3883 bibliotheca
1010 3826 1132 3882 PP.
1166 3830 1308 3900 fuere
1344 3828 1541 3884 inserti.
1573 3829 1641 3882 At

82 3913 217 3986 hujus
249 3921 479 3986 auctoris,
509 3937 661 3989 quem
679 3938 891 3992 prorsus
919 3923 1195 3990 antiquitas
1212 3923 1464 3993 ignorarit
1484 3937 1642 3991 opera

80 4007 368 4079 rejicitmtar.
400 4013 467 4068 Et
505 4014 560 4068 in
600 4013 809 4068 dubium
847 4015 1056 4069 uertitur
1097 4030 1167 4068 an
1220 4015 1377 4086 hujus
1421 4015 1640 4069 nominis

84 4095 342 4172 Episcopus
373 4104 589 4160 Veronae
631 4107 823 4178 fuerit,
864 4107 952 4177 qui
995 4106 1089 4161 sub
1137 4103 1361 4161 Gallieni
1411 4104 1640 4175 Imperio

82 4203 254 4263 martyr
275 4197 469 4253 abierit.
497 4198 579 4253 Ad
604 4198 707 4254 hoc
737 4198 1094 4268 probandum,
1123 4197 1258 4253 nihil
1286 4197 1432 4253 aliud
1460 4197 1637 4266 aﬁ‘ert,

83 4299 223 4353 Quam
259 4288 313 4346 8.
337 4292 603 4347 Ambrosii
633 4291 921 4362 epistolam
964 4291 1032 4346 ad
1068 4290 1353 4362 Syagrium
1382 4291 1637 4361 scriptam

84 4377 179 4448 (lib.
202 4394 239 4445 ι,
258 4398 365 4453 cap.
400 4386 510 4457 tl),
540 4387 593 4441 in
620 4401 724 4456 qua
752 4385 886 4441 dicit
905 4385 975 4441 de
1002 4384 1220 4441 Zenone
1244 4384 1642 4455 quodammen-

83 4469 259 4530 tionem
284 4477 415 4545 ﬁeri,
444 4479 583 4534 falso
607 4488 783 4535 tamen
812 4479 1019 4550 Syagrii
1045 4478 1351 4534 decessore.
1384 4478 1555 4534 Aﬁ‘ert
1584 4486 1638 4533 et

1745 3288 1832 3334 tur
1875 3294 2093 3347 errore,
2133 3294 2242 3336 nou
2286 3282 2422 3336 satis
2463 3290 2665 3350 tutum,
2693 3280 2823 3352 quin
2865 3295 2897 3335 a
2946 3277 3188 3351 periculo
3234 3271 3375 3333 non'

1743 3370 1902 3442 longe
1927 3372 2115 3442 procul
2140 3385 2263 3429 esse
2287 3373 2634 3429 crediderim.

2381 3502 2613 3563 CAPUT
2650 3502 2720 3560 X.

1744 3620 2126 3676 Examinantur
2162 3621 2362 3692 reliqua
2398 3638 2510 3692 qua:
2547 3620 2934 3692 Papebrochius
2976 3619 3135 3692 refert
3174 3617 3343 3691 pridie

1838 3714 1956 3769 idus
1977 3715 2182 3784 aprilis,
2215 3716 2395 3785 quibus
2420 3715 2483 3772 S.
2510 3715 2649 3771 Zeno
2675 3714 2949 3784 Confessor
2975 3714 3240 3771 asseritur.

1816 3827 1975 3883 Plura
2025 3827 2166 3897 apud
2213 3827 2646 3898 Papebrocbium
2688 3828 2981 3899 leguntur,
3029 3828 3099 3883 de
3141 3826 3342 3897 quibus

1742 3933 1904 3990 supra
1963 3927 2264 3990 opportune
2307 3922 2678 3978 tractavimus.
2728 3922 2803 3977 De
2843 3921 3056 3978 Bellino
3098 3922 3244 3977 enim
3283 3930 3341 3977 et

1742 4014 1959 4069 Molano
1979 4016 2210 4085 egimus,
2236 4029 2357 4087 cap.
2387 4017 2442 4079 7,
2471 4018 2598 4072 item
2626 4016 2696 4072 de
2722 4015 2986 4072 Ecclesia:
3012 4015 3341 4071 Veronensis

1744 4107 2057 4175 traditione,
2088 4123 2210 4179 cap.
2240 4109 2294 4163 6.
2325 4109 2403 4165 De
2429 4109 2549 4165 aliis
2573 4124 2696 4180 quae
2726 4116 2937 4167 rcStant
2957 4108 3045 4164 hic
3069 4108 3341 4171 dicemus,

1744 4208 1802 4256 ut
1841 4200 2022 4255 omnia
2053 4216 2174 4271 qua:
2202 4203 2487 4268 novimus,
2529 4202 2907 4259 discutiamus.
2949 4201 3068 4259 Non
3115 4201 3343 4272 proinde

1742 4293 1941 4349 mirum
1973 4293 2140 4349 videri
2182 4294 2362 4360 debet,
2396 4295 2541 4366 quod
2591 4297 2646 4350 in
2688 4296 2933 4352 Ecclesia
2981 4294 3342 4352 Ambrosiana

1741 4396 1797 4441 et
1844 4386 1900 4441 in
1944 4385 2148 4443 Missali
2188 4387 2432 4457 ejusdem
2474 4388 2731 4445 Ecclesia:
2763 4390 2892 4446 anui
2923 4388 3061 4447 ibi?
3092 4396 3151 4445 et
3178 4388 3342 4455 1560,

1742 4478 1901 4534 sicuti
1928 4488 1983 4534 et
2011 4479 2064 4535 in
2092 4478 2372 4535 Breviario
2392 4480 2450 4536 S.
2478 4481 2627 4537 Zeno
2646 4480 2939 4538 Conlessor
2958 4481 3187 4548 dicatur,
3215 4494 3343 4536 cum

83 4562 256 4624 ldolani
283 4577 673 4630 correctionem
697 4588 763 4629 ac
792 4573 1034 4628 Panvinii
1064 4573 1375 4644 opinionem
1405 4573 1474 4628 de
1528 4582 1639 4628 tra-
1665 4565 1719 4625 D
1746 4571 1798 4625 in
1826 4572 2016 4628 eadem
2046 4571 2290 4627 Ecclesia
2319 4574 2493 4628 solum
2517 4574 2734 4630 Festum
2763 4575 3132 4631 Ordinatiouis
3155 4574 3214 4631 8.
3243 4574 3345 4635 Ζεο

82 4656 261 4716 ditione
289 4664 537 4722 Ecclesia:
561 4667 888 4723 Veronensis
914 4667 982 4723 de
1010 4668 1203 4733 quibus
1231 4680 1392 4737 supra
1433 4668 1642 4733 egimus

86 4748 184 4820 (lib.
212 4768 275 4822 ιι,
303 4773 416 4829 cap.
444 4758 499 4824 ϐ,
530 4759 605 4833 7).
648 4760 819 4826 Quam
862 4773 995 4814 vero
1038 4759 1267 4828 turpiter
1304 4758 1512 4814 labatur
1547 4774 1643 4815 ne.

86 4847 238 4913 gaude
257 4850 311 4907 8.
334 4852 603 4911 Zenonem
634 4864 877 4924 tempore
905 4851 1135 4909 Gallieni
1172 4850 1399 4907 Verona:
1425 4852 1643 4922 Episco-

88 4952 223 5009 Pum,
252 4947 527 5003 manifesto
552 4956 698 5017 patet
735 4962 802 5002 ex
827 4946 1117 5001 Mabillouii
1146 4962 1247 5000 ius.
1281 4960 1440 5015 supra
1470 4947 1642 5005 relato

89 5031 184 5098 (lib.
209 5052 275 5103 η,
312 5056 425 5109 cap.
468 5042 546 5113 l),
586 5042 680 5113 qui
728 5042 781 5096 in
807 5041 1201 5096 Veronensium
1253 5040 1641 5111 Episcoporum

90 5125 212 5197 albo,
253 5144 436 5190 octavo
481 5136 668 5192 scribit
712 5137 834 5191 loco
860 5135 1156 5190 Zenonem.
1188 5134 1423 5189 Octavus
1463 5145 1644 5190 autem

94 5217 355 5293 Episcopus
387 5226 630 5296 Veronae,
665 5227 881 5283 nonnisi
904 5227 1240 5297 temporibus
1266 5226 1496 5283 Gallieni
1521 5242 1647 5282 con—

94 5316 234 5371 venit.
259 5318 626 5376 Tillemontius
656 5336 870 5392 quoque
898 5318 1046 5391 (tom.
1077 5335 1151 5384 tv,
1179 5336 1317 5374 mon.
1349 5317 1551 5375 Eccles.
1582 5320 1646 5374 de

96 5403 325 5467 Persecat.
361 5413 653 5481 Valeriani,
689 5423 796 5468 nol.
827 5413 883 5486 5)
913 5414 1177 5468 adductus
1210 5412 1481 5479 rationes,
1513 5420 1648 5483 quas

97 5511 232 5569 supra
261 5505 560 5575 rejecimus,
595 5508 727 5562 tanti
750 5507 897 5573 facit,
932 5516 990 5560 ut
1016 5506 1166 5562 nullo
1195 5506 1303 5560 alio
1334 5512 1490 5575 pacto
1511 5504 1650 5560 hanc

98 5592 214 5645 solvi
238 5599 576 5664 quastionetn
605 5613 767 5668 posse
819 5608 995 5666 putet,
1026 5612 1187 5675 quam
1216 5597 1262 5652 si
1291 5596 1347 5651 S.
1378 5595 1650 5652 Zenonem

104 5690 318 5755 tempore
357 5691 580 5748 Gallieni
620 5707 727 5747 non
762 5692 964 5749 vixisse
992 5692 1297 5747 credamus.
1350 5689 1506 5745 Ratio
1527 5692 1656 5760 {aei-

106 5775 188 5832 lior
225 5779 284 5836 ob
324 5782 398 5839 Itis
431 5784 671 5843 omnibus
699 5784 1086 5858 diﬁcultatibtts
1122 5799 1177 5840 se
1216 5781 1505 5841 estricandi
1551 5792 1656 5853 est,

1745 4665 1905 4719 nonis
1930 4672 2141 4737 agatur,
2169 4666 2312 4737 quod
2340 4668 2409 4722 de
2443 4666 2774 4726 Confessore
2804 4669 3069 4725 Pontillce
3102 4670 3345 4725 celebra-

1746 4765 1849 4820 tttr,
1887 4766 1990 4810 tam
2015 4756 2068 4811 in
2094 4757 2339 4813 Ecclesia
2367 4758 2692 4828 Veronensi,
2722 4776 2881 4832 quam
2915 4762 3256 4828 Pistoriensi,
3288 4762 3340 4816 in

1746 4865 1872 4920 qua,
1890 4859 1947 4905 ut
1969 4851 2376 4907 observavimus
2401 4852 2539 4924 (cap.
2570 4855 2646 4925 7),
2677 4855 2740 4910 ad
2765 4854 2883 4912 bro
2908 4872 3080 4927 usque
3102 4866 3346 4925 tempora

1746 4941 1888 4998 idem
1922 4942 2142 5001 Festum
2172 4944 2272 4999 sub
2297 4946 2451 4999 titulo
2468 4944 2808 5002 Cenfessoris
2832 4948 3105 5003 Pontilicis
3128 4957 3346 5004 notatur

1746 5035 1798 5089 in
1825 5034 2150 5090 Kulendurio
2172 5038 2237 5091 ad
2262 5038 2422 5093 ritum
2452 5038 2818 5094 indicandum.
2845 5041 2998 5095 Nunc
3023 5051 3202 5096 autem
3228 5042 3344 5110 ipsa

1748 5127 2107 5183 Ambrosinus
2136 5129 2408 5195 Ecclesia,
2441 5141 2498 5185 ut
2542 5130 2725 5186 videre
2754 5133 2914 5188 estin
2961 5133 3162 5189 Missali
3208 5148 3349 5203 pra:-

1746 5219 1894 5275 dicto
1922 5220 2048 5275 anni
2088 5219 2249 5288 lb92,
2278 5222 2334 5277 8.
2364 5220 2635 5279 Zenonem
2677 5234 2973 5296 martyrem
2998 5220 3132 5281 colit
3176 5222 3350 5295 pridie

1751 5314 1876 5371 ldus
1907 5314 2257 5370 Decembris:
2289 5314 2341 5369 id
2368 5324 2545 5369 autem
2577 5330 2680 5369 non
2713 5316 2829 5371 leve
2857 5326 2943 5371 est
2971 5314 3350 5386 argumentum

1755 5408 1822 5464 ad
1871 5408 2295 5464 conﬁrmandam
2346 5408 2590 5479 martyrii
2636 5408 2696 5463 S.
2741 5408 2975 5465 Zenonis
3018 5409 3295 5463 veritatem
3331 5424 3348 5463 :

1755 5502 1887 5558 Cum
1921 5503 2037 5574 ipsa
2065 5502 2309 5557 Ecclesia
2341 5502 2694 5558 Ambrosinus
2723 5503 2836 5557 suis
2865 5502 2919 5555 in
2947 5500 3139 5554 ritibus
3163 5500 3355 5555 obser-

1760 5595 1949 5649 vandis
1987 5594 2125 5649 adeo
2165 5594 2435 5664 religiosa,
2464 5594 2534 5647 ita
2565 5592 2783 5662 antiqua
2831 5591 3063 5646 Missalia
3088 5591 3351 5661 correxit,

1762 5692 1903 5761 quod
1938 5688 2125 5758 utique
2165 5699 2270 5741 non
2300 5685 2548 5749 fecisset,
2580 5682 2680 5736 nisi
2719 5693 2871 5738 certo
2898 5682 2999 5736 sibi
3027 5682 3362 5739 constitisset

1763 5783 1821 5844 S.
1856 5770 2133 5840 Zenonem
2162 5777 2426 5849 martyrio
2452 5783 2791 5832 coronatum.
2835 5774 2893 5830 Si
2919 5787 3052 5831 vero
3092 5774 3152 5832 S.
3182 5772 3365 5835 Zeno-
