3902 6324
465 277 566 334 651

460 485 729 544 {esserem
750 527 766 551 ,
797 498 906 541 non
950 481 1240 554 Martyrem
1275 479 1541 551 legimus,
1572 492 1640 534 eo
1667 475 1810 548 quod
1841 473 2071 530 Ordina-

463 579 630 636 tionis
657 579 777 648 ejus
821 575 1045 632 Festum
1089 575 1474 638 celebraretur,
1520 570 1674 627 iacile
1712 578 1767 626 et
1796 569 1848 624 in
1896 566 2072 638 diplo-

467 681 614 729 mate
641 669 894 726 Ludovici
921 669 1023 735 Pii,
1057 668 1118 724 S.
1147 667 1296 723 Zeno
1321 664 1615 721 Confessor
1643 663 1747 718 dici
1779 661 1973 733 potuit,
2003 675 2070 716 eo

465 765 611 835 quod
637 763 758 834 ejus
784 765 1036 833 princeps
1065 762 1282 818 Fesrum
1302 803 1316 829 ,
1345 759 1558 817 scilicet
1581 756 1953 814 Ordinationis
1983 770 2071 811 so-

463 859 698 916 lemnius
721 857 951 914 Veronae
979 858 1375 921 celebrabatur,
1405 862 1463 909 et
1490 853 1577 908 vix
1605 868 1638 908 e
1663 850 1865 907 saeculo
1897 849 2071 905 homi-

467 965 564 1006 nes
596 949 814 1006 Festum
846 951 1016 1021 ipsius
1055 949 1292 1021 Martyrii
1322 955 1588 1004 noverant
1625 944 1909 1000 celebrari.
1959 941 2072 997 Hoc

465 1058 598 1098 vero
623 1043 957 1113 probabilius
985 1042 1248 1107 redditur,
1278 1041 1401 1111 quia
1423 1039 1719 1109 antiquitus
1745 1037 1798 1092 in
1830 1035 2072 1104 Quadra-

465 1139 672 1208 gesima
702 1139 912 1193 nullum
943 1138 1160 1193 Festum
1199 1138 1522 1191 Sanctorum
1570 1131 1967 1192 celebrabatur.
2013 1138 2072 1186 ut

399 1227 408 1231 ’
467 1245 534 1286 ex
567 1230 794 1285 Concilii
822 1228 1072 1284 Toletani
1104 1243 1314 1284 canone
1340 1240 1484 1281 anno
1527 1223 1632 1280 656
1659 1222 1825 1277 habiti
1867 1221 2072 1290 colligi-

465 1329 558 1376 tur
591 1321 768 1392 (Apud
798 1320 1066 1386 Martene,
1100 1331 1223 1375 tom.
1257 1335 1310 1382 v,
1343 1335 1462 1389 pag.
1493 1315 1621 1386 65):
1656 1313 1808 1369 Nihil
1837 1314 1900 1368 de
1926 1314 2068 1368 San-

465 1423 664 1468 ctorum
686 1413 1111 1478 solemnitatibus,
1134 1413 1266 1466 sicut
1294 1427 1356 1465 ea:
1382 1409 1683 1478 antiquitate
1702 1407 1922 1476 regulari
1949 1421 2071 1459 cau-

467 1514 576 1559 tum
595 1513 693 1569 est,
721 1505 952 1559 conuenit
983 1503 1250 1559 celebrari.
1280 1502 1349 1557 Et
1379 1499 1686 1572 hujusmodi
1707 1497 1914 1553 Canoni
1940 1513 2070 1552 con—

466 1597 658 1652 cordat
701 1612 807 1653 rus.
838 1597 1000 1667 hujus
1035 1595 1368 1651 calbedralis
1393 1593 1651 1649 Ecclesia:
1683 1589 2031 1647 Pistoriensis
2052 1630 2066 1656 ,

467 1707 534 1748 ex
566 1706 740 1762 eoque
773 1691 932 1762 hujus
969 1699 1173 1746 nostra:
1201 1689 1461 1745 Ecclesire
1496 1685 1786 1756 antiquitas
1813 1699 2065 1754 compro-

1643 269 1732 324 DE
1762 263 2007 325 SANC'I‘I
2048 261 2340 320 ZENONIS
2379 260 2657 319 EPOCHA

465 409 591 451 nem
623 391 681 452 in
710 388 1112 465 Martyrologiis
1161 386 1435 460 aliquibus
1471 395 1524 441 et
1551 382 1891 450 Missalibus,
1941 395 2070 436 con-
2095 381 2153 442 Α

3595 265 3675 323 632

2780 374 3007 433 CAPUT
3038 374 3127 432 XI.

2179 469 2306 539 Qrue
2321 470 2386 526 de
2409 469 2469 526 S.
2494 467 2716 525 Zenonis
2733 468 2978 540 martyrio
2997 469 3230 538 superius
3247 469 3426 541 digesta
3443 481 3564 540 sunt,
3583 471 3686 528 brevi

2692 564 3004 636 colliguntur
3026 565 3244 636 epilogo.

2246 655 2505 712 Ecclesiae
2535 655 2894 721 Veronensis,
2927 655 3084 710 sicuti
3131 656 3288 711 etiam
3324 656 3528 728 insignis
3566 657 3689 730 hujus

2173 749 2513 807 Cathedralis
2553 750 2809 806 Ecclesia:
2838 749 3215 815 Pistoriensis,
3261 750 3541 806 continuata
3565 752 3694 808 tradi-

2173 843 2281 907 tio,
2329 853 2619 915 martyrem
2672 843 2729 900 S.
2780 842 3058 898 Zenonem
3101 842 3439 898 demonstrat.
3484 843 3695 912 Quamvis

2173 942 2315 996 enim
2348 942 2400 996 in
2432 940 2604 1016 Festis
2628 941 2684 998 S.
2711 941 2946 996 Zenonis
2969 940 3320 1008 celebrandis,
3350 941 3495 1006 ritus,
3523 951 3569 998 et
3593 942 3698 998 llas

2175 1036 2337 1106 tyris,
2371 1045 2426 1091 et
2452 1033 2794 1091 Coniessoris
2822 1035 3091 1091 admixtus
3120 1033 3307 1099 fuerit,
3338 1050 3532 1106 semper
3559 1048 3698 1092 tamen

2171 1127 2412 1200 Martyrii
2444 1126 2809 1182 meminerunt
2840 1126 2922 1180 lue
2944 1125 3066 1182 dua:
3097 1125 3384 1194 Ecclesia},
3420 1143 3526 1198 qua:
3549 1127 3597 1184 S.
3622 1127 3700 1184 Ze-

2175 1236 2374 1277 nonem
2404 1221 2698 1277 Patronum
2754 1237 2910 1277 suum
2952 1229 3276 1277 venerantur
3309 1232 3362 1278 et
3398 1223 3578 1278 colunt.
3604 1223 3700 1280 Hac

2174 1313 2390 1368 traditio
2411 1314 2470 1367 8.
2491 1312 2735 1384 Gregorii
2753 1312 3070 1368 auctoritate
3094 1313 3312 1381 probata
3343 1313 3406 1368 ad
3432 1328 3605 1369 annum
3623 1317 3704 1372 595

2173 1405 2563 1476 posterioribus
2605 1421 2819 1475 quoque
2848 1405 3060 1460 smculis
3084 1406 3540 1461 celeberrimorum
3565 1417 3706 1462 aucto-

2173 1512 2292 1552 rum
2319 1497 2628 1552 testimonio
2649 1512 2711 1552 ac
2735 1499 3096 1554 monumentis
3112 1498 3472 1554 vetustissimis
3485 1497 3710 1554 conﬁrma-

2176 1599 2281 1643 tur.
2325 1586 2686 1644 Conﬁrmatur
2725 1591 2776 1645 in
2844 1590 3030 1661 primis
3094 1592 3394 1646 testimonio
3439 1589 3712 1646 Venerabilis

2173 1681 2372 1749 Bedes,
2414 1683 2503 1754 qui
2560 1684 2700 1740 circa
2769 1701 2966 1741 annum
3023 1686 3158 1751 731;
3215 1685 3546 1742 conﬁrmatur
3601 1685 3713 1742 testi-

464 1786 646 1842 batur.
679 1785 756 1841 De
784 1786 949 1841 Festo
984 1801 1218 1856 namque
1257 1783 1496 1854 Martyrii
1527 1782 1584 1838 8.
1620 1780 1853 1836 Zenonis
1882 1793 2070 1834 mense
2099 1779 2148 1841 B
2176 1777 2358 1833 monio
2386 1776 2536 1833 Pauli
2566 1777 2783 1833 Diaconi
2806 1820 2822 1845 ,
2849 1778 2941 1849 qui
2981 1790 3102 1850 post
3126 1779 3368 1846 elapsum
3409 1794 3586 1833 annum
3613 1778 3710 1843 77‘;

463 1878 636 1948 Aprili
663 1879 744 1935 sic
782 1878 946 1934 habet
979 1897 991 1933 :
1036 1877 1099 1934 Si
1126 1877 1342 1932 Festum
1377 1876 1440 1932 Β.
1476 1875 1699 1930 Zenonis
1737 1883 1974 1929 occurrat
2017 1874 2070 1927 in

465 1971 642 2041 aliqua
670 1971 753 2026 die
783 1972 1223 2043 Quadragesimat,
1253 1972 1330 2030 vel
1351 1972 1404 2024 in
1434 1971 1518 2026 die
1537 1969 1968 2035 Resurrectionis,
1995 1969 2072 2024 uel

464 2063 696 2131 sequenti
725 2063 808 2116 die
835 2062 1020 2130 Luna,
1053 2064 1131 2117 vel
1169 2062 1379 2128 Martis,
1403 2079 1461 2117 eo
1491 2079 1626 2115 anno
1655 2061 1786 2115 nihil
1812 2062 1875 2116 de
1898 2077 1958 2116 eo
1991 2066 2070 2132 fa-

465 2153 651 2208 cimus.
694 2154 757 2209 Si
797 2165 970 2208 autem
998 2164 1234 2208 occurrat
1275 2155 1358 2208 die
1385 2153 1661 2221 Mercurii,
1697 2153 1773 2208 vel
1812 2153 1866 2206 in
1898 2154 2070 2223 aliquo

465 2247 695 2314 sequenti
739 2247 904 2316 ipsius
953 2245 1228 2302 Paschalis
1275 2246 1661 2313 Hebdomades,
1713 2247 1789 2301 vel
1829 2247 1944 2316 ipso
1989 2247 2073 2302 die

471 2333 678 2389 Octavia
705 2337 1126 2406 resurrectionis,
1156 2349 1263 2392 tum
1305 2338 1418 2392 sola
1460 2337 1642 2393 Oratio
1687 2338 1745 2407 ﬁt
1786 2339 1850 2393 de
1873 2346 1932 2392 eo
1955 2355 2069 2392 cum

465 2443 562 2480 sua
591 2427 907 2501 Antiphona.
939 2429 1110 2502 (Ordo
1139 2429 1283 2500 Ome.
1303 2429 1550 2486 Ecclesia:
1571 2429 1873 2497 Pistorieu.,
1904 2431 1982 2484 tit.
2007 2430 2072 2485 de

464 2517 702 2591 Deposit.
730 2523 793 2577 S.
823 2521 1047 2588 lenam,
1071 2540 1186 2594 cap.
1219 2523 1305 2595 2.)
1331 2523 1447 2592 Qua
1469 2523 1538 2579 de
1558 2538 1721 2578 causa
1751 2532 1898 2593 puto,
1925 2522 2070 2593 quod

462 2611 518 2666 in
549 2613 660 2669 alio
690 2629 793 2669 ms.
823 2615 1168 2682 Kalendario,
1198 2615 1268 2672 de
1293 2631 1401 2688 quo
1425 2619 1586 2672 etiam
1616 2632 1781 2686 supra
1801 2658 1817 2684 ,
1844 2616 2066 2672 Festum

463 2702 521 2760 8.
565 2704 802 2761 Zenonis
840 2707 892 2762 in
941 2708 1044 2764 hac
1086 2709 1323 2766 Ecclesia
1373 2709 1690 2766 Pistoriensi
1733 2710 2066 2780 assignatum

465 2795 630 2852 fuerit
656 2813 731 2853 xu
772 2798 1043 2855 Kalendas
1081 2801 1244 2867 maii,
1278 2817 1348 2856 ne
1391 2802 1602 2857 scilicet
1629 2802 1704 2856 ita
1733 2805 2066 2872 frequenter,

463 2889 552 2944 vel
578 2884 632 2944 in
659 2891 1107 2962 Quadragesima,
1134 2893 1221 2949 vel
1251 2894 1302 2946 in
1328 2893 1672 2949 solemnitate
1699 2893 1953 2949 Paschali
1976 2909 2070 2950 oe-

463 2990 714 3036 curreret
769 2990 826 3037 et
874 2983 1244 3050 impediretur.
1276 2985 1410 3040 Cum
1459 2987 1637 3057 itaque
1668 2984 1887 3040 Festum
1930 2985 2070 3042 Mar-

461 3073 590 3143 tyrii
617 3073 674 3131 S.
708 3073 942 3130 Zenonis
973 3075 1147 3146 pridie
1169 3076 1313 3142 ldus,
1347 3093 1491 3148 saepe
1512 3078 1598 3134 vel
1622 3077 2064 3148 Quadragesima,

2175 1869 2523 1924 conﬁrmatur
2573 1871 2881 1928 testimonio
2931 1873 3326 1941 Wandelberli,
3357 1875 3442 1946 qui
3469 1889 3592 1928 anno
3613 1873 3709 1942 855,

2176 1963 2263 2018 vel
2279 1962 2493 2020 circiter
2514 1963 2836 2021 ﬂoruerunt.
2871 1966 3142 2022 Rithmica
3179 1983 3392 2039 quoque
3417 1968 3642 2033 narratio,
3667 1967 3716 2022 de

2173 2071 2277 2127 qua
2293 2071 2452 2126 supra
2467 2041 2607 2128 (cap.
2628 2058 2700 2129 l),
2725 2075 2867 2130 quae,
2893 2071 2950 2115 ut
2967 2059 3292 2116 Muratorius
3312 2070 3475 2132 putat,
3501 2061 3621 2116 circa
3646 2075 3719 2114 an-

2175 2165 2299 2203 num
2327 2149 2448 2214 790,
2465 2150 2775 2206 elucubrala
2802 2151 2920 2216 fuit,
2953 2163 3048 2208 eta
3065 2152 3326 2209 Ratherio
3344 2153 3717 2222 Veronensiepi-

2173 2254 2360 2311 scopo,
2386 2242 2437 2296 in
2472 2239 2782 2311 Laubiensi,
2805 2243 3067 2300 Cmnobio
3087 2261 3232 2301 anno
3261 2247 3365 2303 970
3393 2246 3645 2310 collocata,
3668 2245 3712 2302 S.

2173 2332 2445 2388 Zenonem
2465 2333 2756 2407 Martyrem
2776 2351 2900 2392 esse
2919 2337 3227 2393 conﬁrmat.
3252 2337 3652 2411 Martyrologium
3677 2338 3716 2390 in

2172 2424 2487 2481 Pistoriensi
2503 2427 2832 2484 Bibliotheca
2858 2430 2960 2499 pia:
2980 2430 3180 2486 Domus
3206 2428 3633 2501 Sapientize,licet
3650 2429 3720 2483 tle-

2173 2525 2472 2586 pravatum,
2489 2518 2689 2573 saeculo
2707 2519 2991 2576 undecimo
3009 2519 3260 2577 elabente
3276 2520 3332 2578 S.
3350 2521 3541 2576 Zenoni
3560 2519 3718 2589 Martyo

2171 2609 2246 2664 ris
2267 2625 2462 2665 nomen
2487 2611 2752 2666 attribuit.
2767 2611 2886 2667 Alia
2911 2613 3289 2685 insuper,qu
3309 2613 3718 2675 Pistoriiexstant,

2171 2715 2274 2755 ms.
2313 2700 2696 2759 Kalendarium
2721 2704 3003 2771 videlicet,
3031 2716 3085 2761 et
3109 2706 3258 2762 Ordo
3283 2707 3450 2761 Divini
3471 2705 3622 2761 Ofﬁcii
3645 2702 3721 2758 Ca-

2171 2792 2430 2849 tbedralis
2460 2795 2622 2864 hujus
2652 2795 2910 2852 Ecclesiae
2933 2797 3328 2868 posterioribus
3357 2797 3556 2853 sarculis
3581 2795 3720 2852 eidem

2171 2886 2235 2942 D.
2265 2887 2488 2943 Prmsuli
2519 2887 2766 2961 Martyris
2815 2890 3020 2945 cultum
3067 2890 3402 2961 impcrtiunt.
3430 2889 3615 2958 Quibus
3639 2885 3720 2942 Ga-

2173 2982 2450 3038 lesinuset
2479 2982 2716 3038 Felicius
2745 2983 3129 3056 Martyrologio
3170 2982 3417 3040 Romano
3459 2997 3554 3037 non
3582 2979 3722 3034 adhuc

2170 3077 2460 3132 emendato
2500 3091 2529 3130 a
2559 3076 2820 3148 Gregorio
2853 3077 2969 3134 Xlll
3016 3078 3241 3133 minime
3289 3076 3621 3148 refragantur.
3648 3070 3723 3126 llic

460 3165 548 3221 vel
577 3167 920 3235 paschalibus
943 3168 1226 3224 solemniis
1251 3170 1614 3237 omitteretur,
1648 3170 1732 3225 vel
1759 3179 1964 3225 tantum
1995 3169 2064 3226 de
2093 3163 2138 3226 C
2169 3184 2402 3240 namque
2450 3170 2666 3240 scripsit
2704 3186 2844 3225 anno
2890 3169 3054 3235 1556,
3102 3170 3196 3225 ille
3243 3186 3372 3226 vero
3419 3183 3551 3225 anno
3593 3164 3718 3222 l578.

460 3275 528 3316 eo
550 3265 999 3319 commemoratio
1027 3263 1212 3332 ﬁeret,
1247 3265 1398 3319 notio
1419 3265 1538 3335 ejus
1561 3265 1645 3320 vel
1674 3264 1848 3331 nulla,
1882 3265 1968 3319 vel
1991 3264 2062 3320 ita

459 3355 670 3409 occulta
697 3363 834 3419 erat,
865 3365 920 3410 ut
945 3354 1124 3425 potius
1148 3371 1307 3426 quam
1333 3356 1536 3429 Martyr
1555 3353 1849 3412 Confessor
1875 3356 1948 3411 ob
1969 3371 2061 3411 so-

456 3447 777 3503 lemniorem
814 3449 987 3518 ipsius
1011 3448 1382 3506 Ordinationis
1413 3449 1784 3506 Festivitatem
1825 3465 1854 3504 a
1887 3449 2062 3504 Laicis

457 3538 799 3608 potissimum
827 3539 1122 3597 diceretur.
1157 3542 1342 3610 Quoad
1375 3542 1633 3613 reliquias
1654 3552 1835 3598 autem
1868 3541 1926 3597 S.
1957 3541 2060 3596 Ze-

459 3632 618 3687 nonis
656 3629 1032 3701 Confessoris,
1061 3653 1182 3706 qua:
1211 3646 1362 3692 extra
1393 3636 1684 3692 Civitatem
1712 3636 1941 3692 Veronae
1968 3653 2061 3692 ve-

458 3732 740 3792 nerantur,
772 3725 893 3780 dico
921 3727 1103 3796 plures
1127 3728 1294 3784 fuisse
1321 3729 1380 3784 8.
1406 3729 1656 3785 Zenones
1679 3729 2055 3797 Confessores,

457 3824 519 3870 ut
545 3832 615 3872 ex
641 3817 1039 3890 Martyrologiis
1086 3830 1330 3888 constat,
1373 3837 1549 3892 neque
1583 3837 1676 3877 eas
1715 3838 1836 3878 esse
1872 3823 1930 3879 8.
1959 3823 2059 3879 Ze-

458 3913 616 3968 nonis
641 3912 993 3978 Veroneusis,
1021 3914 1111 3968 illa
1132 3924 1378 3985 excepta,
1412 3931 1572 3986 quam
1599 3931 1629 3970 a
1651 3916 1895 3972 Valterio
1914 3919 2054 3973 Ger-

457 4020 619 4061 mano
642 4006 912 4078 EpiscOpo
928 4008 1248 4076 Veronensi,
1278 4023 1423 4064 anno
1468 4009 1628 4076 1058,
1650 4010 1860 4066 Ulmam
1883 4022 2054 4068 trans-

456 4098 620 4154 latam
651 4101 788 4155 dixit
832 4101 1175 4156 llermannus
1215 4101 1542 4157 Contractus
1587 4101 1823 4175 (Ughetl.
1869 4115 1993 4158 tam.
2019 4120 2053 4159 v

454 4191 584 4246 Ital.
617 4209 748 4260 sua,
793 4195 856 4248 de
887 4193 1067 4265 Episc.
1107 4193 1344 4265 Veram).
1399 4194 1738 4266 Quapropter
1778 4196 2052 4266 sapienter

458 4285 749 4340 admodum
821 4286 1252 4354 l‘apebrochius,
1307 4304 1371 4342 eo
1404 4287 1548 4358 quod
1605 4304 1711 4344 non
1749 4291 1930 4345 omnia
1986 4290 2054 4346 de

453 4377 716 4448 martyrio
743 4377 799 4432 S.
826 4377 1058 4433 Zenonis
1088 4383 1439 4435 mt'mumenta
1467 4392 1748 4451 comperta
1774 4380 2044 4450 habuerit,

453 4483 482 4522 a
522 4484 616 4524 sua
649 4470 818 4525 voluit
862 4471 1137 4528 abstinere
1169 4467 1461 4530 sententia.
1499 4473 1611 4529 Nos
1649 4475 1822 4528 omnia
1843 4475 2046 4546 judicio

2172 3261 2616 3334 Martyrologium
2643 3263 2875 3334 denique
2903 3263 3204 3318 Romanum
3234 3279 3378 3318 anno
3404 3263 3551 3326 1581,
3573 3273 3724 3314 emen-

2167 3355 2372 3420 datum,
2407 3369 2622 3410 omnem
2673 3355 2890 3410 sustulit
2935 3354 3217 3411 dubitandi
3256 3355 3452 3418 locum.
3479 3363 3533 3410 et
3554 3352 3718 3420 Marty-

2167 3467 2281 3506 rem
2313 3451 2370 3506 S.
2405 3449 2677 3506 Zenonem
2709 3450 2999 3505 deﬁnivit:
3034 3450 3106 3505 ita
3156 3460 3213 3504 ut
3260 3466 3366 3504 non
3413 3447 3480 3503 sit
3523 3460 3641 3517 opus
3671 3441 3724 3498 de

2165 3545 2294 3599 Aste
2323 3543 2716 3599 correctionem
2741 3543 3050 3607 admittere,
3079 3543 3169 3612 qui
3197 3541 3620 3614 Martyrologium
3639 3536 3725 3592 Ro-

2163 3651 2385 3692 manum
2414 3646 2749 3700 correctum,
2783 3651 2887 3690 non
2917 3637 3102 3705 agnito
3125 3635 3328 3690 Molani
3357 3648 3557 3698 errore,
3585 3633 3644 3686 ita
3665 3629 3726 3684 le-

2162 3729 2397 3802 gendum
2419 3731 2588 3784 voluit
2610 3748 2622 3782 :
2652 3728 2778 3784 Htec
2800 3728 2929 3782 adeo
2949 3729 3173 3800 implexa
3197 3724 3600 3783 controversiain
3619 3736 3724 3794 ρτω·

2160 3827 2444 3881 sentiarum
2471 3824 2776 3889 eliminetur,
2809 3822 3106 3893 interposita
3135 3823 3405 3875 saniorum
3426 3818 3620 3890 placito,
3645 3814 3723 3868 ad-

2159 3923 2323 3977 instar
2345 3919 2545 3974 Molani
2569 3919 2877 3973 enuntietur.
2924 3915 3139 3972 Verona:
3167 3915 3230 3971 S.
3255 3914 3473 3971 Zenonis
3494 3907 3722 3982 Episcopi,

2157 4017 2244 4085 qui
2271 4015 2403 4068 inter
2424 4013 2679 4082 procellas
2700 4010 3067 4080 persecutionis
3088 4026 3198 4064 eam
3229 4009 3517 4064 Ecclesium
3538 4004 3668 4068 rexit,
3687 4010 3724 4053 et

2157 4107 2322 4160 multa
2349 4121 2533 4176 passus
2563 4104 2717 4158 vitam
2764 4102 2946 4169 ﬁnivit.
2982 4101 3039 4158 Si
3064 4115 3194 4157 vero
3225 4102 3278 4156 in
3324 4099 3584 4172 aliquibus
3607 4096 3725 4150 Mar-

2157 4199 2438 4271 tyrologiis
2469 4197 2526 4254 S.
2557 4196 2706 4252 Zeno
2734 4194 3030 4251 Confessor
3053 4204 3260 4250 tantum
3283 4195 3514 4258 dicatur,
3545 4192 3636 4245 hoc
3655 4187 3724 4241 vel

2155 4291 2189 4346 6
2222 4290 2344 4344 ldus
2387 4288 2702 4344 Decembris
2752 4296 2990 4353 notatur,
3023 4285 3244 4356 quando
3275 4277 3724 4351 ordinationiser-

2152 4395 2294 4440 stum
2307 4383 2375 4438 de
2389 4381 2716 4438 Confessore
2732 4380 2992 4435 Pontiﬁce
3009 4380 3337 4445 celebratur,
3355 4380 3440 4434 vel
3461 4376 3615 4448 pridie
3625 4371 3726 4428 ldus

2153 4478 2353 4546 Aprilis
2377 4475 2682 4545 appositum
2711 4473 2988 4528 invenitur
3038 4473 3308 4543 imperitia
3337 4469 3720 4526 nonnullorum.

451 4561 839 4632 prudentiorum
860 4565 1085 4618 uirorum
1115 4565 1474 4634 permittimus.
1500 4564 1736 4636 Sufﬁciat
1765 4565 2045 4621 ostendisse
2070 4553 2124 4614 Ῑ)
2150 4568 2242 4642 qui
2271 4567 2636 4622 Ordinationis
2647 4574 2699 4621 et
2722 4565 2961 4636 Martyrii
2986 4563 3146 4620 Festa
3165 4580 3273 4619 non
3288 4565 3450 4636 plane
3473 4560 3719 4618 callentes.

447 4656 585 4725 quod
614 4657 677 4710 de
696 4655 759 4711 S.
791 4655 996 4712 Zenone
1018 4659 1266 4729 scriptum
1286 4660 1594 4730 reperimus.
1625 4659 1751 4716 Haec
1782 4660 1891 4716 ille.

2151 4677 2181 4716 a
2208 4661 2523 4717 solemniori
2554 4657 2925 4714 Ordinationis
2969 4656 3130 4713 Festo
3152 4656 3499 4713 Confessoris
3541 4650 3724 4708 titulum

2151 4754 2403 4819 mutuati,
2428 4751 2679 4807 eumdem
2709 4765 2924 4820 quoque
2948 4749 3188 4820 Martyrii
3238 4749 3404 4805 Festo
3433 4746 3722 4803 tribuerunt.

1409 4974 2411 5060 DISSERTATIONES
2504 4975 2783 5064 DU/E

441 5145 525 5207 IN
595 5143 1064 5208 APPENDICIS
1136 5144 1388 5208 VlCEM
1455 5120 1764 5207 DUOBUS
1833 5147 2514 5210 PRZECEDENTIBUS
2584 5145 2842 5211 LIBRIS
2905 5147 3012 5208 DE
3082 5137 3582 5208 SERMONIBUS
3634 5131 3720 5194 ET

638 5247 1070 5309 MARTYBIO
1100 5247 1163 5309 S.
1195 5247 1534 5311 ZENONIS
1558 5247 2167 5327 SUPERADDITIE,
2206 5250 2580 5314 AUCTORE
2612 5250 3060 5315 FRANCISCO
3084 5246 3516 5312 BONACCHI.

1582 5372 2214 5436 DISSERTATIO
2256 5377 2576 5452 PRIMA,

1162 5489 1304 5535 εινε
1347 5490 1572 5535 SANCTI
1616 5491 1880 5538 ZENONIS
1925 5494 2210 5539 EPISCOPI
2256 5497 2646 5542 VERONENSIS
2690 5499 2964 5544 EPOCHA.

937 5594 1168 5652 CAPUT
1206 5595 1494 5652 PRIMUM.

617 5687 646 5758 §
686 5687 728 5742 1.
760 5715 832 5728 -——
856 5688 1050 5744 Iterum
1088 5687 1342 5744 scribendi
1370 5689 1572 5743 occasio
1601 5700 1650 5743 et
1679 5690 1820 5758 ﬁnis.

511 5778 716 5834 Exacto
754 5781 924 5837 ferme
978 5781 1199 5838 biennio
1227 5781 1294 5837 ab
1318 5781 1477 5838 editis
1529 5780 1583 5837 in
1626 5778 1920 5841 Sermones
1978 5793 2035 5841 et

2142 5601 2459 5673 Martyrium
2490 5603 2548 5658 8.
2583 5603 2820 5661 Zenonis
2852 5605 3318 5662 lucubrationibus
3351 5605 3509 5670 meis,
3543 5599 3651 5657 libri
3691 5609 3717 5648 ε

2142 5694 2471 5752 Clarissimis
2495 5697 2636 5753 Viris
2661 5699 2822 5754 Petro
2861 5710 2917 5755 et
2939 5700 3269 5773 Hieronymo
3294 5698 3548 5756 Ballerini
3571 5696 3712 5751 Pres-

2141 5787 2346 5858 byteris
2373 5789 2778 5850 Veronensibus
2807 5797 3019 5866 copiam
3049 5795 3213 5854 habui
3243 5808 3387 5851 anno
3439 5791 3572 5850 1759
3619 5786 3708 5840 νη)
