3798 6322
80 348 174 404 6ἰὸ

1453 329 1933 393 DISSERTATIO.

3225 307 3334 366 654

76 475 210 519 rona:
235 460 371 534 typis
401 459 606 516 excusi.
635 454 902 514 Eximiom
935 453 1176 527 profecto
1221 451 1632 522 laboratumque
1657 435 1712 512 Α
1737 445 2070 515 impietatem
2101 435 2248 512 prior
2287 449 2370 497 est
2417 439 2744 504 insectatus,
2789 447 3023 505 eumque
3068 443 3170 486 suo
3214 441 3336 484 cum

73 572 233 628 Opus,
265 571 368 624 quo
414 551 730 624 conquisitis
775 549 1008 622 undique
1055 548 1438 605 vetustioribus
1479 561 1635 610 mss.,

71 646 410 716 adhibitisque
462 642 757 716 aptissimis
803 657 866 697 ac
913 640 1291 697 eruditissimis
1334 637 1640 693 adnotatio-

72 741 217 796 nibus
247 738 540 794 Sermones
595 735 652 792 S.
697 733 930 789 Zenonis
961 732 1142 804 (quem
1175 730 1478 802 splendoris
1518 745 1638 799 gra-

69 831 183 886 dum
211 829 326 885 aliis
349 829 398 883 in
426 827 752 884 editionibus
786 841 1076 898 numquam
1101 834 1225 880 sunt
1247 824 1450 895 adepti)
1476 823 1637 878 nitori

69 939 156 978 suo
185 920 407 976 restituti
435 961 449 984 .
476 934 686 991 suoque
717 917 940 974 Auctori
985 915 1238 972 vindicati
1266 916 1388 987 jure
1417 915 1633 986 quidem

70 1031 125 1070 ac
149 1014 333 1070 merito
357 1011 571 1068 dicendi
599 1021 748 1067 sunt.
781 1011 1002 1069 Summa
1024 1008 1238 1080 quidem
1269 1009 1538 1077 voluptate
1561 1005 1637 1060 al-

68 1109 242 1174 lectus,
271 1107 398 1162 dum
424 1123 531 1163 non
579 1117 687 1162 tam
713 1105 921 1172 oculos,
945 1119 1103 1175 quam
1145 1103 1197 1159 in
1227 1101 1355 1158 illud
1401 1111 1635 1156 mentem

68 1205 367 1274 conjiciens,
417 1219 601 1260 rerum
642 1203 892 1259 ordinem
933 1202 1134 1272 optime
1163 1200 1452 1272 digestum,
1484 1195 1637 1252 latini

66 1298 312 1353 sermonis
339 1295 563 1351 nitidam
581 1296 927 1368 elegantiam,
958 1293 1134 1348 omnis
1145 1293 1362 1364 generis
1374 1305 1634 1346 consum-

67 1400 247 1445 matam
284 1388 625 1455 doctrinam,
674 1404 780 1444 non
813 1390 943 1443 satis
974 1401 1132 1458 posse
1179 1385 1384 1458 mirari,
1420 1383 1637 1454 gavisus

65 1498 188 1538 sum.
220 1481 348 1537 Cum
380 1497 510 1536 vero
570 1481 844 1552 praeclaris
885 1487 964 1534 tot
1002 1476 1302 1534 rationibus
1329 1457 1406 1530 .ac
1443 1491 1635 1532 monu-

66 1577 244 1632 mentis
269 1574 325 1630 S.
355 1573 564 1630 Zenoni
585 1589 864 1629 sermones
886 1586 1013 1628 suos
1031 1569 1325 1641 adjudicari
1349 1567 1632 1637 conspexi,

64 1667 319 1723 tenuitatis
360 1683 497 1721 mea:
521 1708 538 1733 ,
579 1667 630 1721 in
665 1666 856 1721 iisdem
903 1662 1248 1720 sermonibus
1271 1678 1371 1733 pro
1399 1661 1634 1732 genuino

61 1760 110 1817 S.
138 1759 367 1829 ejusdem
398 1759 577 1813 Patris
631 1757 766 1813 fastu
811 1755 1122 1812 asserendis
1155 1770 1261 1809 non
1293 1753 1508 1825 quidem
1555 1752 1636 1822 pi-

1741 544 1966 592 auctore
1996 534 2343 590 anathemate
2371 531 2631 603 perculit,
2661 527 2832 599 ipsius
2872 539 3089 582 errores
3117 535 3342 580 enume-

1739 637 1824 683 rat
1871 628 1924 682 in
1959 623 2188 695 epistola
2215 621 2281 677 ad
2314 621 2680 677 Alexandrum
2725 618 3039 688 episcopum
3071 615 3340 671 Constan-

1741 716 2157 787 tinopolitanum
2185 732 2197 768 :
2229 714 2330 782 Qui
2356 721 2589 767 asserunt
2619 721 2818 781 temmts
2847 707 3128 780 aliquando
3155 707 3336 778 fuisse,

1738 828 1854 866 cum
1883 826 1986 864 non
2009 817 2138 863 esset
2170 804 2217 860 F
2219 805 2340 860 ilius
2367 801 2498 859 Dei:
2525 812 2702 874 postea
2729 805 2922 874 factum
2950 816 3066 854 cum
3094 815 3194 853 non
3220 807 3340 851 ante

1739 904 1959 959 extiterit
1983 923 1999 957 :
2024 901 2178 957 talem
2210 899 2370 971 fuisse
2396 906 2526 963 tum,
2550 912 2664 950 cum
2689 899 2854 967 factus
2875 905 3009 961 erat,
3031 891 3342 964 qualiaquia-

1737 1015 1832 1070 que
1859 998 2126 1051 hominum
2152 1002 2246 1048 est.
2289 990 2476 1046 Omnia
2504 990 2638 1044 enim
2663 987 2829 1042 Deum
2856 1004 2918 1042 ea;
2945 987 3109 1042 nihilo
3136 986 3340 1058 fecisse,

1736 1108 1837 1161 qua
1873 1089 2124 1144 sententia
2152 1087 2305 1141 etiam
2336 1081 2384 1136 F
2389 1083 2537 1138 ilium
2577 1080 2673 1136 Dei
2714 1078 3169 1148 comprehendunt.
3208 1076 3340 1144 Qui-

1739 1185 1830 1240 bus
1856 1186 2009 1239 etiam
2038 1189 2405 1252 consequenter
2433 1177 2655 1241 addunt,
2697 1189 2810 1228 eam
2843 1183 3032 1226 natura
3057 1185 3206 1241 posse
3225 1185 3341 1222 mu-

1738 1281 1839 1334 tari
1868 1277 2089 1338 virtutis.
2115 1286 2161 1330 et
2187 1275 2296 1329 vitii
2331 1287 2567 1345 capacem
2617 1284 2742 1324 esse.
2807 1265 2989 1336 Itaque
3041 1264 3136 1317 hoc
3175 1263 3340 1332 posito

1735 1389 1851 1427 eum
1882 1387 1944 1428 ea;
1971 1371 2134 1426 nihilo
2161 1368 2394 1438 factumj:
2425 1381 2527 1420 non
2555 1363 2690 1417 enim
2707 1372 2912 1426 natura,
2945 1367 3034 1411 aut
3060 1355 3340 1427 quidquam

1739 1479 1925 1539 praeter
1975 1479 2183 1522 crateras
2232 1463 2370 1533 ﬁlios
2425 1459 2663 1513 habuisse
2703 1454 3061 1526 praerogativae
3101 1448 3338 1521 (nullum

1738 1576 1956 1630 namque
1977 1567 2165 1612 natura
2192 1553 2241 1608 F
2245 1554 2388 1609 ilium
2415 1551 2512 1606 Dei
2533 1566 2640 1606 esse
2664 1548 2950 1618 affirmant,
2983 1559 3144 1614 neque
3163 1556 3336 1610 quem-

1736 1672 1887 1726 quam
1918 1670 2043 1716 esse,
2072 1652 2158 1723 qui
2188 1650 2295 1704 ulla
2326 1664 2442 1702 cum
2471 1662 2529 1701 eo
2557 1644 2872 1716 proprietate
2890 1643 3194 1714 conjunctns
3223 1636 3337 1702 sit),

1736 1748 1826 1803 sed
1855 1764 1971 1802 cum
2012 1755 2140 1800 esset
2170 1754 2355 1798 natura
2399 1739 2676 1802 mutabilis,
2707 1746 2753 1792 et
2786 1743 2991 1806 propter
3020 1731 3334 1805 singularem

60 1827 181 1926 guit,
205 1869 359 1924 quam
401 1853 642 1908 viderem
677 1861 839 1907 tanta:
867 1849 1190 1908 eruditionis
1230 1848 1472 1903 ubertate
1505 1861 1631 1916 pen-
1669 1845 1708 1903 Β
1739 1842 1792 1895 in
1817 1841 1940 1906 vita,
1973 1849 2019 1892 et
2047 1838 2275 1891 moribus
2301 1836 2398 1890 rite
2426 1831 2756 1888 instituendis
2781 1827 3124 1901 diligentiam,
3148 1841 3211 1878 ac
3228 1832 3336 1877 stu-

61 1956 232 2002 satam.
265 1946 484 2002 Hrerere
517 1955 695 2001 tamen
730 1945 860 2000 mihi
893 1943 1146 2014 contigit,
1179 1956 1301 1996 cum
1334 1938 1634 2009 praeclaris-

60 2042 211 2096 simas
266 2040 430 2096 hosce
480 2041 624 2095 viros
678 2039 732 2094 in
787 2037 1030 2109 ejusdem
1059 2037 1116 2092 S.
1149 2034 1384 2090 Zenonis
1411 2033 1633 2102 Epocha

61 2133 416 2189 constituenda
446 2132 592 2187 aliud
624 2147 654 2186 a
678 2132 847 2188 veteri
874 2130 1089 2199 vulgata
1117 2128 1373 2198 opinione
1401 2125 1507 2197 (cui
1535 2139 1636 2195 ego

59 2244 163 2281 sum
192 2227 545 2298 adstipulatus
575 2225 880 2295 sententiae)
913 2223 1120 2292 opinari
1147 2220 1476 2291 deprehendi
1497 2261 1511 2284 ,
1552 2234 1636 2273 ra-

63 2321 383 2392 tionibusque
415 2335 522 2375 non
552 2321 683 2374 levis
711 2317 964 2390 ponderis
988 2332 1136 2370 suam
1164 2315 1487 2370 conﬁrmare
1513 2327 1637 2368 scn-

63 2416 285 2470 tentiam.
341 2413 456 2483 Qua
485 2414 555 2468 de
593 2430 672 2477 re,
710 2425 765 2467 ut
819 2429 847 2466 a
899 2426 1014 2465 mea
1061 2410 1314 2479 Opinione
1364 2423 1469 2461 non
1517 2406 1636 2461 sine

57 2509 240 2579 judicio
265 2507 700 2574 recederem,vel
730 2515 932 2560 temere
962 2506 1012 2558 in
1035 2518 1097 2557 ea
1121 2501 1496 2564 consisterem,
1515 2515 1635 2570 qure

61 2604 116 2660 ad
139 2604 500 2660 difficultatem
523 2605 811 2668 faciebant,
829 2601 1086 2657 attenlius
1103 2599 1457 2656 examinanda
1481 2598 1633 2663 duxi,

61 2714 153 2767 quo
173 2707 343 2753 tamen
371 2698 527 2754 exitu
560 2695 1004 2766 lectorisjudicio
1049 2710 1115 2748 ex
1163 2694 1346 2747 animo
1376 2707 1438 2746 ac
1461 2691 1632 2747 liben-

63 2798 133 2843 ter
160 2789 449 2844 committo.
502 2788 726 2845 Minime
771 2788 900 2843 mihi
951 2787 1169 2858 quidem
1205 2785 1417 2855 probari
1459 2792 1636 2854 potest

63 2882 174 2936 illud
222 2882 553 2938 Tillemontii
602 2883 888 2937 consilium
946 2880 1218 2934 mutandae
1271 2878 1336 2932 D.
1401 2876 1635 2932 Zenonis

65 2974 294 3044 Epochm,
318 2983 374 3029 ut
400 2991 430 3030 a
463 2976 629 3029 variis
649 2973 1074 3029 dubitatimiihus
1106 2987 1163 3026 se
1188 2970 1432 3038 exlricet,
1461 2969 1549 3042 qui
1581 2970 1632 3024 in

61 3080 115 3119 ea
143 3065 462 3134 temporibus
487 3065 720 3122 Gallieni
772 3064 1030 3118 tirmanda
1076 3063 1168 3118 dat
1194 3077 1413 3134 Operam
1443 3064 1633 3116 Astro-

64 3158 174 3227 logi,
207 3175 432 3228 namque
471 3169 560 3214 est
599 3159 666 3213 ad
696 3157 1063 3214 conciliandos
1087 3158 1419 3227 planetarum
1453 3163 1631 3209 motus

60 3253 258 3307 arbitrio
285 3269 380 3309 suo
406 3239 707 3326 systemata
737 3252 837 3308 sibi
866 3251 1088 3323 ﬁngere.
1142 3249 1396 3304 llistorici
1422 3263 1550 3303 vero
1573 3248 1624 3302 in
1657 3237 1702 3301 C

57 3346 370 3416 antiquorum
399 3345 721 3401 enarrandis
741 3346 930 3416 gestis,
964 3344 1238 3399 veteribus
1265 3342 1628 3396 monumentis

58 3437 193 3494 inniti
219 3481 234 3506 ,
263 3456 380 3511 qua:
409 3442 452 3494 si
485 3440 669 3496 desint
695 3481 710 3504 ,
755 3454 814 3493 ea
845 3453 939 3491 sua
991 3439 1042 3491 in
1103 3437 1432 3492 obscuritate
1461 3436 1629 3491 relin-

55 3547 218 3601 quere.
252 3533 356 3587 Hac
382 3533 548 3604 igitur
579 3540 759 3587 mente
783 3571 798 3596 ,
844 3531 912 3586 de
943 3540 1184 3601 tempore
1234 3545 1341 3599 quo
1378 3531 1438 3584 D.
1476 3529 1626 3585 Zeno

58 3623 355 3681 Veronensis
387 3625 1060 3707 Ecclesia:.epismpatttltt
1094 3623 1278 3693 gessit,
1309 3638 1468 3694 agere
1490 3639 1623 3678 con-

54 3715 201 3783 stitui,
229 3735 333 3775 non
366 3730 421 3775 ut
443 3719 496 3774 in
533 3733 654 3773 mea
678 3719 946 3773 sententia
977 3717 1157 3771 animo
1186 3726 1418 3786 perstem
1455 3715 1621 3772 obﬁr-

52 3819 195 3872 mato,
233 3827 413 3866 verum
447 3822 504 3865 ut
553 3809 604 3864 id
654 3811 926 3879 experiar,
957 3825 1022 3864 an
1057 3808 1305 3863 diversas
1351 3808 1473 3862 hinc
1498 3808 1623 3864 inde

52 3905 425 3974 contrariasque
453 3905 698 3959 rationes
726 3903 790 3957 ad
817 3904 1097 3958 veritatem
1126 3917 1383 3956 revocare
1409 3903 1622 3958 contino

49 4002 120 4061 gat
149 3993 236 4067 (V.
265 4013 378 4068 cap.
425 3995 460 4053 9
493 3995 560 4049 de
591 3994 848 4065 Martyrio
875 3995 936 4051 S.
967 3993 1191 4049 Zenonis
1222 3994 1310 4049 lib.
1341 3994 1421 4065 it).

49 4104 70 4177 §
96 4106 151 4162 ll.
180 4138 230 4149 —
254 4108 433 4165 Prima
459 4111 596 4164 ratio
629 4107 856 4177 Epoclta.’
892 4109 952 4164 S.
983 4108 1209 4162 Zenonis
1251 4109 1457 4162 Arionis
1489 4117 1616 4161 tem-

499 4200 714 4271 pOribas
745 4201 1126 4270 posthabendw.

107 4311 258 4383 Urget
278 4315 498 4385 quidem
529 4323 905 4384 argumentum
931 4312 1081 4376 illud,
1113 4311 1377 4382 quosdam
1410 4310 1618 4366 scilicet

47 4401 95 4456 S.
117 4403 335 4461 Zenonis
365 4405 660 4464 Sermones
691 4405 804 4460 Arii
839 4419 1055 4461 errores
1083 4405 1374 4474 impetere,
1403 4413 1459 4458 ut
1487 4403 1616 4457 Ario

51 4501 372 4563 posteriorem
400 4499 678 4556 Zenonem
707 4500 829 4570 quis
871 4499 1180 4564 arbitretur,
1207 4498 1294 4554 vel
1333 4512 1614 4552 sermones

47 4585 150 4643 illos
172 4591 393 4648 Zenonis
421 4607 531 4648 non
575 4607 700 4648 esse
736 4591 928 4648 fastum
969 4591 1264 4648 existimet.
1317 4591 1431 4646 Hoc
1462 4590 1613 4645 Emi-

47 4684 362 4740 nentissimus
403 4686 669 4741 Baronius
716 4687 943 4755 putavit,
979 4685 1109 4739 illud
1150 4684 1440 4740 clarissimi
1490 4683 1609 4737 Bal—

48 4771 219 4831 lerinii.
253 4777 466 4833 Baronii
507 4779 746 4832 rationes
781 4777 1132 4831 refutavimus
1162 4776 1303 4830 libro
1338 4773 1512 4844 primo
1539 4773 1608 4828 de

47 4862 362 4924 Sermonibus
389 4869 448 4926 S.
483 4868 750 4934 Zenonis,
785 4868 962 4938 capite
996 4868 1249 4937 septimo.
1285 4869 1360 4923 De
1390 4867 1456 4922 iis
1485 4881 1605 4936 qua:

50 4956 290 5015 uberrime
315 4976 343 5014 a
365 4961 695 5016 doctissimis
719 4957 862 5015 Viris
885 4959 1155 5029 disputata
1181 5001 1197 5024 ,
1246 4969 1407 5029 atque
1437 4957 1606 5012 adno-

48 5057 139 5104 tata
167 5063 280 5106 sunt
321 5052 609 5108 novissima
639 5053 691 5106 in
731 5052 971 5108 editione
1002 5051 1306 5107 Veronensi
1333 5051 1601 5122 agendum

50 5143 184 5198 modo
236 5143 471 5214 (Dissert.
517 5146 697 5214 primte
740 5161 855 5214 cap.
891 5144 947 5207 2,
976 5143 1104 5215 §2).
1162 5146 1274 5200 Arii
1304 5143 1486 5215 itaque
1515 5159 1605 5200 er-

49 5246 176 5288 rores
202 5237 496 5308 praecipuos
527 5251 836 5297 recensere.
868 5251 1166 5306 eorumque
1192 5236 1455 5306 originem
1485 5251 1610 5306 per-

48 5329 247 5382 scrutari
273 5343 449 5397 Operze
477 5329 708 5398 pretium
750 5328 883 5383 erit:
917 5339 1025 5382 tum
1055 5328 1118 5381 D.
1160 5327 1394 5383 Zenonis
1418 5338 1610 5383 contra

49 5416 237 5472 eosdem
260 5435 466 5476 errores
491 5420 748 5490 allegatos
774 5421 1068 5475 sententias
1099 5419 1350 5476 conferre
1375 5461 1390 5486 ,
1423 5429 1476 5474 ut
1505 5419 1606 5476 hac

48 5508 226 5564 ratione
246 5511 481 5582 opposita
509 5511 663 5582 juxta
709 5527 769 5567 se
801 5512 974 5583 posita
1005 5511 1267 5569 lucidiora
1293 5511 1605 5568 discrimine

48 5597 402 5662 discernanius.
649 5616 653 5620 '

344 5721 373 5792 §
414 5721 500 5777 ιη.
531 5751 602 5763 -
630 5722 742 5776 Arii
771 5737 966 5776 errores
992 5722 1264 5793 pracipui.

109 5829 157 5885 δι
190 5831 478 5892 Alexander
516 5835 830 5894 Patriat'cha
885 5834 1318 5902 Alexandrinus,
1351 5834 1444 5908 qui
1493 5835 1607 5891 Arii

1737 1936 1878 1988 dium
1921 1951 2022 1988 non
2072 1932 2142 1986 ad
2186 1932 2310 1985 vitia
2340 1931 2628 2000 deﬂecteret
2658 1970 2674 1994 ,
2730 1925 2892 1981 Deum
2936 1941 3050 1978 eum
3097 1920 3330 1993 elegisse.

1737 2026 1940 2100 (Refert
1969 2025 2256 2092 Theodor.,
2279 2040 2395 2096 cap.
2428 2023 2460 2076 4
2486 2021 2626 2076 Hist.
2662 2019 2814 2090 Ecc.)

1810 2140 1838 2212 §
1881 2139 1972 2196 IV.
1997 2171 2068 2181 —
2103 2139 2399 2195 llecensitos
2428 2153 2626 2192 errores
2654 2134 2789 2189 unde
2818 2133 2976 2187 Arius
3007 2128 3255 2184 hauserit.

1809 2255 1917 2310 Has
1962 2255 2155 2325 impias
2201 2255 2253 2309 in
2285 2252 2483 2308 Filium
2525 2251 2621 2306 Dei
2653 2248 3018 2318 blasphemias
3046 2260 3152 2300 non
3179 2241 3333 2298 adin-

1736 2349 1884 2403 venit
1911 2349 2092 2411 Arius,
2143 2347 2237 2402 sed
2285 2346 2352 2402 ab
2378 2345 2498 2400 aliis
2521 2341 2917 2412 antiquioribus
2946 2336 3220 2393 haereticis
3244 2349 3334 2390 ac-

1734 2444 1877 2512 cepit
1898 2442 2088 2497 eodem
2112 2438 2662 2498 S.Alexandroteste.
2682 2434 2882 2506 Quippe
2917 2447 3035 2486 cum
3079 2429 3180 2501 ipsi
3222 2427 3335 2483 sitis

1736 2538 1874 2591 docti
1899 2553 1930 2589 a
1958 2535 2090 2602 Deo,
2122 2545 2170 2590 et
2201 2551 2302 2588 non
2328 2533 2594 2602 ignoretis,
2625 2541 2732 2584 tant
2761 2529 2995 2592 Ebionis,
3027 2537 3074 2581 et
3114 2526 3336 2580 Artcma:

1737 2629 2046 2693 doctrinam,
2068 2643 2184 2696 qua:
2228 2643 2330 2680 non
2360 2628 2432 2678 ita
2472 2625 2670 2693 pridem
2695 2638 2869 2676 ueram
2900 2619 3144 2674 Ecclesia
3169 2618 3334 2688 pieta-

1737 2733 1837 2777 tem
1865 2737 2164 2792 oppugnare
2207 2721 2394 2789 cazpit,
2439 2729 2548 2772 tum
2593 2716 2890 2786 pestiferum
2915 2712 3143 2766 studium
3175 2708 3336 2762 Pauli

1739 2811 2067 2869 Samosateni
2098 2811 2341 2880 EpiscOpi
2370 2809 2676 2872 Antioch-ite,
2716 2807 2806 2877 qui
2846 2805 3065 2860 concilio
3103 2802 3334 2857 omnium

1735 2909 1922 2980 ubique
1953 2906 2353 2978 Episcoporum,
2385 2915 2534 2975 atque
2561 2902 2690 2958 adeo
2705 2901 2907 2974 judicio
2935 2898 3184 2953 Ecclesia:
3203 2899 3340 2970 ejec-

1736 3010 1816 3056 tus
1840 3010 1935 3056 est.
1978 2998 2242 3054 Lucianus
2284 3013 2546 3053 successor
2573 2998 2740 3067 factus
2770 2993 3052 3048 multorum
3077 3004 3333 3044 annorum

1734 3098 1927 3167 spatio,
1957 3095 2052 3150 hoc
2079 3104 2154 3150 est
2182 3095 2453 3161 tantisper,
2487 3090 2612 3145 dum
2642 3101 2742 3144 tres
2773 3087 3022 3158 EpiscOpi
3051 3085 3188 3140 alius
3219 3093 3332 3153 post

1734 3190 1894 3244 alium
1950 3188 2235 3244 Ecclesium
2278 3188 2427 3242 illam
2468 3202 2648 3241 rexere
2671 3227 2686 3251 ,
2737 3183 2976 3239 exclusus
3006 3181 3068 3234 ab
3097 3177 3334 3232 Ecclesia

1731 3281 1941 3336 mansit.
1989 3279 2217 3335 Istorum
2260 3279 2619 3334 htereticoram
2647 3275 2919 3348 impietatis
2945 3273 3116 3342 fa'ces,
3161 3269 3216 3322 hi
3244 3269 3332 3337 qui

1731 3375 1885 3431 modo
1913 3375 1968 3430 in
1996 3375 2164 3430 lucem
2202 3373 2330 3428 editi
2371 3370 2420 3426 F
2420 3372 2570 3427 ilium
2598 3368 2695 3424 Dei
2722 3385 2785 3423 ea:
2811 3366 2973 3421 nihilo
3001 3374 3168 3419 ortum
3190 3376 3332 3415 asse-

1729 3479 1872 3537 runt,
1904 3469 2094 3540 quique
2120 3479 2238 3522 sunt
2260 3466 2396 3521 velut
2425 3466 2650 3520 stolones
2679 3463 2866 3518 occulti
2897 3477 2960 3515 ea:
2981 3459 3090 3512 illis
3115 3471 3330 3514 nascen-

1730 3572 1804 3616 tes
1843 3561 2066 3626 animis,
2111 3561 2414 3614 hauserunt.
2449 3559 2632 3611 Arium
2663 3556 2776 3610 dico
2809 3553 3099 3615 Achillam,
3138 3560 3182 3602 et
3210 3547 3331 3602 reli-

1724 3672 1879 3727 quam
1903 3655 2015 3710 illis
2047 3653 2424 3709 adluerentium
2471 3651 2673 3705 turbam
2702 3647 2802 3722 (In
2832 3647 3008 3701 eadem
3039 3638 3325 3712 Epistola).

1725 3749 1823 3804 Cui
1853 3760 1909 3804 et
1933 3747 1992 3805 S.
2029 3747 2358 3802 Athanasius
2400 3745 2780 3813 adstipulatur.
2817 3741 3028 3795 Videtur
3062 3739 3188 3792 mihi
3240 3747 3327 3791 aut

1726 3842 2078 3914 ignorantiam
2107 3842 2297 3896 callide
2337 3841 2582 3895 simulare
2605 3879 2620 3904 ,
2669 3838 2815 3903 quasi
2847 3836 3137 3899 nescirent,
3171 3833 3326 3886 etiam

1724 3945 1842 3991 ante
1863 3933 2157 3992 Concilium
2188 3933 2238 3989 Ν
2244 3936 2463 3989 ictenum
2485 3931 2740 3988 Hteresim
2762 3932 2911 3984 istam
2934 3925 3325 3982 abominabilem

1724 4032 1904 4100 fuisse,
1936 4049 2038 4102 quo
2067 4042 2291 4100 tempore
2318 4030 2553 4085 Artentas
2584 4030 2694 4099 eius
2720 4028 3056 4096 fundamenta
3073 4021 3320 4094 jaciebat.

1724 4121 1828 4196 (De
1857 4124 1988 4197 Syn.
2014 4125 2178 4178 Arim.
2208 4135 2255 4178 et
2278 4123 2510 4193 Seleuc.)

1813 4242 1841 4314 ς
1887 4242 1950 4296 ν.
1981 4239 2286 4316 -ξΕὸὶοηὶρ
2312 4256 2509 4295 errores
2542 4239 2679 4293 circa
2715 4237 2843 4292 Filii
2874 4235 3210 4289 divinitatem.

1792 4356 2055 4412 Ebionem
2086 4357 2330 4412 nominat
2359 4355 2416 4411 S.
2452 4353 2759 4410 Alexander
2783 4355 2887 4407 non
2914 4363 3183 4420 tamquam
3211 4347 3322 4418 pri-

1719 4468 1906 4516 mum,
1950 4451 2045 4506 sed
2094 4461 2152 4506 ut
2200 4453 2527 4522 praecipuum
2582 4447 2698 4502 Filii
2747 4447 3045 4500 divinitatis
3078 4443 3312 4498 hostem.

1719 4541 1836 4612 Ipse
1887 4541 2153 4612 siquidem
2204 4541 2468 4606 Corinthi,
2499 4540 2738 4595 Simonis
2789 4538 2925 4608 Magi
2955 4534 3205 4606 discipuli
3263 4543 3318 4588 et

1636 4637 1688 4696 D
1715 4634 2080 4704 apostolorum
2095 4632 2370 4695 coetanei,
2397 4633 2646 4686 haeresim
2666 4631 2776 4699 jam
2803 4630 3094 4698 collapsam
3120 4627 3316 4681 instau~

1714 4726 1874 4790 ravit,
1911 4725 2358 4794 propagavitque.
2392 4722 2542 4794 (Till.
2589 4733 2626 4776 t.
2669 4721 2724 4785 2,
2759 4720 2900 4774 Nota
2932 4736 3012 4788 pr.
3047 4720 3112 4772 de
3139 4717 3315 4772 Cerin-

1712 4818 2002 4873 thithianis.
2031 4816 2229 4872 Theod.
2260 4818 2297 4872 l.
2324 4833 2386 4883 ll,
2415 4819 2589 4871 adver.
2616 4817 2853 4880 haereses,
2887 4831 3000 4885 cap.
3031 4813 3108 4881 5).
3127 4810 3316 4866 Cerin-

1713 4910 1838 4965 thus
1868 4910 2069 4966 etenim
2100 4909 2283 4966 Jesum
2303 4911 2536 4964 similiter
2575 4925 2638 4962 ac
2667 4905 2871 4962 Hebrari
2912 4904 3108 4959 dicebat
3132 4909 3313 4955 natum

1709 5013 1821 5058 esse
1847 5004 2128 5058 secundum
2159 5014 2400 5057 naturam
2441 5018 2504 5056 ea:
2532 5003 2638 5056 viro
2679 5010 2726 5054 et
2750 4998 2982 5061 muliere,
3011 5011 3190 5065 nempe
3215 4991 3312 5046 Jo-

1717 5096 1846 5166 seph
1871 5105 1918 5149 et
1962 5094 2164 5160 Maria;
2201 5096 2534 5166 temperantia
2562 5103 2729 5148 autem
2760 5104 2805 5145 et
2841 5089 3072 5165 justitia,
3104 5097 3150 5142 et
3193 5086 3314 5140 aliis

1717 5189 1861 5244 bonis
1883 5191 2205 5256 excelluisse,
2240 5188 2500 5244 Christum
2538 5199 2704 5242 autem
2732 5189 2784 5241 in
2813 5187 2978 5257 specie
3007 5183 3256 5239 columba:
3285 5199 3312 5238 e

1715 5286 1952 5356 supernis
1992 5286 2046 5338 in
2101 5286 2271 5355 ipsum
2312 5285 2663 5348 descendisse,
2705 5295 2752 5337 et
2803 5291 2924 5336 tunc
2966 5279 3126 5334 Deam
3157 5322 3170 5342 ,
3222 5279 3308 5349 qui

1717 5377 2071 5452 ignorabatur,
2098 5379 2351 5449 prodisse,
2375 5391 2420 5432 et
2446 5394 2560 5450 quas
2580 5378 2770 5447 scripta
2801 5385 2916 5429 sunt
2956 5374 3207 5426 miracula
3228 5376 3303 5442 fe-

1713 5473 1865 5539 cisse;
1894 5482 2121 5542 tempore
2142 5482 2311 5528 autem
2342 5473 2596 5544 passionis
2625 5471 2890 5525 recessisse
2910 5466 3115 5537 quidem
3134 5464 3309 5518 Chris-

1712 5571 1820 5616 tum
1844 5603 1860 5630 ,
1891 5565 2071 5619 Iesum
2112 5576 2283 5619 autem
2332 5565 2620 5637 passionem
2673 5561 2877 5614 abiisse.
2914 5555 3114 5611 Eodem
3145 5553 3307 5609 modo

1713 5654 1881 5712 Ebion
1907 5673 2057 5711 onme
2087 5657 2290 5712 initium
2322 5655 2449 5710 Filii
2476 5671 2538 5709 ex
2568 5652 2740 5706 Maria
2768 5649 3072 5711 concedens,
3117 5663 3218 5699 non
3242 5661 3306 5698 ex

1716 5746 1825 5803 Deo
1857 5750 2151 5813 hominem,
2198 5749 2288 5803 sed
2326 5763 2390 5802 ea:
2415 5746 2616 5799 homine
2665 5739 2831 5795 Deum
2861 5742 3110 5810 proferat,
3146 5754 3306 5807 neque

1714 5842 1993 5900 subsistens
2030 5853 2184 5896 antea
2211 5877 2226 5907 ,
2263 5839 2402 5910 quod
2429 5838 2483 5892 in
2515 5835 2769 5906 principio
2807 5833 2950 5905 apud
2971 5831 3133 5886 Deum
3165 5830 3306 5886 Deus
