3902 6324
480 256 587 316 653

1586 269 1673 325 DE
1701 270 1945 329 SANCTI
1986 270 2277 333 ZENONIS
2316 275 2587 335 EPOCIIA
3590 286 3664 351 (ξἿῖ

479 388 593 434 erat
630 380 846 436 Verbum
870 422 884 447 ,
949 380 1104 453 Virgo
1141 384 1194 438 in
1229 399 1383 440 carne
1410 372 1724 454 susceperit,
1756 386 1855 442 sed
1870 403 2074 443 carnem
2101 393 2157 453 Α
2179 390 2261 447 Ad
2298 396 2671 465 quaestionem
2729 414 2859 456 vero
2905 401 3170 473 quintam.
3218 404 3355 470 Quod
3400 419 3542 466 autem
3579 417 3671 485 dicit

480 474 714 543 genuerit
742 489 832 544 pa
873 471 1108 542 Verbum,
1135 478 1257 549 quia
1280 477 1337 531 in
1376 475 1539 533 Verbo
1585 494 1687 534 non
1737 489 1889 534 antea
1938 480 2074 535 escis-

484 567 634 621 tentis
689 564 955 640 Unigeniti
1004 567 1103 624 Dei
1183 579 1430 625 naturam
1467 571 1672 651 .dicat,
1745 572 1836 627 sed
1890 588 2076 629 sonum

483 660 623 714 vocis
657 661 867 716 elatum.
922 662 1177 734 Ejusdem
1222 665 1450 721 Ebionis
1502 681 1743 723 errorem
1805 674 1861 724 et
1909 667 2078 723 refert

484 753 878 810 Theodoretus.
932 756 1209 813 Dominum
1252 759 1431 814 Iesum
1471 759 1731 815 Christum
1770 760 1969 816 dicebat
2012 776 2078 815 ea:

482 845 677 918 Ioseph
704 858 753 902 et
784 848 955 905 Maria
999 866 1109 906 esse
1137 862 1331 918 natant,
1389 855 1476 925 qui
1504 854 1658 909 homo
1684 856 1887 925 quidem
1924 866 2033 911 erat
2058 897 2073 923 ,

483 940 574 994 sed
598 943 806 1007 virtute,
858 944 1070 1015 vitroque
1097 945 1390 1001 innocentia
1418 955 1468 1000 et
1505 947 1799 1020 integritate
1834 948 1952 1003 aliis
1981 964 2077 1002 an-

483 1034 761 1090 tecellebat.
786 1035 1107 1108 Carpocras,
1133 1053 1289 1110 quem
1323 1040 1513 1095 Ehioni
1556 1044 1911 1113 posteriorem
1947 1042 2075 1105 faci-

484 1143 628 1197 mus,
657 1140 711 1184 et
741 1132 858 1200 ipse
881 1132 1143 1202 Cerinthi,
1164 1144 1221 1188 et
1241 1133 1467 1190 Ehionis
1492 1150 1737 1191 errorem
1767 1136 2071 1206 amplexus,

483 1233 542 1280 ut
586 1224 873 1297 Augustini
912 1230 1095 1286 verbis
1142 1241 1357 1287 utamur
1395 1232 1497 1305 (De
1526 1232 1673 1288 liter.
1706 1250 1821 1305 cap.
1858 1235 1936 1303 7).
1979 1234 2077 1290 llic

483 1320 635 1375 etiam
661 1319 843 1376 Iesum
873 1324 1127 1379 hominem
1152 1328 1523 1393 tantummodo,
1559 1338 1607 1384 et
1630 1330 1693 1383 de
1714 1342 1929 1402 utroque
1949 1347 2076 1387 sexis

487 1419 692 1481 putasse
720 1414 1033 1485 perhibetur,
1078 1420 1167 1472 sed
1196 1420 1455 1490 accepisse
1493 1419 1647 1475 talem
1673 1423 1932 1489 animam,
1961 1438 2076 1493 quae

482 1506 632 1562 sciret
658 1520 720 1563 ea
745 1524 864 1574 aute
887 1524 1117 1580 superna
1142 1521 1329 1581 essent,
1364 1522 1518 1585 atque
1544 1517 1824 1570 nuntiaret.

759 1619 787 1695 ς
828 1620 916 1680 VI.
943 1655 1015 1665 —
1042 1621 1120 1679 De
1150 1624 1378 1695 Artema,
1410 1644 1498 1682 seu
1524 1625 1815 1685 Artemone.

555 1738 805 1795 Artemas
826 1738 1044 1797 Ebionis
1064 1739 1309 1798 lueresim
1326 1757 1431 1798 non
1460 1743 1596 1815 ipse,
1618 1743 1714 1800 sed
1736 1743 2071 1801 Theodotion

482 1829 552 1887 ab
580 1830 766 1887 inferis
807 1833 1101 1890 revocavit.
1131 1833 1506 1891 Theodotione
1538 1845 1717 1894 tamen
1760 1839 1940 1893 notior
1966 1837 2072 1894 Ar—

486 1930 675 1988 temas,
700 1926 947 1994 quamvis
971 1925 1060 1980 ille
1083 1936 1290 1999 auctor,
1316 1942 1411 1984 seu
1440 1937 1775 1985 restaurator
1789 1927 1971 1995 fuerit,
1991 1930 2077 1984 hic

481 2032 601 2074 eam
622 2021 949 2095 propagavit
974 2018 1129 2094 (Eas.
1156 2016 1297 2077 Hist.
1329 2020 1369 2075 ι.
1408 2037 1462 2088 v,
1513 2040 1557 2075 c.
1588 2021 1704 2095 28).
1755 2022 1870 2090 Qua
1898 2023 1966 2078 de
2016 2037 2076 2079 re

486 2114 541 2167 ὃ.
575 2114 882 2170 Alexander
924 2116 1127 2171 omisso
1156 2114 1532 2172 Theodotione
1580 2116 1859 2172 Artemam
1918 2116 2077 2187 hujus

485 2205 710 2261 haeresis
753 2214 1080 2262 assertorem
1141 2207 1402 2272 nominat,
1437 2206 1592 2261 sicuti
1633 2214 1689 2262 et
1720 2207 2073 2278 Augustinus.

482 2294 570 2351 Ita
590 2297 799 2353 hteresis
820 2299 1085 2372 cujusdem
1105 2300 1390 2354 Artemonii
1412 2300 1534 2372 fuit,
1553 2299 1641 2356 sed
1666 2316 1782 2354 cum
1808 2300 2078 2372 defecisset

482 2392 767 2447 instaurata
788 2400 860 2448 est
881 2411 912 2447 a
945 2393 1134 2449 Paulo.
1170 2393 1372 2449 Hmresi
1401 2405 1578 2449 tamen
1611 2409 1801 2459 sunt,
1826 2393 2076 2449 Theodo-

483 2485 683 2541 tionem
713 2486 914 2542 erroris
947 2487 1107 2557 hujus
1124 2497 1406 2543 auctorem
1432 2488 1713 2557 agnoscit.
1737 2485 2077 2542 Theodotiani

480 2593 511 2631 a
541 2577 891 2634 Theodotione
916 2581 1140 2653 quodam
1166 2581 1408 2647 instituti,
1437 2581 1693 2635 hominem
1720 2578 2075 2635 tantummodo

481 2671 740 2727 Christum
785 2684 1094 2730 asseverant.
1120 2675 1497 2731 Theodorctus
1536 2677 1686 2745 prius
1724 2679 2072 2733 Artemonem

480 2764 639 2829 locat,
670 2767 823 2835 cujus
845 2781 1087 2823 errorem
1133 2770 1205 2823 ita
1247 2768 1414 2825 refert
1446 2786 1460 2824 :
1494 2768 1777 2827 Dominum
1800 2769 1857 2824 I.
1885 2771 1947 2825 C.
1988 2786 2073 2825 so-

479 2860 587 2912 lum
609 2859 865 2914 hominem
891 2876 1000 2916 esse
1020 2862 1217 2917 dicebat
1236 2863 1527 2935 (Artemon)
1553 2873 1728 2918 natum
1749 2880 1814 2921 ea:
1839 2863 2070 2935 Virgine,

481 2953 743 3024 prophetis
768 2963 935 3009 tamen
982 2956 1165 3010 virtute
1191 2959 1625 3029 prtestantiorem.
1655 2958 1793 3014 Tum
1822 2958 2075 3014 Theodo-

480 3055 615 3114 tum,
644 3048 711 3103 de
732 3063 840 3118 quo
866 3048 942 3104 ita
969 3048 1226 3106 breviter.
1260 3049 1551 3107 Theodotus
1579 3051 1884 3108 Bizantinus
1903 3055 2073 3108 coria-

477 3142 586 3196 rius
613 3141 748 3197 idem
783 3160 897 3198 cum
923 3160 982 3199 eo
1012 3145 1351 3219 (Artetnone)
1383 3147 1622 3203 sentiens.
1664 3147 1729 3203 Hi
1762 3148 1868 3202 duo
1891 3148 2063 3203 haere-
2095 3179 2140 3244 ϐ

477 3233 590 3300 tici,
635 3236 718 3292 vel
770 3240 1014 3294 coetauei
1060 3238 1231 3307 fuere,
1281 3239 1365 3295 vel
1408 3244 1569 3295 celate
1615 3254 1881 3310 suppares
1924 3242 2069 3296 circa

476 3344 674 3387 annum
704 3329 907 3388 Christi
940 3333 1067 3389 200.
1101 3333 1415 3406 Divulgatos
1443 3350 1629 3392 eorum
1661 3349 1877 3392 errores
1905 3335 2069 3392 etiam

476 3424 663 3481 Romae
689 3426 873 3483 Victor
907 3428 1045 3501 Papa
1076 3432 1422 3486 anathemate
1447 3430 1744 3499 damnavit,
1772 3445 1894 3488 cum
1926 3432 2070 3503 ipso-

477 3532 599 3575 rum
628 3524 941 3579 auctoribus
963 3523 1337 3581 Theodotione
1364 3534 1416 3580 et
1442 3527 1684 3596 Artema.

786 3634 813 3708 ᾗ
842 3635 952 3693 VII.
983 3668 1049 3678 —
1079 3638 1159 3694 De
1187 3634 1362 3695 Paulo
1394 3640 1754 3697 Samosateno.

548 3750 678 3820 Qua:
709 3751 780 3809 de
801 3752 1081 3826 Cerintho,
1107 3755 1337 3823 Ebione,
1370 3758 1742 3816 Theodotione
1767 3768 1821 3816 et
1849 3761 2067 3817 Artema

476 3859 572 3917 per
599 3847 975 3917 compendium
1003 3863 1033 3903 a
1059 3850 1118 3903 D.
1138 3851 1438 3921 Augustino
1462 3867 1524 3907 ac
1554 3852 1899 3909 Theodoreto
1926 3854 2068 3907 dicta

477 3950 625 4006 sunt,
653 3939 765 4011 jam
808 3941 1127 3997 retulimus:
1169 3943 1329 3998 modo
1375 3944 1440 4000 de
1493 3944 1660 4000 Paulo
1710 3945 2068 4002 Samosatcno

475 4042 696 4102 agentes
726 4033 1034 4091 distinctius
1061 4038 1451 4092 recensitorum
1496 4039 1870 4094 haereticorum
1904 4040 2068 4111 impia

475 4124 725 4196 dogmata
755 4128 1116 4198 percipiemus
1136 4134 1165 4194 ,'
1190 4145 1311 4201 qua:
1340 4145 1369 4184 a
1398 4131 1752 4187 Samosateuo
1788 4143 2067 4200 renovata,

476 4227 534 4272 et
557 4231 588 4271 a
616 4216 673 4272 S.
711 4217 968 4290 Dionysio
999 4220 1364 4277 Alexandrino
1401 4232 1589 4278 contra
1629 4223 1803 4295 ipsum
1830 4234 2071 4296 pertrac-

478 4316 605 4376 tata,
630 4324 693 4365 ac
724 4311 775 4365 in
803 4313 1046 4368 conciliis
1067 4315 1420 4372 Antiochenis
1451 4317 1695 4374 discussa
1727 4330 1887 4389 atque
1921 4320 2071 4375 dam-

477 4412 599 4458 nata
628 4405 994 4463 manifestiora
1026 4420 1206 4466 erunt.
1240 4412 1527 4485 Dionysius
1555 4415 1737 4485 itaque
1766 4425 1952 4470 contra
1977 4414 2071 4470 de-

475 4510 593 4552 cem
625 4497 773 4555 Pauli
820 4500 1160 4560 Samosateni
1209 4509 1540 4577 quiestiones
1592 4509 1859 4577 scribens,
1886 4509 1958 4564 ita
2001 4508 2069 4565 de

2181 486 2615 562 (Samosatenus)
2664 493 2947 566 ingenitum
2991 495 3227 564 Patrem,
3269 499 3409 566 dicit,
3453 512 3497 557 ut
3534 507 3672 564 doceat

2179 576 2444 636 Christum
2474 592 2725 640 recentem
2754 602 2882 653 esse,
2911 598 2961 642 et
2995 601 3295 645 creaturam.
3324 590 3558 651 Christum
3576 614 3676 666 quo~

2178 687 2285 741 que
2315 684 2442 730 ante
2469 675 2689 732 Mariam
2724 693 2831 734 non
2866 678 3033 738 fuisse
3058 682 3306 752 jactabat.
3359 683 3429 739 Tu
3460 702 3556 743 vero
3579 690 3675 745 dicis

2178 766 2313 836 quod
2333 778 2451 822 ante
2479 766 2702 825 Mariam
2728 787 2827 826 non
2852 782 2979 827 erat.
3007 773 3085 830 Ita
3117 774 3172 830 S.
3206 775 3466 847 Dionysius
3482 791 3583 837 ante
3596 784 3677 853 pri-

2178 875 2319 914 mam
2372 863 2731 933 quaestionem
2780 864 2847 921 de
2905 868 3073 937 ipsius
3125 866 3438 925 Samosateui
3478 874 3679 944 opinione

2181 962 2434 1009 testatur.
2492 956 2687 1011 l’urum
2742 958 3018 1015 hominem
3049 960 3214 1017 fuisse
3250 961 3493 1020 Chrismm
3538 977 3680 1038 aperte

2177 1049 2376 1105 asserit
2422 1049 2540 1120 ipse
2585 1051 2802 1107 Paulus.
2859 1053 3101 1111 Videmus
3125 1058 3255 1111 enim
3296 1056 3523 1115 Christum
3551 1062 3610 1115 ire
3632 1065 3681 1119 ad

2184 1144 2499 1213 passionem,
2516 1155 2561 1198 et
2574 1145 2742 1199 dicere
2759 1161 2779 1200 :
2806 1146 2859 1200 Ν
2865 1164 2963 1202 unc
2981 1150 3155 1204 animo
3172 1167 3280 1204 mea
3294 1150 3477 1207 turbato
3489 1164 3566 1207 est.
3585 1156 3682 1226 Age,

2176 1247 2318 1292 estne
2363 1236 2473 1291 Iuro
2512 1248 2700 1292 natura
2745 1238 2875 1294 Dei?
2904 1240 3208 1313 Iterumque
3235 1253 3405 1297 contra
3430 1244 3683 1319 Dionysium

2176 1332 2363 1386 instat.
2414 1330 2563 1396 Quod
2608 1333 2853 1403 scriptum
2904 1345 3021 1389 est:
3050 1334 3247 1390 Tristis
3288 1345 3366 1391 est
3406 1339 3559 1392 anima
3597 1355 3684 1394 mea

2178 1438 2348 1495 usque
2376 1425 2441 1479 ad
2470 1420 2733 1489 mortem,
2762 1427 2828 1481 de
2856 1443 2956 1495 quo
2982 1428 3057 1483 vis
3103 1440 3157 1482 ut
3181 1430 3521 1499 conﬁteamur?
3547 1433 3687 1489 Annon

2177 1527 2252 1573 est
2274 1529 2460 1574 natura
2483 1518 2658 1587 homo,
2678 1523 2828 1593 cujus
2852 1522 3025 1577 anima
3046 1522 3209 1578 tristis
3234 1523 3341 1578 est?
3361 1524 3540 1582 Eodem
3565 1527 3690 1581 modo

2175 1613 2397 1669 caeteris
2427 1613 2480 1667 in
2511 1613 2766 1671 omnibus
2796 1615 3190 1685 quaestionibus
3210 1632 3359 1672 suum
3384 1618 3511 1674 hunc
3525 1619 3695 1679 refrical

2175 1722 2442 1763 errorem.
2489 1708 2764 1765 Christum
2811 1725 3033 1767 veroex
3080 1712 3295 1783 Virgine
3336 1722 3502 1770 natum
3541 1715 3694 1773 fatetur

2104 1785 2153 1846 Β
2180 1800 2319 1856 idem
2349 1801 2564 1856 Paulus.
2607 1800 2869 1872 Scriptum
2909 1812 2982 1858 est
3027 1804 3081 1858 in
3128 1803 3402 1878 Euangelio
3436 1806 3555 1877 quod
3601 1823 3694 1875 puer

2180 1896 2436 1950 crescebat
2512 1906 2559 1951 et
2619 1897 3043 1966 confortabatur,
3112 1901 3259 1969 quasi
3322 1901 3498 1955 diceret
3534 1918 3550 1955 :
3586 1900 3699 1955 Cres-

2177 1987 2322 2043 cebat
2369 1987 2546 2055 Iesus,
2592 2004 2655 2044 ea:
2685 1987 2887 2058 Spiritu
2932 1989 3124 2046 Sancto
3153 2002 3201 2045 et
3242 2008 3303 2046 ex
3349 1990 3508 2046 Maria
3543 1990 3701 2063 Virgine

2180 2091 2353 2137 natus.
2387 2080 2613 2135 Ehionis
2664 2081 2936 2137 intuerens
2974 2084 3182 2151 errori,
3218 2084 3330 2155 qui,
3356 2094 3408 2140 et
3431 2085 3534 2156 ipse
3558 2084 3699 2140 Iesum

2179 2173 2282 2244 (ut
2321 2189 2387 2228 ex
2430 2172 2635 2228 Hilario
2666 2188 2827 2245 supra
2877 2177 3203 2247 retulimus)
3236 2192 3299 2232 ex
3336 2176 3535 2248 Virgine
3559 2187 3700 2232 natum

2180 2266 2459 2334 agnoscit;
2498 2266 2548 2321 in
2597 2281 2665 2322 eo
2693 2281 2723 2321 a
2770 2265 3031 2323 Cerintho
3083 2279 3139 2325 et
3192 2270 3504 2340 Carpocrate
3544 2270 3706 2325 discor-

2178 2355 2337 2425 dans,
2368 2358 2458 2428 qui
2504 2358 2775 2414 Christum
2808 2361 3068 2416 volehant
3107 2371 3288 2415 natum
3333 2378 3435 2417 esse
3478 2361 3704 2416 secundum

2178 2463 2419 2507 naturam
2442 2467 2505 2506 ea:
2532 2436 2644 2506 uiro
2670 2463 2718 2507 et
2768 2454 3017 2520 muliere;
3048 2471 3229 2526 nempe
3253 2471 3315 2510 ea;
3340 2453 3517 2524 Ioseph
3542 2463 3578 2508 et
3615 2450 3707 2506 Ala-

2178 2550 2280 2613 ria,
2314 2558 2361 2601 et
2392 2548 2455 2602 de
2484 2556 2698 2618 utroque
2742 2564 2886 2603 sexu.
2942 2547 3324 2604 Theodorelus
3374 2558 3535 2601 tamen
3570 2548 3704 2615 ipsum

2178 2657 2395 2714 quoque
2429 2642 2691 2699 Ebionem
2722 2641 2977 2698 docuisse
3007 2642 3257 2712 perhibet
3290 2641 3541 2698 Christum
3569 2656 3621 2694 er
3639 2636 3709 2691 lo-

2175 2736 2302 2806 seph
2350 2744 2395 2789 et
2426 2735 2594 2790 Maria
2637 2752 2745 2790 esse
2785 2745 2961 2791 natum
3008 2734 3120 2808 (lib.
3170 2751 3210 2790 ιι
3250 2736 3312 2790 de
3368 2733 3605 2789 Ha'reticis
3651 2734 3710 2800 {a-

2177 2830 2309 2886 bulis
2338 2831 2401 2885 de
2428 2829 2731 2902 Ebionitis).
2780 2830 2923 2885 Duas
2961 2839 3139 2884 tamen
3177 2830 3536 2884 Ebiouitarum
3572 2832 3712 2879 sectas

2176 2924 2478 2995 distinguit,
2513 2940 2630 2995 quae
2655 2925 2707 2978 in
2739 2940 2807 2979 eo
2847 2933 3052 2979 tantum
3080 2921 3366 2978 discordes
3408 2929 3574 2985 erant,
3600 2915 3720 2997 quod.

2176 3034 2278 3073 una
2310 3017 2582 3073 Christum
2631 3031 2697 3070 ex
2744 3025 2975 3086 utroque
3003 3030 3136 3071 sexu
3165 3024 3350 3070 natum
3390 3013 3559 3077 vellet,
3580 3011 3712 3065 altera

2174 3125 2240 3166 ex
2272 3110 2515 3180 Virgine.
2549 3108 2702 3176 Quod
2745 3117 2798 3162 et
2842 3108 3111 3164 Eusebius
3161 3107 3401 3163 afﬁrmat
3438 3105 3574 3178 (Eas.
3601 3101 3712 3155 Hist.

2175 3202 2213 3258 ι.
2249 3218 2328 3269 ιιι,
2362 3208 2480 3271 cap.
2527 3202 2609 3272 '5).
2654 3200 2911 3269 Quamvis
2964 3209 3141 3255 autem
3173 3200 3449 3256 Christum
3489 3195 3714 3251 hominem

2174 3295 2381 3351 diceret
2400 3294 2823 3359 Samosateusis,
2848 3304 3187 3365 assumptum
3218 3305 3395 3349 tamen
3419 3299 3611 3362 propter
3627 3285 3714 3342 exi-

2174 3389 2335 3442 miam
2393 3387 2655 3442 Virtutem
2715 3387 2766 3441 in
2800 3386 2967 3441 Deum
3012 3386 3221 3442 voluit:
3255 3388 3327 3442 ita
3359 3394 3534 3441 contra
3577 3381 3716 3451 ipsum

2176 3481 2505 3553 Dionysius:
2546 3477 2699 3534 Vides
2745 3480 2798 3533 in
2827 3490 3075 3546 quantum
3118 3477 3334 3533 absurdi
3363 3487 3410 3532 te
3451 3473 3713 3547 prtecipilati

2173 3589 2291 3627 cum
2337 3574 2466 3627 dicis
2527 3570 2704 3627 Virum
2754 3580 3016 3639 sumptum
3066 3587 3099 3625 a
3132 3570 3241 3625 Deo
3284 3568 3461 3624 Verbo.
3502 3563 3718 3635 Superius

2175 3667 2337 3722 etiam
2362 3684 2374 3720 :
2402 3664 2701 3720 Absurdum
2729 3674 2901 3719 autem
2928 3676 3001 3719 est
3032 3657 3204 3719 dic'ere
3229 3664 3479 3719 hominem
3504 3658 3717 3715 Christum

2173 3761 2340 3832 magis
2359 3759 2469 3814 Deo
2492 3759 2748 3832 placuisse
2771 3776 2926 3831 quam
2958 3775 3133 3813 omnes
3165 3759 3397 3813 homines
3440 3755 3503 3809 ad
3530 3752 3721 3808 habitan-

2175 3856 2296 3909 dum
2325 3855 2380 3909 in
2411 3871 2491 3909 eo.
2524 3854 2690 3909 Deum
2724 3854 2906 3923 itaque
2939 3852 3208 3910 fatebatur
3235 3853 3502 3909 Christum
3529 3863 3620 3903 non
3647 3859 3720 3898 nil-

2174 3957 2317 4016 tura,
2346 3948 2442 4004 sed
2475 3946 2911 4018 participatione.
2971 3947 3150 4011 Quare
3203 3946 3347 4000 idem
3378 3943 3434 3999 S.
3478 3935 3721 4011 Dionysius

2173 4043 2474 4097 cavendum
2504 4051 2687 4096 tnonet
2736 4041 2803 4095 ab
2830 4055 2896 4095 eo
2928 4039 3072 4111 quod
3104 4039 3309 4095 Paulus
3331 4037 3538 4095 dixerit,
3567 4031 3719 4088 Chris-

2122 4188 2127 4191 Α
2177 4142 2287 4188 tum
2343 4143 2525 4188 uatum
2559 4149 2624 4188 ex
2655 4132 2857 4205 Spiritu
2888 4132 3090 4188 Sancto
3131 4138 3188 4186 et
3220 4131 3407 4185 Maria.
3441 4127 3560 4182 Cum
3599 4122 3723 4192 igitur

2174 4225 2364 4280 callide
2390 4228 2460 4279 ait
2493 4225 2844 4282 Samosatenis
2865 4241 2929 4279 ea:
2957 4225 3160 4295 Spiritu
3203 4223 3420 4290 Sancto,
3463 4230 3506 4273 et
3544 4216 3719 4273 Maria.

2175 4318 2407 4390 decipere
2433 4319 2559 4386 vult,
2592 4328 2647 4372 ut
2675 4320 2803 4373 sicut
2829 4318 3075 4387 scriptum
3100 4326 3195 4383 est,
3230 4332 3341 4372 non
3391 4330 3457 4371 ex
3484 4306 3724 4381 sanguini-

2175 4388 2298 4478 bus,
2328 4411 2422 4468 sed
2448 4428 2511 4467 ex
2538 4410 2649 4467 Deo
2681 4412 2789 4466 nati
2814 4421 2959 4478 sunt,
2995 4412 3073 4465 sic
3102 4409 3247 4465 dicat
3272 4410 3335 4463 de
3362 4405 3519 4471 Nato,
3552 4418 3606 4458 ex
3626 4388 3725 4453 Dei-

2176 4522 2324 4576 para.
2372 4505 2523 4573 Quod
2570 4514 2740 4560 autem
2792 4504 2917 4557 dicit
2957 4504 3240 4576 ingenitum
3294 4497 3525 4567 Patrem,
3553 4495 3654 4550 dicit
3682 4496 3722 4545 ut

476 4590 646 4660 ipsius
666 4593 807 4649 circa
829 4595 1104 4652 Christum
1145 4599 1432 4656 Dominum
1457 4603 1766 4672 opinionem
1796 4612 1925 4659 ante
1950 4603 2067 4674 pri-
2095 4577 2146 4638 Ῑ)
2173 4600 2346 4655 doceat
2374 4598 2634 4655 Christum
2660 4609 2911 4656 recentem
2939 4616 3047 4655 esse
3067 4609 3113 4654 et
3137 4606 3446 4653 creaturam.

476 4698 618 4740 mam
646 4688 1001 4757 qumstionein
1048 4693 1210 4749 habet
1235 4712 1249 4751 :
1274 4693 1418 4750 Dicis
1449 4696 1582 4751 duas
1607 4697 1911 4769 hypostases
1938 4714 2066 4763 esse,

473 4789 521 4833 et
550 4779 680 4835 duas
710 4798 975 4854 personas,
1008 4789 1161 4842 unius
1177 4798 1225 4843 et
1248 4791 1409 4845 solius
1435 4790 1645 4858 Christi,
1664 4801 1710 4845 et
1739 4793 1871 4848 duos
1891 4793 2069 4849 Chris-

472 4882 571 4944 tos,
595 4887 642 4933 et
669 4877 798 4936 duos
828 4878 1013 4948 Filios,
1041 4898 1200 4937 unum
1238 4895 1429 4940 natura
1457 4884 1648 4941 Filium
1682 4885 1799 4954 Dei,
1841 4890 1929 4958 qui
1970 4888 2070 4959 fuit

475 4979 592 5025 ante
621 4974 830 5039 stet-uta,
871 4981 919 5027 et
957 4988 1115 5027 unum
1156 4974 1458 5046 h‘amonyme
1484 4974 1764 5044 Christum,
1798 4987 1843 5033 et
1870 4977 2069 5034 Filium

475 5057 665 5129 David,
688 5064 774 5133 qui
803 5079 902 5118 non
926 5066 1027 5137 fuit
1044 5075 1179 5129 ante,
1201 5076 1249 5120 et
1271 5068 1371 5140 fuit
1391 5068 1445 5123 in
1465 5079 1706 5141 tempore,
1721 5080 1769 5124 et
1789 5073 2069 5127 secundum

477 5152 851 5224 beneplacitum
905 5155 1005 5213 Dei
1047 5159 1243 5230 accepit
1272 5174 1457 5215 nomen
1510 5160 1655 5217 Filii.
1719 5162 1809 5237 (In
1860 5162 1967 5234 Ep.
2003 5166 2070 5219 ad

478 5241 703 5300 Paulum
718 5245 1116 5304 Samosatenum
1133 5296 1146 5318 ,
1169 5269 1322 5325 quam
1348 5257 1502 5328 refert
1530 5238 1721 5323 Lablre,
1746 5264 1783 5310 t.
1810 5275 1863 5328 p.
1880 5254 2070 5313 Conci-

474 5340 659 5395 liorum
688 5342 741 5396 in
772 5343 1012 5398 concilio.
1045 5345 1281 5401 Antioch.
1309 5362 1416 5417 pr.,
1457 5364 1579 5419 pag;
1605 5348 1730 5416 850,
1749 5351 1832 5405 ed.
1862 5350 2065 5424 Paris.)
2100 5346 2105 5353 ’

474 5433 862 5492 Samosatenus
894 5436 1076 5507 itaque
1134 5440 1185 5493 in
1238 5438 1349 5493 Deo
1397 5454 1657 5509 personas
1700 5443 2069 5499 confundehat

476 5540 640 5582 unum
686 5527 851 5584 Deum
883 5545 1158 5597 asserens,
1213 5541 1270 5585 ut
1317 5532 1396 5586 illi
1434 5534 1725 5603 exprobrat
1756 5534 2064 5606 Dionysius.

475 5618 735 5688 Ecclesia,
765 5622 956 5692 inquis,
990 5624 1120 5678 duos
1146 5621 1283 5679 Deos
1310 5641 1412 5680 non
1442 5627 1603 5694 dicit,
1637 5643 1797 5693 neque
1825 5628 2070 5683 traditum

475 5718 687 5787 accepit.
720 5715 932 5777 Patrem
957 5732 1077 5777 eum
1101 5719 1240 5779 Filio
1269 5720 1631 5792 contundens,-
1657 5737 1815 5795 quem
1850 5722 1937 5777 hic
1977 5722 2071 5778 su-

485 5809 665 5884 pertus
690 5814 962 5891 referente
987 5816 1246 5892 Dionysio
1269 5816 1486 5881 dicebat
1512 5828 1699 5880 natura
1726 5818 1923 5886 Filium
1950 5816 2070 5883 Dei.

2246 4682 2442 4750 Contra
2466 4693 2565 4749 hos
2590 4694 2740 4750 Pauli
2768 4692 3108 4749 Samosateni
3125 4707 3348 4747 errores
3374 4683 3579 4745 concilii
3599 4675 3727 4755 primi

2174 4788 2499 4845 Antiocheni
2552 4788 2742 4844 Patres
2797 4787 2971 4844 eidem
3013 4787 3178 4842 Paulo
3225 4785 3574 4854 scripserunt.
3604 4774 3728 4831 Haut

2173 4892 2342 4937 autem
2368 4881 2564 4937 Filium
2592 4884 2819 4954 genitum
2852 4880 3186 4953 Unigenitum
3210 4878 3488 4953 imaginem
3522 4872 3607 4928 Dei
3626 4864 3732 4924 imi-

2173 4978 2359 5043 silrilis,
2388 4979 2782 5050 primogenitum
2828 4975 2992 5031 omnis
3031 4986 3281 5029 creaturae
3332 4970 3651 5043 sapientiam.
3694 4966 3731 5063 ξι

2187 5071 2429 5136 Verbum,
2483 5088 2543 5125 ac
2573 5071 2810 5126 uirtutem
2837 5067 2935 5124 Dei
2960 5060 3084 5124 inite
3113 5060 3305 5123 stecula
3336 5066 3439 5120 non
3488 5060 3731 5135 pra'cogni-

2174 5167 2309 5219 tidne
2333 5207 2348 5232 ,
2379 5165 2469 5225 sed
2511 5164 2814 5232 substantia,
2866 5174 2912 5217 et
2952 5162 3220 5235 hypothesi
3244 5160 3415 5215 Deum
3440 5156 3532 5211 Dei
3568 5148 3729 5207 Filium

2174 5274 2291 5313 cum
2338 5259 2391 5311 in
2425 5255 2597 5311 Veteri
2619 5266 2666 5310 et
2690 5253 2839 5311 Novo
2870 5254 3194 5311 Testamento
3233 5251 3575 5325 cognovimus,
3600 5238 3732 5308 eonﬁ-

2176 5364 2358 5418 tentur,
2387 5361 2431 5403 et
2460 5349 2822 5421 prtedicamus.
2862 5350 2963 5416 Qui
3009 5357 3178 5402 autem
3220 5356 3401 5401 contra
3427 5342 3545 5396 dicit
3570 5336 3730 5391 Filium

2170 5442 2271 5509 Dei
2304 5459 2405 5498 non
2448 5458 2556 5497 esse
2583 5452 2699 5496 ante
2741 5441 3154 5496 constitutionem
3180 5435 3383 5501 mundi,
3414 5433 3624 5501 dicitque
3640 5438 3731 5480 cre-

2177 5539 2311 5605 dere,
2347 5546 2395 5590 et
2416 5537 2652 5604 confiteri
2677 5553 2784 5591 esse.
2813 5535 2998 5599 Deum,
3022 5550 3123 5588 non
3145 5548 3252 5587 esse
3278 5529 3427 5583 aliud
3465 5538 3604 5597 quam
3628 5518 3734 5572 du“

2178 5625 2314 5682 Deos
2342 5627 2645 5698 pra'dicare.
2701 5627 2803 5692 Qui
2840 5625 2889 5679 F
2891 5625 3036 5679 ilium
3069 5623 3166 5678 Dei
3183 5638 3282 5677 non
3314 5635 3423 5675 esse
3452 5613 3604 5669 Deum
3626 5621 3734 5682 prtP'

2180 5724 2317 5780 dicat
2338 5764 2351 5789 ,
2404 5724 2537 5779 hunc
2575 5722 2801 5778 alienum
2830 5737 2935 5778 esse
2964 5722 3024 5775 ab
3056 5717 3299 5775 Ecclesiae
3330 5710 3526 5786 Regula
3549 5703 3735 5760 arbitra-

2189 5835 2327 5893 ’παῖε
2358 5830 2405 5879 et
2436 5836 2609 5878 omnes
2648 5816 2897 5878 Ecclesia
2942 5815 3222 5875 Catholica:
3241 5810 3506 5870 nobiscum
3523 5798 3733 5862 sentiam.
