3902 6324
161 300 245 354 ϐἰἸ

1525 293 2000 355 υΙΞΒΕῐιτΑΤΙΟ.

3304 299 3409 358 658

161 415 235 487 (In
261 410 410 485 Epist.
437 426 526 466 seu
554 410 933 481 Episcoporum
960 408 1286 466 Samosaten.
1319 410 1458 483 apud
1499 409 1715 483 Labbe.)
1742 415 1794 474 Α
1820 422 1991 468 autem
2045 414 2228 468 uirtute
2256 415 2687 487 prastantiorem.
2721 413 2935 471 Clarius
2979 414 3403 483 Samosateusis,

218 509 299 563 llis
323 508 457 562 circa
479 519 700 560 errores
725 503 878 559 Pauli
908 504 1249 560 Samosateni
1276 503 1670 560 animadversis
1697 522 1713 559 :

157 620 237 660 cur
258 601 311 656 S.
338 598 646 655 Patriarcha
678 596 988 653 Alexander
1013 596 1233 652 omissis
1257 594 1544 663 Cerintho,
1586 594 1719 651 Car-

157 706 353 773 poerate
391 705 553 766 atque
581 692 996 757 Theodotione,
1032 691 1100 747 de
1155 690 1364 746 Ebione
1403 698 1462 748 et
1496 689 1716 746 Artema

158 792 457 848 mentionem
487 784 868 843 tantummodo
897 784 1111 847 fecerit,
1155 793 1268 839 tum
1294 783 1466 853 ipsius
1488 781 1720 838 Ebionis

156 895 202 941 et
225 888 444 940 Artemte
471 896 593 938 cum
624 880 793 936 Paulo
813 880 1170 936 Samosateno
1191 878 1245 934 in
1274 892 1462 935 errore
1490 891 1719 933 consen-

157 982 241 1046 sio,
261 992 361 1035 tum
389 977 634 1035 Cerinthi
654 985 709 1033 et
730 976 1075 1047 Carpoeratis
1094 974 1366 1032 dissensio
1411 975 1479 1029 ab
1504 973 1718 1030 Ebione

156 1085 201 1131 et
224 1074 425 1130 Artamo
456 1071 508 1126 in
536 1084 696 1127 causa
729 1068 852 1134 fuit,
907 1068 1047 1139 quod
1098 1067 1151 1122 hi
1182 1067 1458 1123 Christum
1487 1080 1554 1120 ex
1592 1064 1718 1120 Vir-

154 1168 278 1240 gine,
298 1166 370 1220 illi
395 1179 527 1220 vero
544 1179 607 1220 ex
632 1161 836 1234 Joseph
859 1172 913 1219 et
961 1161 1129 1217 Maria
1154 1169 1338 1216 natum
1360 1158 1716 1216 asseruerint.

155 1260 222 1316 Ad
248 1258 670 1314 Theodotiouem
714 1271 846 1311 vero
887 1255 1029 1326 quod
1080 1263 1330 1324 spectat,
1383 1251 1516 1308 nihil
1556 1251 1624 1307 de
1652 1265 1719 1308 eo

154 1356 203 1411 S.
238 1351 598 1409 Patriareltam
627 1348 884 1404 videlicet
938 1347 1289 1413 meminisse;
1323 1360 1429 1400 non
1470 1358 1717 1401 errorum

153 1446 410 1503 diversitas
448 1442 518 1499 ad
543 1442 812 1499 silendum
860 1442 1093 1511 impulit,
1144 1440 1239 1496 sed
1289 1454 1425 1511 quos
1469 1437 1719 1494 Artemas

151 1538 512 1597 Theodotionis
538 1550 755 1593 errores
780 1536 1040 1593 clariores
1062 1534 1273 1591 fecerit.

154 1676 177 1749 θ
212 1673 337 1733 VIII.
376 1704 449 1717 —-
494 1674 605 1731 Arii
633 1690 833 1730 errores
884 1689 916 1727 a
956 1671 1017 1729 S.
1067 1672 1365 1727 Alexandro
1414 1668 1722 1727 Patriarcha

208 1779 514 1828 enumeratos
560 1769 795 1837 Ebionis,
830 1768 1069 1835 Artemis,
1099 1784 1161 1822 ac
1189 1766 1347 1823 Pauli
1386 1762 1713 1824 Samosateni

208 1864 448 1921 erroribus
478 1867 791 1936 conformes.

205 2001 369 2059 Primo
388 2000 447 2057 S.
478 1996 797 2054 Alexander
825 1997 1056 2053 Arianos
1099 1995 1277 2067 arguit
1304 2012 1319 2050 :
1352 1994 1455 2063 Qui
1481 2008 1717 2048 asserue-

150 2103 246 2151 rttnt
287 2105 486 2164 tempus
516 2090 797 2162 aliquando
843 2091 1024 2159 fuisse,
1053 2105 1170 2144 cum
1212 2105 1313 2144 non
1366 2074 1493 2143 esset
1543 2084 1717 2140 Filius

150 2190 247 2245 Dei.
281 2188 446 2244 Ebion
475 2203 628 2243 omne
663 2187 867 2241 initium
913 2183 1041 2240 Filii
1083 2200 1147 2240 ea:
1191 2183 1363 2237 Maria
1390 2180 1713 2236 concedebat.

148 2285 380 2340 Artemon
412 2280 707 2337 Dominum
737 2278 923 2336 Jesum
954 2278 1228 2334 Christum
1259 2275 1428 2330 solum
1460 2273 1717 2328 hominem

148 2391 237 2431 esse
282 2375 476 2430 dicebat
524 2381 702 2428 natum
746 2388 809 2427 ea:
843 2371 1075 2445 Virgine.
1108 2369 1307 2425 Paulus
1329 2366 1718 2424 Samosatenus

149 2470 377 2525 Christum
407 2465 641 2543 (aiebat)
692 2478 740 2523 et
769 2465 816 2519 F
820 2467 969 2522 ilium
1002 2463 1168 2519 David
1209 2463 1297 2533 qui
1323 2478 1423 2517 non
1452 2461 1548 2528 fuit
1576 2466 1713 2522 ante,

147 2574 186 2616 et
211 2565 366 2634 fuitin
396 2573 649 2633 tempore,
684 2561 1066 2629 hominemque
1096 2558 1294 2629 passim
1312 2568 1434 2612 esse
1464 2551 1679 2608 dicebat
1698 2591 1714 2618 ,

148 2667 196 2711 ut
214 2656 606 2712 adnotavimus.

206 2750 466 2822 Secundo,
506 2748 699 2805 Omnia
748 2747 883 2803 enim
910 2744 1077 2802 Deum
1106 2761 1171 2801 ea:
1196 2744 1359 2800 nihilo
1387 2742 1585 2816 fecisse,
1617 2754 1718 2811 qua

1820 505 2082 573 Ebionis,
2114 518 2169 563 et
2206 508 2444 564 Artemte
2467 522 2708 565 errorem
2745 516 2986 564 sectatus
3016 511 3253 580 ipsorum
3285 524 3415 567 seu-

1819 602 2044 657 tentiam
2072 602 2340 672 explicat:
2387 601 2532 657 Duos
2582 601 2765 674 (dicis)
2816 600 3004 667 Filios,
3037 618 3195 657 unum
3225 612 3417 659 natura

1817 693 2016 750 Filium
2043 694 2157 761 Dei,
2188 697 2275 767 qui
2305 696 2406 767 fuit
2433 707 2550 752 ante
2574 697 2786 765 uacula,
2829 706 2878 751 et
2923 712 3081 752 unum
3107 698 3417 770 homonyme

1818 788 2099 854 Christum,
2130 799 2178 843 et
2200 788 2401 844 Filium
2444 788 2643 856 David,
2674 792 2761 856 qui
2787 806 2887 845 non
2915 790 3016 863 fuit
3043 798 3180 855 ante,
3219 800 3269 846 et
3314 792 3417 862 fuit

1817 882 1874 936 in
1902 890 2150 950 tempore,
2179 893 2226 937 et
2256 883 2536 938 secundum
2570 884 2941 955 beneplacitum
2969 884 3066 940 Dei
3095 886 3291 955 accepit
3318 900 3415 940 no-

1817 992 1935 1031 men
1966 973 2116 1033 Filii.
2151 977 2225 1033 ita
2257 977 2547 1048 Dionysius
2576 987 2761 1033 contra
2789 971 3044 1044 Paulum,
3065 978 3364 1034 etinferius
3395 996 3411 1035 :

1818 1071 1909 1126 Ais
1935 1073 2068 1126 enim
2098 1072 2234 1144 quod
2276 1072 2494 1128 Verbum
2535 1081 2644 1129 erat
2692 1082 2813 1129 ante
2853 1072 3079 1128 Mariam
3104 1114 3118 1140 ,
3178 1069 3417 1129 Christus

1818 1180 1937 1219 vero
1967 1181 2071 1220 non
2095 1172 2204 1220 erat
2232 1176 2352 1220 ante
2379 1166 2622 1228 Mariam,
2653 1176 2703 1222 et
2725 1167 2862 1233 quod
2888 1164 3062 1220 Maria
3100 1182 3203 1220 non
3240 1166 3415 1237 genuit

1828 1255 2054 1311 Verbum
2084 1256 2212 1328 (non
2241 1258 2377 1311 enim
2409 1260 2578 1313 senior
2611 1257 2775 1314 Verbo
2801 1256 3031 1331 est),sed
3049 1257 3416 1333 genuitChrisv

1821 1359 1927 1405 tum
1951 1349 2134 1404 exinde
2162 1350 2467 1405 honoratum
2495 1351 2551 1404 in
2581 1349 2776 1406 Filium
2806 1350 2921 1405 Dei.
2955 1348 3233 1407 Christum
3258 1364 3415 1406 crea-

1824 1450 1997 1498 turam
2029 1456 2152 1499 esse
2184 1457 2289 1498 non
2319 1452 2509 1499 natura
2539 1442 2733 1499 Filium
2766 1442 2857 1499 Dei
2880 1442 3167 1501 manifesto
3195 1444 3416 1511 asserit.

1827 1536 1980 1603 Quod
2006 1544 2177 1590 autem
2207 1535 2333 1590 dicit
2357 1536 2639 1607 ingenitum
2682 1534 2908 1599 Patrem,
2951 1536 3097 1599 dicit,
3125 1546 3182 1591 ut
3211 1537 3414 1604 doceat,

1825 1627 2084 1683 Christum
2112 1632 2365 1683 recentem
2393 1643 2500 1683 esse
2527 1636 2574 1683 et
2605 1636 2913 1682 creaturam.
2943 1627 3021 1684 Ita
3053 1627 3201 1683 Pauli
3228 1626 3412 1683 dolum

1825 1720 2031 1792 profert
2057 1720 2460 1777 Alexandrinus
2488 1720 2796 1793 Dionysius.

1741 1816 1789 1876 Β
1886 1813 2025 1871 Aliis
2072 1814 2343 1870 haereticis
2391 1814 2611 1870 eosdem
2668 1827 2887 1870 errores
2935 1828 3001 1869 ex
3071 1813 3420 1871 Theodoreto

1817 1906 2131 1962 adscribunt
2178 1908 2387 1963 Domini
2419 1907 2715 1964 Ballerinii.
2749 1907 3077 1963 Contrarium
3115 1908 3251 1963 hunc
3278 1922 3414 1963 erro-

1818 2008 1922 2054 rem
1952 2000 2190 2056 undecim
2234 2010 2502 2057 tenuerunt
2530 2001 2957 2056 Iteterodoxorum
2996 2004 3146 2055 sectte
3190 2015 3222 2053 a
3250 1998 3418 2054 Theo-

1818 2094 1992 2148 doreto
2040 2096 2318 2150 nominata
2360 2095 2447 2149 lib.
2498 2106 2550 2149 XI
2596 2094 2840 2149 adversus
2882 2094 3118 2159 haereses,
3174 2092 3419 2147 nimirum

1819 2183 2094 2255 Ebionita',
2125 2186 2406 2254 Nazareni,
2438 2188 2779 2255 Cerinthiaui,
2808 2189 3068 2255 Artemon,
3100 2186 3421 2253 Theodotus,

1820 2279 2327 2348 Melchisedechiani,
2388 2280 2709 2348 Helceseita',
2762 2279 2964 2336 Paulus
3010 2280 3415 2345 Samosatensis,

1818 2371 2103 2439 Sabellius,
2131 2372 2431 2440 Marcellus,
2468 2373 2789 2440 Photiniani,
2814 2373 2996 2444 quibus
3026 2372 3280 2429 addenda:
3301 2371 3421 2426 alia:

1818 2466 1935 2521 dum
1962 2466 2480 2540 Carponhtianorum
2530 2486 2594 2524 ea:
2636 2467 2837 2524 [remeo
2864 2469 2951 2524 lib.
2997 2484 3047 2536 ι,
3098 2484 3212 2538 cap.
3244 2466 3339 2536 24,
3372 2470 3423 2523 et

1817 2558 2045 2615 Berittus
2087 2578 2149 2616 es
2179 2562 2420 2630 Eusebio,
2457 2561 2545 2617 lib.
2569 2578 2643 2629 vn,
2685 2580 2801 2633 cap.
2845 2562 2933 2618 ll.
2968 2561 3082 2618 Non
3129 2564 3200 2618 ita
3235 2572 3416 2619 tamen

1818 2662 1943 2708 sunt
1992 2653 2105 2709 haec
2160 2656 2495 2727 accipienda,
2554 2662 2615 2711 ut
2666 2655 2719 2711 in
2769 2656 3020 2713 omnibus
3066 2656 3119 2711 hi
3152 2656 3417 2713 htrresntn

1818 2746 2079 2804 Parentes
2104 2751 2498 2805 consenserint.
2528 2749 2781 2806 Nazzarei
2803 2750 3092 2822 siquidem,
3121 2750 3419 2822 Augustino

148 2846 370 2901 sententia
397 2846 561 2901 etiam
590 2842 787 2898 Filium
817 2841 915 2897 Dei
934 2838 1394 2913 comprehendunt.
1440 2836 1539 2893 Hic
1564 2849 1721 2891 ert"?
1823 2849 1985 2909 teste,
2013 2842 2288 2899 Christum
2319 2842 2413 2901 Dei
2453 2846 2644 2901 Filium
2676 2847 2999 2903 fatebantur.
3026 2846 3284 2903 Nazsarei
3304 2858 3418 2902 cunt

149 2940 256 2998 licet
282 2955 346 2996 ex
386 2938 830 3011 prmcedetttihus
860 2937 1100 3004 oriatur,
1128 2944 1368 2990 attamen
1398 2934 1451 2987 in
1482 2929 1723 3002 prmfalis
1821 2934 1921 2991 Dei
1973 2934 2020 2990 F
2022 2937 2169 2993 ilium
2212 2941 2554 3008 conﬁteantur
2587 2957 2694 2997 esse
2722 2938 3006 3009 Christunt,
3038 2944 3211 2997 omnia
3257 2953 3421 2997 tamen

148 3031 394 3090 haereticis
425 3045 751 3101 expressus
773 3045 879 3086 non
910 3029 1200 3099 reperitur.
1250 3026 1329 3083 ita
1385 3024 1490 3095 ipsi
1534 3022 1717 3079 Ariani
1821 3031 2000 3086 veteris
2024 3031 2150 3103 legis
2171 3032 2456 3087 observant.
2488 3033 2600 3102 Qua
2634 3035 2699 3088 de
2728 3050 2786 3091 re
2811 3050 2934 3091 eum
2980 3033 3312 3108 Epiphanius
3340 3033 3425 3089 di-

148 3125 431 3181 earumdem
463 3123 850 3179 haereticorum
883 3119 1213 3176 sententiam
1250 3116 1614 3188 explicabunt.

1826 3132 1910 3180 cat
1940 3141 1955 3181 :
1987 3123 2285 3180 Nazzareos
2316 3125 2479 3182 multa
2511 3143 2629 3182 cum
2658 3128 2862 3184 Ebione
2888 3127 3145 3183 habuisse
3174 3140 3423 3182 commu-

202 3216 392 3274 Tertio.
458 3217 661 3285 Quibus
718 3217 871 3271 etiam
937 3222 1304 3286 consequenter
1356 3211 1554 3266 addunt
1608 3225 1724 3264 eum
1752 3200 1798 3266 Ο
1830 3218 1939 3286 nia,
1964 3218 2067 3274 hoc
2096 3219 2161 3275 de
2187 3221 2563 3276 observatione
2601 3223 2848 3293 legalium
2879 3222 3284 3294 intelligendum
3317 3229 3421 3289 est,

150 3322 310 3367 natura
352 3328 508 3386 posse
539 3311 766 3376 mutari,
807 3308 1034 3364 Virtutis
1083 3317 1133 3362 et
1166 3305 1292 3362 Vitii
1318 3322 1425 3361 esse
1461 3319 1718 3374 capacem.
1827 3324 1948 3365 cum
1984 3320 2037 3367 et
2062 3312 2164 3384 ipsi
2196 3312 2417 3367 Ebiouei
2456 3314 2644 3385 legalia
2675 3324 2975 3370 servarent.
3010 3312 3230 3370 Ebionei
3249 3313 3426 3370 Chris-

152 3404 252 3462 tian
275 3406 406 3461 enim
428 3415 649 3467 natura,
678 3414 770 3459 aut
793 3403 1073 3473 quidquam
1102 3409 1285 3471 prmter
1312 3409 1525 3456 steteras
1557 3397 1724 3454 Filios
1829 3411 1936 3456 tum
1989 3404 2140 3457 etiam
2203 3405 2555 3459 tantummodo
2610 3404 2865 3460 hominem
2922 3406 3119 3460 dicunt.
3173 3404 3425 3461 Mandata

152 3500 354 3555 habuisse
391 3498 754 3571 praerogatiua:
803 3497 1029 3567 (nullum
1058 3511 1275 3566 namque
1303 3502 1493 3548 natura
1523 3491 1725 3546 Filium
1827 3496 2059 3550 carnalia
2083 3496 2209 3566 legis
2235 3498 2520 3565 observant,
2552 3499 2990 3554 circumcisionem
3012 3498 3209 3553 scilicet
3233 3498 3424 3565 carnis,

151 3589 231 3647 Dei
256 3609 352 3648 esse
379 3594 663 3664 afﬁrmant,
695 3602 858 3659 neque
880 3603 1181 3659 quemquam
1206 3603 1333 3653 esse,
1364 3585 1453 3655 qui
1480 3585 1588 3640 ulla
1609 3592 1724 3638 cum

152 3691 551 3761 eo_proprietate
594 3686 902 3757 coniunctus
932 3682 1062 3755 sit).
1093 3682 1185 3738 sed
1231 3696 1349 3736 cum
1376 3689 1505 3736 esset
1532 3692 1725 3736 natura

155 3756 374 3848 mutabili,
408 3791 458 3836 et
480 3756 699 3851 propter
723 3777 1038 3849 singularem
1067 3778 1122 3832 in
1148 3777 1250 3831 vita
1298 3783 1345 3828 et
1372 3773 1605 3827 moribus
1626 3772 1725 3825 rite

152 3874 449 3930 instituendis
507 3873 835 3946 diligentiam
890 3888 953 3925 ac
982 3868 1209 3924 studium
1239 3867 1438 3921 nonad
1476 3865 1598 3919 vitia
1637 3864 1727 3918 de-

153 3967 375 4037 ﬂecteret,
404 3967 584 4025 Deum
615 3983 729 4023 eum
762 3965 998 4037 elegisse.
1034 3963 1340 4019 Mutabilem
1381 3974 1502 4017 esse
1532 3969 1726 4015 natura

153 4058 396 4117 Christum
445 4076 515 4118 ex
568 4060 663 4116 illo
687 4059 825 4115 falso
870 4065 1081 4115 asserto
1115 4056 1360 4127 sequitur
1389 4069 1497 4124 quo
1548 4052 1725 4109 Ebion

138 4159 199 4208 et
251 4156 493 4211 Artemas
574 4152 849 4208 hominem
918 4138 1097 4221 ipsum
1159 4163 1281 4205 esse
1352 4146 1727 4204 tantummodo

154 4246 398 4315 volebant,
450 4260 628 4319 quare
666 4253 793 4316 apte
839 4244 898 4301 S.
955 4242 1265 4299 Alexander
1322 4241 1494 4299 dicit:
1533 4237 1729 4305 Quibus

155 4340 281 4394 etiam
304 4348 677 4413 consequenter
701 4338 919 4393 addunt.
953 4337 1342 4391 Samosatenus
1367 4348 1498 4390 vero
1536 4338 1725 4400 aperte

156 4430 274 4489 hunc
298 4436 539 4494 asseruit
569 4446 837 4490 errorem.
864 4428 1133 4499 Quomodo
1160 4429 1319 4500 igitur
1338 4428 1424 4498 qui
1451 4425 1724 4490 crescebat,

1828 3597 1876 3643 et
1898 3599 2102 3656 ctetera,
2143 3606 2175 3643 a
2194 3604 2414 3660 quorum
2436 3591 2670 3646 oneribus
2707 3607 2800 3661 per
2828 3602 3015 3647 novum
3049 3590 3427 3646 Testamentum

1830 3680 2029 3736 liberati
2052 3698 2228 3737 sumus
2256 3683 2345 3755 (S.
2374 3684 2510 3757 Aug.
2543 3686 2607 3740 de
2638 3683 2781 3739 Hier.
2830 3701 2878 3738 c.
2924 3683 3012 3750 l0,
3038 3682 3066 3757 ᾗ
3089 3684 3165 3757 7).
3207 3682 3429 3738 Dissen-

1828 3774 2036 3830 tiebant
2066 3766 2247 3847 itbque
2274 3776 2420 3832 circa
2464 3776 2809 3832 Dlviuitatem
2838 3774 3041 3833 Christi
3070 3776 3345 3842 Nazzarei,
3378 3784 3432 3830 et

1830 3866 2122 3935 Ehionitas,
2172 3869 2227 3925 hi
2276 3872 2646 3926 tantummodo
2696 3870 2990 3937 hominem,
3043 3870 3117 3926 illi
3160 3886 3289 3926 vero
3336 3870 3429 3925 Dei

1829 3962 2024 4018 Filium
2056 3974 2411 4033 agnoscentes
2437 3964 2709 4020 Christum
2745 3984 2758 4019 :
2799 3963 3112 4020 Cerinthum
3137 3979 3348 4033 quoque
3376 3972 3430 4018 ct

1830 4055 2158 4129 Carpocram
2192 4058 2246 4113 in
2282 4072 2349 4113 eo
2376 4070 2483 4114 non
2506 4061 2798 4115 convenire
2825 4074 2945 4114 cum
2975 4058 3180 4114 Ehioue
3206 4056 3432 4112 adnota—

1830 4150 2029 4213 vimus.
2052 4164 2174 4206 cum
2209 4152 2295 4207 hie
2316 4168 2381 4208 ex
2415 4152 2657 4223 Virgine.
2693 4153 2769 4208 illi
2812 4168 2875 4208 ex
2905 4151 3130 4222 Joseph,
3163 4159 3216 4206 et
3245 4149 3429 4219 Maria,

1826 4243 1976 4299 etde
2004 4251 2231 4314 utroque
2255 4258 2392 4301 sexu
2412 4244 2682 4300 Christum
2716 4252 2899 4299 natum
2922 4256 3045 4299 esse
3072 4241 3431 4298 asserueriut.

1834 4337 2125 4393 Photinum
2174 4352 2302 4393 vero
2330 4337 2555 4394 Ebionis
2586 4345 2644 4393 et
2674 4337 2826 4393 Pauli
2854 4336 3188 4395 Sumbsat’cni
3222 4344 3434 4391 errores

1833 4430 2109 4487 refrixisse
2150 4438 2258 4486 non
2284 4438 2365 4486 est
2404 4430 2806 4502 ambigendum.
2839 4428 2992 4485 Hune
3023 4428 3164 4485 circa
3199 4426 3435 4483 medium

157 4534 194 4579 et
214 4526 624 4597 confortabatur,
654 4523 792 4578 hunc
820 4523 952 4578 dicis
981 4531 1099 4576 ante
1126 4520 1317 4576 attenta
1347 4534 1473 4575 esse.
1505 4518 1563 4573 ὃ.
1594 4531 1730 4587 qno-
1757 4593 1785 4597 _
1832 4524 2011 4595 quam
2034 4525 2217 4578 smcun
2246 4525 2298 4578 in
2330 4524 2560 4579 concilio
2588 4523 2915 4588 SardicensL
2942 4532 2999 4578 et
3029 4522 3098 4577 ab
3129 4521 3260 4592 ipsis
3280 4521 3435 4576 Aria-

155 4631 240 4688 que
266 4593 561 4694 Dionysius
587 4633 778 4677 contra
828 4620 1245 4676 Samosateunm
1296 4615 1458 4671 infert
1489 4612 1728 4694 hoc_ab-
1755 4593 1809 4656 Ῑ)
1837 4593 1989 4673 nisln
2009 4617 2291 4674 Sirmiensi
2317 4632 2505 4672 eorum
2535 4617 2911 4673 conventiculo
2934 4615 3268 4682 damnatum,
3294 4614 3438 4685 ejus-

157 4712 349 4768 ttmlum
401 4689 586 4784 ipsius
626 4714 901 4769 instantiae
953 4709 1323 4782 sespondens,
1373 4724 1477 4779 qua
1521 4689 1728 4762 Iexlum
1834 4723 1940 4781 que
1960 4709 2220 4765 sectarios
2255 4709 2313 4764 Ι).
2349 4708 2618 4765 Zenonem
2642 4710 2919 4778 impetisse
2948 4708 3134 4762 volunt
3159 4705 3348 4761 eadem
3384 4706 3438 4761 in

158 4801 406 4877 Evangelii
434 4805 717 4877 opposuit.
756 4803 944 4860 Tristis
996 4808 1070 4858 est
1108 4803 1280 4857 anima
1306 4810 1420 4855 mea
1462 4813 1620 4866 usque
1663 4796 1731 4851 ad
1833 4802 2182 4857 adnatatiane
2235 4802 2443 4858 Domini
2503 4802 2806 4858 Billerinii.
2862 4799 3166 4855 Photiniani
3209 4799 3439 4853 omnium

158 4904 378 4965 mortem;
408 4898 697 4953 subdens:
729 4896 972 4967 Alioqui,
1007 4905 1053 4950 et
1084 4894 1339 4964 Spiritum
1371 4891 1620 4948 Sanctum
1645 4890 1730 4944 in.

158 4989 321 5061 telliget
349 4991 741 5048 Samosatensis
776 4991 1040 5063 patibilem
1073 5005 1199 5044 esse.
1235 4987 1351 5042 Non
1389 5000 1511 5041 esse
1547 4994 1730 5039 autem

156 5077 399 5139 Christum
442 5093 642 5139 natura
688 5083 882 5138 Filium
914 5082 1092 5138 Patris
1124 5080 1361 5145 IEterni,
1399 5091 1632 5148 eumque
1661 5076 1731 5131 ob

156 5176 355 5233 eximias
381 5179 620 5234 virtutes
657 5178 709 5232 in
742 5177 862 5232 Filii
892 5176 1208 5247 dignitatem
1239 5181 1601 5244 assumptum,
1629 5171 1732 5226 do-

158 5267 488 5327 cebatEbion
543 5286 610 5328 ex
642 5272 810 5326 allato
848 5271 906 5327 S.
944 5270 1129 5326 Hilarii
1159 5277 1311 5328 textu
1337 5287 1350 5325 :
1380 5267 1587 5324 Hebion
1631 5283 1734 5323 non

158 5375 210 5413 es
246 5361 346 5419 Deo
392 5365 605 5421 homine
636 5363 799 5419 Deum
846 5367 1092 5435 proferat.
1150 5362 1524 5420 Theodoretus
1570 5362 1735 5417 etiam

160 5459 365 5511 testatur
413 5457 647 5513 Ebionis
694 5472 938 5513 errorem
984 5456 1251 5512 referens.
1307 5454 1479 5509 Homo
1526 5452 1732 5523 quidem

158 5551 286 5616 erat,
330 5552 422 5607 sed
469 5553 679 5619 virtute,
723 5553 937 5625 vittaque
984 5552 1300 5618 innocentia,
1348 5559 1398 5606 et
1444 5549 1737 5622 integritate

159 5641 258 5697 aliis
282 5645 643 5702 antecellebat.
675 5646 746 5703 Et
790 5647 850 5703 S.
880 5646 1215 5718 Augustinus
1250 5662 1261 5675 ·
1293 5645 1563 5715 Accepisse
1606 5638 1736 5716 (Je-

160 5734 279 5808 sum)
307 5740 460 5796 latent
481 5742 734 5807 animam,
755 5756 870 5813 quat
898 5736 1047 5796 sciret
1073 5758 1135 5797 ea
1170 5756 1286 5814 quat
1305 5756 1526 5811 superna
1545 5748 1729 5799 essent.

160 5832 289 5903 deus
316 5831 604 5891 nuntiaret.
654 5831 805 5893 Idem
830 5833 1102 5894 sentiebat
1148 5832 1422 5893 Atte‘mas.
1455 5832 1733 5911 Prop/telis

1836 4895 2123 4960 novissimi,
2156 4910 2282 4965 quos
2316 4894 2419 4964 ipsi
2455 4893 2635 4948 Ariani
2676 4894 3100 4955 condemnarunt,
3132 4893 3225 4944 hoc
3265 4889 3375 4943 loco
3408 4903 3443 4942 a

1832 4989 2039 5045 Zenone
2061 4989 2286 5044 indicari
2314 4990 2547 5044 videntur
2572 5003 2637 5043 ea:
2681 5004 2741 5042 ea
2766 4986 3051 5060 prtesertim
3093 4982 3339 5055 formula,
3383 4991 3442 5037 ut

1835 5086 2045 5155 quidam
2058 5093 2258 5157 putant.
2286 5083 2355 5140 At
2379 5085 2569 5154 pomit,
2594 5091 2648 5138 et
2671 5083 2998 5138 vetustiores
3034 5078 3316 5133 luereticos
3341 5076 3443 5131 im-

1836 5187 2023 5250 petere
2052 5179 2119 5234 D.
2153 5177 2303 5233 Zeno
2334 5173 2566 5233 Gallieni
2593 5175 2929 5247 temporibus
2960 5172 3225 5230 scribens.
3256 5168 3441 5228 Sancti

1841 5272 2060 5343 quidem
2105 5271 2359 5326 Prtesnlis
2389 5269 2554 5326 verba
2601 5282 2696 5324 eos
2730 5275 2933 5323 tantum
2982 5265 3299 5336 reapiciunt,
3348 5260 3441 5331 qui

1838 5365 2110 5422 Christum
2142 5378 2334 5436 purum
2365 5364 2634 5419 hominem
2672 5361 3039 5417 affirmabant.
3085 5358 3146 5413 Si
3187 5355 3441 5409 hominem

1838 5460 2005 5514 solum
2029 5501 2045 5526 ,
2096 5460 2227 5514 sicut
2271 5459 2478 5531 quidam
2528 5464 2748 5529 putant,
2783 5455 2845 5510 ab
2874 5463 3017 5508 tttero
3064 5449 3296 5520 Virginis
3327 5461 3443 5500 eum

1841 5553 2118 5623 sumpsisse
2165 5553 2495 5625 principium,
2541 5565 2653 5623 qum
2704 5560 2817 5621 spes
2869 5553 3056 5620 futura:
3102 5537 3442 5596 Beatitudinis

1842 5644 2089 5711 credenti,
2114 5662 2229 5701 cum
2259 5648 2507 5717 scriptum
2537 5646 2603 5700 sit
2624 5661 2645 5704 :
2675 5642 2980 5699 Maledictus
3010 5639 3178 5699 homo,
3211 5633 3300 5703 qui
3326 5640 3443 5699 spes

1842 5738 1991 5796 habet
2032 5741 2083 5797 in
2130 5739 2380 5799 homine?
2408 5740 2486 5798 Ex
2511 5741 2576 5823 iis
2605 5740 2735 5797 vero
2776 5738 2873 5791 eos
2918 5732 3186 5806 praecipue
3232 5723 3323 5798 qui
3374 5737 3442 5823 ea

1840 5835 2064 5911 Virgine
2112 5844 2297 5901 natum
2341 5822 2670 5913 fatebantur,
2718 5842 2778 5925 ut
2828 5832 3026 5899 Ebion,
3065 5828 3337 5921 attentas.
3387 5822 3444 5884 et
