3902 6324
491 263 598 324 659

1638 267 1726 324 DE
1755 266 2005 325 SANCTl
2044 266 2340 328 ZENONIS
2378 269 2648 328 EPOCHA
3627 281 3707 335 ΜΟ

491 381 695 441 Paulus
724 383 1110 443 Samosatenus
1137 400 1151 438 :
1201 383 1318 442 Non
1347 396 1479 440 vero
1502 381 1864 451 :Cerintbum,
1885 381 2093 454 Carpo-
2121 385 2173 444 Α
2201 398 2338 438 mus.
2376 383 2494 438 Nos
2536 392 2709 440 autem
2735 399 2848 454 qua:
2885 385 2951 438 sit
2982 395 3165 440 nostra
3185 387 3422 440 sententia
3448 387 3533 458 (ita
3560 391 3711 463 Arius)

491 492 663 545 cram,
692 478 936 549 aliosque
968 477 1241 535 Christum
1274 494 1339 536 ex
1367 477 1569 548 Joseph
1591 520 1607 547 ,
1636 489 1690 535 et
1715 476 1904 544 Maria,
1938 491 2001 531 ac
2028 476 2095 532 de

493 579 725 641 utroque
753 585 884 627 sexu
931 579 1116 627 natum
1145 571 1604 642 blasphemantes.
1653 571 1824 638 Quem
1851 583 2093 624 errorem

493 677 688 734 nempe
715 662 986 719 Christum
1015 680 1206 735 purum
1252 663 1523 719 hominem
1554 677 1622 719 ex
1647 662 1869 732 Virgine
1912 670 2094 716 natum

491 765 652 812 {etate
696 755 930 812 Gallieni
977 759 1030 812 in
1062 757 1301 813 Ecclesia
1333 758 1604 828 serpuisse
1645 771 1709 811 ac
1763 757 2093 826 divulgatum

490 849 680 916 fuisse,
714 849 940 905 inferius
985 849 1498 906 demonstrabimus.
1544 850 1762 906 Interim
1807 849 2096 904 adnotasse

491 941 731 1000 Sufficiat
768 942 825 998 S.
863 941 1227 999 Alexandrum
1272 944 1638 1000 Patriarcham
1668 941 2094 998 Alexandrinum

491 1034 546 1092 in
590 1035 805 1090 laudata
856 1035 1086 1104 epistola
1130 1036 1411 1103 Ebionem,
1446 1035 1722 1092 Artemam
1751 1050 1814 1089 ac
1841 1033 2094 1088 Samosa-

497 1136 684 1184 tenum
711 1143 1062 1184 enumerasse
1113 1139 1240 1187 ante
1269 1128 1608 1198 Gallienum,
1654 1129 1931 1199 ipsiusque
1971 1127 2097 1183 Gal-

492 1220 621 1278 lieni
651 1231 833 1289 aetate,
883 1229 1068 1293 utpote
1115 1225 1205 1294 qui
1249 1224 1420 1294 magis
1451 1223 1504 1278 in
1548 1237 1736 1278 errore
1786 1221 2096 1278 conformcs

494 1315 709 1373 Arianae
737 1315 932 1374 ltmresi
963 1325 1208 1372 stravere
1236 1321 1397 1371 viam.

499 1453 647 1526 §IX.
687 1453 841 1510 Arius
869 1456 1006 1509 circa
1057 1472 1179 1510 suos
1222 1471 1419 1510 errores
1448 1455 1743 1509 inconstans
1797 1463 1846 1509 et
1893 1454 2086 1507 varius.

568 1589 628 1647 S.
681 1590 994 1648 Alexandro
1039 1592 1106 1646 ad
1155 1591 1577 1648 Alexandrinam
1630 1587 1955 1645 Cathedram
2002 1605 2094 1644 as-

505 1693 742 1754 sumpto,
791 1685 974 1752 Arius,
1042 1685 1133 1755 qui
1165 1699 1225 1740 se
1267 1684 1630 1756 posthabitnm
1662 1683 1844 1753 iniquo
1893 1683 2097 1738 ferebat

2199 492 2496 544 sensusque,
2527 486 2574 532 et
2597 475 2868 531 docuimus
2907 485 2957 531 et
3012 477 3248 532 docemus
3275 476 3359 532 :F
3360 480 3495 532 ilium
3515 483 3713 539 nimirum

2199 583 2358 635 neque
2385 569 2666 641 ingenitum
2681 584 2809 632 esse,
2838 585 2998 639 neque
3017 570 3210 638 partem
3238 571 3437 640 ingeniti
3457 573 3548 626 ulla
3575 578 3712 643 modo,

2200 679 2359 727 neque
2383 680 2449 718 ex
2496 665 2603 718 ullo
2631 663 2893 736 subjecto,
2925 665 3016 718 sed
3055 665 3306 719 voluntate
3343 675 3387 720 et
3422 669 3606 722 consilio
3627 682 3718 725 ante

2199 767 2430 829 tempora
2454 801 2467 823 ,
2519 768 2563 812 et
2608 770 2726 811 ante
2752 759 2940 813 stecula
2969 758 3174 828 plenum
3204 759 3359 813 Deum
3381 761 3598 822 extitisse.
3623 766 3718 817 uni-

2199 853 2444 921 genitum,
2485 853 2870 918 immutabilem,
2898 863 2946 909 et
2995 864 3115 908 ante
3151 871 3300 925 quam
3341 857 3617 927 gigneretur,
3652 870 3720 913 aut

2200 947 2523 1015 conderetur,
2553 959 2645 1002 attt
2688 950 3034 1018 prce/iniretur
3059 966 3160 1004 non
3188 951 3380 1020 fuisse:
3416 970 3520 1006 nam
3563 955 3720 1024 ingeni-

2201 1047 2307 1092 tunt
2335 1057 2437 1093 non
2468 1052 2594 1094 erat.
2645 1041 2984 1112 Exagitamur
3022 1044 3180 1113 igitur
3222 1046 3356 1114 quod
3384 1044 3563 1099 Filium
3604 1049 3721 1115 prin-

2200 1132 2414 1200 cipium,
2448 1131 2614 1186 Deum
2648 1132 2857 1188 Patrem
2901 1150 3075 1187 carere
3119 1136 3363 1208 principio
3399 1136 3592 1191 dicimus
3620 1156 3634 1203 ;
3659 1150 3721 1192 at.

2199 1241 2296 1292 que
2322 1234 2428 1278 tum
2446 1225 2540 1278 hac
2570 1226 2632 1279 de
2661 1243 2840 1289 causa.
2867 1238 2973 1281 tum
2999 1230 3136 1299 quod
3167 1231 3397 1288 dicimus.
3423 1247 3527 1283 eum
3545 1247 3600 1285 ex
3617 1233 3722 1284 nihi-

2203 1317 2250 1370 lo
2265 1329 2521 1382 constare,
2549 1336 2640 1373 nos
2653 1332 3026 1391 persequuntur
3054 1323 3355 1377 adversarii.
3388 1321 3530 1378 Istud
3549 1341 3647 1379 vero
3669 1326 3725 1380 sic

2199 1409 2314 1462 ideo
2343 1410 2678 1476 asset-nimus,
2707 1412 2845 1480 quod
2881 1428 2980 1466 non
3011 1413 3078 1467 sit
3111 1429 3231 1478 pars
3262 1412 3355 1467 Dei
3384 1411 3563 1474 Patris,
3604 1429 3727 1482 neque

2199 1516 2262 1554 ex
2321 1501 2426 1554 ullo
2468 1501 2696 1570 subjecto
2744 1505 2948 1559 existat.
2999 1504 3115 1560 [Iac
3145 1506 3210 1560 de
3259 1523 3312 1560 re
3345 1523 3430 1560 nos
3472 1506 3729 1559 insectantur

2200 1589 2386 1658 (Extat
2417 1593 2557 1662 apud
2587 1591 2809 1660 Tlteod.,
2848 1593 2988 1650 Ilist.
3018 1595 3172 1660 εδει,
3219 1613 3333 1664 cap.
3363 1597 3437 1665 4).
3464 1595 3592 1651 ldem
3613 1611 3729 1664 pres-

2199 1685 2312 1740 sius
2341 1726 2353 1749 ,
2380 1695 2434 1739 at
2483 1687 2670 1755 majori
2711 1701 2832 1742 cum
2861 1687 2985 1741 dolo
3032 1691 3297 1756 expressit
3343 1690 3552 1757 ipsemet
3601 1689 3731 1744 Euse~

494 1777 696 1846 animo,
727 1777 927 1833 invidia
975 1778 1256 1834 tabescens
1302 1778 1702 1849 Alexandrique
1751 1779 1803 1834 in
1860 1778 2091 1832 illibatos
2122 1782 2168 1842 B
2201 1779 2316 1832 hius
2341 1777 2768 1834 Nicontediensis
2805 1781 2914 1833 Arii
2945 1779 3271 1850 Atina-atquc
3317 1780 3524 1834 hieresis
3553 1781 3726 1834 validis-

494 1885 678 1926 morcs
717 1870 912 1925 mutit‘e
941 1884 1064 1925 cum
1107 1885 1212 1924 non
1245 1881 1448 1940 posset,
1492 1871 1546 1926 in
1579 1871 1746 1940 ipsius
1789 1870 2094 1924 doctrinam

493 1961 710 2018 dentem
737 1977 931 2018 acuere
962 1977 1128 2018 ausus
1149 1971 1251 2019 est.
1288 1962 1426 2018 Nunt
1449 1980 1564 2018 cum
1588 1962 1649 2019 S.
1678 1963 1973 2018 Alexander
2003 1961 2094 2015 Fi-

495 2058 621 2112 liunt
665 2057 997 2128 conﬁteretur
1026 2059 1220 2112 honore
1266 2056 1418 2112 Patri
1461 2058 1730 2128 (aqualem,
1768 2074 1828 2110 ac
1873 2056 2100 2127 ejusdem

496 2152 729 2205 essentia:
747 2192 765 2218 ,
800 2167 866 2205 ex
895 2151 1108 2207 aduerso
1140 2152 1296 2206 Arius
1325 2151 1373 2204 F
1377 2152 1524 2206 ilium
1552 2151 1738 2222 nugari
1777 2151 1926 2222 coepit
1954 2166 2098 2204 crea-

498 2252 688 2309 turam,
721 2252 767 2297 et
787 2243 1068 2312 facturam,
1101 2252 1147 2296 et
1174 2243 1334 2314 fuisse
1371 2243 1577 2314 quando
1623 2259 1725 2298 non
1753 2251 1882 2306 erat,
1910 2253 1959 2298 et
1987 2257 2101 2306 quia

497 2337 664 2407 magis
691 2346 806 2390 sunt
832 2337 1010 2405 impia.
1043 2336 1217 2407 Digna
1238 2340 1467 2408 profecto
1509 2351 1625 2406 quin
1668 2336 1910 2390 oblivioni
1947 2352 2096 2390 man.

499 2430 684 2482 dentur
714 2443 776 2481 ac
823 2437 1014 2482 ceterno
1043 2428 1271 2482 silentio.
1297 2428 1372 2483 Ita
1401 2428 1694 2500 Gregorius
1716 2429 2097 2484 Ctesareensis.

499 2519 756 2588 Quamvis
783 2521 924 2575 enim
973 2531 1028 2576 et
1057 2520 1275 2576 vivente
1323 2523 1716 2592 gloriosissimo
1766 2522 1999 2596 Martyre
2040 2525 2099 2582 S.

499 2611 662 2668 Petro
706 2613 1072 2670 Alexandrino
1122 2613 1429 2670 Patriartha
1451 2616 1596 2670 virus
1645 2617 1900 2686 coepisset
1946 2634 2100 2673 suum

501 2705 662 2760 Arius
703 2721 978 2773 evomere,
1022 2722 1194 2779 eaque
1231 2709 1297 2764 de
1326 2724 1487 2764 causa
1518 2708 1678 2764 fuerit
1717 2711 1787 2765 ab
1813 2728 1880 2766 eo
1907 2711 2103 2782 degra-

499 2799 695 2855 datus:
726 2801 968 2856 Attamen
997 2813 1118 2856 tunc
1142 2804 1224 2876 (ut
1251 2803 1542 2859 Cluistiani
1582 2803 1718 2876 Lupi
1752 2807 1934 2862 verbis
1965 2807 2103 2878 utar)

500 2902 677 2962 utpote
701 2895 954 2949 duntaxat
985 2895 1246 2951 Diaconus
1274 2898 1558 2968 praedicare
1601 2909 1648 2952 et
1701 2901 1904 2969 publice
1941 2918 2106 2973 papu-

503 2986 614 3040 lum
645 2985 846 3052 docere
876 2991 1094 3044 necdum
1126 3001 1348 3059 poterat.
1385 2992 1674 3046 Alexandri
1707 3009 1836 3048 vero
1866 3005 2106 3064 tempore

500 3078 611 3148 jam
642 3078 911 3136 Sacerdos
957 3097 1020 3139 ac
1047 3082 1209 3139 Verbi
1262 3083 1587 3154 praedicandi
1636 3086 1737 3156 ipsi
1784 3087 2105 3143 demandata

2201 1869 2369 1924 simus
2400 1881 2799 1941 propugnator:
2848 1869 3028 1940 Neque
3049 1873 3179 1924 enint
3231 1871 3293 1925 de
3332 1871 3516 1925 duobus
3540 1873 3733 1942 ingenitis

2201 1981 2292 2017 nos
2323 1964 2637 2030 audiuimus,
2679 1981 2841 2034 neque
2870 1981 3031 2018 unum
3061 1966 3116 2019 in
3146 1966 3252 2020 duo
3277 1966 3503 2031 diuisum,
3535 1982 3667 2034 neque
3685 1967 3734 2018 il-

2202 2057 2292 2112 lud
2321 2059 2483 2111 ullam
2502 2074 2802 2128 corpoream
2851 2057 3174 2126 alfectionem
3225 2058 3433 2113 subiisse
3472 2059 3732 2121 didicimus,

2199 2151 2538 2214 credimusve,
2577 2150 2792 2204 Domine
2821 2152 2889 2205 mi
2925 2149 3165 2217 Pauline,
3195 2152 3285 2206 sed
3313 2169 3464 2206 unum
3481 2153 3731 2222 ingenitum,

2203 2259 2365 2296 unum
2381 2259 2442 2296 ex
2466 2259 2523 2296 eo
2547 2259 2676 2306 vere,
2710 2243 2799 2296 sed
2843 2261 2946 2297 non
2993 2260 3056 2298 ex
3084 2245 3372 2298 substantia
3390 2247 3498 2316 ejus
3525 2244 3735 2314 genitum,

2204 2345 2403 2390 natura:
2418 2337 2632 2405 ingeniti
2654 2337 2878 2399 ontnino,
2902 2347 2952 2391 et
2973 2340 3086 2410 ejus
3108 2337 3343 2391 essentia:
3367 2352 3537 2406 expers
3559 2333 3634 2405 (In
3655 2332 3736 2401 Ep.

2203 2428 2271 2482 ad
2302 2427 2562 2499 Paulin.).
2595 2427 2766 2484 Uttum
2792 2430 3086 2499 ingenitum
3109 2447 3233 2484 eum
3270 2427 3741 2486 EcclesiaCatholica

2205 2521 2426 2589 fatetur,
2459 2532 2516 2577 ut
2541 2523 2783 2576 videatur
2810 2521 3083 2577 Menandri
3115 2539 3360 2579 errorem
3389 2522 3641 2586 damnare,
3675 2520 3742 2588 qui

2208 2613 2493 2667 Dominum
2523 2612 2666 2668 J..C.
2713 2613 2928 2668 dicebat
2971 2615 3292 2685 ingenitum.
3331 2614 3606 2685 lngenitum
3631 2611 3745 2667 dice-

2208 2705 2299 2760 bat
2351 2716 2405 2761 et
2437 2705 2608 2760 Ebion
2639 2747 2655 2773 ,
2685 2715 2745 2760 ut
2774 2707 2935 2761 refert
2963 2707 3362 2764 Tlteodoretus.
3391 2706 3446 2762 Is
3475 2722 3613 2760 unum
3641 2706 3746 2758 dire-

2208 2799 2292 2854 bat
2331 2800 2634 2868 ingenitum,
2687 2800 2815 2854 sicut
2866 2811 2912 2854 et
2963 2817 3078 2867 nos,
3129 2811 3177 2855 et
3221 2818 3336 2856 eum
3364 2786 3632 2855 ostendebat
3666 2813 3746 2852 esse

2209 2891 2389 2945 mundi
2434 2893 2690 2963 opiﬁcem.
2721 2892 2804 2948 Ab
2834 2909 2894 2948 ea
2927 2892 3158 2959 vafritie,
3187 2909 3351 2962 quam
3375 2895 3424 2948 itt
3453 2891 3748 2948 Samosatcno

2211 2988 2414 3042 notavit
2444 2985 2500 3042 S.
2537 2987 2822 3058 Dionysius
2855 2988 3271 3043 Alexandrinus.
3309 2986 3454 3054 Quod
3474 2996 3627 3040 autem
3651 2983 3748 3036 dicit

2210 3081 2500 3152 ingenitum
2523 3079 2733 3135 Patrem
2758 3122 2773 3147 ,
2803 3081 2926 3135 dicit
2966 3091 3020 3135 ut
3065 3082 3251 3135 doceat
3279 3080 3530 3136 Christum
3549 3084 3748 3132 recentem

504 3189 656 3241 cura,
713 3185 901 3246 aperte
957 3175 1010 3230 in
1042 3178 1399 3232 concionibus
1448 3178 1757 3249 apostolica:
1806 3179 2100 3235 Alexandri
2131 3171 2176 3236 C
2207 3191 2352 3240 esse,
2383 3185 2428 3229 et
2454 3186 2763 3230 creaturam.
2824 3175 3120 3232 ludivisnm
3166 3187 3224 3232 et
3272 3178 3623 3247 incorporeum
3651 3171 3749 3226 dicit

505 3265 772 3339 doctrinm
822 3267 1132 3337 detrahere,
1186 3270 1507 3340 Ebionique,
1561 3275 1818 3338 Artemte,
1866 3284 1919 3329 et
1951 3275 2104 3328 Pauli

505 3375 719 3415 errores
752 3370 1024 3418 recoctam
1056 3364 1218 3419 veluti
1271 3365 1546 3420 crambem
1599 3381 1876 3434 apponere
1921 3369 2105 3438 coepit.

506 3454 618 3522 Qua
651 3455 719 3512 de
761 3471 819 3512 re
846 3459 915 3513 ab
941 3457 1134 3513 eodem
1161 3458 1220 3514 S.
1250 3459 1567 3515 Alexandro
1591 3460 1899 3525 damnatus,
1945 3472 2107 3533 atque

505 3545 574 3600 ab
606 3545 844 3603 Ecclesia
888 3549 1112 3619 ejectus,
1159 3551 1382 3608 Ebionis
1429 3564 1484 3608 et
1534 3554 1779 3610 Artema:
1834 3555 2106 3622 hmrescs,

507 3655 642 3709 quas
695 3641 1036 3713 divulgarat,
1069 3660 1099 3697 a
1129 3661 1342 3701 summo
1373 3647 1629 3717 pontifice
1657 3647 1876 3704 Victore
1922 3649 2107 3703 Roma-

509 3733 811 3799 damnatas,
845 3735 1102 3806 Paulique
1131 3737 1490 3806 Samosateni,
1531 3741 1622 3810 qui
1665 3757 1760 3796 eas
1804 3742 2111 3796 instaurare

509 3839 672 3881 ausus
698 3837 802 3893 εει,
833 3835 979 3881 tanta
1002 3830 1380 3900 episcoporum
1428 3833 1726 3903 frequentia
1782 3835 1834 3888 in
1881 3835 2112 3889 concilio

508 3919 849 3975 Antiocheno
897 3919 1231 3991 profligatas,
1281 3923 1478 3980 docere
1525 3939 1590 3979 ac
1647 3924 1937 3981 defendere
1988 3943 2109 3982 cum

510 4027 616 4066 non
662 4013 908 4082 auderet,
964 4014 1178 4069 cautius
1225 4031 1415 4086 agens,
1459 4017 1678 4072 easdem
1725 4017 2114 4076 circumvelare

509 4109 720 4178 alioque
745 4119 966 4178 aspectu
995 4111 1323 4167 concinnare
1351 4113 1582 4167 curavit.
1618 4111 1751 4168 Illud
1784 4113 1836 4168 in
1878 4115 2065 4183 primis
2099 4135 2111 4171 :

509 4199 782 4255 Christum
810 4218 1004 4273 nempe
1033 4213 1157 4258 ante
1188 4203 1409 4259 Mariam
1453 4220 1560 4260 non
1589 4203 1756 4261 fuisse
1792 4223 1805 4270 ;
1841 4205 2116 4278 fuisseque

457 4344 460 4348 .
512 4301 723 4363 tempus
769 4294 987 4365 quando
1037 4310 1141 4351 non
1189 4296 1349 4352 fuerit
1392 4297 1602 4364 Filius;
1635 4299 2056 4370 mutabilemque
2085 4319 2114 4356 a

503 4387 626 4460 ,Deo
656 4396 944 4444 creatum:
995 4389 1115 4454 has,
1163 4390 1403 4461 inquam,
1437 4407 1571 4463 quas
1621 4393 1796 4462 primo
1845 4402 2121 4464 sparserat

512 4477 876 4544 blasphemias
907 4521 922 4545 ,
977 4484 1047 4536 ita
1097 4485 1440 4554 temperavit,
1499 4493 1558 4539 ut
1609 4482 1870 4539 fateretur
1923 4485 2116 4540 Filium

2212 3268 2414 3334 Deum,
2447 3281 2503 3322 ut
2526 3269 2712 3322 innuat
2743 3267 3056 3324 Catholicos
3081 3269 3663 3324 consubstantialitatem
3685 3262 3751 3316 Fi-

2212 3362 2267 3417 lii
2298 3378 2420 3418 cum
2472 3362 2633 3418 Patre
2681 3363 3043 3430 sustinentes,
3089 3363 3411 3417 divisionem
3461 3363 3508 3415 itt
3561 3360 3652 3414 Deo
3683 3354 3754 3409 ade

2213 3457 2450 3512 mittere.
2510 3457 2586 3521 Id,
2643 3467 2694 3510 et
2755 3456 3016 3512 Praxeani
3068 3457 3367 3512 Catholicis
3423 3452 3754 3510 succettsebant

2215 3550 2350 3604 falso
2398 3548 2673 3618 religionis
2720 3553 2858 3616 zelo,
2913 3559 2972 3604 ut
3011 3565 3077 3604 ex
3135 3549 3492 3604 Tertulliauo.
3540 3541 3754 3612 Quomodo

2213 3655 2384 3698 autem
2421 3661 2663 3698 numerus
2699 3645 2809 3698 sine
2833 3644 3080 3698 divisione
3109 3653 3351 3714 ponatur,
3378 3641 3675 3710 procedentes
3697 3651 3755 3688 re-

2215 3747 2464 3791 tractatus
2491 3736 2936 3791 demonstrabant.
2977 3736 3590 3790 Consuhstantialitatcm
3620 3732 3756 3798 itaque

2217 3839 2376 3900 negat
2417 3829 2702 3884 Eusebius.
2736 3829 2910 3883 Unum
2936 3830 3219 3900 ingenitum
3243 3871 3258 3895 ,
3291 3846 3449 3883 unum
3485 3844 3542 3882 ex
3577 3842 3626 3879 eo
3655 3838 3756 3878 σεῖε.

2217 3921 2305 3975 sed
2328 3937 2427 3976 non
2452 3937 2515 3975 ex
2541 3922 2949 3994 substantiaejus
2977 3922 3225 3992 genitum,
3257 3933 3455 3976 natura:
3477 3915 3760 3991 ingenitiom-

2217 4017 2361 4079 nino,
2391 4027 2437 4069 et
2465 4019 2576 4088 ejus
2598 4018 2829 4070 essentne
2856 4032 3055 4085 expers.
3098 4015 3247 4070 Alios
3288 4032 3422 4085 quos
3451 4013 3598 4070 Arius
3617 4018 3760 4078 aperte

2219 4107 2414 4164 asserit
2435 4123 2652 4164 errores
2681 4125 2746 4163 ex
2781 4119 2971 4179 negata
3002 4107 3560 4163 con‘suhstantialitate
3585 4115 3760 4158 manen-

2223 4213 2304 4266 tes
2342 4202 2559 4257 silentio
2613 4202 2885 4272 prmtcrit;
2935 4216 3128 4270 nempe
3183 4201 3379 4257 Filium
3428 4215 3528 4254 non
3567 4194 3761 4253 extitisse

2221 4305 2507 4366 antequam
2555 4295 2887 4366 gigneretur,
2929 4304 3018 4349 aut
3063 4293 3426 4349 conderetur:
3478 4301 3528 4347 et
3547 4305 3605 4346 ex
3631 4283 3761 4342 nihilo

2221 4392 2387 4447 fuisse
2409 4391 2758 4462 productum.
2790 4398 2848 4444 ut
2875 4389 3141 4458 dogmatis
3163 4390 3334 4456 virus,
3368 4395 3606 4458 quantum
3634 4379 3758 4438 valet.

2227 4483 2546 4539 abscondat.
2615 4483 2763 4538 Hane
2835 4481 2952 4536 Arii
3017 4478 3251 4552 ejusque
3303 4490 3612 4536 sectatorum
3655 4473 3764 4527 circa

511 4581 637 4626 ante
669 4583 930 4643 tempora,
962 4587 1014 4630 et
1045 4588 1172 4632 ante
1192 4579 1387 4632 saecula
1421 4578 1638 4648 plenum
1669 4577 1839 4632 Deum
1870 4580 2115 4635 extitisse
2141 4559 2197 4622 D
2225 4590 2352 4630 suos
2380 4589 2594 4630 errores
2637 4575 2951 4628 varietatem
2992 4574 3203 4627 notavit
3248 4571 3590 4642 Augustinus.
3635 4561 3765 4618 Audio

513 4663 883 4736 Uuigenitum,
915 4669 1346 4738 immutabilem;
1377 4686 1638 4744 suamque
1669 4673 1887 4744 impiam
1915 4673 2117 4729 doctri-

513 4775 636 4813 nam
669 4759 837 4815 veluti
868 4763 1193 4819 catholicum
1225 4765 1421 4835 dogma
1451 4766 1758 4831 venditans,
1810 4781 1870 4821 se
1918 4766 2116 4822 docere

512 4851 786 4922 professus
813 4863 917 4920 est,
942 4854 1134 4910 Filium
1166 4874 1273 4912 non
1305 4872 1428 4912 esse
1451 4859 1771 4928 ingenitum,
1804 4870 1862 4914 ut
1877 4859 2113 4927 Patrem,

513 4961 688 5016 neque
718 4956 925 5018 partem
958 4948 1204 5018 ingeniti,
1235 4949 1287 5005 in
1315 4966 1381 5006 eo
1411 4951 1722 5007 Catholicos
1751 4967 2001 5023 carpens,
2026 4963 2113 5006 ut-

515 5047 643 5104 pote
672 5039 764 5108 qui
791 5039 984 5095 Filium
1015 5041 1159 5096 Patri
1187 5043 1450 5112 aqualem
1481 5055 1814 5109 asserentes,
1848 5045 2117 5115 ejusdem-

516 5147 622 5196 que
647 5133 987 5202 substantim,
1022 5136 1214 5191 Filium
1247 5138 1544 5210 ingenitum
1576 5139 1836 5208 facerent,
1883 5149 2115 5210 partem-

514 5241 621 5296 que
647 5241 769 5281 esse
813 5228 1128 5285 substantia:
1185 5231 1361 5286 Patris
1407 5233 1690 5289 docerent.
1736 5235 1898 5290 Suam
1942 5245 2117 5290 tamen

516 5318 848 5391 impietatem
881 5325 1142 5389 retinens,
1177 5325 1374 5381 ibidem
1399 5327 1648 5392 docebat,
1681 5327 1877 5382 Filiqu
1910 5344 1976 5383 ex
2010 5329 2116 5382 ullo

515 5413 762 5484 subjecto
787 5457 801 5480 ,
833 5415 976 5486 quod
1009 5415 1153 5472 idem
1196 5429 1300 5484 est,
1331 5434 1394 5474 ac
1421 5435 1484 5474 ex
1525 5420 1719 5488 nihilo,
1749 5421 1842 5475 sed
1871 5421 2118 5475 volunta-

518 5515 570 5562 te
610 5517 665 5562 et
712 5508 941 5565 consilio
974 5509 1149 5566 Patris
1176 5520 1438 5577 creatum;
1473 5525 1761 5583 antequam
1779 5513 2115 5583 gigneretur,

519 5614 625 5654 non
649 5599 812 5657 fuisse
838 5618 938 5674 pro
964 5604 1342 5675 generationis
1363 5606 1529 5660 verbo
1555 5612 1885 5662 creationem
1924 5607 2122 5662 intelli-

519 5705 672 5761 gens.
725 5693 852 5750 Hazc
893 5696 1076 5752 omnia
1119 5712 1186 5752 ex
1237 5697 1406 5769 ipsius
1445 5698 1564 5754 Arii
1592 5698 1832 5770 Epistola
1860 5702 1926 5755 ad
1958 5702 2125 5757 Euse-

524 5781 670 5840 hium
725 5792 1040 5857 episcopum
1095 5789 1566 5848 Nicomediensem
1621 5793 1821 5850 clarius
1866 5795 2126 5864 intellige-

2226 4687 2314 4725 vos
2351 4673 2467 4743 jam
2507 4669 2826 4733 emendasse,
2857 4684 2924 4720 an
2959 4669 3095 4737 forte
3123 4667 3317 4737 falsum
3357 4675 3427 4720 est
3477 4679 3554 4716 eos
3591 4660 3671 4711 ltoc
3687 4654 3763 4707 ali-

2223 4765 2432 4836 quando
2457 4765 2647 4817 dixisse
2691 4764 2828 4830 quod
2855 4762 3010 4832 fuerit
3031 4761 3312 4830 aliquando
3343 4757 3494 4812 Pater
3518 4757 3614 4809 sine
3635 4746 3768 4804 Filio?

2226 4869 2488 4929 tamquam
2514 4859 2663 4925 fuerit
2694 4857 2786 4910 lux
2814 4866 3006 4910 retenta
3030 4857 3141 4908 sine
3165 4855 3391 4908 candore
3430 4868 3566 4921 quem
3612 4843 3762 4918 genuit.

2227 4952 2293 5006 Et
2320 4952 2371 5006 in
2415 4949 2567 5004 libris
2594 4949 2661 5004 de
2688 4948 2952 5002 'l’rinitate
2986 4966 2999 5002 :
3041 4947 3102 5002 Si
3134 4946 3307 5001 Filius
3338 4955 3430 5006 est,
3466 4952 3600 4996 natus
3637 4946 3714 4998 est,
3735 4930 3768 4982 εἰ

2223 5053 2376 5098 natus
2404 5052 2497 5104 est,
2530 5051 2637 5096 erat
2663 5051 2861 5111 tempus
2897 5040 3104 5107 quando
3127 5057 3230 5094 non
3277 5049 3388 5093 erat
3419 5034 3596 5088 Filius.
3626 5027 3766 5083 Poste-

2221 5136 2384 5188 riores
2427 5135 2610 5188 Arium
2651 5133 2942 5203 abjecerant
2991 5133 3142 5185 istant
3203 5131 3522 5185 sententiam.
3567 5124 3637 5178 Ab
3679 5120 3768 5187 ἱρευ

2222 5236 2466 5283 veromet
2517 5227 2646 5281 Ario
2686 5224 2824 5279 hanc
2852 5224 3205 5279 variationem
3234 5227 3464 5293 coepisse
3499 5220 3687 5272 censuit
3719 5221 3766 5259 ex

2225 5321 2289 5375 iis
2320 5336 2439 5390 qua:
2469 5335 2629 5389 supra
2659 5320 2761 5373 hoc
2792 5317 2845 5372 in
2877 5316 3067 5373 eodem
3097 5314 3433 5387 paragrapho
3459 5328 3521 5368 ex
3568 5300 3770 5363 Theudo-

2223 5423 2342 5470 reto
2368 5413 2669 5470 retulimus.

2226 5552 2353 5626 §X.
2385 5584 2454 5595 —
2505 5552 2746 5625 PrOpria:
2797 5552 2910 5606 Arii
2948 5551 3356 5620 Arianorumque
3409 5544 3652 5601 verborum
3686 5535 3770 5606 [στ’

2516 5648 2670 5702 mulae
2700 5647 2806 5702 suis
2832 5647 2885 5700 in
2910 5645 3229 5718 explicandis
3252 5641 3526 5698 erroribus.

2308 5782 2536 5855 PrOpria
2567 5781 2684 5838 Arii
2717 5782 2946 5852 ejusque
2968 5790 3297 5838 sectatorum
3320 5775 3480 5833 verba
3505 5769 3607 5830 suis
3629 5769 3674 5821 in
3700 5773 3771 5814 es-
