3902 6324
188 313 274 368 641
1566 314 1755 373 DISSE

1867 317 2033 401 mo.
2106 372 2110 382 .

3358 326 3468 384 662

187 424 483 495 pritneztdis,
509 425 591 480 vel
623 425 860 495 antiquis
881 427 1221 483 resumeudis
1245 428 1523 484 erroribus
1545 431 1754 486 adhihi-
1781 437 1831 498 Α
1859 435 2040 504 patum
2071 433 2139 489 ab
2165 449 2308 490 anno
2345 436 2452 494 556
2497 437 2563 494 ad
2587 453 2786 496 annum
2813 442 2920 499 580
2943 443 3272 514 producunt.
3301 444 3465 512 Quid-

186 529 246 583 ta,
276 529 519 574 accurata
570 519 948 576 observatione
989 521 1320 577 recensendo
1366 523 1655 591 videntur,
1708 533 1765 580 ut

184 612 378 667 collatis
399 610 457 667 S.
488 610 720 668 Zenonis
745 614 1026 669 sententiis
1054 615 1354 669 evidentius
1384 615 1577 684 iuSpici
1635 631 1764 685 pos-

181 702 262 769 sit,
289 717 413 757 nutn
435 711 622 758 contra
652 705 861 771 Arium,
890 720 955 759 au
978 712 1165 762 contra
1187 704 1520 776 antiquiores
1547 707 1763 763 lucreti-

182 812 264 853 cus
287 798 449 852 verba
475 795 669 854 fecerit
693 797 749 854 S.
778 799 1001 854 Praesul.

241 889 412 958 Ctepit
442 891 620 961 itaque
645 890 825 956 Arius,
857 900 998 948 teste
1018 893 1074 948 S.
1104 893 1402 949 Athanasio
1449 894 1625 964 (Orat.
1675 911 1757 964 pr.

181 993 342 1038 contra
359 982 595 1054 Arian.),
628 993 813 1039 contra
841 984 898 1040 S.
939 985 1234 1041 Alexandri
1269 987 1592 1041 catholicam
1634 987 1762 1042 doc-

181 1066 356 1134 trinam
383 1077 641 1133 insanire.
689 1077 809 1132 Non
853 1095 1054 1148 semper
1086 1079 1224 1132 Deus
1267 1088 1379 1133 erat
1432 1078 1608 1147 Pater,
1661 1096 1764 1134 non

178 1186 357 1240 semper
405 1168 614 1224 Filius:
644 1187 762 1223 nam
786 1187 900 1224 cum
924 1172 1094 1224 omnia
1116 1173 1214 1225 sint
1261 1188 1325 1226 ex
1370 1172 1566 1238 nihilo,
1613 1173 1764 1227 etiam

179 1261 264 1318 Dei
286 1262 457 1317 Filius
484 1279 548 1318 ea:
573 1262 735 1318 nihilo
761 1266 984 1318 emersit.
1039 1263 1104 1318 Et
1149 1282 1264 1318 cum
1311 1267 1486 1319 omnia
1512 1267 1614 1319 sint
1640 1282 1763 1320 con—

177 1357 290 1420 dita,
321 1354 435 1427 ipse
459 1372 655 1426 quoque
703 1357 970 1410 conditum
1013 1357 1282 1427 quiddam,
1314 1369 1360 1411 et
1402 1375 1531 1427 opus
1588 1358 1764 1414 haberi

177 1449 326 1502 debet.
375 1448 446 1502 Et
474 1465 590 1502 cum
620 1450 792 1502 omnia
812 1450 956 1519 prius
983 1465 1085 1503 non
1114 1460 1298 1515 essent,
1330 1451 1422 1504 sed
1462 1460 1638 1520 postea
1667 1467 1756 1505 erc—

175 1543 371 1607 titerint,
424 1542 526 1611 fuit
557 1546 788 1612 profecto
813 1558 930 1595 cum
968 1539 1188 1595 Verbum
1219 1558 1321 1595 non
1353 1551 1480 1596 erat.
1534 1541 1603 1595 Et
1642 1544 1762 1613 quia

175 1653 261 1687 non
301 1643 414 1688 erat
442 1647 711 1703 antequam
739 1635 904 1703 ﬁeret,
935 1635 1246 1705 principium
1275 1635 1526 1688 existendi
1561 1635 1756 1690 habuit.

173 1728 290 1782 Tum
314 1727 456 1781 enim
496 1727 663 1781 extitit
690 1743 804 1779 cum
858 1725 999 1780 Deus
1023 1744 1137 1780 eum
1164 1727 1427 1780 conditum
1466 1728 1644 1782 voluit.
1676 1728 1761 1782 ln-

1868 527 1992 592 quid
2015 537 2181 583 autem
2209 530 2380 597 idest,
2413 535 2595 602 procul
2643 534 2797 590 dubio
2842 537 2975 590 inter
3019 554 3212 592 annum
3260 537 3368 594 556
3415 548 3466 594 et

1867 620 1975 675 580
1995 623 2196 677 circiter
2224 622 2449 678 Zenonis
2479 624 2728 700 Episcopi
2771 639 2897 685 tetas
2927 632 3201 686 statuenda
3248 644 3343 700 est.
3391 632 3467 690 De

1868 712 1971 770 hoc
2001 717 2178 770 celatis
2207 727 2502 788 systemate
2529 719 2777 776 inferius.

1907 849 1936 922 §
1972 848 2067 906 XI.
2100 883 2168 894 -—
2195 850 2446 909 Errorum
2484 856 2730 913 hactenus
2774 862 3141 917 recensitorum
3187 872 3315 919 artas
3361 864 3429 919 ad

2407 946 2702 1004 Gallienum
2743 967 2926 1023 usque.

1938 1075 2327 1137 Prtetermissis
2351 1082 2622 1140 hcereticis
2671 1086 2780 1142 illis
2823 1090 3005 1145 minus
3062 1090 3206 1147 circa
3251 1107 3466 1150 errores

1866 1181 1994 1224 suos
2023 1170 2166 1226 inter
2191 1189 2251 1228 se
2279 1176 2746 1235 consentientibus
2774 1180 3020 1250 Ebionis,
3044 1184 3301 1254 Artemze,
3328 1187 3468 1242 Pau-

1866 1259 2010 1330 lique
2037 1260 2376 1320 Samosateni
2401 1279 2533 1323 aetas
2568 1268 2831 1326 firmanda
2854 1282 2939 1327 eet
2969 1290 2982 1338 ;
3021 1284 3131 1329 tum
3162 1276 3209 1330 si
3251 1277 3343 1347 qui
3387 1278 3467 1347 ip-

1865 1363 2049 1406 sorum
2072 1368 2289 1411 errores
2319 1354 2598 1414 Artemam
2627 1360 2768 1418 inter
2793 1373 2846 1418 et
2876 1363 3288 1422 Samosatenum
3340 1384 3466 1438 pro-

1863 1443 1995 1500 fessi
2022 1457 2170 1515 sunt,
2201 1449 2530 1520 inquirendi.
2558 1453 2617 1510 S.
2649 1471 2882 1528 namque
2907 1457 3212 1518 Alexander
3228 1462 3468 1518 Patriar-

1864 1535 1961 1590 chu
1991 1549 2099 1594 tres
2127 1538 2226 1595 hos
2252 1543 2539 1600 limreticos
2565 1548 3050 1619 anteGallienum,
3080 1552 3166 1608 vel
3204 1554 3308 1608 sub
3339 1554 3468 1610 Gal-

1863 1631 1988 1684 lieni
2034 1641 2278 1703 tempora
2307 1637 2557 1693 eumdem
2585 1656 2824 1697 errorem
2852 1643 3182 1716 divulgasse,
3219 1647 3469 1703 eosdem-

1862 1739 1968 1793 que
1998 1724 2158 1792 Ario,
2187 1736 2244 1783 et
2280 1728 2497 1786 Arianis
2527 1733 2578 1788 in
2611 1733 2732 1790 Filii
2777 1738 3060 1794 divinitate
3107 1742 3465 1798 convellenda

173 1816 321 1873 ferias
348 1833 508 1874 vero.
536 1816 707 1870 Etiam
727 1817 782 1870 id
801 1833 996 1886 quoque
1017 1818 1256 1871 addunt:
1284 1817 1420 1872 Eum
1445 1835 1546 1872 non
1573 1831 1760 1874 natura
1791 1841 1838 1902 B
1867 1822 2211 1888 praecessisse
2234 1829 2482 1892 testatur,
2519 1839 2575 1881 ut
2595 1829 2850 1887 vidimus.
2893 1831 3080 1888 Brevis
3140 1834 3258 1890 hinc
3307 1835 3467 1893 chro-

171 1912 216 1964 in
259 1909 417 1964 Patre
464 1911 700 1975 existere,
749 1925 841 1963 nec
869 1925 977 1964 esse
1014 1909 1281 1981 praprium
1304 1913 1420 1983 ejus
1462 1913 1760 1966 substantia:

177 2000 410 2069 Verbum,
437 2016 528 2055 nec
550 2001 813 2071 prapriam
829 2001 1176 2071 sapientiam.
1202 2001 1255 2055 in
1280 2018 1381 2069 qua
1411 2003 1662 2055 mundum
1684 2006 1756 2056 is-

170 2106 264 2148 tum
290 2096 512 2161 creavit,
535 2095 623 2150 sed
652 2095 706 2148 in
732 2094 891 2149 Patre
913 2112 1020 2150 esse
1048 2097 1194 2149 aliud
1219 2099 1506 2167 proprium,
1537 2108 1587 2152 et
1608 2114 1762 2167 pecu-

169 2191 282 2244 liare
318 2189 578 2254 Verbum,
601 2190 855 2260 aliamque
897 2191 1017 2245 item
1070 2193 1332 2261 propriam
1368 2193 1675 2261 sapientiam
1705 2196 1758 2247 in

167 2299 254 2352 qua
276 2285 542 2352 sapientia
571 2283 710 2338 istud
747 2282 965 2338 Verbum
1002 2284 1141 2352 fecit.
1198 2285 1362 2354 Atque
1418 2286 1547 2339 adeo
1590 2287 1760 2356 ipsum

169 2375 440 2430 Dominum
475 2375 738 2431 Christum
759 2387 989 2446 respectu
1017 2377 1376 2440 rationalium,
1430 2395 1543 2449 quae
1598 2380 1761 2435 verbis

166 2481 383 2535 utantur,
426 2469 657 2525 Verbum
679 2487 788 2524 esse
816 2480 1183 2541 nuncupatum.
1220 2470 1336 2525 Arii
1365 2486 1580 2526 errores
1627 2487 1758 2526 enu-

166 2578 362 2619 merare
391 2563 576 2633 pergit
602 2560 953 2617 Athanasius.
1008 2562 1208 2616 Rursus
1248 2562 1385 2616 idem
1424 2563 1495 2617 ait
1526 2580 1545 2616 :
1589 2563 1760 2617 Deum

167 2673 255 2710 non
284 2672 377 2710 nos
410 2665 624 2726 propter
671 2655 838 2722 illum,
867 2659 956 2710 sed
983 2656 1130 2709 illum
1178 2665 1388 2728 propter
1443 2673 1534 2711 nos
1582 2657 1762 2711 condi-

165 2749 305 2803 disse.
329 2747 468 2802 Erat
499 2749 653 2811 enim,
685 2748 870 2817 inquit,
901 2749 1044 2802 solus
1078 2748 1236 2815 Deus,
1268 2765 1360 2803 nec
1388 2760 1492 2805 erat
1538 2750 1760 2806 Verbum

165 2857 269 2894 tum
288 2857 366 2896 eo.
395 2839 608 2894 Deinde
635 2855 753 2894 cum
779 2839 927 2894 vellet
950 2857 1043 2894 nos
1076 2857 1366 2910 procreare,
1399 2852 1522 2898 tunc
1565 2861 1761 2913 quoque

163 2931 304 2984 istum
329 2932 650 3001 procreavit,
681 2947 852 3002 quem,
883 2943 1151 3002 postquam
1173 2935 1373 3005 genitus
1395 2945 1488 3001 est,
1519 2937 1755 3006 appella-

163 3026 226 3076 rit
256 3021 510 3078 Verbum.
545 3021 670 3077 Non
698 3025 832 3078 enim
851 3036 926 3079 est
956 3023 1130 3078 Patris
1159 3027 1422 3095 proprius,
1461 3037 1508 3082 et
1550 3037 1761 3082 natura-

163 3118 220 3170 lis
242 3123 392 3189 fastus
426 3116 673 3184 Verbum,
703 3118 792 3172 sed
814 3128 862 3172 et
887 3119 1055 3188 ipsum
1088 3121 1256 3190 gratia
1298 3121 1482 3176 extitit.
1520 3121 1654 3187 Quin
1711 3132 1759 3175 et

164 3210 250 3262 hoc
274 3226 485 3281 quoque
503 3211 707 3280 jactant
730 3226 750 3264 .'
769 3208 1033 3266 Christum
1063 3195 1165 3267 non
1210 3230 1319 3267 esse
1374 3216 1680 3276 naturalem,
1712 3225 1760 3269 et

161 3320 322 3357 teram
347 3303 457 3359 Dei
483 3305 786 3372 potentiam,
820 3305 908 3359 sed
930 3307 1059 3360 sicut
1087 3323 1252 3362 eruere
1280 3308 1460 3363 bruchi
1489 3310 1763 3380 appellan-

165 3407 236 3449 tur
253 3398 505 3469 potentia
529 3398 908 3468 Omnipotentis
936 3397 1054 3466 Dei,
1099 3403 1173 3455 ita
1200 3403 1371 3473 ipsum
1427 3421 1625 3477 quoque
1669 3422 1763 3475 ap—

165 3494 337 3560 pellari
367 3493 817 3562 Omnipotentiam
848 3492 1041 3549 Patris.
1073 3495 1246 3550 Etiam
1300 3497 1435 3552 illud
1486 3502 1620 3553 inter
1664 3515 1763 3554 cov-

164 3595 262 3641 tera
285 3588 539 3660 adjuna'it
558 3631 572 3655 ,
612 3585 808 3642 Filium
839 3605 942 3644 non
973 3601 1149 3644 exacte
1173 3607 1478 3662 cognoscere
1525 3591 1759 3662 Patrem,

163 3683 244 3735 sed
267 3699 330 3737 ne
348 3700 506 3738 suam
535 3684 740 3753 quidem
767 3685 936 3752 ipsius
959 3685 1294 3740 substantiam
1319 3686 1467 3757 plene
1504 3689 1760 3759 cognitam

165 3779 361 3836 habere.

225 3874 359 3930 Tota
404 3873 630 3930 tandem
652 3873 962 3931 Catholicos
987 3876 1126 3932 inter
1167 3887 1216 3931 et
1241 3877 1470 3934 Arianos
1491 3887 1760 3934 contesta-

165 3965 230 4020 tio
249 3967 313 4021 ad
342 3982 516 4023 unam
549 3965 670 4022 Filii
699 3983 820 4023 cum
848 3969 1008 4024 Patre
1030 3969 1649 4026 consubstantialitatem
1675 3971 1760 4026 vel

162 4062 512 4118 asserendam
555 4061 643 4116 vel
675 4063 970 4132 negandum
999 4061 1214 4118 redacta
1247 4072 1350 4120 est.
1380 4064 1544 4135 Hujus
1568 4065 1648 4122 rei
1669 4066 1764 4136 ad]

162 4155 620 4222 comprobandum
665 4155 848 4222 ﬁdem,
881 4156 1166 4211 formulam
1199 4173 1225 4210 a
1250 4157 1477 4214 Valente
1508 4158 1758 4226 Vasacio,

161 4249 378 4319 aliisque
403 4248 723 4320 gregalibus
770 4250 822 4303 in
845 4249 1172 4305 Ariminensi
1223 4250 1441 4323 Synodo
1468 4251 1760 4309 exhibitam

163 4343 283 4398 satis
304 4345 411 4400 erit
440 4343 642 4398 afferre
669 4361 680 4395 :
712 4342 978 4398 Credimus
1002 4345 1057 4398 in
1091 4361 1272 4408 unum,
1295 4353 1346 4398 et
1375 4346 1562 4412 solum,
1593 4356 1641 4401 et
1682 4363 1764 4401 vc-

162 4453 267 4488 rum
293 4435 470 4490 Deum
495 4435 710 4491 Patrem
748 4436 1184 4506 Omnipotentem,
1214 4435 1541 4494 Conditorem
1594 4441 1763 4512 Opiﬁ-

162 4545 358 4598 cemque
383 4530 622 4583 omnium
655 4545 674 4583 :
713 4539 761 4585 et
791 4531 842 4584 in
876 4529 1207 4602 Unigenitum
1248 4529 1449 4586 Filium
1505 4533 1598 4588 Dei
1646 4545 1764 4590 ante

1865 1914 1983 1968 nica
2007 1914 2319 1986 disquisitio
2347 1919 2410 1975 ad
2443 1920 2716 1991 Epocham
2752 1925 2812 1980 D.
2854 1925 3091 1983 Zenonis
3139 1927 3462 1986 firmandam

1864 2004 2156 2073 plurimum
2185 2012 2490 2070 conducere
2520 2014 2743 2070 dicenda
2771 2027 2874 2083 est,
2901 2034 3021 2075 cum
3046 2021 3214 2092 ipsius
3243 2033 3466 2079 senten-

1866 2097 1954 2152 tiis
1985 2098 2084 2154 hos
2116 2117 2331 2158 errores
2387 2105 2659 2175 impetitos
2706 2108 3008 2166 videamus.
3069 2113 3244 2169 Ebion
3285 2115 3467 2186 itaque

1865 2189 2041 2259 primo
2067 2192 2300 2250 cadente
2329 2198 2532 2252 sreculo
2555 2199 2695 2256 circa
2717 2216 2914 2256 ammm
2945 2202 3148 2260 Christi
3177 2207 3248 2261 82
3284 2222 3314 2262 a
3357 2207 3466 2263 Til-

1865 2281 2123 2338 letnoutio
2146 2285 2430 2361 localur(t.
2455 2305 2515 2357 ιι,
2548 2301 2652 2357 not,
2675 2309 2757 2362 pr.
2789 2294 2854 2348 de
2869 2295 3100 2352 Nazz.et
3119 2296 3308 2354 Ebiou.
3336 2312 3382 2354 et
3412 2303 3468 2356 in

1865 2374 1962 2431 Ch.
1996 2394 2084 2431 an.
2117 2378 2208 2434 82.
2235 2380 2334 2453 Sp.
2368 2382 2438 2436 ad
2465 2401 2552 2439 an.
2587 2386 2701 2456 74).
2728 2387 2994 2445 Baronius
3023 2406 3152 2448 vero
3194 2392 3370 2463 ipsum
3401 2393 3468 2450 ad

1863 2483 2067 2525 annum
2095 2473 2156 2526 C.
2186 2475 2255 2528 ’14
2278 2473 2466 2531 refert.
2498 2478 2638 2534 Suos
2665 2479 2840 2535 Ebion
2871 2498 3088 2540 errores
3125 2501 3231 2540 non
3286 2487 3466 2543 solum

1866 2563 1918 2616 in
1942 2562 2069 2619 Asia
2100 2569 2322 2636 sparsit,
2354 2569 2450 2625 sed
2481 2581 2534 2626 et
2562 2570 2776 2629 Romze.
2805 2576 3032 2634 Ebionis
3074 2596 3289 2638 errores
3313 2580 3468 2639 Arte-

1867 2673 1980 2712 mas
2025 2661 2378 2732 instauravit,
2413 2680 2518 2722 non
2573 2677 2754 2724 autem
2781 2670 2898 2740 ipse
2919 2673 3149 2741 prinms,
3179 2675 3275 2730 sed
3297 2675 3468 2732 Theo-

1863 2748 2046 2818 dotus,
2071 2767 2168 2810 seu
2196 2753 2537 2813 Theodotion
2594 2760 2966 2832 Bizzantinus,
2994 2768 3079 2822 cui
3113 2782 3174 2824 se
3206 2785 3328 2827 cum
3373 2771 3469 2827 ad-

1859 2845 2133 2916 iunxisset
2175 2847 2447 2920 Artemas,
2483 2853 2735 2911 haeresim
2791 2859 3153 2918 celebriorem
3207 2863 3464 2932 reddidit,

1865 2937 2214 3011 damnatique
2244 2954 2370 2998 sunt
2415 2961 2442 2999 a
2473 2946 2689 3005 Victore
2740 2967 2952 3010 summo
3009 2955 3271 3014 Pontifice
3318 2958 3466 3015 circa

1865 3034 2441 3092 annumChristilQG.
2496 3039 2926 3100 Theodotionem
2976 3057 3101 3104 ante
3153 3063 3358 3106 annum
3402 3053 3463 3109 C.

1863 3126 1970 3182 219
2000 3128 2142 3184 diem
2175 3145 2330 3186 suum
2363 3133 2566 3191 abiisse
2596 3137 2818 3209 conjicit
2843 3139 3244 3200 Tillemontius.
3303 3144 3468 3202 Arte-

1787 3235 1831 3297 ρ
1866 3234 1981 3275 mas
2024 3221 2160 3277 forte
2192 3223 2549 3283 Theodotioni
2580 3242 2882 3301 superstes,
2916 3243 2972 3289 ut
2996 3234 3222 3292 haeresis
3273 3249 3466 3295 auctor

1865 3312 2079 3383 agnitus
2115 3314 2280 3372 fuisse
2308 3318 2537 3375 videtur.
2571 3321 2725 3379 Hunc
2746 3339 2989 3381 errorem
3017 3327 3147 3382 licet
3175 3343 3205 3383 a
3233 3327 3291 3385 S.
3323 3330 3467 3386 Pon-

1865 3406 2008 3459 titice
2046 3405 2260 3462 Victore
2281 3409 2621 3478 damnatum,
2647 3430 2753 3470 non
2777 3417 2956 3473 subito
2978 3420 3273 3476 extinctum
3298 3421 3468 3480 fuisse

1863 3497 2149 3556 dicendum
2170 3513 2296 3558 est:
2337 3520 2461 3560 nam
2518 3514 2575 3562 et
2623 3508 2676 3564 in
2727 3510 3061 3571 Tertulliano
3115 3526 3349 3572 notatur.
3394 3516 3468 3573 Et

1863 3589 2027 3646 Pater
2053 3591 2198 3648 Deus
2222 3604 2294 3650 est
2323 3607 2368 3651 et
2403 3597 2581 3654 Judca:
2611 3600 2752 3656 Deus
2795 3614 2872 3659 est
2905 3646 2920 3672 ,
2978 3623 3079 3662 non
3135 3617 3306 3663 tamen
3348 3610 3466 3665 ideo

1865 3682 2025 3738 Pater
2051 3695 2099 3740 et
2146 3687 2324 3743 Judea:
2351 3707 2569 3763 semper,
2599 3695 2718 3764 quia
2745 3693 2885 3752 Deus
2913 3715 3114 3770 semper
3145 3742 3160 3769 ,
3206 3717 3329 3756 nam
3373 3719 3467 3759 nec

1867 3776 2027 3833 Pater
2053 3781 2218 3849 potuit
2247 3797 2356 3836 esse
2379 3793 2499 3839 ante
2525 3783 2746 3854 Filium,
2790 3805 2882 3843 nec
2907 3788 2944 3844 J
2949 3791 3085 3846 adea:
3131 3802 3250 3849 ante
3296 3795 3464 3850 delic-

1863 3883 1992 3928 tum.
2041 3873 2166 3929 Fuit
2195 3885 2366 3931 autem
2399 3888 2599 3950 tempus
2626 3897 2744 3936 cum
2787 3891 2836 3937 et
2875 3884 3141 3953 delictum,
3199 3898 3248 3943 et
3291 3887 3465 3944 Filius

1863 3983 1965 4022 non
1995 3968 2118 4039 fuit,
2149 3971 2286 4040 quod
2310 3967 2572 4039 Judicem,
2607 3982 2656 4028 et
2683 3975 2772 4045 qui
2804 3974 3015 4031 Patrem
3063 3977 3346 4035 Dominum
3379 3981 3465 4051 {a-

1863 4069 2019 4115 ceret.
2047 4061 2145 4116 Hic
2179 4063 2321 4118 circa
2345 4078 2546 4120 annum
2602 4066 2662 4121 C.
2713 4067 2822 4122 216
2866 4069 3160 4126 scribebat.
3218 4071 3466 4144 Beryllus

1863 4169 2078 4226 quoque
2109 4156 2418 4215 Bostrensis
2441 4160 2493 4214 in
2520 4158 2721 4217 Arabia
2753 4161 3074 4235 Episcopus,
3094 4167 3238 4222 circa
3266 4166 3467 4226 Christi

1863 4263 2067 4304 annum
2087 4250 2198 4307 229
2223 4251 2292 4307 de
2315 4252 2509 4308 eodem
2538 4269 2727 4312 errore
2757 4255 3106 4314 insimulatus
3128 4259 3246 4314 fuit.
3294 4259 3466 4317 Ausus

1865 4358 2091 4397 asserere
2111 4343 2196 4414 (ut
2223 4345 2488 4402 Eusebius
2543 4359 2726 4404 narrat
2761 4349 2901 4406 Hist.
2933 4353 2969 4407 ι.
2999 4367 3070 4419 vI,
3107 4370 3152 4407 c.
3199 4353 3315 4426 55),
3359 4355 3468 4410 υθ-

1865 4435 2061 4488 minam
2089 4451 2149 4489 ac
2170 4446 2481 4492 servatorem
2506 4451 2740 4495 nostrum
2761 4452 3034 4514 antequam
3056 4445 3191 4500 inter
3231 4445 3467 4504 homines

1867 4539 2175 4598 versaretur,
2229 4547 2334 4586 non
2359 4531 2645 4589 substitisse
2672 4536 2726 4590 in
2749 4539 2978 4606 prapriat
3031 4555 3268 4610 persona:
3314 4540 3468 4610 diffe-

161 4625 323 4677 omnia
345 4623 572 4692 stecula,
599 4633 645 4678 et
669 4625 839 4691 initia,
867 4635 913 4679 et
941 4636 1057 4679 ante
1081 4642 1229 4680 omne
1263 4634 1483 4698 tempus,
1535 4629 1673 4698 quod
1706 4631 1760 4684 in

1867 4624 2053 4689 rentia,
2097 4639 2189 4678 nec
2209 4625 2497 4696 propriam,
2529 4627 2617 4682 sed
2641 4628 2905 4698 paternam
2948 4630 3204 4687 duntaxat
3227 4633 3469 4690 divinita-

162 4715 474 4771 intellectum
501 4718 685 4770 cadere
714 4726 875 4788 potest
897 4717 1195 4772 existentem
1232 4761 1246 4786 ,
1296 4729 1342 4773 et
1388 4729 1506 4773 ante
1563 4736 1764 4775 onmem

159 4810 674 4880 comprehensibilem
739 4811 1078 4866 substantiam
1148 4823 1326 4867 natum
1414 4814 1768 4882 impatibiliter

161 4920 217 4956 ex
248 4903 380 4970 Deo,
404 4904 581 4958 solum
609 4920 673 4958 ex
699 4904 810 4959 solo
836 4902 1016 4973 Patre,
1068 4903 1238 4960 Deum
1267 4908 1330 4960 de
1359 4906 1492 4972 Deo,
1541 4894 1764 4962 similem

160 4996 302 5050 Patri
331 5013 456 5062 suo,
491 4997 583 5067 qui
627 4997 796 5068 ipsum
840 4998 1034 5068 genuit,
1090 4999 1258 5068 cujus,
1315 4999 1594 5054 secundant
1637 5000 1768 5055 scri-

162 5104 257 5151 ras,
289 5089 682 5158 generatio-nem
708 5105 854 5143 nemo
884 5089 1043 5157 navit,
1101 5089 1202 5144 nisi
1227 5090 1370 5144 solus
1408 5092 1497 5162 qui
1526 5108 1644 5147 eum
1673 5109 1763 5165 ge-

159 5182 261 5234 nuit
286 5182 482 5237 Pater.
530 5179 853 5236 Vocabulum
906 5197 1059 5253 porro
1102 5183 1418 5247 substantiae,
1464 5188 1587 5256 quia
1640 5188 1766 5240 sim-

160 5272 338 5341 plicius
369 5291 403 5326 a
434 5272 682 5326 Patribus
711 5275 933 5343 positum
952 5284 1049 5340 est,
1083 5285 1128 5329 et
1151 5292 1182 5328 a
1205 5277 1413 5345 populis
1467 5279 1758 5350 ignoratur,

158 5378 200 5420 et
219 5367 534 5422 scandalum
555 5365 725 5434 affert,
747 5383 806 5421 eo
827 5368 1040 5437 quodin
1072 5367 1356 5440 Scripturis
1378 5373 1478 5423 non
1505 5371 1765 5426 continea-

160 5469 257 5525 tur,
288 5459 501 5531 placuit
529 5468 583 5512 ut
631 5459 694 5512 de
718 5458 886 5512 medio
915 5457 1200 5525 tolleretur,
1235 5469 1281 5515 et
1308 5461 1506 5514 nullam
1553 5463 1763 5532 posthac

159 5553 218 5605 de
241 5552 353 5608 Deo
384 5552 698 5606 substantia:
741 5553 1048 5608 mentionem
1077 5570 1184 5609 esse
1205 5555 1495 5626 faciendam
1555 5556 1762 5630 (Refert

161 5643 218 5696 S.
251 5644 454 5697 Athan.
489 5643 552 5698 de
577 5642 708 5714 Syn.
736 5643 828 5698 Ar.
864 5653 913 5698 et
945 5644 1170 5715 δείξει).

225 5735 341 5791 llac
365 5742 539 5791 atate
563 5733 619 5790 S.
649 5735 924 5792 Zenonem
966 5736 1269 5795 Veronensi
1314 5740 1575 5798 Ecclesia
1623 5759 1765 5815 prae-

159 5824 323 5885 fuisse
347 5827 696 5884 contendunt
725 5827 940 5887 Domini
960 5828 1260 5900 Ballerinii,
1283 5832 1538 5905 qui'illius
1555 5836 1766 5908 episco-

1871 4725 1969 4770 tem
1997 4717 2052 4771 in
2076 4733 2130 4772 se
2153 4717 2460 4775 residentem
2486 4721 2674 4778 habere
2701 4739 2719 4778 :
2750 4739 2966 4791 cumque
2989 4742 3051 4780 ea
3083 4728 3147 4782 de
3170 4744 3226 4783 re
3255 4728 3467 4799 plurimi

1869 4808 2115 4883 Episcopi
2135 4813 2442 4882 quaestiones
2507 4831 2569 4868 ac
2604 4816 2977 4887 disputationes
3022 4818 3269 4877 adversus
3317 4821 3468 4876 illum

1868 4903 2195 4971 habuissent,
2227 4917 2441 4978 rogatus
2470 4925 2576 4964 una
2603 4926 2721 4964 cum
2772 4911 2986 4984 reliquis
3042 4913 3309 4987 Origenes,
3358 4915 3468 4985 pri-

1871 5016 2011 5052 mum
2042 5001 2249 5071 quidem
2277 5018 2392 5056 cum
2427 5003 2518 5058 illo
2563 5005 2893 5076 familiariter
2929 5003 3214 5064 collocutus
3264 5019 3357 5074 est,
3409 5021 3468 5067 ut

1868 5109 2107 5164 quianam
2136 5106 2266 5150 esset
2293 5099 2516 5154 hominis
2549 5103 2800 5156 sententia
2830 5102 3147 5173 exploraret.
3181 5103 3469 5178 Postquam

1867 5201 1986 5242 vero
2030 5187 2224 5259 liquido
2254 5192 2492 5262 cognovit
2532 5194 2658 5264 quid
2684 5195 2896 5266 diceret,
2936 5213 3163 5254 errorem
3183 5204 3297 5275 ejus
3319 5218 3469 5257 coar-

1867 5281 1999 5349 guit,
2024 5279 2302 5354 allatisque
2338 5285 2625 5342 rationibus
2674 5305 2734 5342 ac
2773 5291 3295 5349 demonstrationibus
3343 5311 3470 5350 con-

1867 5375 2060 5427 victum
2091 5377 2348 5432 hominem
2368 5379 2520 5450 quasi
2548 5397 2710 5436 manu
2733 5383 3125 5454 apprehendens
3149 5386 3219 5440 ad
3239 5387 3468 5443 veritatis

1870 5468 2004 5522 viam
2034 5471 2296 5540 perduxit.
2328 5473 2476 5529 Idem
2501 5473 2789 5547 Origenes,
2833 5479 2922 5549 qui
2972 5487 3098 5534 ante
3151 5493 3354 5534 annum
3401 5480 3466 5538 C.

1869 5559 1977 5616 256
2023 5563 2271 5620 adhucin
2320 5566 2456 5622 vivis
2480 5575 2618 5635 erat,
2678 5566 2819 5625 hunc
2867 5584 3110 5626 errorem
3165 5570 3467 5643 redarguit.

1870 5652 2138 5727 lntelligat
2165 5657 2300 5711 enim
2334 5658 2424 5714 ille
2465 5659 2556 5730 qui
2591 5660 2777 5716 dicere
2823 5661 2978 5715 audet
3006 5676 3026 5715 :
3056 5662 3155 5732 fuit
3185 5662 3470 5734 aliquando

1869 5763 1986 5800 cum
2007 5764 2109 5802 non
2132 5759 2258 5804 esset
2285 5750 2450 5820 ﬁlius.
2507 5753 2586 5807 Ex
2613 5753 2806 5824 quibus
2835 5751 3018 5809 verbis
3066 5753 3273 5822 optime
3329 5756 3470 5815 infe-

1869 5849 1997 5897 runt
2018 5841 2319 5900 doetissimi
2337 5845 2631 5903 Balleriuii:
2653 5845 2789 5902 Hinc
2815 5843 3022 5918 quidem
3041 5846 3310 5922 probatur,
3338 5849 3470 5908 alios
