3902 6324
474 288 587 358 ets

1670 295 1757 352 DE
1786 290 2033 352 SANCTI
2070 280 2365 350 ZBNONIS
2400 292 2672 351 EPOCHA

3621 303 3703 358 libi

479 414 731 483 «incedant
751 413 888 467 hunc
911 427 1133 469 errorem
1157 411 1213 465 id
1254 411 1500 482 temporis
1524 409 1762 466 docuisse
1782 427 1931 483 quem
1963 409 2082 465 Ori-

2191 418 2476 483 autequam
2528 418 2875 480 nasceretur,
2929 425 3020 466 seu
3079 410 3291 467 alteram
3337 426 3392 467 eo
3437 414 3707 475 recidentem.

482 523 632 581 penes
651 506 1064 578 reprehenderet.
1094 503 1174 560 Ad
1198 504 1431 560 Gallieni
1453 513 1697 576 tempora
1741 503 1961 575 propius
1989 518 2078 558 ae-

478 601 667 666 cessit,
696 599 789 669 qui
811 613 958 653 anno
975 597 1043 653 Ο.
1067 596 1175 654 $66
1203 597 1405 653 obiisse
1433 597 1652 664 dicitur,
1697 594 1755 653 Β.
1792 595 2079 669 Dionysius

482 691 882 748 Alexandrinus
911 689 1249 756 Patriarcha,
1289 689 1379 743 hic
1421 697 1481 744 ut
1530 687 1693 745 iidem
1724 687 2080 744 eruditissimi

481 785 754 842 Ballerinii
779 794 967 845 notant
1001 785 1052 839 in
1076 784 1304 855 epistola
1355 782 1420 839 ad
1465 783 1903 854 Euphranorem,
1926 781 2082 854 Cujus

481 879 841 950 fragmentum
890 876 1201 950 suppeditat
1238 876 1519 933 Athanasii
1546 876 1805 946 epistola,
1839 877 1907 931 de
1952 891 2082 931 sen-

483 971 652 1028 tentia
685 970 950 1044 Dionysii,
980 985 1073 1026 no.
1102 970 1162 1037 4,
1194 970 1533 1025 Sabeliianos
1578 969 1925 1040 impugnans.
1957 967 2088 1023 Ete-

483 1065 593 1120 nim
623 1064 719 1129 ait,
750 1079 874 1122 cum
904 1063 975 1118 sit
1002 1077 1090 1119 res
1116 1062 1259 1118 facta
1286 1077 1393 1118 non
1418 1072 1534 1117 erat
1566 1070 1695 1117 ante
1718 1076 1876 1132 quam
1906 1059 2082 1115 lieret:

482 1159 549 1211 At
571 1173 631 1212 ea
673 1157 737 1210 de
760 1172 921 1210 causa
949 1158 1017 1209 ad
1043 1153 1354 1225 Dionysium
1402 1150 1690 1209 Romanum
1731 1152 1823 1207 ille
1861 1152 2082 1217 deletus,

482 1260 530 1305 et
560 1249 625 1304 ab
647 1247 829 1305 eodem
854 1247 1195 1320 reprehensus
1221 1246 1464 1319 apologia
1509 1261 1565 1300 se
1603 1261 1657 1299 se
1696 1244 1939 1315 purgauit
1964 1287 1979 1308 ,
2029 1244 2086 1297 in

482 1359 637 1413 quam
666 1341 831 1396 multa
855 1341 1094 1415 conjecit,
1113 1340 1301 1410 quibus
1320 1355 1435 1393 eum
1462 1340 1687 1394 errorem
1717 1337 1907 1407 rejicit,
1936 1351 2087 1406 quem

481 1434 701 1489 subinde
729 1434 907 1488 Ariani
936 1449 1181 1505 excepere
1211 1447 1230 1486 :
1252 1431 1390 1486 unde
1418 1447 1535 1485 eum
1567 1429 1623 1484 hi
1655 1431 1767 1501 ejus
1802 1430 2089 1483 auctorita-

480 1536 584 1581 tem
614 1541 710 1597 pro
734 1542 788 1580 se
809 1526 1110 1596 ollegarent,
1136 1524 1449 1579 Athanasius
1476 1524 1589 1577 loco
1615 1530 1914 1584 memorato,
1940 1536 2083 1574 num.

484 1622 543 1685 9,
580 1620 974 1690 prcedecessoris
1000 1619 1082 1674 sui
1101 1619 1401 1674 sententiam
1444 1618 1633 1688 optime
1660 1614 1888 1669 uindicat
1913 1655 1928 1681 ,
1966 1628 2090 1667 auc-

483 1714 841 1783 toritatemque
868 1727 931 1766 ea:
950 1711 1283 1765 inimicorum
1305 1709 1539 1763 manibus
1567 1709 1760 1762 nouiter
1789 1705 1964 1774 eripit.
1983 1705 2090 1760 Eo-

2177 503 2303 560 Fuit
2332 505 2627 577 aliquando
2663 519 2785 561 cum
2825 520 2930 560 non
2954 513 3134 571 esset,
3180 505 3353 574 quibus
3400 504 3565 562 Divina
3602 509 3714 566 Filio

2180 600 2515 652 teternitatem
2567 596 2752 652 Ariani
2796 599 3078 670 negabant,
3111 598 3617 663 coeternitas,uocetu
3642 618 3717 657 sa-

2180 693 2298 764 pius
2324 693 2570 759 inculcat,
2601 701 2755 748 tract.
2786 707 2847 759 ιι,
2871 691 2968 747 111ι.
3001 708 3037 748 ιι
3064 734 3077 759 ,
3104 707 3205 746 una
3253 691 3487 763 originali
3525 703 3717 750 coaeter-

2184 785 2352 841 nitate
2401 794 2556 841 tract.
2591 800 2662 851 vr,
2698 785 2793 841 lib.
2829 801 2904 851 ιι,
2941 801 3090 842 num.
3128 786 3179 853 ι,
3203 800 3322 841 cum
3360 800 3461 855 quo
3486 786 3720 857 originalis

2184 877 2540 949 perpetuique
2583 878 2731 947 regni
2762 894 2868 933 una
2898 877 3212 948 posseSsio:
3248 877 3607 934 comternitatis
3630 894 3721 935 Olll-

2185 967 2607 1038 nipotentiteque
2649 984 2752 1023 una
2793 968 3129 1031 substantia,
3178 983 3280 1022 una
3328 968 3615 1037 mqualitas,
3641 984 3721 1025 una

2182 1060 2358 1116 Virtus
2404 1061 2702 1133 majestatis
2730 1071 2995 1131 augustae.
3044 1058 3163 1115 Huc
3205 1061 3355 1115 etiam
3391 1061 3477 1115 illa
3511 1064 3722 1132 pertinent

2188 1163 2337 1208 tract.
2383 1170 2449 1210 ιν
2479 1196 2492 1219 ,
2552 1155 2639 1210 ubi
2673 1152 2871 1210 Filium
2927 1162 3167 1225 paterna:
3225 1154 3544 1225 antiquitatis
3584 1156 3725 1211 solum

2188 1249 2465 1304 conscium
2486 1291 2498 1312 ,
2525 1249 2582 1303 id
2618 1258 2691 1303 est
2726 1258 3040 1303 coccternum
3071 1246 3221 1301 Patri
3258 1247 3474 1315 fatetur;
3494 1257 3539 1303 et
3569 1256 3618 1302 ut
3647 1248 3728 1301 alia

2190 1342 2512 1398 dimittamus
2555 1352 2705 1398 tract.
2736 1358 2830 1410 vn,
2856 1341 3270 1413 exploratissimo
3290 1357 3397 1396 eam
3427 1341 3635 1396 heresim
3657 1359 3731 1395 uo-

2190 1444 2264 1488 tat
2286 1451 2401 1503 qua
2430 1436 2750 1502 modestius,
2792 1438 2887 1493 sed
2912 1435 3220 1491 mordacius
3259 1449 3473 1502 nocens,
3506 1433 3732 1504 dicitqui-

2190 1525 2312 1580 dem
2341 1528 2431 1581 Dei
2463 1526 2656 1582 Filium
2691 1528 2860 1583 Deum
2895 1570 2909 1592 ,
2937 1527 3031 1582 sed
3066 1542 3171 1582 non
3200 1542 3264 1580 ex
3306 1526 3460 1581 Patre
3490 1524 3735 1581 nobilitatis

2194 1620 2559 1689 perpetuitate
2584 1622 2945 1691 progenitum,
2990 1618 3265 1688 fuisseque
3320 1628 3517 1689 tempus
3562 1617 3735 1688 quando

2192 1729 2299 1769 non
2361 1713 2477 1769 fuit.
2515 1714 2643 1769 "(ac
2669 1716 2925 1787 pracipue
2970 1714 3118 1769 verba
3157 1713 3438 1768 Baronium
3479 1719 3735 1772 moverunt,

481 1806 606 1863 dem
653 1817 897 1878 tempore
931 1805 1130 1861 Paulus
1148 1805 1542 1861 Samosatenus
1565 1818 1785 1858 errores
1829 1816 1964 1872 quos
2009 1800 2078 1856 ab
2108 1804 2156 1865 Β
2184 1826 2299 1863 cum
2374 1811 2623 1865 Ανὶαηηηι
2679 1810 2919 1865 ἡωτεεῂη
2964 1810 3155 1863 directe
3194 1810 3380 1880 feriam
3414 1822 3432 1860 :
3462 1822 3593 1860 nemo
3633 1805 3737 1858 enim

482 1903 692 1959 Ebioue
742 1912 798 1958 et
849 1902 1069 1957 Artema
1121 1901 1400 1965 hauserat,
1442 1898 1495 1953 in
1553 1899 1728 1952 lucem
1776 1909 1941 1951 ausus
2008 1904 2092 1949 est

478 1997 790 2069 propalare,
812 2005 1005 2053 contra
1033 2008 1218 2065 quem,
1252 2001 1309 2047 ut
1336 1990 1591 2058 vidimus,
1622 1988 1765 2043 idem
1794 1986 1853 2044 S.
1887 1986 2090 2057 Diony-

482 2089 597 2146 sius
629 2089 867 2158 scripsit.

552 2181 776 2236 Ebionis
818 2182 1000 2251 itaque
1030 2177 1285 2233 haeresim
1312 2176 1495 2248 primo
1523 2175 1705 2229 adhuc
1747 2172 1966 2229 labente
1997 2187 2092 2227 ate-

478 2276 608 2331 culo
632 2284 875 2330 exortam
909 2273 1051 2329 circa
1085 2270 1309 2328 secundi
1357 2268 1545 2326 saeculi
1599 2269 1761 2323 finem
1783 2310 1796 2333 ,
1840 2282 1905 2323 ac
1946 2266 2089 2323 tertii

482 2366 694 2423 initium
721 2368 791 2422 ab
818 2365 1114 2423 Artemone
1138 2367 1519 2431 instauratam,
1554 2372 1669 2418 toto
1688 2360 1892 2418 szeculo
1920 2359 2091 2416 tertio

484 2472 657 2530 usque
684 2459 752 2516 ab
778 2458 1008 2516 Gallieni
1033 2468 1299 2528 tempora,
1350 2465 1408 2513 et
1444 2465 1566 2526 post
1602 2454 1907 2511 Gallienum
1954 2467 2090 2523 quo-

482 2570 589 2624 que
606 2555 882 2623 serpuisse
911 2553 1089 2609 adhuc
1145 2552 1200 2607 in
1252 2552 1491 2607 Ecclesia
1514 2547 1881 2620 comperimus
1910 2589 1925 2611 ,
1975 2561 2083 2602 non

480 2644 834 2702 Alexandriae
865 2645 1262 2713 tantummodo,
1304 2644 1400 2701 sed
1432 2653 1488 2699 et
1534 2643 1588 2699 in
1621 2640 1772 2697 italia
1814 2651 1868 2697 et
1897 2640 2088 2697 Romae

480 2739 754 2810 vulgatam
787 2757 802 2795 :
850 2755 972 2796 eam
999 2736 1277 2810 adoptavit
1302 2734 1465 2793 Arius
1494 2745 1645 2793 tanto
1692 2735 1950 2791 Ecclesiae
1978 2734 2087 2789 Ca-

483 2833 696 2888 tholicat
717 2832 1069 2897 detrimento,
1101 2840 1160 2887 ut
1187 2832 1390 2901 elapsis
1414 2838 1492 2884 tot
1517 2828 1734 2885 sarculis
1760 2827 1941 2883 adhuc
1964 2841 2089 2897 per—

483 2924 684 2980 niciem
707 2939 860 2979 suam
888 2922 1049 2979 novis
1070 2925 1123 2978 in
1150 2921 1368 2977 Arianis
1394 2919 1684 2977 dili‘undat.
1872 2910 1879 2915 ’

484 3057 512 3133 §
567 3057 681 3115 ΧΠ.
710 3058 868 3112 —-D.
896 3057 1119 3113 Zenonis
1162 3065 1328 3113 textus
1352 3055 1713 3124 adductmtur,
1759 3054 1850 3125 qui
1904 3062 2088 3111 contra

868 3149 980 3203 Arii
1000 3163 1198 3204 errores
1230 3151 1400 3221 facere
1441 3156 1707 3219 putantur.

555 3287 626 3345 iis
650 3287 969 3358 pranotatis
994 3328 1009 3352 ,
1041 3302 1165 3358 quas
1188 3285 1254 3341 ad
1284 3300 1399 3342 rem
1448 3293 1772 3355 prmaentem
1806 3282 1987 3339 facere
2008 3282 2087 3338 ri-

482 3382 774 3448 debantur,
807 3397 950 3439 nunc
982 3382 1206 3453 propius
1230 3380 1297 3436 ad
1347 3379 1665 3451 quaestionis
1694 3376 1897 3433 nodum
1928 3391 2084 3433 acce-

483 3474 678 3533 damus
696 3484 934 3544 oportet,
966 3474 1033 3529 Ι).
1064 3472 1300 3530 Zenonis
1332 3480 1532 3539 textus,
1559 3472 1651 3542 qui
1679 3477 1869 3526 contra
1893 3470 2082 3525 Arium

480 3566 793 3630 laudantur,
816 3566 1210 3637 expendentes.
1240 3565 1350 3620 Hos
1392 3565 1454 3620 [ι.
1484 3564 1757 3620 Ballerinii
1802 3563 2080 3633 allegant,

481 3673 620 3730 quos
642 3659 838 3716 iisdem
866 3661 1104 3729 ipsorum
1127 3657 1307 3714 verbis
1347 3656 1434 3715 hic
1474 3657 1876 3713 exscribimus:
1913 3673 1935 3708 ι
1971 3653 2085 3708 Ha-

482 3767 599 3806 rum
622 3752 936 3807 locutionum
953 3750 1052 3823 (ita
1079 3750 1381 3820 Ballerinii)
1404 3765 1680 3819 vocumque
1705 3748 2084 3819 precipuarum

480 3846 558 3901 uis
585 3854 641 3899 ut
670 3843 991 3913 manifestior
1022 3843 1113 3911 ﬁat
1135 3882 1149 3907 ,
1176 3841 1300 3912 quid
1319 3842 1501 3896 Ariani
1522 3857 1587 3895 ea:
1623 3857 1728 3895 una
1750 3850 1894 3911 parte
1911 3855 2085 3895 sense-

478 3937 619 4002 rint,
650 3936 775 4005 quid
804 3950 869 3992 ex
886 3935 995 3991 alia
1016 3934 1214 3990 Auctor
1233 3944 1414 3989 contra
1442 3934 1719 4004 sd'ipserat
1744 3974 1760 4000 ,
1785 3936 1938 3990 certis
1967 3934 2083 4004 qui-

480 4028 703 4085 busdem
738 4028 987 4103 capitibus
1021 4044 1277 4098 exponere
1326 4028 1543 4098 perutile
1572 4026 1766 4097 fuerit,
1815 4027 1955 4081 unde
2000 4027 2083 4082 oet

480 4122 583 4188 illi,
612 4124 704 4192 qui
727 4138 831 4178 non
856 4122 1014 4194 plane
1037 4121 1230 4176 eruditi
1258 4121 1313 4175 in
1348 4121 1485 4176 hisce
1514 4120 1747 4176 materiis
1769 4128 1910 4183 sunt,
1944 4121 2085 4174 Auc-

481 4225 641 4270 torem
667 4223 847 4273 contro
876 4213 1095 4268 Arianos
1123 4228 1187 4268 es;
1230 4212 1496 4283 proposito
1522 4211 1859 4268 disserentem
1891 4227 2084 4281 agnos-

470 4317 619 4362 cant.
652 4305 724 4361 Hi
747 4304 972 4361 heretici
1021 4322 1085 4362 es;
1108 4305 1394 4362 Athanasio
1414 4305 1468 4360 in
1494 4305 1590 4361 tib.
1624 4305 1687 4359 de
1723 4303 1954 4359 Decretis
1983 4303 2085 4359 Ni-

478 4400 657 4465 ctenis,
683 4415 826 4454 num.
851 4398 940 4465 l8,
960 4417 1081 4471 pag.
1106 4398 1234 4467 2i5,
1251 4399 1316 4455 de
1332 4395 1476 4455 Filio
1501 4399 1599 4453 Dei
1615 4398 1876 4469 loquentes
1896 4399 2083 4472 hujus-

478 4492 620 4547 modi
649 4493 884 4563 [ornandis
928 4493 1215 4548 utebantur.
1274 4493 1352 4548 Ex
1411 4508 1520 4559 non
1568 4493 1931 4551 existentibus
1970 4506 2083 4548 non

2196 1913 2315 1958 ante
2346 1903 2523 1957 Arium
2555 1903 2972 1974 similiaﬁdocuit,
3005 1917 3152 1957 nemo
3174 1908 3294 1955 ante
3322 1901 3414 1954 hoc
3445 1908 3623 1967 tempus
3640 1897 3740 1951 adeo

2196 2012 2433 2066 expresse
2462 1996 2699 2051 hwresim
2739 1995 3040 2067 hujusmodi
3087 1994 3283 2049 notavit
3315 2035 3330 2061 ,
3360 2002 3406 2049 et
3442 1990 3644 2063 refellit,
3670 2005 3740 2043 nec

2195 2101 2394 2157 notare,
2422 2099 2471 2145 et
2498 2089 2733 2160 refellere
2762 2090 2965 2162 quidem
2990 2089 3177 2160 potuit.
3206 2108 3226 2141 ι
3260 2088 3391 2144 Haec
3421 2085 3526 2142 DD.
3555 2084 3742 2141 Balleri-

2195 2183 2291 2237 nii.
2327 2185 2632 2254 Antequam
2665 2194 2793 2240 vero
2844 2182 2911 2239 de
2939 2182 3027 2238 his
3068 2182 3302 2255 aliisque
3328 2182 3393 2237 D.
3423 2180 3639 2239 Zenonis
3680 2176 3741 2232 ai-

2197 2273 2319 2329 latis
2346 2275 2581 2331 testibus
2607 2291 2847 2348 agamus,
2879 2275 3322 2347 praemittendum
3362 2284 3465 2331 est.

2193 2410 2382 2484 §Xlll.
2430 2442 2501 2452 ——
2534 2411 2767 2489 Hysterii
2797 2412 2907 2471 SS.
2964 2411 3237 2473 Trinitatis
3292 2411 3521 2471 uatitiaut
3561 2409 3619 2465 ab
3655 2408 3742 2479 ipso

2266 2501 2513 2559 Ecclesia:
2540 2504 2707 2572 initio,
2734 2505 2994 2576 prtecipue
3018 2520 3137 2561 vero
3155 2505 3309 2563 tertio
3329 2503 3568 2561 Ecclesia
3589 2500 3743 2563 tanta

2263 2597 2523 2669 ﬂoruisse.

2265 2727 2395 2785 Com
2406 2729 2846 2786 mendatissimus
2874 2730 3147 2796 Petavius,
3170 2729 3455 2787 Athanasii
3498 2737 3644 2799 atque
3665 2725 3744 2781 Ba-

2192 2822 2296 2877 silii
2316 2823 2644 2878 testimoniis
2668 2823 2942 2890 adductis,
2980 2824 3265 2879 evidenter
3294 2822 3554 2879 ostendit:
3586 2818 3745 2875 Primis

2190 2914 2297 2969 illis
2322 2912 2569 2969 Ecclesiae
2588 2916 2789 2971 siccatis
2835 2917 3127 2984 complures
3165 2916 3397 2971 extitisse
3439 2914 3642 2970 Sancto:
3665 2953 3678 2978 ,
3711 2921 3746 2965 et

2191 3006 2418 3062 eruditos
2439 3006 2647 3073 Patres,
2676 3007 2766 3077 qui
2793 3008 3044 3062 sinceram
3070 3048 3084 3074 ,
3110 3015 3163 3062 et
3196 3006 3481 3078 legitimam
3517 3001 3747 3059 Trinitatis

2191 3098 2482 3154 doctrinam
2506 3141 2520 3165 ,
2548 3107 2596 3152 et
2620 3098 2723 3171 ipsi
2740 3107 2998 3163 tenerent,
3032 3108 3081 3154 et
3106 3107 3215 3153 tum
3234 3097 3468 3154 docendo
3495 3097 3557 3151 iis
3580 3094 3749 3167 quibus-

2114 3198 2159 3263 ο
2191 3206 2309 3244 cum
2352 3180 2640 3263 degebant,
2699 3201 2806 3245 tum
2851 3190 3123 3248 scribendo
3170 3192 3464 3259 posteritati
3511 3188 3745 3246 traderetu-

2191 3283 2339 3338 ldem
2375 3292 2597 3353 praestat
2626 3291 2682 3339 et
2709 3283 3107 3350 Thomasinus;
3146 3299 3213 3339 ex
3243 3284 3438 3340 iisdem
3466 3297 3561 3337 nos
3579 3279 3750 3347 aliquas

2187 3375 2289 3433 SS.
2315 3376 2532 3432 Patrum
2561 3375 2860 3432 sententias
2884 3377 2953 3431 ad
2988 3377 3148 3453 hujus
3170 3376 3499 3448 paragraphi
3522 3373 3748 3429 adornan-

2187 3468 2316 3523 dum
2340 3467 2557 3522 titulum
2580 3468 2876 3537 seligemns
2907 3509 2922 3534 ,
2966 3470 3236 3539 pnecipue
3255 3483 3388 3539 qua:
3440 3465 3575 3523 tertii
3598 3461 3749 3519 seculi

2188 3557 2377 3614 Patres
2416 3558 2713 3628 protulere.
2745 3558 2979 3632 Omissis
3008 3560 3190 3630 itaque
3236 3560 3342 3628 iis,
3389 3574 3508 3631 qua
3545 3558 3594 3613 in
3640 3553 3749 3609 libro

2186 3651 2278 3721 qui
2305 3651 2498 3707 Pastor
2519 3651 2830 3708 inscribitur
2857 3652 3125 3724 leguntur,
3151 3660 3211 3707 et
3228 3668 3356 3722 qua
3377 3652 3431 3708 in
3459 3652 3515 3708 S.
3541 3648 3751 3706 Clemen-

2191 3743 2261 3799 tis
2284 3742 2538 3808 Romani,
2571 3742 2764 3815 lgnatii
2789 3746 3087 3816 martyris,‘
3121 3742 3381 3800 Aristidis
3410 3740 3747 3801 Atheniensis,

2190 3834 2474 3905 Polycarpi
2503 3836 2757 3907 martyris
2786 3878 2800 3901 ,
2845 3836 2939 3907 qui
2986 3837 3164 3907 primo
3200 3838 3410 3893 saeculo
3440 3842 3751 3892 recensentur

2190 3926 2590 3983 monumentis:
2620 3942 2723 3983 nec
2752 3942 2860 3983 non
2900 3927 3097 3985 Justini
3135 3928 3480 4001 Philosophi,
3504 3940 3555 3985 et
3579 3932 3750 3994 marty-

2191 4023 2268 4079 ris
2290 4021 2503 4090 lrenaai,
2529 4020 2911 4095 Athenagora,
2939 4022 3231 4095 Theophili
3257 4021 3632 4081 Antiochensis
3649 4033 3751 4074 sen-

2191 4117 2398 4182 tentiis,
2429 4118 2519 4187 qui
2546 4116 2786 4173 seeundo
2818 4157 2834 4184 ,
2859 4131 3061 4190 easque
3107 4117 3251 4188 apud
3297 4119 3474 4189 ipsum
3511 4112 3751 4172 Petavium

2190 4210 2377 4266 videre
2399 4217 2517 4274 est;
2549 4209 2769 4265 illorum
2788 4209 2889 4267 SS.
2913 4209 3134 4265 Patrum
3177 4218 3553 4276 monumenta,
3580 4204 3661 4277 qui
3686 4205 3750 4257 la-

2190 4303 2356 4359 bente
2376 4301 2620 4358 secundo
2645 4302 2730 4357 vel
2783 4302 2946 4359 tertio
2972 4311 3231 4359 canente
3277 4304 3510 4368 saccata,
3534 4300 3597 4355 de
3619 4309 3750 4355 sanc-

2192 4394 2416 4450 tissimae
2463 4393 2742 4451 Trinitatis
2773 4395 3032 4465 mysterio
3061 4395 3369 4452 meminere
3394 4438 3409 4463 ,
3449 4392 3751 4465 expressiora

2191 4488 2530 4549 desumendo
2562 4487 2903 4560 proferemus
2931 4490 2986 4545 in
3022 4489 3262 4547 medium
3298 4531 3315 4555 ,
3366 4503 3493 4545 eum
3537 4500 3597 4543 ea
3621 4482 3751 4552 huius

466 4595 594 4642 erat
614 4594 901 4656 antequam
949 4587 1164 4657 genitus
1193 4595 1297 4645 est.
1327 4585 1452 4643 Fuit
1474 4585 1774 4655 aliquando
1814 4601 1939 4641 cum
1967 4600 2076 4641 non
2104 4598 2159 4658 D
2187 4580 2526 4640 tractationis
2549 4591 2766 4639 aetatem
2797 4580 3021 4650 propius
3043 4582 3333 4651 attingant.

474 4690 644 4739 esset.
681 4680 877 4746 Quibus
924 4681 1246 4752 signiﬁcaret
1276 4679 1525 4736 Divinum
1564 4679 1783 4737 Verbum
1812 4721 1827 4743 ,
1861 4696 1927 4735 ex
1970 4696 2078 4736 non

468 4773 853 4839 existentibus,
886 4774 941 4829 id
973 4784 1046 4829 est
1072 4789 1137 4831 ea;
1160 4773 1324 4829 nihilo
1360 4784 1414 4829 ut
1446 4782 1646 4830 cauerat
1673 4782 1923 4833 creatura
1954 4788 2081 4827 con-

468 4866 662 4934 ditum,
687 4882 791 4921 non
822 4865 990 4923 fuisse
1020 4873 1314 4936 antequam
1347 4865 1564 4935 genitus
1584 4875 1692 4931 est,
1727 4865 1872 4921 unde
1897 4875 1952 4925 et
1978 4864 2081 4920 fuit

470 4956 766 5028 aliquando
785 4973 916 5015 cum
941 4972 1052 5013 non
1073 4965 1240 5015 esset.
1273 4954 1373 5011 His
1394 4966 1451 5011 ut
1473 4957 1751 5012 contrairet
1773 4966 1944 5011 ttoster
1970 4956 2079 5011 Au-

474 5059 558 5105 tor
613 5065 730 5105 cum
773 5049 1053 5107 Catholicis
1086 5046 1319 5120 primum
1359 5048 1578 5116 docuit,
1609 5058 1760 5104 tract.
1792 5049 1848 5113 3,
1878 5047 1970 5105 lib.
2014 5064 2075 5115 ιι,

474 5140 639 5197 Deum
665 5141 894 5207 Patrem,
924 5142 1087 5199 alium
1104 5158 1183 5211 se,
1209 5142 1266 5201 id
1284 5152 1359 5199 est
1381 5139 1433 5201 F
1435 5142 1582 5199 ilium
1601 5139 1794 5210 Deum,
1818 5142 2077 5215 genuisse

462 5250 538 5297 ex
562 5251 648 5305 se,
670 5251 740 5295 ex
771 5235 1075 5293 innasclbili
1114 5236 1211 5293 Sua
1236 5236 1336 5299 illa
1364 5238 1665 5295 substantia
1685 5279 1700 5303 ,
1734 5238 1786 5292 in
1812 5252 1915 5307 qua
1949 5236 2077 5293 bea-

410 5404 415 5407 _
462 5338 559 5387 tus
588 5343 818 5387 manens
838 5330 895 5385 in
919 5330 1311 5401 sempiternum
1342 5330 1617 5398 omnibus,
1645 5344 1767 5401 qua:
1795 5329 1965 5389 habet
1983 5329 2073 5387 ba-

460 5424 689 5499 ‘bentetn
714 5422 912 5481 Filium
941 5422 1090 5494 paria
1131 5421 1454 5495 procreavit.
1483 5423 1550 5479 Et
1580 5430 1736 5479 tract.
1767 5438 1804 5478 ιι
1832 5463 1847 5488 ,
1878 5422 1975 5480 lib.
2007 5438 2070 5489 ιι,

468 5515 667 5575 Totum
686 5530 774 5581 se,
801 5516 968 5586 inquit
998 5513 1157 5570 Pater
1184 5556 1197 5577 ,
1220 5513 1590 5585 rechscocavit
1615 5515 1669 5569 in
1697 5513 1918 5581 Filium,
1947 5516 2067 5586 aui-

460 5609 563 5667 bus
592 5611 834 5667 viduum
875 5609 1092 5671 Verbum
1119 5624 1222 5665 nou
1241 5624 1308 5665 ea:
1335 5608 1521 5675 nihilo,
1549 5624 1638 5665 seu
1663 5625 1727 5671 ea
1748 5626 1853 5667 non
1878 5620 2067 5667 extun-

471 5703 600 5759 tibus
617 5744 632 5769 ,
662 5704 753 5759 sed
784 5719 848 5759 ea:
872 5702 985 5775 ipsa
1003 5700 1180 5761 Patris
1206 5701 1495 5759 substantia
1509 5702 1735 5776 genitum
1746 5714 1925 5775 aperte
1948 5721 2069 5774 pro-

460 5793 618 5859 didit.
650 5794 784 5859 Dein
810 5805 868 5855 ut
891 5795 1188 5871 “ploderet
1213 5795 1431 5853 alteram
1461 5797 1740 5867 formulam
1760 5840 1774 5867 ,
1800 5814 1918 5861 non
1946 5810 2068 5858 erat

2259 4674 2539 4745 Hippolyti
2560 4674 2809 4744 Martyris
2837 4677 2931 4743 qui
2955 4672 3142 4729 ﬂoruit
3157 4673 3310 4731 circa
3331 4671 3399 4730 C.
3423 4686 3617 4729 annum
3643 4665 3748 4730 932.

2178 4769 2254 4824 de
2304 4766 2650 4827 sanctissima
2708 4765 2972 4822 Trinitate
3016 4768 3322 4823 sententias
3374 4766 3578 4838 profert
3625 4761 3753 4819 Peta-

2185 4865 2306 4919 vius
2338 4879 2351 4916 :
2394 4861 2566 4917 Multo
2603 4860 2950 4917 luculentiora
2983 4865 3224 4934 perfecta
3257 4879 3323 4921 ac
3348 4878 3482 4923 rem
3507 4855 3754 4918 divinitatis

2183 4956 2238 5010 in
2269 4954 2408 5009 Filio
2427 4956 2643 5026 ejusque
2676 4970 2899 5027 persona
2933 4971 2965 5008 a
2993 4953 3154 5013 Patre
3194 4956 3444 5017 distincta
3471 4953 3755 5025 Hippolytus

2180 5050 2325 5105 idem
2346 5050 2641 5107 testimonia
2660 5049 2803 5103 dedit
2832 5049 2886 5102 in
2911 5046 3196 5116 Opuseulis
3221 5059 3415 5105 contra
3438 5049 3676 5106 Heronem
3715 5048 3754 5095 tl

2187 5144 2443 5212 Helicone,
2467 5149 2608 5216 apud
2653 5146 2995 5202 Anothasiutn
3025 5188 3039 5214 ,
3080 5146 3138 5200 in
3188 5147 3377 5222 quibus
3430 5146 3675 5215 duplicem
3712 5139 3755 5191 in

2181 5237 2389 5296 Christo
2409 5251 2647 5296 naturam
2676 5252 2915 5297 accurate
2929 5240 3196 5309 discernit,
3228 5250 3277 5295 et
3302 5242 3536 5296 diuinam
3557 5235 3754 5295 eorum

2181 5334 2337 5405 plane
2364 5349 2474 5389 esse
2517 5334 2851 5399 demonstrat,
2903 5350 3018 5404 quos
3046 5343 3123 5389 est
3167 5334 3223 5388 in
3267 5331 3459 5400 Putre,
3488 5350 3508 5386 t
3548 5326 3754 5387 Verbum

2180 5428 2330 5483 enim
2362 5427 2459 5486 Dei
2490 5428 2633 5483 nulla
2667 5444 2729 5484 re
2753 5436 3020 5484 mutatum
3047 5441 3171 5484 esse
3202 5469 3217 5493 ,
3264 5428 3401 5483 dicit
3427 5445 3487 5484 co
3512 5430 3618 5499 ipso
3639 5416 3754 5494 quod

2178 5537 2387 5577 carnem
2412 5522 2605 5591 induit,
2638 5538 2739 5579 nec
2775 5524 2829 5579 in
2861 5523 3013 5579 nullo
3048 5538 3271 5594 prorsus
3309 5524 3368 5578 in
3395 5539 3508 5595 quo
3534 5522 3665 5577 idem
3687 5524 3756 5572 est

2179 5630 2305 5672 eum
2333 5616 2517 5682 Patre,
2544 5617 2743 5674 factum
2765 5632 2888 5674 esse
2915 5616 3059 5673 idem
3081 5632 3202 5674 cum
3225 5632 3399 5673 carice
3424 5625 3638 5687 propter
3660 5606 3754 5665 exi-

2181 5709 2514 5765 nanitionem
2539 5726 2554 5775 ;
2582 5710 2681 5766 sed
2704 5709 3008 5782 cujusmodi
3034 5721 3156 5766 erat
3185 5709 3397 5781 absque
3441 5722 3603 5765 urite
3632 5744 3648 5771 ,
3695 5702 3756 5757 ita

2181 5802 2457 5859 mansisse
2473 5809 2627 5859 extra
2665 5816 2884 5859 omnem
2919 5799 3502 5872 circumscriptionem.
3541 5796 3756 5853 om:
