3902 6324
178 292 267 352 6ιό
1552 297 1755 358 DISSEI

1863 250 2027 361 tuo.

3346 306 3450 369 6m

180 412 369 467 «Deum
405 412 556 468 illam
593 409 865 467 Inﬁnitum
913 410 1075 468 simul
1113 420 1170 469 et
1224 411 1750 487 ineircumscriptum
1781 414 1825 476 Λ
1926 416 2193 476 Clementi
2234 420 2602 480 Alexandrino
2625 421 2914 494 Origencm
2960 423 3310 495 subjicicmus
3340 428 3452 483 dis-

176 506 430 562 bominem
462 519 583 562 esse
604 506 678 560 ait
698 545 711 569 ,
744 514 797 561 et
835 506 1060 577 intelligi
1089 507 1369 577 utriusque
1395 508 1751 566 substantiam

177 599 400 671 perfecte
421 600 716 670 perfectam
739 600 1051 656 habentem.
1076 618 1096 653 ι
1125 599 1279 667 Quod
1306 609 1470 670 potest
1495 616 1604 655 esse
1643 602 1755 656 cla-

174 697 269 749 rius
293 710 503 750 summa
524 695 873 765 absolutteque
912 691 1211 748 Divinitatis
1240 693 1292 748 in
1324 691 1531 748 Christo
1557 708 1755 763 praco-

174 787 341 840 νίκηιέ
367 786 509 841 Nam
535 797 581 842 et
604 788 864 856 inﬁnitum
897 786 1062 841 Deum
1104 786 1239 840 hunc
1282 802 1389 842 esse
1414 787 1681 854 pradicet,
1707 794 1755 841 et

174 880 480 944 immensum,
514 889 562 935 et
591 879 979 944 immutabilem,
1003 889 1052 934 et
1096 880 1229 933 idem
1254 882 1463 933 omnino
1503 896 1618 935 cum
1641 878 1753 934 Pa.

174 979 255 1038 tre,
279 972 414 1041 quod
435 972 504 1025 ad
527 983 764 1026 naturam
789 971 987 1039 attinet,
1037 988 1150 1026 cum
1170 972 1236 1025 sit
1258 974 1371 1044 ejus
1398 969 1591 1035 Filius,
1610 971 1755 1026 ideo-

171 1082 255 1137 que
274 1081 326 1120 re
352 1065 469 1137 ipsa
499 1065 790 1120 distinctus.
823 1063 1074 1134 Denique,
1101 1082 1119 1116 ι
1149 1064 1405 1120 divinitas
1458 1063 1645 1137 (inquit
1691 1079 1758 1120 et:

173 1161 417 1217 Anastasii
438 1162 692 1233 rersione)
718 1168 775 1214 ut
803 1169 920 1216 erat
941 1170 1068 1216 ante
1104 1159 1557 1225 incarnationem,
1589 1169 1672 1216 est
1699 1168 1756 1216 et

171 1265 279 1327 post
302 1254 731 1310 incarnationem
763 1255 1059 1310 secundum
1091 1265 1339 1308 naturam
1380 1254 1643 1309 infinitam
1668 1255 1752 1308 iu-

168 1347 682 1416 comprehensibilis,
716 1346 1088 1417 impassibilis,
1110 1345 1554 1417 iucomparabilis
1573 1348 1754 1419 (immo

171 1440 556 1510 inalterabilis),
588 1440 1034 1503 inconvertibilis,
1070 1454 1166 1509 per
1192 1455 1251 1495 se
1274 1449 1487 1510 potens,
1515 1449 1570 1494 et
1590 1448 1649 1494 ut
1680 1450 1757 1494 to-

172 1542 271 1588 tum
297 1533 545 1588 dicamus
576 1533 882 1588 subsistens
911 1572 925 1596 .
965 1534 1339 1590 substantialis
1369 1534 1484 1589 sola
1530 1534 1755 1590 infinita

168 1625 363 1680 virtutis
391 1625 623 1680 Bonum.
662 1642 683 1678 ι
730 1624 973 1680 Potuitne
1021 1627 1099 1682 uel
1144 1625 1243 1682 hoc
1266 1628 1457 1682 stucqu
1485 1628 1756 1699 quisquam

165 1722 410 1785 disertius,
449 1721 737 1791 expressius
767 1763 781 1787 ,
816 1722 1193 1792 signiﬁcantius
1240 1721 1557 1776 divinitatem
1604 1720 1752 1788 Filii,

1853 513 2091 583 eipulum
2125 515 2385 585 Magistro
2413 531 2483 572 ex
2512 517 2705 573 eodem
2740 517 3101 583 Tltontasino;
3131 519 3198 574 de
3236 534 3345 588 quo
3373 530 3453 574 ta-

1855 620 1981 662 men
2007 607 2280 661 contraria
2306 608 2463 664 nobis
2495 607 2633 664 forte
2677 609 2962 680 alleganda
2980 620 3143 666 erunt
3171 610 3399 667 inferius
3433 651 3450 677 ,

1853 714 1976 754 cum
1999 714 2029 754 a
2074 715 2134 756 se
2161 698 2280 769 ipso
2307 714 2454 771 saepe
2482 700 2729 759 diversus
2759 745 2774 769 ,
2816 705 3140 775 quandoque
3168 704 3271 761 sibi
3317 720 3451 761 enn-

1855 792 2055 847 trarius
2086 790 2349 865 Origenes
2384 794 2691 851 inveniatur
2724 839 2739 864 ,
2767 806 2827 852 ut
2849 812 2976 853 vere
3012 797 3082 853 de
3133 799 3226 854 illo
3254 797 3457 854 dixerit

1854 883 1912 940 S.
1940 884 2339 959 Hieronymus:
2371 886 2639 943 Interdum
2689 905 2908 963 magnus
2958 891 3204 947 dormitat
3254 891 3448 949 Home—

1855 994 1967 1033 rus.
2002 979 2251 1048 Origenis
2276 980 2611 1050 testimonia,
2642 997 2762 1053 qua:
2787 983 3068 1040 subdimus
3095 1001 3162 1040 ex
3189 986 3245 1041 S.
3280 986 3453 1042 Atha-

1857 1073 2010 1128 nasio
2026 1072 2392 1130 Tltomasinus
2419 1075 2746 1146 desumpsit.
2782 1078 2843 1133 Si
2871 1088 2964 1144 est,
2993 1080 3162 1152 inquit
3179 1079 3451 1151 Origenes,

1857 1167 1965 1222 ulla
1989 1168 2159 1241 imago
2186 1169 2456 1225 invisibilis
2482 1168 2582 1224 Dei
2612 1213 2628 1237 ,
2660 1171 2773 1242 ipsa
2798 1188 2998 1242 quoque
3028 1174 3199 1245 imago
3225 1174 3455 1229 invisibi-

1858 1257 1922 1312 lis
1949 1259 2141 1328 fuerit;
2170 1261 2325 1315 immo
2351 1262 2446 1315 hoc
2473 1278 2674 1330 quoque
2694 1267 2860 1317 ausim
2887 1264 3078 1320 addere
3115 1307 3129 1332 ,
3169 1268 3307 1334 quod
3333 1282 3454 1321 cum

1855 1352 1921 1407 sit
1937 1352 2025 1407 ille
2039 1353 2326 1407 similitudo
2350 1351 2526 1409 Patris
2547 1356 2660 1423 fieri
2676 1372 2779 1411 non
2797 1372 2968 1428 posse,
2986 1368 3043 1411 ut
3072 1358 3225 1427 fuerit
3247 1359 3454 1427 quando

1859 1463 1959 1501 non
1981 1447 2156 1518 fuerit.
2191 1447 2413 1513 Quando
2434 1449 2568 1502 enim
2602 1448 2761 1515 Deus,
2789 1453 2877 1522 qui
2897 1453 3180 1507 secundum
3199 1452 3457 1513 Joannem

1860 1536 2249 1610 Evangelistam
2276 1541 2368 1595 lux
2388 1540 2601 1608 dicitur,
2632 1542 2906 1614 splendore
2935 1544 3101 1601 caruit
3124 1560 3233 1600 sua:
3261 1545 3457 1615 Μαία-

1858 1632 2016 1688 tatis?
2042 1644 2092 1686 ut
2120 1634 2234 1702 quis
2260 1636 2445 1689 audeat
2480 1633 2618 1689 Filio
2640 1637 2952 1706 principium
2992 1639 3287 1694 adscribere
3309 1641 3459 1709 quasi

1856 1728 2014 1779 antea
2040 1721 2273 1781 nondum
2303 1720 2586 1781 temulenti?
2616 1721 2838 1789 Quando
2862 1733 3035 1783 autem
3058 1741 3162 1781 uou
3184 1736 3297 1785 erat
3318 1726 3457 1796 inef-

166 1829 219 1866 ac
242 1811 592 1867 Personarum
628 1813 900 1867 discrimen
930 1828 1183 1885 exponere
1204 1856 1218 1877 ,
1240 1829 1393 1882 quam
1423 1814 1501 1868 uel
1529 1814 1749 1883 scriptor
1775 1810 1825 1872 B
1851 1810 2029 1882 [altilis
2051 1812 2166 1879 illa,
2188 1812 2579 1875 inuominabilis
2596 1857 2614 1883 ,
2662 1816 3126 1887 ἐκδιαιταὺὶιὶεᾳαε
3150 1815 3323 1875 Patris
3346 1817 3460 1877 utb-

166 1907 240 1960 ille
267 1907 387 1977 fecit
415 1906 679 1976 antiquus,
711 1914 981 1975 antequam
1005 1904 1256 1961 Nicetius
1281 1904 1563 1962 Consessus
1596 1905 1752 1977 liqui—

168 1997 274 2052 dam
297 2014 359 2052 ea
384 1998 455 2052 de
484 2014 539 2051 re
564 1999 830 2052 scientiam
856 1998 1215 2068 explicasset?
1632 2012 1637 2019 ‘

221 2091 525 2149 Clementis
567 2091 924 2177 Alexandrini
972 2092 1041 2147 de
1090 2092 1354 2148 'l‘rinilate
1397 2091 1706 2149 Sententias
1737 2133 1753 2161 ,

165 2202 280 2258 quas
307 2187 427 2241 sine
454 2187 646 2241 erroris
670 2186 962 2258 suspicione
1002 2189 1233 2257 scriptas
1275 2186 1473 2242 fatetur
1504 2186 1757 2241 Petavius

162 2281 219 2334 ad
263 2280 467 2335 librum
515 2280 746 2351 primum
796 2280 865 2333 de
904 2279 1171 2334 Trinitate
1202 2279 1460 2335 videndae
1507 2280 1753 2334 remittit.

162 2373 342 2432 Noscx
385 2374 730 2431 Thomasino
780 2373 1069 2429 ali'eremus
1102 2414 1119 2441 ,
1166 2374 1256 2443 qui
1306 2371 1639 2428 Clementem
1688 2372 1758 2426 ab

162 2466 292 2521 omni
318 2467 533 2522 erroris
566 2465 882 2535 suspicione
933 2466 1277 2521 demonstrat
1322 2465 1582 2521 alienum.
1623 2463 1757 2517 Vide

163 2557 496 2631 (Thomasini
543 2559 704 2614 verba
755 2556 907 2630 sunt)
937 2558 998 2629 (ι.
1025 2573 1082 2613 ιιι
1112 2559 1187 2612 th.
1218 2558 1432 2630 Dogm.,
1455 2567 1523 2611 tr.
1545 2556 1602 2623 2,
1635 2573 1753 2628 cap.

161 2648 240 2716 44,
270 2668 417 2705 num.
454 2652 512 2721 1)
541 2662 598 2705 ut
626 2652 738 2724 ejus
785 2636 1119 2706 reternitatem
1141 2662 1262 2706 ante
1283 2661 1512 2723 tempora
1538 2658 1755 2705 ostruat.

165 2761 184 2795 ι
207 2742 393 2800 Nullus
428 2742 575 2815 (lucc
601 2760 733 2800 vero
759 2741 1084 2817 Clementis)
1135 2753 1289 2800 certe
1331 2744 1613 2799 hominum
1672 2743 1758 2799 vel

160 2832 369 2889 deorum
403 2833 512 2889 fuit
541 2844 668 2893 ante
695 2835 843 2892 hunc
882 2836 1140 2892 mundum
1167 2876 1183 2902 ,
1228 2850 1335 2892 non
1363 2845 1541 2891 autem
1569 2848 1758 2891 sumus

161 2939 274 2984 ante
303 2930 499 2986 mundi
536 2930 1006 2998 constitutionem,
1032 2931 1124 3001 qui
1152 2944 1220 2986 eo
1247 2929 1394 3001 quod
1426 2944 1550 2986 esse
1589 2944 1757 2999 opor-

164 3032 287 3079 teret
304 3024 356 3079 in
383 3026 512 3094 ipso
536 3024 651 3081 Deo
669 3040 855 3080 sumus
881 3024 1068 3095 geniti.
1104 3024 1198 3079 Dei
1227 3024 1392 3079 Verbi
1425 3038 1614 3079 sumus
1658 3037 1759 3079 nos

162 3114 405 3186 ﬁgmenta
431 3115 651 3172 ratione
688 3117 934 3186 praedita,
969 3131 1066 3186 per
1093 3131 1253 3186 quem
1297 3115 1505 3185 antiqui
1543 3129 1755 3179 sumus,

1856 1905 2056 1963 stantia:
2082 1903 2277 1978 imago,
2299 1909 2471 1976 [arma
2503 1949 2518 1972 ,
2546 1907 2681 1965 ratio
2706 1951 2722 1974 ,
2754 1924 2868 1979 qua:
2916 1906 3129 1963 Patrem
3157 1909 3460 1979 cognoscit?

1857 1995 2053 2070 Cogitet
2079 2012 2249 2055 secum
2274 1999 2582 2071 quicumque
2620 2000 2827 2057 audebit
2849 2001 3058 2061 dicere;
3090 1999 3222 2063 Erat
3252 2000 3459 2071 quando

1857 2104 1960 2149 non
1984 2098 2094 2143 erat
2117 2086 2292 2147 Filius
2320 2107 2373 2145 se
2403 2091 2498 2149 Itoc
2532 2092 2703 2160 ipsum
2729 2091 2922 2147 dicere.
2961 2091 3089 2149 Erat
3118 2092 3327 2161 quando
3362 2109 3456 2151 sa-

1856 2180 2049 2250 pientia
2072 2197 2177 2237 non
2204 2192 2311 2238 erat
2335 2224 2350 2249 ,
2378 2182 2586 2252 quando
2612 2184 2749 2243 ratio
2791 2200 2892 2241 non
2952 2195 3059 2241 erat
3078 2226 3094 2251 ,
3121 2186 3330 2257 quando
3357 2185 3463 2245 sita

1857 2288 1960 2327 non
1981 2283 2106 2327 erat.
2129 2273 2198 2329 Et
2219 2274 2402 2337 statim
2430 2275 2653 2330 ibidem.
2686 2275 2836 2334 Idem
2869 2275 3117 2349 Origenes
3143 2276 3269 2333 alibi
3294 2276 3457 2333 dicit:

1859 2364 1968 2420 Sed
1991 2369 2077 2439 [as
2102 2377 2326 2432 nonest.
2369 2384 2535 2437 neque
2565 2369 2794 2439 periculo
2825 2386 3045 2435 vacuum
3087 2378 3162 2431 est
3201 2370 3262 2425 ob
3313 2370 3464 2443 inﬁr-

1859 2462 2086 2521 mitatem
2106 2473 2358 2535 nostram,
2387 2474 2640 2534 quantum
2684 2464 2736 2519 in
2767 2464 2911 2527 nobis
2951 2473 3062 2531 est,
3088 2464 3315 2539 spoliare
3353 2462 3463 2531 Pa-

1858 2564 1990 2617 trem
2016 2553 2292 2631 Uuigenito
2312 2572 2430 2625 suo,
2481 2573 2660 2619 secum
2711 2572 2911 2631 semper
2963 2557 3212 2613 existente
3255 2554 3461 2629 Verbo;

1856 2647 2087 2719 spoliare
2113 2648 2236 2705 item
2270 2664 2396 2707 eum
2440 2649 2697 2721 sapientia
2746 2650 2805 2707 .in
2848 2665 2951 2721 qua
2994 2648 3301 2715 (tutabatur;
3343 2649 3465 2712 inde

1860 2739 1996 2799 enim
2052 2740 2380 2814 colligeretur
2437 2756 2556 2797 eum
2594 2757 2701 2803 non
2738 2756 2938 2814 seraper
2980 2741 3214 2801 laetatum
3265 2742 3422 2814 fuisse
3442 2758 3463 2801 ε

1858 2829 1996 2889 Ecce
2019 2849 2111 2889 nos
2132 2833 2544 2895 dmonstramus
2569 2834 2715 2893 istius
2739 2835 2876 2889 modi
2896 2836 3201 2909 sententiain
3225 2854 3257 2891 α
3289 2834 3467 2897 Patri-

1862 2924 1954 2981 bus
1985 2926 2052 2981 ad
2077 2924 2261 2981 Patres
2287 2927 2436 2999 quasi
2455 2943 2545 2998 per
2571 2942 2756 2983 manus
2796 2927 3039 2991 traditam
3064 2944 3202 2989 esse.
3241 2926 3337 2983 Vos
3359 2944 3462 2989 au.-

1862 3030 1962 3075 tem
1985 3020 2100 3077 noui
2131 3019 2339 3088 Judaei,
2368 3030 2417 3075 et
2446 3019 2704 3090 Discipuli
2747 3020 2987 3093 Caiphae,
3036 3037 3164 3093 quas
3195 3019 3463 3079 verborum

1861 3119 2143 3166 vestrorum
2191 3109 2376 3167 Patres
2405 3127 2466 3166 ac
2520 3109 2754 3185 Majores
2797 3111 3159 3167 demonstratis
3193 3153 3208 3179 ,
3254 3128 3369 3166 cum
3398 3127 3461 3175 ne

162 3208 400 3277 quoniam
458 3207 514 3262 in
563 3208 828 3279 principio
871 3217 989 3264 erat
1026 3206 1301 3264 Verbum:
1351 3207 1448 3263 sed
1495 3206 1753 3276 quoniam
1783 3196 1829 3261 C
1860 3224 2019 3267 unum
2056 3207 2347 3279 quidemex
2372 3206 2709 3280 prudentibus
2734 3248 2751 3275 ,
2803 3217 2892 3262 aut
2918 3208 3084 3264 doctis
3114 3208 3170 3263 in
3194 3216 3459 3265 auctorem

163 3299 382 3358 Verbum
412 3302 638 3373 quidem
669 3302 878 3356 eratab
918 3300 1032 3356 alto
1065 3300 1227 3369 petita
1251 3300 1484 3371 origine,
1514 3300 1756 3357 divinum

167 3395 538 3451 universorum
568 3395 891 3465 principium
915 3434 930 3461 ,
959 3402 1014 3449 et
1053 3391 1174 3459 fuit,
1191 3401 1249 3449 et
1275 3403 1379 3448 est.
1410 3391 1546 3460 Quia
1574 3399 1756 3446 autem

163 3502 290 3543 nunc
316 3502 526 3543 nomen
559 3485 915 3556 accepitolim
936 3485 1351 3551 sanctiﬁcatum,
1383 3493 1651 3555 potestate
1672 3483 1761 3540 di-

162 3596 331 3651 gnum,
354 3582 615 3638 Christus
639 3621 654 3647 ,
692 3595 889 3637 novum
918 3582 1051 3636 milii
1074 3589 1323 3635 vocatum
1355 3589 1440 3634 est
1462 3578 1754 3633 canticum.

162 3674 250 3731 llic
267 3689 398 3745 ergo
436 3674 677 3730 Verbum
703 3673 978 3738 Christus,
1006 3678 1064 3728 et
1090 3681 1147 3728 ut
1186 3687 1288 3727 nos
1307 3671 1437 3725 olim
1463 3685 1708 3726 essemus
1739 3711 1755 3735 ,

164 3776 270 3823 erat
304 3768 456 3825 enim
512 3768 569 3822 in
613 3767 748 3834 Deo,
803 3774 938 3822 etut
965 3766 1107 3822 bene
1133 3765 1404 3831 videmus,
1443 3779 1608 3820 causa
1636 3763 1755 3819 luit.

161 3859 300 3917 Nunc
322 3872 513 3916 autem
554 3860 807 3930 apparuit
852 3857 1162 3913 hominibus
1204 3856 1292 3911 hie
1320 3856 1439 3927 ipse
1473 3854 1706 3911 Verbum
1736 3893 1755 3921 ,

164 3955 242 4022 qui
262 3955 413 4010 solus
442 3962 533 4008 est
575 3952 737 4008 ambo
767 3951 912 4008 Deus
942 3994 958 4019 ,
989 3958 1048 4007 et
1097 3951 1282 4006 homo.
1319 3968 1340 4002 ι
1380 3949 1510 4004 Vide
1555 3957 1613 4004 ut
1640 3964 1760 4003 mox

162 4045 412 4103 Christum
455 4045 600 4101 dicat
641 4056 761 4101 ante
803 4061 1007 4101 carnem
1045 4056 1362 4112 assumptum
1400 4045 1564 4114 fuisse
1606 4044 1760 4099 illum

162 4140 319 4211 ipsum
345 4139 546 4205 Deum,
578 4140 667 4210 qui
689 4150 761 4195 est
790 4182 805 4206 ,
835 4156 926 4195 seu
953 4140 1041 4209 qui
1066 4150 1139 4195 est
1182 4140 1355 4210 ipsum
1381 4154 1518 4205 esse,
1547 4147 1595 4193 et
1620 4139 1675 4191 in
1699 4153 1759 4193 eo

161 4235 348 4302 quiest,
379 4234 487 4290 hoc
512 4242 591 4290 est
614 4235 670 4289 in
705 4233 865 4289 Patre
880 4233 1062 4306 fuisse.
1096 4251 1117 4286 ι
1152 4232 1419 4304 Apparuit
1442 4241 1623 4289 autem
1653 4248 1758 4287 nu-

163 4331 351 4401 perqui
383 4332 543 4401 prius
584 4339 704 4385 erat
746 4329 1034 4386 Servatur:
1072 4329 1323 4399 apparuit
1344 4330 1438 4399 qui
1482 4338 1566 4385 est
1609 4328 1662 4381 in
1690 4341 1760 4383 eo

410 4425 481 4443 la
588 4421 672 4443 -U

1861 3304 2021 3363 litare
2040 3303 2267 3375 possitis.

1934 3388 2336 3467 'l‘lieognostum
2384 3395 2638 3455 addimus
2672 3410 2745 3453 ex
2793 3394 3093 3463 Athanasio
3127 3412 3140 3449 :
3173 3394 3307 3453 Cum
3336 3409 3462 3453 eum

1858 3503 1980 3549 cum
2004 3487 2439 3558 Origene'simul
2469 3489 2806 3551 nominatum
2837 3488 2987 3546 vides
3024 3488 3081 3543 in
3128 3485 3461 3549 bibliouteca

1860 3581 2059 3641 l’liotii.
2080 3580 2280 3639 Discite
2294 3582 2393 3654 (ita
2415 3582 2764 3655 Athanasius)
2783 3582 2939 3654 igitur
2960 3598 3120 3649 nunc,
3140 3580 3347 3641 Christo
3372 3597 3457 3639 re-

1858 3671 2016 3729 belles
2042 3674 2246 3749 Ariani,
2282 3673 2660 3747 Theognostutn
2670 3676 2838 3735 uirum
2862 3675 3118 3739 disertum
3143 3692 3243 3731 nou
3268 3675 3463 3735 abhor-

1857 3766 2024 3829 ruisse
2068 3784 2100 3821 a
2134 3768 2383 3825 uocabulo
2407 3769 2742 3838 substantiae.
2796 3770 3028 3829 scribens
3071 3770 3207 3827 enim
3251 3769 3315 3827 de
3359 3769 3466 3840 ﬁde

1859 3860 2233 3933 ltipotyposcon
2259 3864 2334 3916 ita
2359 3863 2559 3917 locutus
2587 3872 2687 3918 est:
2720 3881 2737 3915 ι
2782 3862 2901 3918 Νοιι
2936 3863 3236 3919 forinsecus
3271 3872 3364 3919 aut
3397 3878 3467 3919 ex

1860 3959 2023 4015 rebus
2069 3960 2344 4015 extraneis
2382 3958 2505 4015 Filii
2554 3960 2855 4015 substantia
2882 3969 3117 4022 constat,
3175 3974 3350 4029 neque
3394 3973 3466 4016 ex

1861 4068 1972 4108 non
2029 4053 2244 4109 cutibus
2300 4053 2640 4125 producitur,
2688 4054 2784 4110 sed
2844 4071 2907 4111 ex
2955 4053 3136 4110 Patris
3165 4052 3466 4109 substantia

1861 4147 1934 4204 ita
1965 4149 2284 4221 progenitus
2309 4157 2414 4218 est,
2448 4159 2560 4207 uta
2590 4150 2708 4206 luce
2760 4148 2938 4220 iubar,
3003 4156 3061 4202 ut
3089 4160 3152 4202 ex
3185 4162 3321 4216 aqua
3372 4159 3466 4201 va-

1863 4257 1982 4311 por.
2013 4241 2201 4313 Neque
2245 4244 2390 4297 enim
2442 4240 2494 4297 id
2542 4240 2717 4311 ipsum
2742 4249 2825 4297 est
2871 4237 3014 4308 quod
3071 4254 3229 4310 aqua,
3291 4251 3468 4308 neque

1856 4332 2018 4405 jnbar
2048 4333 2100 4388 id
2158 4334 2333 4405 ipsum
2387 4333 2532 4405 quod
2558 4336 2665 4401 sol,
2724 4333 2822 4389 sed
2862 4349 2969 4389 non
2998 4334 3234 4389 alienum
3284 4343 3466 4388 tamen

1861 4443 2042 4483 rerum
2072 4436 2129 4483 ut
2152 4429 2509 4497 proﬂuentem
2537 4443 2661 4486 eum
2686 4441 2808 4484 esse
2832 4426 2984 4485 dicas
3005 4427 3181 4482 Patris
3205 4427 3465 4482 subStan-

161 4517 291 4585 apud
315 4518 499 4573 Deum
522 4516 716 4572 doctor
734 4523 1004 4585 apparuit,
1027 4530 1126 4585 per
1143 4514 1290 4587 quod
1321 4515 1502 4570 onmia
1529 4523 1654 4569 sunt
1680 4512 1759 4568 fa-
1861 4523 1972 4586 tim,
2018 4519 2180 4593 idque
2219 4521 2290 4576 ita
2320 4531 2378 4577 ut
2419 4521 2639 4577 interim
2672 4520 2974 4577 substantia
3005 4520 3093 4575 illa
3126 4518 3305 4575 Patris
3326 4520 3468 4574 divi-

162 4606 353 4666 bricata
390 4631 412 4663 ι
431 4620 484 4665 et
512 4611 676 4682 infra.
699 4629 718 4664 ς
752 4609 989 4666 Verbum
1006 4609 1317 4684 Dominum,
1341 4609 1434 4679 qui
1467 4623 1654 4664 revera
1682 4616 1768 4664 est
1791 4593 1847 4656 Ῑ)
1872 4616 2082 4671 sionem
2112 4630 2221 4671 non
2247 4614 2501 4687 patiatur.
2533 4612 2997 4681 Quemadmodum
3031 4613 3172 4668 enim
3221 4613 3306 4668 sol
3350 4628 3467 4668 non

162 4700 294 4759 Deus
322 4702 843 4772 manifestissimus,
874 4706 964 4774 qui
1004 4712 1090 4760 est
1125 4702 1503 4759 universorum
1534 4701 1766 4758 Domino
1873 4708 2194 4765 diminuitur
2230 4709 2342 4763 suis
2384 4722 2453 4763 ex
2491 4722 2549 4762 se
2580 4704 2970 4776 proﬂuentibus
2998 4704 3164 4760 radiis
3194 4722 3211 4771 ;
3254 4705 3325 4760 ita
3367 4719 3470 4761 nec

163 4808 476 4869 excauatus
507 4840 522 4864 ,
574 4798 830 4867 quoniam
876 4806 996 4853 erat
1042 4797 1162 4867 ejus
1189 4795 1363 4850 Filius
1392 4835 1407 4859 ,
1438 4806 1492 4851 et
1527 4794 1761 4851 Verbum

163 4895 347 4948 eratin
380 4893 504 4948 Deo
540 4911 561 4946 ι
596 4893 932 4964 Apertissime
969 4891 1135 4946 Deum
1184 4908 1294 4947 esse
1327 4889 1553 4946 Verbum
1579 4891 1760 4958 docet,

164 4992 204 5036 et
230 4984 380 5040 Patri
401 4985 721 5055 cowqualem
748 5001 849 5056 quo
881 4982 1100 5039 Filium.

228 5079 299 5133 Ab
323 5081 461 5135 libro
511 5078 800 5155 Padagogi
835 5080 1002 5149 primo
1022 5080 1137 5134 uide
1157 5088 1212 5134 ut
1240 5089 1340 5135 tres
1358 5080 1560 5133 divinas
1582 5077 1767 5151 Hypo-

162 5184 308 5228 stases
331 5177 659 5247 conjungat,
692 5191 724 5227 a
752 5175 955 5245 reliquis
984 5175 1222 5247 sejungat
1265 5172 1518 5238 omnibus,
1566 5174 1611 5227 ei
1640 5172 1765 5227 sub-
1808 5181 1824 5193 ’

157 5264 335 5335 jungat
359 5274 529 5320 totam
574 5274 816 5319 naturam
843 5266 1245 5322 intellectualem
1276 5308 1291 5334 ,
1325 5262 1630 5321 Ecclesium.
1672 5282 1691 5317 ι
1719 5263 1767 5322 0

166 5359 484 5417 miraculum
531 5358 853 5431 mysticum!
887 5358 1040 5416 Unus
1085 5359 1302 5430 quidem
1352 5369 1435 5414 est
1479 5357 1768 5414 universo-

164 5465 271 5508 rum
291 5453 487 5510 Pater.
518 5453 700 5511 linum
731 5461 818 5508 est
845 5452 1006 5507 etiam
1060 5453 1435 5509 universorum
1481 5450 1721 5507 Verbum
1747 5492 1764 5520 ,

164 5554 210 5599 et
236 5545 481 5617 Spiritus
522 5553 744 5602 sanctus
770 5559 911 5600 unus
939 5585 954 5612 ,
1004 5553 1062 5601 et
1091 5544 1209 5614 ipse
1246 5552 1331 5600 est
1380 5543 1599 5617 ubique.
1647 5542 1766 5601 Una

164 5649 334 5696 autem
365 5641 494 5697 sola
521 5640 691 5697 Mater
718 5646 804 5696 est
847 5637 1043 5711 Virgo:
1074 5638 1209 5695 mihi
1232 5644 1412 5694 autem
1439 5637 1614 5709 placet
1644 5651 1764 5692 eam

166 5745 351 5788 vocare
384 5732 717 5790 Ecclesiam.
755 5750 775 5787 ι
809 5730 974 5790 Plura
1002 5730 1142 5802 apud
1192 5731 1442 5787 eumdem
1474 5730 1764 5787 Tliomasi-

167 5840 286 5883 num
316 5827 473 5884 vide.

1872 4802 2173 4858 substantia
2222 4800 2400 4859 Patris
2440 4800 2857 4857 diminutionem
2884 4800 3141 4864 sustinet,
3172 4798 3463 4869 imaginem

1869 4897 1953 4952 sui
1980 4895 2177 4953 Filium
2210 4894 2554 4968 progignens.
2576 4881 2609 4948 ἰ

1939 4990 2143 5048 Ultimo
2167 4986 2657 5047 Neocaesariensiem
2670 4988 2993 5061 Gregorium
3007 4986 3347 5052 adducimus,
3374 4986 3472 5057 qui

1869 5098 1963 5139 sua
1996 5082 2049 5137 in
2084 5081 2234 5138 Fidei
2264 5080 2609 5137 confessione
2640 5081 2719 5136 sie
2744 5080 2909 5136 habet
2935 5098 2949 5134 :
2985 5099 3004 5133 ι
3026 5079 3176 5136 Unus
3199 5078 3344 5135 Deus
3368 5078 3469 5133 Pa.

1868 5186 1953 5233 ter
1975 5175 2140 5235 Verbi
2165 5176 2422 5241 viventis,
2438 5173 2732 5245 Sapientia;
2752 5173 3101 5231 subsistentls
3117 5214 3133 5241 ,
3163 5185 3218 5230 et
3246 5171 3469 5228 virtutis

1867 5285 1981 5328 suae
1993 5280 2051 5326 et
2066 5268 2256 5340 figurae
2272 5269 2618 5338 sempiterna:
2635 5284 2648 5322 :
2665 5271 2939 5340 perfectus
2961 5269 3184 5339 perfecti
3200 5268 3463 5325 Genitor:

1867 5365 2026 5422 Pater
2046 5364 2171 5420 Filii
2200 5362 2497 5436 Unigeniti,
2532 5363 2683 5420 Unus
2708 5364 2994 5428 Dominus,
3055 5363 3204 5418 solus
3226 5376 3297 5417 ex
3314 5361 3462 5426 solo,

1868 5458 2014 5519 Deus
2046 5458 2116 5513 de
2168 5458 2279 5513 Deo
2325 5466 2380 5512 et
2405 5454 2579 5511 Filius
2617 5470 2782 5512 verus
2832 5455 2949 5512 veri
2978 5454 3171 5510 Patris.
3226 5453 3368 5516 Mos,
3411 5461 3470 5508 et

1868 5567 2027 5617 unus,
2044 5551 2228 5622 inquit,
2250 5548 2485 5620 Spiritus
2510 5547 2743 5605 Sanctus
2760 5563 2829 5604 ex
2856 5548 2964 5602 Deo
2991 5546 3344 5601 substantiam
3362 5544 3468 5599 bn-

1868 5645 2027 5710 bens,
2056 5654 2163 5700 etc.
2207 5643 2390 5715 Imago
2407 5641 2553 5707 Filii,
2586 5640 2815 5712 perfecti
2848 5639 3114 5709 perium,
3138 5638 3248 5691 vita
3270 5636 3463 5692 viven.

1866 5737 1997 5793 tium
2011 5734 2859 5802 causa,Fonssanctus,sanctitas
2872 5729 3319 5788 sanctiﬁcationis
3330 5747 3471 5801 princ

1870 5831 2083 5888 statrix.
2116 5848 2137 5885 ι
2164 5828 2438 5886 Postremo
2453 5829 2524 5884 ita
2544 5826 2825 5896 concludit,
2855 5843 2877 5880 ι
2895 5824 3134 5882 Trinitas
3152 5823 3418 5895 perfecta.
3442 5844 3464 5879 ι
