3902 6324
459 268 564 327 647

1553 235 1644 316 ne
1684 256 1931 317 SANCTI
1967 254 2263 315 zunoms
2304 252 2580 311 crocus
3601 247 3683 304 us

527 386 657 443 Haec
677 383 811 440 satis
833 395 956 438 esse
983 377 1230 436 videntur
1257 375 1328 433 ad
1355 375 1720 432 sanctissimae
1771 372 2056 428 Trinitatis
2084 371 2138 434 Α
2163 371 2267 425 nito
2301 368 2628 441 Unigenitus,
2661 363 2726 420 de
2751 363 2865 420 solo
2891 361 3056 427 solus,
3099 360 3166 415 de
3212 365 3312 414 toto
3341 367 3485 426 totus,
3514 359 3570 414 de
3595 375 3689 414 sero

455 488 514 536 et
539 475 932 534 incarnationis
965 472 1126 528 iidem
1177 479 1361 525 notam
1401 478 1458 524 et
1499 467 1843 524 manifestam
1896 464 2057 521 tertio
2160 479 2326 528 verus,
2357 462 2421 518 de
2450 464 2672 533 perfecto
2704 458 2978 529 perfectus.
3025 453 3158 511 Cum
3184 469 3310 524 ergo
3335 468 3499 524 neque
3529 452 3691 524 Martyr

457 571 760 644 praesertim
792 566 1053 624 Ecclesia:
1103 563 1306 620 saeculo
1349 559 1857 618 demonstrandum.
1897 557 2055 614 Plura

459 664 552 736 qui
583 663 731 733 cupit
758 658 902 732 apud
956 657 1236 715 Petavium
1267 664 1325 712 et
1351 653 1742 711 Thomasinum
1796 649 2056 706 inveniet.

457 755 594 814 Illud
625 765 804 810 tamen
831 751 993 808 modo
1017 750 1180 806 liceat
1211 748 1525 813 observare,
1557 743 1744 816 quanti
1788 742 1926 799 haec
1956 741 2055 800 SS.

460 850 705 916 Patrum,
733 860 870 919 quos
897 843 1260 910 laudavimus,
1289 839 1532 897 facienda
1559 839 1669 895 sint
1690 844 2058 902 monumenta,

461 942 531 1000 ad
576 941 691 998 Arii
738 939 1178 1008 Arianorumque
1224 931 1588 1006 proﬂigandos
1637 945 1872 988 errores.
1923 929 2060 986 Num

461 1037 643 1107 itaque
699 1033 1023 1104 Hippolytus
1072 1031 1298 1102 Martyr,
1345 1027 1600 1084 Clemens
1641 1021 2061 1089 Alexandrinus,

462 1127 744 1198 Origenes,
801 1125 1204 1196 Theognostus,
1245 1120 1538 1192 Gregorius
1581 1114 2060 1180 Neocaesariensis,

2162 555 2508 628 Hippolytus,
2552 567 2655 609 nec
2699 549 3094 606 Alexandrinus
3120 545 3390 613 Clemens,
3427 560 3517 603 nec
3549 545 3695 600 Thau-

2161 660 2444 719 maturgus
2471 644 2767 717 Gregorius
2793 651 2873 699 tot
2897 655 3069 698 annos
3101 640 3232 697 Ario
3269 639 3576 711 antiquiores
3594 654 3696 694 con-

2162 750 2244 798 tra
2271 741 2506 798 Arianos
2531 738 2779 811 egerint;
2810 750 2986 809 neque
3030 734 3087 792 S.
3128 733 3273 791 Zeno
3311 740 3492 790 contra
3516 731 3696 789 eosdem

2167 835 2344 908 egisse
2359 832 2624 890 dicendus
2643 841 2747 888 est.

2234 929 2291 986 Si
2314 942 2446 983 vero
2470 927 2708 982 dandum
2737 933 2823 980 est
2849 922 3076 995 aliquid,
3111 923 3171 978 S.
3202 921 3470 978 Zenonem
3491 918 3702 976 videlicet

2165 1023 2222 1080 in
2267 1021 2486 1078 laudato
2536 1033 2790 1076 sermone
2838 1031 3081 1073 errorem
3133 1014 3364 1084 aliquem
3418 1011 3700 1077 conlutssse,

2163 1126 2315 1175 certe
2344 1115 2562 1172 nonnisi
2605 1114 2672 1170 iis
2712 1113 2765 1169 in
2811 1112 2995 1168 verbis
3025 1127 3039 1168 :
3075 1107 3316 1164 Procedit
3344 1108 3396 1161 in
3418 1095 3702 1170 natiuitatem,

461 1221 593 1278 Ario
637 1229 692 1275 et
737 1217 954 1274 Arianis
999 1215 1335 1286 posteriores
1384 1219 1512 1267 sunt
1555 1208 1885 1282 reputandi?
1953 1206 2064 1263 Cur
2164 1211 2252 1282 qui
2293 1219 2402 1265 erat
2439 1218 2711 1279 antequam
2752 1212 3044 1260 nasceretur
3069 1205 3122 1256 in
3156 1201 3311 1257 Patre
3331 1201 3532 1272 aequalis
3549 1203 3596 1253 in
3619 1216 3706 1254 om-

463 1314 646 1385 itaque
671 1311 800 1369 Ario
829 1311 1102 1384 posterior
1123 1307 1319 1364 Noster
1345 1305 1536 1364 Zeno?

469 1466 498 1541 §
539 1465 681 1524 XIV.
723 1497 794 1508 —
815 1464 885 1519 D.
934 1463 1158 1520 Zenonis
1187 1463 1469 1530 sententiae,
1502 1459 1684 1535 quibus
1711 1458 1919 1515 Arionis
1945 1474 2069 1514 con-

608 1561 765 1616 traire
797 1560 910 1630 ipse
940 1559 1001 1616 S.
1036 1557 1197 1614 Pater
1226 1557 1472 1623 creditur,
1505 1557 1920 1611 considerantur.

536 1720 619 1777 Ad
650 1719 948 1778 sententias
971 1718 1035 1774 D.
1067 1717 1307 1774 Zenonis
1351 1704 1738 1772 examinandas
1765 1710 2068 1784 proceden-

464 1817 594 1873 dum
621 1814 802 1871 modo.
829 1813 1013 1870 Prima
1044 1827 1109 1868 ex
1139 1811 1418 1876 Tractatu,
1457 1824 1553 1865 seu
1601 1808 1868 1863 Sermone
1904 1803 2067 1860 tertio

463 1909 691 1967 secundi
723 1906 848 1962 libri
874 1905 1155 1976 allegatur.
1185 1921 1204 1956 ι
1241 1903 1406 1958 Deum
1439 1899 1675 1966 Patrem,
1701 1897 1878 1953 Alium
1908 1911 1989 1961 se,
2019 1903 2069 1949 et

467 2003 664 2058 Filium
719 1999 912 2068 Deum,
971 1998 1226 2070 genuisse
1275 2011 1343 2051 ex
1394 2010 1454 2050 se
1510 2007 1578 2049 ex
1623 1989 1927 2046 innascihili
1979 1987 2068 2042 illa

393 2135 406 2144 -
469 2094 792 2158 substantia,
824 2093 879 2148 in
911 2107 1017 2163 qua
1045 2091 1235 2146 beatus
1277 2102 1506 2144 manens
1552 2085 1604 2140 in
1657 2082 2068 2154 sempiternum,

469 2192 722 2247 omnibus
776 2203 898 2260 quae
957 2186 1120 2242 habet
1167 2183 1458 2240 habentem
1489 2180 1689 2236 Filium
1743 2179 1890 2249 paria
1945 2192 2071 2248 pro-

468 2283 692 2342 creavit.
733 2302 752 2337 i
808 2281 1005 2338 Totum
1057 2280 1200 2334 hunc
1255 2289 1564 2333 sermonem
1592 2316 1608 2341 ,
1636 2273 1763 2345 quia
1788 2269 1970 2327 brevis
1991 2278 2072 2325 est

466 2379 559 2434 hic
589 2376 961 2434 exscribemus
991 2391 1005 2429 :
1042 2387 1151 2428 non
1194 2369 1340 2426 enim
1373 2380 1585 2434 omnes,
1618 2365 1711 2436 qui
1739 2363 1857 2419 hzec
1885 2369 2070 2419 nostra

469 2471 671 2540 legent,
725 2479 1038 2525 sermonum
1094 2463 1155 2522 S.
1201 2462 1436 2519 Zenonis
1493 2458 1706 2531 copiam
1772 2456 2068 2512 habebunt.

471 2565 832 2636 Principium,
884 2565 1069 2634 fratres
1093 2558 1434 2624 dilectissimi,
1467 2554 1724 2610 Dominus
1772 2561 1944 2608 noster
1991 2551 2073 2605 in-

469 2663 766 2713 cunctanter
789 2663 863 2711 est
891 2652 1145 2719 Christus,
1169 2665 1319 2722 quem
1343 2656 1461 2704 ante
1483 2646 1656 2700 omnia
1693 2643 1888 2700 swcula
1912 2641 2075 2697 Pater

468 2755 523 2806 in
544 2748 805 2824 profundo
849 2763 957 2803 sua:
1002 2744 1185 2799 mentis
1231 2757 1422 2797 arcano
1473 2736 1834 2810 insuspicabili
1878 2751 1938 2789 ac
1975 2733 2074 2790 soli

468 2845 566 2900 sibi
590 2853 715 2898 nota
741 2840 1056 2896 conscientia
1104 2835 1234 2892 Filii
1271 2851 1376 2890 non
1417 2834 1529 2889 sine
1571 2830 1780 2899 aﬂ'ectu,
1827 2828 1917 2884 sed
1964 2827 2075 2882 sine

469 2935 779 2993 revelamine
800 2930 1220 3005 amplectebatur.
1252 2927 1425 3001 Igitur
1450 2923 1734 2997 ineffabilis
1764 2921 1858 2976 illa
1882 2922 2075 2975 incom-

471 3027 926 3102 preltensibilisque
938 3023 1187 3096 sapientia
1203 3038 1260 3077 sa
1266 3017 1676 3092 pientiam,omni
1681 3015 1906 3087 potentia
1919 3012 2076 3067 omni-

472 3124 750 3199 potentiam
766 3129 1036 3193 propagat.
1059 3116 1134 3171 De
1147 3114 1257 3170 Deo
1282 3113 1510 3169 nascitur
1544 3110 1712 3177 Deus;
1748 3109 1812 3162 de
1845 3106 2074 3178 ingenito

472 3197 789 3290 unigenitus,
818 3212 882 3268 de
907 3213 1132 3284 perfecto
1159 3203 1637 3278 perfectus.Totum
1658 3199 1835 3255 Patris
1861 3197 2071 3264 habens,

472 3310 606 3366 nihil
635 3310 886 3380 derogans
932 3303 1101 3359 Patri.
1139 3298 1377 3354 Procedit
1403 3297 1458 3351 in
1485 3295 1818 3359 nativitatem,
1847 3290 1934 3360 qui
1967 3297 2075 3343 erat

470 3413 744 3474 antequam
786 3405 1078 3456 nasceretur
1106 3395 1161 3449 in
1187 3391 1340 3447 Patre
1365 3387 1579 3461 (aqualis
1604 3387 1660 3440 in
1686 3385 1937 3449 omnibus,
1956 3381 2077 3448 quia

474 3498 636 3553 Pater
664 3497 718 3550 in
744 3495 916 3565 ipsum
941 3490 1104 3545 alium
1132 3503 1186 3542 se
1213 3484 1383 3558 genuit
1399 3499 1463 3538 ex
1481 3497 1555 3545 se,
1580 3495 1643 3535 ea:
1660 3475 1952 3533 innascibili
1980 3490 2077 3528 sua

470 3590 567 3645 illa
610 3585 920 3650 substantia,
957 3583 1013 3637 in
1051 3596 1152 3652 qua
1191 3581 1366 3634 beatus
1391 3589 1605 3629 manens
1628 3573 1683 3626 in
1708 3569 2076 3639 sempiternum

475 3679 710 3737 omnibus
735 3719 750 3745 ,
806 3690 924 3748 qua:
977 3672 1125 3728 habet
1187 3669 1458 3725 habentem
1485 3664 1707 3720 Filium
1758 3661 1906 3733 paria
1956 3674 2076 3729 pro-

472 3773 660 3830 creavit
682 3811 698 3840 ,
720 3769 808 3842 qui
833 3776 908 3823 est
938 3765 1073 3820 Deus
1110 3760 1418 3819 Benedictus
1448 3760 1502 3813 in
1529 3756 1720 3813 stecula
1744 3752 2073 3810 steculorum.

547 3907 664 3966 Hoc
717 3906 770 3962 in
825 3914 1082 3960 sermone
1153 3905 1344 3954 contra
1412 3893 1621 3950 nullum
1678 3903 1923 3947 errorem
1995 3887 2079 3941 in-

471 4005 619 4063 vehit
646 4003 705 4061 S.
735 4000 905 4064 Zeno,
935 3994 1032 4052 sed
1054 3991 1178 4049 Filii
1202 3990 1540 4046 divinitatem
1574 3984 1774 4056 populo
1813 3980 2071 4052 explicat.

474 4095 758 4169 Quomodo
797 4092 963 4164 igitur
1001 4087 1090 4144 vel
1140 4084 1332 4140 leviter
1367 4078 1632 4150 suspicari
1663 4083 1866 4149 potest,
1899 4075 2075 4144 ipsum

473 4166 692 4249 Arianis
743 4178 1160 4242 contradicere?
1207 4175 1311 4231 Hic
1358 4169 1645 4248 (Arianis)
1701 4179 1758 4223 ut
1802 4166 2077 4223 contrairet

473 4293 645 4342 noster
656 4260 856 4346 auctor,
879 4291 996 4331 cum
1019 4270 1299 4329 Catholicis
1326 4271 1551 4342 primum
1576 4265 1772 4329 docuit,
1804 4274 1910 4318 etc.
1933 4259 2079 4316 Non-

474 4397 546 4439 ne
569 4373 920 4435 coniormiter
944 4367 1204 4440 loquitur,
1228 4374 1283 4422 et
1310 4365 1373 4420 D.
1399 4360 1711 4435 Hippolyto,
1737 4358 1830 4428 qui
1850 4355 2075 4412 verbum

472 4474 603 4531 dicit
627 4469 760 4524 idem
784 4480 904 4520 cum
933 4462 1107 4518 Patre.
1129 4459 1189 4516 S.
1223 4472 1355 4515 vero
1382 4455 1532 4511 Zeno
1558 4452 1711 4517 dicit,
1743 4447 1889 4521 quod
1923 4445 2077 4502 Pater

2167 1303 2336 1358 nibus.
2369 1302 2575 1371 Quibus
2630 1315 2736 1355 non
2764 1300 2903 1355 alius
2928 1297 3168 1367 carpitur
3187 1309 3364 1361 error,
3389 1293 3489 1349 nisi
3508 1293 3706 1358 Ebionis,

2167 1396 2426 1463 Artemae,
2454 1409 2520 1450 ac
2549 1393 2702 1449 Pauli
2730 1391 3069 1448 Samosateni
3117 1399 3268 1444 tanto
3297 1395 3420 1444 ante
3445 1388 3610 1442 Arium
3642 1401 3710 1440 as-

2167 1500 2449 1556 serentes,
2515 1487 2788 1545 Christum
2857 1485 3142 1541 Dominum
3199 1493 3326 1540 ante
3381 1484 3584 1538 Mariam
3625 1495 3710 1537 non

2168 1583 2356 1640 fuisse.
2388 1583 2505 1637 Non
2533 1581 2677 1636 enim
2719 1577 2996 1651 probanda
3043 1578 3263 1633 videtur
3305 1577 3458 1632 tertia
3500 1574 3712 1629 nativitss

2170 1675 2356 1741 Verbi,
2387 1675 2514 1730 licet
2536 1688 2631 1742 per
2665 1671 3070 1727 similitudinem
3088 1711 3103 1737 ,
3131 1683 3295 1740 quam
3318 1667 3593 1723 doctissimi
3614 1665 3714 1721 Bal-

2095 1771 2144 1831 B
2173 1767 2349 1824 lerinii
2399 1765 2907 1821 comminiscuntur.
2958 1761 3091 1817 Cum
3119 1761 3184 1817 D.
3214 1761 3369 1818 Zeno
3391 1760 3519 1816 duas
3548 1768 3714 1814 tantum

2168 1861 2372 1938 Christi
2402 1859 2712 1915 nativitates
2741 1856 3085 1928 apertissime
3104 1862 3367 1926 agnoscat
3394 1871 3406 1906 :
3443 1853 3508 1908 de
3530 1851 3620 1908 hoc
3647 1862 3712 1906 ta-

2171 1969 2294 2009 men
2324 1951 2567 2008 inferius.
2598 1949 2860 2006 Eumdem
2882 1962 3126 2003 errorem
3149 1947 3352 2016 arguit,
3381 1954 3433 2001 et
3459 1943 3718 2014 Origenes:

2172 2045 2304 2102 Cum
2322 2047 2387 2100 sit
2407 2045 2499 2100 ille
2523 2042 2808 2099 similitudo
2843 2041 3038 2106 Patris,
3092 2041 3205 2110 ﬁeri
3230 2054 3337 2095 non
3362 2055 3502 2111 posse
3523 2047 3572 2092 ut
3598 2036 3720 2107 {serit

2170 2141 2377 2214 quando
2415 2156 2519 2194 non
2557 2139 2731 2209 fuerit.
2763 2137 2962 2208 Cogitet
3003 2151 3175 2191 secum
3208 2136 3512 2205 quicumque
3557 2131 3724 2186 audebit

2173 2235 2381 2288 dicere:
2407 2231 2537 2287 Erat
2575 2229 2784 2302 quando
2821 2245 2922 2283 non
2966 2237 3093 2282 erat.
3128 2226 3289 2286 Nulla
3324 2225 3500 2296 itaque
3532 2224 3648 2278 ratio
3671 2236 3722 2277 cx

2171 2329 2355 2386 verbis
2381 2325 2542 2395 hujus
2580 2325 2867 2381 Tractatus
2891 2323 2955 2378 ι).
2985 2321 3224 2380 Zenonis
3267 2320 3386 2377 erui
3427 2325 3612 2390 potest,
3643 2329 3725 2386 qua

2173 2423 2351 2494 ipsum
2389 2419 2506 2476 Arii
2549 2418 2637 2475 vel
2685 2418 3009 2474 Arianorum
3030 2429 3249 2472 errores
3278 2425 3603 2485 Oppugnasse
3624 2423 3724 2480 pro-

2172 2514 2352 2572 betur.

2247 2605 2328 2663 Ad
2356 2603 2650 2662 secundum
2683 2609 2968 2658 tractatum
3007 2598 3151 2672 quod
3191 2607 3422 2670 spectat,
3462 2612 3526 2653 ex
3555 2609 3613 2651 eo
3657 2591 3728 2647 illa

2175 2699 2340 2757 verba
2365 2699 2639 2755 adducunt
2665 2697 2880 2753 Domini
2908 2694 3182 2751 Ballerinii
3217 2710 3231 2749 :
3264 2692 3452 2748 Totum
3480 2708 3532 2746 se
3555 2687 3729 2761 (Pater)

2174 2792 2513 2859 reciprocauit
2531 2790 2585 2844 in
2613 2786 2661 2840 F
2664 2789 2836 2844 ilium:
2864 2787 3068 2859 quibus,
3099 2785 3184 2859 (ut
3210 2783 3316 2855 ipsi
3348 2782 3593 2850 inferunt)
3615 2777 3730 2832 Diri-

2175 2901 2296 2940 num
2334 2883 2550 2940 Verbum
2582 2899 2685 2937 non
2706 2898 2770 2937 ea!
2794 2880 2978 2947 nihilo,
3010 2895 3102 2934 seu
3127 2893 3192 2933 ea:
3213 2893 3320 2932 non
3351 2873 3644 2936 extantibus,
3661 2869 3731 2923 sed

2175 2994 2239 3033 ea:
2268 2978 2382 3049 ipsa
2411 2976 2584 3031 Patris
2605 2975 2890 3031 substantia
2914 2973 3141 3046 genitum
3183 2978 3362 3041 aperte
3386 2965 3612 3040 prodidit.
3641 2961 3731 3017 lili-

2175 3087 2281 3142 que
2305 3069 2582 3126 fatendum
2596 3078 2680 3125 est
2694 3109 2710 3134 ,
2728 3082 2834 3123 non
2849 3066 3012 3122 modo
3031 3080 3096 3120 ex
3122 3062 3287 3132 hujus
3312 3059 3570 3118 sermonis
3587 3053 3733 3111 verbis

2099 3161 2145 3224 C
2178 3165 2377 3221 Filium
2401 3159 2923 3219 consubstantialem
2949 3172 3072 3214 esse
3095 3155 3266 3221 Patri,
3319 3152 3412 3210 sed
3440 3165 3504 3208 ex
3530 3145 3732 3222 pluribus

2175 3258 2298 3314 aliis
2326 3259 2386 3312 Ι).
2417 3256 2653 3313 Zenonis
2678 3252 2964 3310 sententiis
2993 3248 3345 3322 apertissime
3392 3244 3518 3323 illud
3560 3238 3730 3298 inferri.

2151 3351 2246 3407 ,Δὶ
2273 3349 2402 3421 quid
2431 3348 2555 3405 inde
2601 3347 2668 3404 ad
2705 3343 2978 3403 Arianos?
3005 3344 3137 3399 Cum
3173 3340 3399 3412 plurimi
3437 3337 3531 3395 SS.
3559 3336 3731 3394 Patres,

2174 3444 2306 3499 Ario
2332 3443 2657 3504 anteriores,
2691 3449 2745 3495 et
2770 3438 2964 3508 primo,
2999 3446 3056 3493 et
3083 3434 3332 3491 secundo
3352 3476 3368 3499 ,
3397 3441 3453 3490 et
3476 3431 3622 3489 tertio
3649 3424 3732 3480 Ec-

2174 3537 2360 3593 clesiae
2386 3534 2588 3592 saeculo
2623 3532 2931 3590 scribentes
2961 3528 3014 3585 id
3042 3538 3230 3599 aperte
3264 3526 3564 3584 docuerint.
3592 3518 3734 3574 'l’heo-

2175 3639 2402 3702 gnostus
2440 3625 2659 3698 quidem
2705 3632 2833 3680 ante
2862 3622 3050 3679 Arium
3075 3621 3323 3692 apertius
3348 3633 3506 3691 quam
3534 3616 3593 3670 D.
3618 3611 3734 3668 Zeno

2176 3722 2474 3780 Athanasio
2497 3729 2636 3778 teste
2661 3719 2804 3776 idem
2830 3716 3086 3774 asseruit.
3107 3713 3234 3769 Non
3262 3731 3330 3770 ea:
3349 3730 3450 3768 non
3467 3705 3732 3769 extantibus,

2175 3819 2269 3874 sed
2318 3835 2382 3874 ea:
2425 3817 2601 3873 Patris
2649 3815 2932 3871 substantia
2977 3810 3290 3884 productum
3337 3825 3447 3865 esse
3489 3803 3680 3860 Filium.

2251 3909 2366 3966 Hoc
2394 3909 2447 3965 in
2477 3907 2718 3965 secundo
2743 3918 2998 3962 sermone
3023 3901 3418 3958 adnotantibus
3442 3895 3618 3953 iisdem
3655 3891 3736 3945 Do-

2178 4003 2341 4060 minis
2369 3999 2678 4058 Balleriniis
2699 3998 2759 4055 S.
2783 3997 2929 4052 Zeno
2952 4003 3145 4053 contra
3166 3993 3559 4063 Hermogenem
3600 3983 3735 4040 alios-

2178 4110 2285 4168 que
2320 4093 2606 4150 hrereticos
2631 4091 2778 4162 agit,
2826 4089 2912 4160 qui
2954 4086 3219 4142 materiam
3264 4083 3377 4139 Deo
3403 4091 3677 4137 coteternarn
3700 4081 3735 4126 et

2177 4166 2460 4244 increatam
2499 4198 2748 4256 posuere;
2778 4197 2874 4239 seu
2903 4182 3081 4253 potius
3107 4179 3126 4252 (
3151 4187 3211 4234 ut
3237 4178 3406 4236 iidem
3430 4166 3736 4236 arbitrantur)

2181 4281 2243 4338 S.
2268 4279 2526 4336 Zenonem
2551 4277 2814 4350 appellare
2842 4277 2939 4331 hoc
2965 4275 3077 4330 loco
3104 4271 3322 4339 Poetas,
3347 4280 3398 4326 et
3435 4261 3737 4333 Philosopbos

2182 4372 2439 4434 Gentium,
2501 4370 2586 4440 qui
2654 4367 2886 4423 eumdem
2936 4381 3160 4421 errorem
3205 4363 3418 4434 iamdiu
3477 4360 3735 4415 docuerunt-

2177 4464 2306 4521 Mihi
2351 4474 2526 4518 tamen
2572 4459 2794 4518 Sabellii
2841 4457 3064 4515 haeresis
3094 4457 3152 4514 S.
3184 4455 3428 4513 Zenonis
3472 4465 3636 4509 contra
3670 4445 3738 4500 hic

474 4568 528 4623 in
551 4567 722 4639 ipsum
748 4565 913 4621 alium
952 4574 1006 4615 se
1034 4555 1205 4628 genuit
1241 4569 1305 4608 ex
1355 4565 1428 4616 se,
1471 4563 1537 4602 ea:
1562 4542 1854 4600 innascibili
1882 4540 2071 4595 scilicet

2177 4555 2450 4628 suggillari
2480 4552 2714 4609 videtur.
2775 4549 3048 4608 Sahellius
3082 4548 3287 4604 etenim
3333 4541 3664 4614 Hermogenis
3686 4536 3740 4590 de

474 4635 688 4721 suavilla
707 4655 1030 4716 substantia?
1053 4652 1122 4708 Et
1149 4651 1214 4706 D.
1250 4646 1515 4704 Clementi
1543 4638 1913 4697 Alexandrino
1939 4677 1954 4703 ,
1982 4635 2076 4707 qui

474 4760 553 4815 ait
582 4776 594 4812 :
633 4754 1004 4812 Universorum
1035 4742 1360 4815 Principium
1385 4749 1431 4794 et
1456 4738 1554 4808 fuit
1586 4746 1631 4790 et
1661 4743 1736 4789 est
1762 4729 2072 4805 (Verbum).

476 4851 543 4908 D.
575 4849 726 4906 Zeno
756 4846 910 4902 initio
935 4837 1208 4898 sermonis
1241 4852 1256 4888 :
1287 4831 1638 4902 Principium,
1668 4825 1882 4883 Fratres
1921 4823 2074 4878 dilec-

475 4944 682 5010 tissimi,
713 4938 970 4996 Dominus
998 4939 1174 4987 noster
1201 4927 1519 4982 incontanter
1540 4929 1615 4978 est
1654 4918 1909 4975 Christus.
1939 4916 2075 4972 ltem

474 5039 535 5096 S.
557 5009 810 5092 Clemens
833 5030 902 5085 de
929 5026 1091 5082 Filio.
1121 5019 1254 5075 Erat
1281 5020 1414 5072 enim
1450 5016 1504 5069 in
1547 5013 1681 5079 Deo,
1724 5012 1810 5083 qui
1837 5017 1910 5065 est
1937 5009 1990 5062 in
2017 5023 2076 5063 eo

477 5133 568 5205 qui
595 5139 763 5195 estet,
796 5124 1020 5180 Verbum
1059 5120 1117 5173 in
1150 5113 1285 5172 Deo.
1313 5113 1370 5169 S.
1403 5109 1552 5166 Zeno
1580 5110 1786 5178 pariter
1813 5123 1826 5159 :
1862 5103 1938 5158 De
1967 5101 2076 5156 Deo
2122 5153 2128 5160 ,

475 5195 705 5283 nascitur
729 5219 894 5281 Deus,
921 5214 1008 5287 qui
1036 5219 1146 5268 erat
1174 5219 1448 5277 antequam
1490 5211 1783 5257 nasceretur
1819 5199 1875 5253 in
1924 5195 2079 5251 Patre

476 5318 692 5393 tequalis
712 5316 765 5370 in
794 5309 1048 5368 omnibus.
1072 5305 1510 5369 Thaumaturgus
1528 5296 1742 5352 tandem
1756 5292 2074 5365 Gregorius,

478 5385 572 5487 qui
597 5409 831 5470 Gallieni
862 5412 1109 5473 tempore
1135 5396 1290 5458 obiit,
1317 5392 1386 5448 de
1412 5392 1576 5446 Patre
1631 5398 1686 5443 et
1725 5387 1866 5442 Filio
1890 5386 1969 5441 sic
1997 5385 2076 5440 lo-

475 5475 660 5580 quitur
689 5520 703 5556 :
746 5497 1020 5569 Perfectus
1057 5487 1284 5560 Perfecti
1314 5482 1549 5549 Genitor,
1585 5479 1742 5534 Pater
1771 5477 1900 5532 Filii
1943 5475 2074 5534 Uni-

477 5569 658 5674 geniti,
689 5595 836 5654 Unus
876 5589 1159 5652 Dominus,
1199 5580 1425 5637 solusea:
1463 5575 1595 5641 solo,
1649 5573 1790 5628 Deus
1831 5571 1894 5626 de
1938 5569 2068 5624 Deo.

475 5666 577 5749 Cui
603 5705 716 5747 non
736 5695 944 5745 tantum
970 5681 1163 5740 eodem
1191 5687 1373 5739 sensu,
1408 5669 1503 5728 sed
1540 5667 1736 5725 iisdem
1761 5666 1933 5724 ferme
1954 5680 2074 5722 ver-

486 5786 572 5844 bis
591 5781 827 5841 concinit
850 5779 910 5836 S.
940 5775 1086 5833 Zeno
1111 5790 1123 5826 :
1151 5770 1228 5827 De
1253 5767 1362 5824 Deo
1399 5766 1630 5823 nascitur
1648 5762 1808 5832 Deus,
1840 5761 1904 5821 de
1931 5761 2074 5833 inge-

2180 4647 2422 4720 ingenita
2453 4645 2679 4701 materia
2708 4658 2950 4700 errorem
2993 4642 3277 4710 amplexus
3303 4649 3410 4697 est.
3442 4636 3740 4706 Coniectura:

2181 4743 2307 4800 huic
2354 4739 2520 4807 favet,
2561 4738 2704 4810 quod
2751 4738 2805 4793 in
2858 4736 2962 4792 hoc
3011 4735 3202 4791 eodem
3249 4747 3508 4790 sermone
3534 4729 3587 4785 S.
3621 4725 3740 4782 Zeno

2179 4835 2582 4892 distinctionem
2618 4833 2919 4900 divinarum
2951 4831 3320 4888 Personarum
3347 4828 3560 4900 egregie
3587 4819 3741 4890 expri-

2182 4929 2298 4984 mit.
2331 4925 2437 4982 Hic
2463 4925 2714 4991 est,Deus
2741 4936 2911 4982 noster
2948 4925 3037 4996 qui
3058 4941 3112 4980 se
3141 4923 3352 4994 digessit
3379 4924 3435 4977 in
3461 4920 3631 4976 Deum.
3660 4910 3741 4966 Ηίε

2183 5018 2341 5075 Pater
2355 5018 2468 5091 qui,
2490 5035 2584 5072 suo
2606 5026 2840 5072 manente
2864 5017 3063 5090 integro
3089 5026 3226 5072 statu
3242 5057 3258 5083 ,
3289 5023 3454 5069 totum
3480 5027 3533 5067 se
3553 5006 3740 5077 κάμνοι

2181 5114 2311 5168 cavit
2331 5114 2386 5167 in
2405 5107 2626 5177 Filium,
2651 5127 2715 5165 ne
2733 5110 2857 5182 quid
2875 5111 2972 5165 sibi
2994 5109 3284 5180 derogaret.
3313 5107 3542 5178 Denique
3565 5102 3677 5156 alter
3700 5096 3741 5148 in

2179 5205 2343 5259 altero
2369 5203 2564 5259 exultat
2581 5219 2698 5257 cum
2729 5201 2962 5274 Spiritus
2993 5201 3176 5257 Sancti
3201 5199 3518 5270 plenitudine
3543 5211 3634 5251 una
3655 5189 3739 5244 ori.

2179 5296 2343 5368 ginali
2371 5294 2714 5350 cowternitate
2752 5296 2996 5350 retinens.
3025 5293 3229 5350 Eadem
3267 5292 3550 5365 aptissima
3583 5281 3740 5343 simili-

2182 5389 2367 5446 tudine
2396 5389 2653 5460 explicat,
2684 5397 2744 5445 ut
2773 5390 2825 5444 in
2853 5387 3046 5446 eodem
3092 5402 3348 5444 sermone
3386 5386 3567 5443 videre
3594 5388 3737 5450 poles-

2181 5485 2372 5540 Omnia
2395 5491 2574 5539 autem
2605 5483 2721 5537 haec
2745 5481 2949 5551 optime
2992 5480 3196 5536 faciunt
3223 5488 3414 5536 contra
3454 5473 3738 5534 Sabellium.

2182 5577 2238 5636 S.
2265 5592 2395 5634 vero
2419 5576 2690 5634 Zenonem
2745 5577 2812 5632 iis
2863 5577 2916 5632 in
2957 5576 3285 5633 disserendis
3314 5575 3577 5631 imitatum
3603 5564 3741 5622 fuisse

2181 5668 2519 5728 Lactantium
2550 5669 2730 5726 dicere
2755 5668 3039 5726 arbitrium
3081 5663 3185 5726 est.
3238 5665 3578 5724 Probandum
3620 5657 3741 5727 υπῖυε

2182 5762 2457 5823 Zenonem
2506 5763 2786 5821 Lactantio
2829 5763 3204 5831 posteriorem.
3250 5759 3308 5818 Si
3355 5773 3485 5817 vero
3517 5756 3572 5815 S.
3619 5749 3740 5807 Ζεηο
