3798 6322
104 246 193 303 ots
1447 227 1919 289 DISSERTATIO.
3261 228 3366 287 (50

103 370 213 419 ante
248 352 572 411 laetantium
604 349 910 420 scripserit,
941 358 997 404 ιιι
1019 349 1131 405 Deo
1169 345 1457 418 adiuvante
1487 356 1670 404 osteno
1695 347 1745 407 Α
1772 350 1970 403 neratio
2012 348 2205 404 Christi
2234 365 2299 405 ea:
2342 348 2503 405 Patre
2531 365 2594 405 ex
2634 354 2919 406 ceternitate
2951 367 3055 407 non
3096 361 3258 422 potest
3288 352 3370 404 iu-

74 454 307 515 -demus,
379 443 690 500 Lactantius
769 441 1003 498 Zenonis
1078 439 1318 495 imitator
1404 439 1667 496 dicendus
1764 442 2052 513 telligentia
2078 445 2463 514 contprehendi.
2487 443 2653 501 Vides
2690 445 3057 501 contentionis
3085 444 3366 501 cardinem

101 544 214 601 erit.
1771 546 1894 590 esse
1938 536 2306 593 mternitalem
2346 537 2467 594 Filii
2500 539 2553 593 in
2583 554 2771 596 errore
2825 539 3084 605 Ebionis,
3131 541 3369 594 Artema:

166 633 241 689 Ea
264 643 471 702 quoque
484 625 979 685 eruditissimorum
1007 625 1402 682 Adnotatoruut
1422 635 1549 681 nota
1575 624 1671 681 ad-
1772 635 1828 682 et
1871 626 2022 682 Pauli
2049 630 2415 696 Samosateni,
2448 632 2537 702 qui
2567 632 2709 686 idem
2739 632 3065 689 sentiebant.
3097 632 3207 689 Sex
3236 645 3372 699 quo-

102 724 338 784 mittenda
364 737 468 778 non
497 730 600 778 est.
631 719 712 776 Ad
742 720 831 776 illa
859 720 1060 776 etenim
1107 719 1164 776 S.
1192 717 1431 775 Zenonis
1458 717 1621 774 verba
1655 738 1668 774 :
1773 735 1880 790 que
1902 719 2146 792 episcopi
2178 721 2232 776 in
2273 722 2505 793 epistola
2529 723 2597 779 ad
2630 724 2883 782 eumdem
2929 726 3369 791 Samosntenum,

108 820 195 875 Hic
220 815 388 880 Pater,
417 813 503 881 qui
527 828 624 867 suo
652 818 889 866 manente
914 811 1109 884 integro
1155 818 1293 865 statu
1332 818 1493 865 totum
1518 826 1573 866 se
1592 824 1674 866 re-
1775 814 2168 869 comternitatis
2198 829 2331 870 voce
2376 815 2503 872 licet
2543 832 2650 871 non
2703 825 2945 884 utantur,
2992 817 3148 875 adeat
3194 828 3374 872 tamen

99 911 354 985 ciprocatn't
376 908 428 962 in
449 905 748 972 Filium,ue
767 906 892 978 quid
908 905 1104 961 sibimet
1124 905 1673 977 derogaret,sanctum
1778 920 1973 963 sensus
2004 907 2147 964 idem
2178 909 2231 964 in
2264 908 2444 964 verbis
2474 926 2486 962 :
2523 907 2679 964 Hunc
2711 909 2758 963 F
2759 911 2907 965 ilium
2929 912 3016 977 qui
3038 927 3239 983 semper
3260 927 3377 965 cum

101 1009 349 1064 Zenonem
374 1000 602 1056 Arianos
621 1013 849 1069 carpere
872 998 1081 1054 volunt.
1113 996 1198 1053 Ne
1224 998 1341 1067 quis
1367 1001 1587 1068 fortasse
1612 1013 1677 1052 ex
1787 997 1943 1054 Patre
1970 1009 2065 1065 est,
2118 1002 2374 1056 credimus
2420 1001 2708 1073 implevisse
2746 1004 3055 1058 uoluntatem
3106 1004 3281 1058 Patris
3330 1003 3380 1055 in

99 1096 398 1171 generatione
426 1089 552 1147 Filii
598 1092 924 1146 immutatam
975 1090 1150 1145 Patris
1199 1090 1536 1144 substantiam
1581 1106 1679 1159 pu-
1781 1093 2041 1146 creatione
2072 1090 2309 1147 Uniuersi
2352 1091 2513 1165 (extat
2539 1092 2682 1165 apud
2713 1092 2882 1148 Labbe
2907 1111 3020 1148 cum
3056 1111 3212 1165 prazc.
3249 1093 3314 1150 T.
3364 1110 3382 1151 ι

101 1202 231 1248 taret.
279 1188 453 1244 Ariani
497 1186 632 1239 enim
675 1183 954 1240 Catholicis
981 1183 1211 1239 eamdem
1264 1182 1444 1239 Patris
1476 1191 1521 1237 et
1550 1179 1680 1236 Filii
1782 1184 1939 1239 Cone.
1995 1203 2051 1254 ρ.
2087 1184 2237 1258 843).
2290 1184 2347 1241 Si
2378 1186 2592 1242 recolas
2616 1202 2703 1255 ea,
2736 1202 2856 1258 qua:
2910 1188 2938 1258 ᾗ
2985 1187 3052 1241 l3
3090 1188 3380 1253 habentur,

100 1284 411 1341 substantiam
468 1279 826 1348 confitentibus
875 1276 1275 1347 exprobrabant,
1337 1275 1433 1331 hac
1481 1277 1680 1331 ratione
1784 1278 2055 1350 intelliges
2087 1278 2332 1350 profecto
2378 1280 2624 1335 notitiam
2663 1280 3057 1336 comtcrnitatis
3099 1279 3221 1335 Filii
3258 1296 3384 1334 cum

100 1374 278 1430 Filium
303 1372 604 1445 particulam
626 1386 739 1427 esse
780 1369 968 1425 divinat
995 1368 1317 1433 substantiae,
1338 1384 1454 1437 qua:
1480 1384 1570 1438 per
1595 1384 1684 1438 ge-
1784 1369 1946 1426 Patre
1973 1370 2113 1427 adeo
2140 1355 2403 1427 {'etustam
2437 1387 2581 1438 esse,
2609 1382 2668 1428 ut
2697 1372 2766 1428 ab
2794 1373 2915 1443 ipso
2942 1372 3095 1427 initio
3126 1371 3386 1427 Ecclesia:

100 1470 396 1525 nerationem
435 1484 469 1521 ιι
513 1464 676 1521 Patre
703 1475 941 1535 separata
974 1465 1149 1536 fuerit.
1185 1462 1256 1518 At
1279 1461 1528 1518 eamdem
1558 1476 1685 1518 sen-
1785 1460 1930 1517 inter
1986 1461 2326 1519 Chrisxianos
2390 1465 2675 1522 manifesta
2728 1465 2890 1522 luerit
2935 1484 2947 1519 :
3001 1465 3103 1535 Qui
3151 1481 3388 1533 namque

104 1562 309 1621 tentiam
371 1561 781 1632 antiquissimus
844 1557 1092 1614 Justinus
1161 1557 1365 1630 ﬂartyr
1440 1556 1686 1628 apertius
1790 1571 1952 1611 unum
1989 1554 2156 1612 Deum
2196 1558 2248 1613 in
2291 1568 2403 1613 tres
2448 1558 2735 1615 distinctas
2780 1559 3048 1615 Personas
3081 1561 3388 1631 prolitetur,

101 1654 352 1725 expressit
396 1654 449 1709 iu
489 1652 706 1724 dialogo
731 1667 857 1708 cum
886 1650 1161 1722 Triphone
1202 1669 1216 1705 :
1259 1650 1507 1706 Virtutem
1536 1650 1685 1705 illam
1790 1658 1843 1704 et
1867 1660 2205 1706 coaeternum
2233 1649 2433 1707 Filium
2465 1667 2587 1709 cum
2621 1652 2783 1708 Patre
2802 1652 3128 1709 conﬁteatur
3151 1650 3409 1724 oportet.

98 1764 198 1843 esse
222 1745 338 1843 Pei,
387 1763 446 1843 ac
483 1744 651 1843 Deum
694 1762 728 1843 ιι
766 1742 1031 1817 Propheta
1060 1746 1370 1843 nuncupari,
1403 1744 1603 1843 noniita
1634 1750 1689 1798 ut
1720 1747 1770 1810 Β
1798 1786 1829 1843 5
1880 1786 1997 1843 xv.
2049 1787 2324 1843 Tmolum:
2372 1790 2506 1843 “rm.

100 1786 196 1850 "'7
222 1786 338 1813 ”’“”⁹
387 1786 445 1800 ’⁷
483 1786 651 1799 "mm
695 1786 728 1799 ”
766 1786 791 1798 ⁸
818 1786 1031 1817 ’“’””“””
1061 1786 1370 1813 ””’”’“”’“””
1403 1786 1505 1798 ”“”’
1530 1786 1603 1797 ”“’
1634 1786 1689 1798 ’⁸⁷
1720 1786 1770 1810 ⁸
1798 1786 1829 1858 §
1880 1786 1997 1843 XV.
2049 1787 2324 1843 Tractatus
2372 1790 2623 1859 septimus

100 1839 215 1896 solis
239 1840 329 1894 lus:
350 1838 460 1894 solo
489 1837 735 1894 uocabulo
763 1848 1079 1900 numeretur,
1110 1836 1201 1891 sed
1232 1853 1443 1891 numero
1472 1836 1691 1891 alterum
1873 1879 1970 1900 ,,__,
1990 1897 2003 1900 4
2334 1883 2345 1900 ,
2435 1883 2449 1900 ,
2488 1898 2505 1900 ᾼ
2573 1884 2605 1900 _,

100 1933 330 2003 quiddam
353 1950 374 1988 :
403 1950 505 1988 non
533 1942 702 1987 tamen
720 1932 973 1987 recisione
992 1941 1233 2001 tanquant
1258 1929 1436 1985 Patris
1455 1928 1693 1984 substan-

102 2029 168 2107 εἰσ
202 2039 415 2093 secetur,
463 2029 541 2082 uti
583 2035 770 2083 cetera
819 2026 1004 2090 diuisa,
1052 2035 1205 2096 atque
1252 2034 1390 2079 secta
1430 2040 1533 2079 non
1575 2031 1693 2078 sunt

102 2125 263 2179 eadem
324 2133 476 2195 atque
547 2132 692 2178 eram
740 2131 859 2175 ante
911 2122 1222 2186 sectionem;
1277 2119 1695 2189 exemplumque
1868 2109 2130 2181 Superius
2150 2110 2289 2166 alios
2315 2110 2936 2169 D.ZononisTractatus
2987 2128 3084 2170 seu
3106 2114 3402 2172 Sermones

103 2215 283 2273 affert:
317 2215 464 2289 Ignis
493 2232 525 2269 a
550 2233 651 2286 quo
678 2215 830 2270 multi
856 2214 1205 2270 accenduntur
1234 2213 1401 2284 ignes,
1440 2213 1551 2267 sine
1580 2211 1695 2266 ulla
1796 2201 2290 2270 consideravimus,
2320 2203 2373 2257 in
2407 2204 2485 2258 eis
2526 2218 2657 2259 vero
2683 2215 2873 2259 contra
2908 2204 3190 2262 haereticos
3216 2216 3405 2277 aperte

102 2313 204 2383 ejus
235 2310 613 2378 immutatione,
663 2327 696 2364 a
742 2326 844 2381 quo
894 2309 1066 2379 plures
1106 2309 1317 2364 accensi
1367 2315 1506 2362 sunt.
1553 2306 1601 2375 ρ

1904 2320 1905 2343 ι
1937 2292 2192 2363 disserit;
2242 2303 2297 2350 at
2328 2295 2380 2350 in
2415 2295 2519 2351 hoc
2558 2305 2746 2351 contra
2779 2296 3068 2354 hmreticos
3114 2298 3404 2354 manifesto

103 2414 279 2460 contra
296 2404 528 2462 Arianos
540 2404 894 2476 expressius?
922 2403 1288 2459 Tertullianus
1312 2404 1477 2459 etiam
1504 2410 1694 2457 contra
1797 2386 2077 2459 diSPmare
2107 2402 2166 2444 se
2197 2387 2348 2443 ἀίοῖῑ·
2386 2388 2586 2456 Quum
2618 2389 2851 2444 οηιηίθυε
2878 2391 3115 2462 exempla
3141 2392 3217 2447 νει
3245 2393 3403 2459 fauo.

102 2498 351 2555 plumam
378 2499 451 2569 με
474 2500 649 2555 "ibus
678 2498 934 2554 [temonis
959 2512 1129 2568 agens
1151 2498 1263 2553 an;
1306 2497 1577 2566 ρηοηιοάο
1602 2515 1698 2552 αα-
1793 2496 1946 2551 quam
1990 2482 2316 2552 prosecuturi
2341 2498 2542 2548 sumus,
2582 2485 3042 2553 argumentationis
3079 2486 3238 2539 totius
3297 2502 3401 2539 uno

103 2599 196 2645 tem
220 2607 492 2647 numerum
520 2591 632 2647 sine
655 2589 904 2647 divisione
942 2592 1210 2661 patiuntur
1238 2593 1567 2662 procedentes

1946 2589 2122 2627 omnes
2152 2589 2332 2628 nervos
2360 2574 2635 2629 abscindit.
2670 2575 2830 2630 Initio
2861 2576 3044 2647 itaque
3070 2588 3258 2632 contra
3291 2586 3403 2633 tres

104 2693 337 2740 mm“,
374 2683 820 2742 “manu”.
849 2682 1006 2740 Adde
1034 2700 1154 2752 qua,
1184 2683 1329 2757 §15'
1356 2700 1421 2740 εχ
1457 2684 1698 2740 Athana-
1801 2666 2076 2738 praecipue
2122 2677 2301 2723 sectas
2326 2667 2532 2723 Christi
2574 2668 2850 2724 Divinitati
2893 2669 3136 2727 infensas
3179 2681 3411 2726 tractare

104 2777 179 2832 sio
201 2777 268 2834 de
288 2778 639 2851 Theognosto
667 2778 973 2834 retulimus.
1027 2777 1140 2833 Nec
1187 2777 1478 2834 substantia
1523 2775 1604 2833 Pa

1907 2761 2088 2832 ponit,
2118 2761 2192 2817 ita
2221 2761 2367 2816 enim
2397 2761 2679 2818 exorditur
2711 2778 2730 2817 :
2757 2761 2901 2819 Licet
2945 2764 3112 2820 Secta:
3154 2765 3256 2819 sint
3285 2764 3407 2837 plu-

102 2872 482 2930 dintinutionem
522 2875 769 2930 substth
823 2874 1100 2947 imaginem
1152 2875 1235 2929 sui
1282 2872 1483 2929 Filium
1524 2892 1602 2947 ρι’(

1958 2870 2075 2926 qua:
2118 2856 2371 2928 injuriam
2412 2857 2606 2912 Christi
2661 2857 2890 2930 fabulari
2943 2861 3195 2931 nitantur,
3238 2876 3408 2921 tatnen

104 2982 274 3036 gneus.
305 2966 427 3023 Erit
446 2969 627 3039 itaque
652 2966 900 3023 Justinus
924 3005 939 3032 ,
970 2967 1341 3023 Tertullianus
1367 3009 1381 3035 ,
1407 2967 1604 3038 Theogt

1930 2966 2049 3012 sunt
2073 2958 2301 3027 quodam
2333 2958 2484 3012 modo
2504 2958 2844 3030 principales,
2888 2977 2914 3014 e
2941 2962 3126 3031 quibus
3152 2964 3270 3020 dua:
3297 2967 3411 3035 eius

104 3066 211 3114 Slus
238 3061 367 3117 Ario
395 3061 710 3133 posterior?
753 3059 1034 3131 Apagesis.
1082 3058 1271 3131 Neque
1320 3058 1468 3115 Zeno
1514 3061 1696 3132 igitur.
1804 3068 1960 3122 quam
2002 3053 2216 3126 cupiunt
2257 3053 2593 3120 depravatum
2622 3054 2867 3109 simulant
2907 3072 2961 3110 se
2999 3073 3108 3113 esse
3152 3060 3414 3115 cultrices.

2668 1790 2757 1846 lib.
2810 1791 3043 1860 secundi,
3092 1793 3148 1846 iu
3186 1808 3289 1863 quo
3328 1791 3393 1849 S.

1865 1879 2009 1935 Zeno
2040 1883 2299 1953 praecipue
2327 1883 2382 1937 in
2428 1883 2695 1939 htereticos
2737 1885 2868 1956 agit,
2914 1885 3130 1956 speciali
3155 1885 3398 1940 conside-

1866 1974 2069 2029 ratione
2105 1976 2466 2046 perpenditur.

107 3148 181 3205 Ex
219 3152 285 3207 iis
316 3168 450 3210 vero
478 3154 762 3211 evidenter
788 3153 1123 3224 agnoscitur,
1152 3152 1473 3207 divisionem
1509 3152 1707 3207 divinae
1733 3141 1780 3205 C
1817 3143 1935 3200 Una
1964 3145 2187 3214 denique
2215 3146 2420 3212 asserit,
2451 3143 2508 3200 .1.
2554 3145 2615 3200 (ἰ.
2655 3146 2717 3200 ab
2758 3155 2904 3202 utero
2952 3146 3183 3223 Virginis
3231 3140 3419 3207 Maria:

105 3241 416 3301 substantiae
452 3260 525 3301 ex
568 3245 915 3301 distinctione
943 3244 1306 3299 Personarum
1337 3241 1706 3299 Sanctissimae
1812 3238 2097 3307 sumpsisse
2126 3239 2465 3311 principium,
2508 3237 2775 3311 Deumque
2828 3242 3014 3297 exinde
3055 3243 3117 3298 ob
3153 3246 3417 3319 justitiam

106 3332 379 3393 Trinitatis
432 3337 661 3403 illatam,
730 3352 836 3392 non
896 3352 1021 3393 esse
1068 3346 1444 3407 argumentum
1499 3349 1527 3389 a
1577 3336 1710 3391 solis
1813 3334 2010 3402 factum
2049 3348 2159 3387 esse
2205 3348 2309 3386 non
2339 3342 2542 3386 natum.
2590 3331 2710 3387 Alia
2748 3334 3056 3400 modestius,
3089 3337 3181 3392 sed
3206 3339 3420 3392 morda-

106 3426 314 3485 Arianis
337 3428 638 3487 Catholicis
663 3429 975 3502 objectum;
1020 3431 1115 3486 sed
1163 3428 1392 3495 Juda‘is,
1432 3428 1708 3497 Patripas-
1813 3423 1922 3478 cius
1978 3440 2187 3488 nocens,
2230 3423 2358 3477 dicit
2409 3424 2612 3494 quidem
2669 3423 2767 3480 Dei
2819 3424 3018 3482 Filium
3072 3428 3258 3495 Deum,
3328 3431 3419 3486 sed

108 3523 285 3590 sianis,
335 3523 688 3589 Sabellianis,
738 3538 803 3579 ac
847 3522 1344 3590 Samosatensibus,
1376 3537 1472 3577 seu
1500 3520 1713 3576 Paulia-
1816 3535 1918 3575 non
1946 3536 2009 3575 ea:
2036 3518 2197 3575 Patre
2223 3518 2512 3574 nobilitatis
2541 3521 2879 3589 perpetuitate
2908 3525 3257 3595 progenitum,
3289 3528 3422 3598 fuis-

111 3615 262 3671 nistis
282 3631 599 3673 commune.
1816 3629 1966 3679 seque
2010 3623 2210 3683 tempus
2234 3613 2443 3683 quando
2470 3629 2574 3668 non
2619 3614 2736 3685 fuit.
2776 3612 2955 3669 Tertia
2995 3616 3188 3674 Judtea
3210 3628 3285 3674 est
3310 3634 3424 3674 acre

175 3710 318 3767 idem
341 3711 636 3769 dicendum
667 3721 752 3768 est
773 3711 843 3767 de
872 3710 1267 3768 coaeternitatis
1293 3724 1428 3767 voce
1455 3710 1655 3780 saepius
1683 3724 1714 3765 a
1816 3724 1974 3773 circa,
1998 3723 2113 3779 qua:
2143 3724 2261 3762 cum
2301 3707 2355 3761 in
2382 3708 2495 3781 lege
2522 3710 2602 3775 (ut
2632 3708 2802 3765 dicere
2829 3710 2982 3783 solet)
3014 3730 3112 3768 sua
3143 3714 3276 3786 legat
3306 3716 3422 3769 ubi-

109 3802 228 3859 divo
270 3804 500 3862 Zenone
544 3805 815 3863 inculcata
843 3804 1027 3861 Tract.
1061 3820 1132 3870 ιι,
1165 3803 1261 3859 lib.
1297 3819 1367 3870 tt,
1409 3802 1593 3859 Tract.
1626 3818 1712 3871 Vl,
1817 3817 1912 3871 que
1960 3800 2091 3857 duas
2140 3798 2315 3855 Patris
2354 3808 2402 3855 et
2448 3799 2580 3855 Filii
2626 3802 2887 3874 designari
2938 3803 3219 3876 Personas,
3253 3820 3424 3865 tamen

111 3896 200 3952 lib.
229 3914 288 3965 tt,
317 3914 473 3955 num.
497 3898 553 3965 4,
572 3909 630 3953 ut
651 3898 949 3971 exploderet
971 3897 1188 3952 alteram
1210 3895 1517 3966 formulam:
1543 3912 1564 3948 ι
1596 3894 1714 3950 Non
1818 3908 1955 3947 nunc
1984 3909 2142 3960 usque
2165 3892 2450 3960 contendit,
2483 3891 2653 3948 Deum
2684 3893 2883 3950 Filium
2909 3913 3011 3952 non
3051 3900 3255 3955 habere.
3293 3902 3426 3971 Qua:

111 3998 537 4063 eratantequam
569 4000 959 4055 noscereturp
991 4004 1089 4044 seu
1118 3988 1438 4044 alterameo
1468 3986 1719 4044 reciden-
1818 3984 1929 4040 sint
1972 3984 2056 4041 hae
2102 3995 2267 4044 sectae
2309 4001 2340 4041 a
2388 3986 2451 4042 D.
2503 3986 2725 4045 Zenone
2765 3988 3085 4062 designatae,
3131 3993 3423 4053 videndum

115 4090 254 4137 tetu:
310 4103 331 4137 ι
364 4083 497 4141 Fuit
520 4083 810 4156 aliquando
837 4098 963 4139 cum
1003 4098 1112 4139 non
1141 4078 1311 4139 esset.
1352 4102 1371 4135 ι
1404 4081 1500 4138 His
1521 4097 1719 4154 nempe
1821 4076 1983 4133 modo
2009 4086 2111 4133 est.

114 4172 357 4233 formulis
390 4192 504 4234 non
533 4177 680 4234 solos
734 4176 968 4233 Arianos
1016 4175 1155 4231 Filio
1209 4175 1573 4231 aeternitatem
1624 4191 1720 4231 ne-
1892 4169 2191 4227 Clarissimi
2226 4170 2509 4249 Ballerinii
2550 4173 2906 4233 Photinianos
2943 4177 3006 4233 D.
3034 4178 3307 4238 Zenonem
3343 4184 3429 4241 iu-

116 4281 266 4337 gasse
296 4278 539 4337 constat,
594 4268 690 4325 sed
720 4284 836 4340 prae
863 4268 1007 4332 aliis,
1054 4277 1110 4323 et
1142 4267 1429 4334 Ebionem,
1469 4278 1525 4322 et
1563 4266 1723 4323 Arte-
1822 4261 2032 4318 dicasse
2084 4264 2138 4317 in
2181 4265 2350 4334 prima
2394 4267 2790 4323 recensitarum
2836 4279 3106 4326 sectarum
3144 4272 3428 4333 adnatant.

116 4373 279 4427 mam,
303 4370 361 4418 ει
386 4360 618 4417 Paulum
649 4360 1098 4426 Samosatenum;
1129 4374 1297 4431 quare
1339 4359 1397 4416 S.
1431 4359 1722 4432 Dionysius
1827 4352 2171 4410 Photinianos
2198 4364 2394 4422 autem,
2420 4374 2548 4429 quos
2574 4358 2667 4413 alii
2700 4358 3019 4417 Zenoniana:
3052 4366 3219 4420 (etatis
3242 4363 3428 4423 Patres

119 4450 547 4520 Alexandrinus,
578 4460 635 4510 et
661 4454 779 4525 ipse
818 4452 1066 4510 eamdem
1103 4451 1493 4509 coaeternitatis
1534 4467 1721 4509 vocem
1828 4447 2019 4517 passim
2062 4448 2302 4518 refellunt
2334 4462 2568 4504 nostrum
2605 4452 2880 4507 Auctorem
2912 4455 3136 4511 voluisse
3174 4461 3428 4530 perstrin-

118 4544 313 4616 szepius
366 4546 609 4603 inculcat
636 4554 827 4602 contra
860 4545 1038 4616 ipsum
1072 4544 1491 4601 Samosatenum
1524 4562 1538 4599 :
1576 4543 1722 4600 Unus
1745 4541 1799 4608 D
1825 4556 1962 4611 gere,
1995 4541 2148 4611 facile
2176 4541 2455 4610 intelliges.
2490 4542 2623 4597 Cum
2654 4536 2787 4599 vero
2829 4545 3092 4603 PhOtiuus
3134 4566 3238 4605 non
3270 4569 3431 4610 eum-

120 4649 188 4692 est
216 4656 344 4711 ergo
369 4639 627 4707 Christus,
651 4641 741 4712 qui
767 4649 845 4696 est
866 4641 919 4694 in
949 4638 1110 4694 Patre
1136 4648 1444 4693 cowternum
1479 4638 1721 4708 Verbum,
1828 4632 1951 4689 dem
1991 4648 2233 4688 errarent
2286 4634 2375 4689 hic
2420 4649 2452 4688 a
2480 4633 2537 4691 8.
2572 4634 2791 4693 Zenone
2823 4638 3113 4697 indicatum
3146 4644 3430 4715 docuerit,

124 4744 221 4783 una
248 4733 364 4804 ejus
401 4730 657 4797 Persona,
690 4730 831 4786 Deus
874 4730 1170 4798 invisibilis,
1217 4739 1265 4786 et
1294 4729 1507 4786 visibilis
1538 4734 1723 4801 factus.
1828 4726 2004 4799 ipsum
2033 4728 2119 4783 hic
2148 4732 2254 4783 non
2289 4729 2581 4801 perstringi
2619 4731 2908 4788 dicendum
2958 4744 3063 4791 est.
3114 4737 3233 4793 Una
3284 4742 3433 4795 deni-

125 4821 261 4879 Deus
286 4825 434 4880 enim
477 4825 720 4894 apparuit
750 4825 806 4879 in
847 4821 1016 4879 Carne
1054 4833 1207 4879 natus
1245 4840 1307 4879 ex
1350 4822 1603 4891 Muliere,
1641 4824 1731 4894 qui
1829 4838 1927 4891 que
1966 4822 2144 4876 asserit
2168 4819 2223 4876 J.
2262 4819 2321 4876 li.
2351 4821 2415 4875 ab
2456 4828 2603 4878 u'tero
2661 4822 2885 4897 Virginis
2929 4826 3115 4882 Maria:
3153 4833 3434 4901 sumpsisse

123 4925 232 4970 erat
256 4933 323 4972 ea:
355 4915 471 4971 Deo
502 4916 660 4973 Patre
700 4917 904 4991 genitus
934 4931 998 4972 ex
1035 4927 1182 4970 utero
1223 4924 1343 4970 ante
1392 4915 1693 4988 Luciferum
1712 4956 1728 4984 ,
1836 4913 2451 4988 principium,Deuntque
2477 4933 2540 4971 ex
2563 4917 2684 4971 inde
2712 4918 2773 4971 ob
2794 4919 3053 4992 justitiam
3087 4923 3281 4992 factum
3303 4942 3431 4995 esse,

127 5018 395 5080 tamquam
447 5026 509 5065 ea:
531 5010 688 5065 corde
728 5008 947 5064 Verbum
975 5025 1041 5063 ea:
1087 5008 1247 5063 Patre
1276 5010 1491 5075 editam,
1529 5018 1574 5063 et
1608 5009 1732 5064 sint-
1839 5025 1940 5063 non
1966 5016 2161 5062 natum.
2188 5007 2261 5062 ltzt
2284 5008 2339 5064 8.
2368 5006 2536 5063 Zeno.
2566 5008 2830 5065 Photinus
2854 5026 3016 5066 vero:
3049 5012 3168 5068 Non
3201 5020 3266 5070 ab
3292 5018 3438 5074 utero

128 5103 266 5174 plen,
310 5114 472 5176 atque
505 5121 689 5175 expers
737 5104 961 5175 partium
995 5101 1222 5157 Verbum
1265 5102 1399 5157 Caro
1428 5105 1624 5174 factum
1655 5111 1733 5157 est
1847 5101 2072 5173 Virginis
2096 5099 2302 5164 Mariae.
2331 5101 2427 5157 sed
2456 5111 2581 5156 tunc
2596 5100 2868 5158 Christum
2892 5119 3015 5161 esse
3032 5106 3286 5176 ccepisse,
3313 5127 3438 5167 cum

128 5198 416 5252 secundum
450 5197 773 5267 Scripturas,
804 5214 905 5253 non
933 5197 1153 5253 diuisum
1184 5197 1238 5251 in
1275 5212 1503 5263 carnem,
1528 5205 1573 5249 et
1606 5195 1734 5250 Ver-
1839 5198 2076 5271 Spiritus
2104 5198 2336 5254 Sanctus
2365 5198 2512 5253 visus
2537 5207 2624 5255 est
2647 5214 2811 5270 super
2838 5200 3013 5257 illttm.

131 5290 270 5359 bum,
294 5293 452 5364 quasi
473 5293 528 5348 in
555 5293 763 5347 homine
790 5292 980 5347 habitet
1011 5290 1262 5359 Verbum,
1292 5292 1401 5345 Iuec
1440 5291 1574 5345 enim
1612 5294 1738 5364 fuga
1903 5290 2046 5348 Cum
2090 5306 2220 5347 vero
2261 5290 2614 5347 Phatinianos
2643 5292 2823 5362 potius
2870 5295 3164 5351 insectatus
3203 5296 3261 5351 S.
3295 5298 3443 5354 cho

134 5387 483 5457 generationis
529 5396 602 5443 est
638 5387 715 5460 (in
760 5386 865 5458 Ep.
915 5386 984 5441 ad
1022 5385 1249 5442 Paulum
1291 5384 1737 5457 Samosatenum).
1843 5383 2103 5440 dicendus
2133 5383 2236 5450 sit,
2281 5397 2401 5439 eam
2436 5383 2701 5438 rationem
2733 5382 3000 5439 aﬂ'erunt:
3033 5374 3297 5452 Quatenus
3326 5406 3445 5446 vero

136 5479 531 5539 Samosatenus
556 5482 676 5554 ipse
705 5481 762 5538 S.
796 5481 1058 5553 Dionysio
1082 5481 1272 5551 objicit
1308 5480 1435 5553 (Qu.
1469 5479 1564 5551 5):
1597 5479 1741 5547 Quo-
1845 5476 1979 5531 idem
2006 5476 2067 5531 ob
2084 5475 2343 5546 justitiam
2375 5474 2514 5528 Deus
2539 5478 2705 5546 factus
2732 5476 2973 5543 traditur,
3006 5478 3103 5547 fuit
3132 5478 3336 5549 quidem
3366 5484 3449 5538 hic

139 5577 293 5631 modo
332 5575 500 5645 igitur
526 5576 617 5647 qui
644 5574 903 5630 crescebat
934 5583 985 5630 et
1011 5574 1404 5646 confortabntur
1451 5572 1586 5626 hunc
1615 5571 1746 5628 dicis
1852 5568 2084 5626 Nestorii
2124 5566 2353 5624 celebris
2385 5581 2551 5632 error,
2596 5576 2649 5619 at
2694 5568 2781 5635 qui
2809 5567 3019 5638 jamdiu
3060 5579 3177 5622 ante
3206 5588 3239 5624 a
3278 5571 3449 5629 Paula

145 5679 261 5723 ante
307 5668 506 5723 uacula
547 5683 677 5734 esse,
719 5675 768 5722 et
809 5666 970 5723 simul
1008 5684 1122 5721 cum
1173 5666 1329 5721 Patre
1375 5665 1603 5737 ingenito
1645 5681 1747 5720 non
1853 5661 2193 5720 Samosateno
2242 5668 2291 5714 et
2324 5657 2554 5712 Photino
2586 5655 2895 5723 prtedicatus
2926 5660 3115 5727 fuerat,
3149 5659 3244 5715 hoc
3283 5672 3453 5721 tamen

146 5763 419 5818 [rubentem
448 5760 673 5829 initium,
698 5769 744 5816 et
766 5768 1074 5815 coteternum
1096 5758 1123 5812 1
1148 5758 1247 5816 Cui
1286 5757 1614 5829 Dionysius:
1650 5757 1750 5814 (ἱε-
1855 5755 2169 5823 discrimine,
2213 5751 2351 5823 quod
2385 5746 2669 5815 Nestorius,
2715 5757 2924 5803 notante
2958 5748 3209 5808 Gartterio
3249 5754 3452 5816 dissert.

728 5855 999 5916 Punct.
1048 5851 1165 5915 XI.
2858 5841 2934 5905 91
