3902 6324
160 330 248 386 6'5

1527 322 2005 398 DISSEBTATIO-

3326 336 3430 393 6H

213 444 276 513 lis
318 442 476 514 igitur
504 443 792 514 diligenter
836 445 1113 514 expensis,
1156 443 1362 503 nullum
1417 444 1535 503 erui
1568 459 1723 514 posse
1751 443 1805 504 Δ
1830 451 1937 497 tum
1964 451 2037 498 est
2065 442 2367 507 Bostrorum
2392 444 2443 499 in
2474 442 2662 511 Arabia
2688 441 2977 516 Episcopus
3010 444 3424 507 Ecclesiasticmu

153 546 507 608 argumentum
562 545 776 593 constat
828 536 894 591 ad
948 537 1006 592 S.
1052 537 1326 593 Zenonem
1373 548 1492 607 post
1538 539 1727 595 Arium

154 637 325 702 quarto
365 631 567 686 saeculo
607 630 994 701 reponendum.
1043 629 1177 689 Cum
1235 647 1296 687 ea
1344 646 1463 700 qua:
1505 631 1557 687 in
1610 631 1727 700 ejus

152 723 467 781 sermonihus
499 735 689 780 contra
717 725 902 780 Arium
933 725 1012 779 vel
1043 726 1271 780 Arianos
1300 724 1443 781 dicta
1470 725 1728 781 videban-

150 826 244 882 tur,
270 817 477 886 propria
519 816 651 873 sede
696 817 838 873 circa
883 816 1118 873 Gallieni
1169 827 1410 886 tempora
1441 817 1605 873 locari
1632 818 1727 872 de-

151 909 315 973 beant,
344 923 410 964 eo
439 908 583 978 quod
621 924 859 974 errores,
893 923 1029 979 quos
1055 908 1112 965 8.
1161 908 1366 964 Praesul
1400 909 1483 964 vel
1530 909 1721 971 innuit.

150 1006 477 1061 veleonlutat
500 1016 747 1076 tempore
775 1006 868 1063 illo
897 1007 1129 1063 maxime
1151 1008 1440 1077 viguerint.
1472 1006 1584 1065 Hoc
1617 1022 1721 1063 non

149 1100 425 1156 concedunt
456 1101 667 1155 Domini
710 1100 984 1171 Ballerinii
1016 1118 1028 1154 :
1055 1100 1196 1169 Quin
1239 1099 1458 1157 eosdem
1506 1116 1724 1157 errores

146 1195 194 1251 S.
216 1195 474 1249 Zenonem
496 1194 742 1257 latuisse,
770 1194 815 1247 si
848 1194 1009 1249 tertio
1044 1193 1244 1250 saeculo
1292 1194 1411 1262 ejus
1434 1201 1566 1249 tetas
1592 1209 1726 1248 eon-

149 1288 401 1349 stituatur,
430 1280 724 1340 afﬁrmant.
754 1284 907 1340 llunc
927 1285 1153 1341 rationis
1185 1284 1493 1354 huiusmodi
1521 1283 1721 1339 nodum

146 1380 396 1435 solvamus
428 1378 608 1448 igitur.

205 1517 407 1589 §XVL
464 1515 767 1587 Hteresum,
828 1533 957 1591 quas
1008 1516 1069 1572 S.
1136 1515 1277 1570 Zeno
1324 1522 1719 1581 commemorat,

320 1611 504 1665 notitia
535 1611 673 1689 circa
705 1607 931 1663 Gallieni
953 1618 1187 1680 tempora
1214 1609 1522 1664 communis.

206 1747 367 1805 Allata
390 1746 638 1819 Origenis
668 1747 958 1809 sententia.
987 1746 1142 1815 cujus
1165 1745 1274 1816 jam
1300 1758 1462 1816 supra
1495 1743 1722 1803 mentio-

1833 548 2126 607 pervertens
2174 538 2422 611 regulam,
2458 554 2586 592 nova
2622 537 2879 606 qua’dam,
2924 548 2970 594 et
3014 540 3185 596 aliena
3228 559 3260 597 a
3296 542 3429 599 Fide

1837 627 2108 695 Catholica
2134 632 2380 687 inducere
2419 644 2633 686 conatus
2659 643 2769 695 est;
2801 648 2958 707 ausus
2996 642 3180 709 temere
3206 652 3429 692 asserere

1830 720 2110 776 Dominum
2135 738 2196 775 ac
2226 722 2547 778 Servatorem
2592 736 2843 791 nostrum,
2868 734 3137 796 antequam
3170 729 3302 783 inter
3333 730 3426 784 Ito-

1828 815 1993 870 mines
2024 825 2328 881 versaretur,
2374 833 2477 869 non
2522 815 2806 872 substitisse
2842 820 2892 871 in
2925 821 3150 889 prOpria:
3180 820 3424 881 Personat

1830 906 2121 977 di/I'erentia
2160 926 2300 964 :nec
2350 911 2635 979 propriam,
2678 913 2767 964 sed
2829 910 3105 966 Paternum
3161 896 3427 987 du‘rtttttaat

1830 1000 2163 1073 Dirinitutem
2195 1001 2246 1055 in
2275 1018 2327 1056 se
2365 1002 2672 1079 residentem
2704 1003 2907 1059 habere.
2938 988 3163 1077 Cumque
3192 1024 3248 1061 ea
3274 1008 3337 1061 de
3372 1025 3427 1061 re

1828 1094 2039 1164 plurimi
2071 1093 2321 1168 Episcopi
2348 1096 2672 1163 quwstiones,
2718 1113 2777 1151 ac
2816 1096 3187 1168 disputationes
3242 1102 3425 1156 advero

1828 1204 1941 1242 sum
1969 1188 2117 1243 illum
2140 1188 2457 1255 habuissent,
2493 1200 2703 1262 roqatus
2734 1206 2837 1243 una
2863 1207 2976 1243 cum
3000 1190 3208 1269 reliquis
3243 1192 3423 1267 Orige-

1828 1299 1939 1346 nes,
1983 1282 2203 1357 primunt
2230 1280 2434 1355 quidem
2484 1298 2597 1361 cum
2640 1281 2733 1335 illo
2762 1282 3093 1355 familiariter
3142 1285 3429 1339 collocutus

1828 1385 1922 1442 est,
1974 1385 2030 1435 ut
2086 1391 2321 1445 quamam
2369 1385 2494 1454 esset
2543 1375 2765 1429 hominis
2815 1378 3067 1430 sententia
3112 1378 3426 1459 exploraret.

1828 1468 2115 1539 Postquam
2143 1486 2260 1523 vero
2290 1468 2483 1547 liquido
2528 1456 2764 1545 c0gnoivit
2788 1469 2915 1545 quid
2958 1470 3171 1537 diceret,
3203 1456 3429 1526 errorem

1828 1567 1945 1636 ejus
1974 1563 2231 1636 coarguit,
2285 1561 2558 1641 allatisque
2584 1563 2869 1619 rationibus
2892 1580 2952 1617 ac
2979 1564 3430 1641 demonstrati/ini:-

1828 1656 1923 1711 bus
1954 1658 2240 1712 convictum
2272 1655 2550 1733 hominem,
2582 1660 2727 1727 quasi
2755 1672 2909 1731 manu
2937 1636 3429 1737 apprehendens'ad

1827 1750 2058 1807 ueritatis
2108 1750 2243 1803 viam
2290 1747 2564 1818 perduxit,
2616 1756 2662 1829 et
2710 1749 2779 1802 ad
2832 1748 3102 1831 pristinam
3149 1766 3428 1820 sanantun

145 1856 251 1899 nem
283 1841 546 1899 iecimus:
578 1839 857 1925 intelligas
896 1841 1031 1895 enim
1068 1840 1155 1910 qui
1200 1839 1371 1895 dicere
1413 1842 1592 1915 audet.
1621 1837 1723 1908 fuit
1752 1840 1803 1904 B
1830 1843 2135 1900 sententiam
2184 1842 2453 1897 revocavit.
2504 1824 2698 1897 [fictam
2748 1824 3017 1914 hodieque,
3060 1852 3167 1915 tum
3212 1840 3427 1914 Berylti,

145 1934 404 2004 aliquando
443 1951 559 1988 cum
606 1951 707 1989 non
755 1943 888 1988 esset
919 1931 1114 1996 Filius,
1170 1933 1476 1989 concedunt
1514 1932 1725 1989 Domini

146 2030 406 2085 Ballerinii
440 2031 491 2085 in
520 2028 959 2085 adnotationibus
1002 2027 1071 2082 ad
1102 2027 1393 2096 septimmn
1442 2035 1725 2081 tractatum

146 2123 195 2178 S.
235 2123 470 2181 Zenoiiis
502 2123 596 2178 lib.
631 2138 690 2187 tt,
737 2120 871 2177 alios
916 2120 1169 2192 quosdam
1220 2120 1357 2175 hunc
1406 2135 1630 2174 errorem
1674 2118 1729 2171 id

148 2219 374 2290 temporis
400 2218 657 2273 docuisse.
707 2216 771 2271 At
802 2216 856 2270 in
902 2213 1305 2271 dissertationis
1324 2198 1526 2282 prima:
1554 2213 1729 2282 capite

149 2312 305 2380 primo
348 2308 466 2382 εἰ,
515 2292 693 2365 unum
732 2317 824 2364 aut
872 2308 1102 2362 alterum
1149 2306 1522 2361 tantummodo
1563 2304 1730 2359 fuisse

148 2404 336 2473 opinari
369 2403 624 2476 videntur
658 2400 812 2469 hujus
828 2400 1035 2456 erroris
1064 2409 1413 2455 aSsertorem.
1444 2396 1639 2452 Fuisse
1676 2396 1732 2449 id

147 2512 328 2568 quoque
354 2495 600 2563 temporis
642 2494 802 2547 alium
845 2493 1092 2562 aliquem,
1125 2492 1209 2561 qui
1240 2490 1293 2543 id
1321 2490 1545 2556 doceret,
1592 2489 1732 2558 quod

148 2566 307 2645 Ariani
329 2589 553 2642 subinde
574 2566 813 2641 docuere.
836 2583 891 2645 8.
923 2600 1135 2655 quoque
1155 2583 1471 2654 Dionysium
1498 2582 1735 2636 Alexan-

148 2681 345 2735 drinum
378 2679 678 2733 adducunt.
715 2678 772 2733 In
802 2678 1039 2750 Egypto
1062 2676 1274 2745 quidem
1306 2675 1484 2731 extitit
1510 2673 1566 2729 8.
1606 2673 1731 2758 Dio:

150 2774 317 2844 nysius
342 2770 771 2836 Alexandrinus,
802 2769 1049 2841 Origenis
1063 2769 1381 2837 discipulus,
1408 2768 1500 2838 qui
1538 2782 1643 2822 non
1678 2774 1736 2820 ut

153 2865 353 2933 Arianis
384 2864 733 2935 prtecineret.
767 2862 860 2919 sed
889 2871 948 2917 ut
971 2860 1294 2917 Sttltelliatta:
1319 2858 1511 2914 lltlBI'CSl
1544 2859 1596 2912 in
1625 2856 1734 2929 Ly-

149 2959 222 3013 bia
262 2960 605 3030 ﬁnitimisque
660 2956 952 3013 nationibus
980 2955 1233 3027 grassanti
1282 2969 1390 3008 sese
1433 2961 1731 3021 Opponeret,

152 3068 251 3111 eam
277 3053 590 3110 locutionem
610 3052 819 3106 incaute
841 3050 1130 3117 usurpavit.
1160 3047 1295 3102 Tum
1324 3056 1534 3102 narratu
1565 3046 1735 3115 ipsius

151 3148 374 3220 Dionysii
426 3148 494 3203 ad
549 3162 818 3215 summum
870 3142 1182 3215 pontiﬁcem
1232 3140 1547 3211 Dionysium
1592 3138 1739 3193 dela-

1831 1947 1940 1991 tum
1967 1935 2172 2007 Synodi
2202 1936 2365 2004 ipsius
2385 1952 2542 1991 causa
2565 1946 2889 2008 congregata:
2919 1935 3055 1988 edita
3080 1944 3429 1999 monumenta,

1831 2031 1884 2083 in
1914 2027 2115 2097 quibus,
2162 2038 2206 2082 et
2239 2028 2611 2109 disputationes
2650 2030 2703 2081 in
2736 2026 2970 2107 Ecclesia
2996 2030 3106 2100 ejus
3136 2027 3343 2091 habitat,
3386 2036 3431 2081 et

1834 2121 2064 2195 singula,
2099 2135 2212 2191 qua:
2241 2130 2360 2175 tunc
2400 2131 2542 2194 gesta
2588 2102 2741 2186 sunt,
2774 2120 3117 2175 continentur.
3160 2118 3319 2189 Yides
3350 2118 3436 2173 hic

1834 2216 2099 2289 plurimos
2124 2213 2423 2284 Episcopus
2452 2195 2727 2269 deerrore
2756 2212 2959 2295 Berylli
2984 2211 3309 2283 qttzesti'ones
3341 2212 3435 2266 ha-

1834 2306 2055 2377 buisse;
2084 2308 2349 2378 synodum
2385 2305 2660 2368 bahitam;
2688 2305 3103 2381 diSputationes,
3133 2314 3291 2387 atque
3320 2320 3435 2387 nio-

1837 2409 2094 2475 nomenta
2122 2399 2360 2469 vulgata,
2394 2414 2514 2469 qua:
2552 2399 2595 2454 si
2625 2408 2745 2479 post
2775 2408 2991 2477 centum
3016 2380 3233 2453 circiter
3263 2380 3435 2479 annos

1837 2472 1972 2547 vidit
2014 2490 2305 2556 Eusebius,
2337 2490 2509 2561 potuit
2552 2474 2880 2545 et'Gallicni
2922 2472 3166 2562 tempore
3196 2472 3438 2547 salem)

1838 2582 2046 2638 videre.
2079 2582 2289 2637 Vidisse
2312 2592 2488 2638 autem
2513 2591 2567 2636 et
2611 2582 2668 2638 S.
2695 2583 3009 2637 Antitistem
3038 2591 3089 2635 et
3117 2583 3251 2636 alios
3286 2566 3437 2653 Epis~

1839 2694 2029 2748 cupas,
2070 2677 2417 2753 Sacerdotes,
2465 2686 2625 2748 atque
2670 2678 2881 2746 aliquos
2912 2676 3124 2731 Fideles
3153 2675 3439 2732 sincerita-

1842 2771 1912 2826 tis
1940 2770 2092 2826 Fidei
2134 2771 2431 2837 studiosos,
2464 2780 2519 2825 et
2555 2770 2858 2826 innotuisse
2888 2770 2938 2824 in
2973 2769 3235 2836 Ecclesia,
3267 2785 3335 2829 ex
3370 2784 3435 2845 eo

1841 2871 2073 2928 constat,
2099 2862 2245 2935 quod
2276 2862 2334 2918 S.
2386 2872 2573 2918 noster
2604 2862 2801 2917 Doctor
2833 2877 2929 2937 pro
2954 2862 3215 2917 concione
3252 2870 3437 2917 contra

1841 2957 2091 3013 eumdem
2123 2956 2444 3012 disseruerit
2480 2971 2747 3012 errorem.

1919 3050 1994 3103 De
2022 3048 2262 3123 Dionysii
2286 3049 2642 3104 Alexnndrini
2670 3047 3061 3121 quaestionibus
3076 3047 3354 3129 quomodo
3386 3063 3445 3103 se

1845 3158 1933 3198 res
1950 3142 2197 3199 habuerit
2224 3153 2407 3199 narrat
2426 3142 2483 3200 8.
2510 3143 2838 3209 Athana~ius
2866 3141 2967 3215 (De
2987 3152 3119 3225 sent.
3150 3128 3403 3215 Diongs.)
3430 3160 3441 3198 :

152 3243 297 3306 tione,
333 3240 499 3310 hujus
549 3238 977 3310 reprehensione
1008 3251 1070 3290 ac
1094 3233 1457 3289 Alexandrini
1488 3230 1732 3303 Dionysii
1763 3229 1811 3301 β
1847 3236 2021 3303 Quum
2065 3236 2220 3309 igitur
2269 3236 2551 3307 Dionysius
2596 3234 2890 3308 Episwpus
2935 3237 3121 3315 certior
3166 3240 3337 3317 factus
3385 3237 3448 3291 de

149 3334 474 3396 defensione,
504 3339 926 3403 prosequuntur.
976 3326 1089 3382 llac
1137 3342 1256 3396 ergo
1299 3341 1361 3379 ea:
1391 3323 1610 3379 historia
1647 3338 1739 3377 eat-

150 3424 395 3494 ploratam
443 3422 521 3495 fit,
556 3423 704 3476 tertio
749 3421 953 3491 quidem
995 3419 1182 3474 strculo
1234 3434 1349 3471 eam
1391 3416 1668 3487 formulam
1709 3434 1741 3471 a

150 3517 397 3573 nonnullis
452 3519 505 3570 in
555 3518 669 3571 sola
722 3531 919 3587 quoque
968 3512 1204 3585 IEgypto
1259 3511 1543 3567 adhibitam
1582 3510 1740 3579 (unde

157 3614 318 3680 paucis
357 3613 412 3667 in
461 3612 804 3679 monumentis
835 3608 1246 3664 Alexandrinam
1288 3605 1576 3659 Ecclesium
1622 3619 1739 3671 spe-

150 3709 387 3763 ctantibus
435 3703 669 3776 legitur).
723 3714 771 3760 et
812 3720 871 3757 ea
936 3701 1226 3756 adhibitum
1254 3709 1433 3763 mente,
1471 3696 1741 3763 utASabel-

152 3799 327 3855 lienam
367 3799 614 3859 liceresim
658 3794 929 3852 Catholica
974 3811 1124 3859 sensu
1176 3791 1491 3863 refellerent,
1532 3805 1637 3847 non
1685 3796 1740 3841 ut

151 3908 313 3945 noram
350 3891 662 3959 inducerent
704 3900 858 3959 atque
905 3888 1253 3958 defenderent.
1286 3883 1368 3938 Ea:
1405 3900 1506 3953 quo
1539 3880 1742 3952 Diony-

150 3984 240 4036 sius
267 3983 658 4039 Alexandrinus
703 3982 1040 4036 commonitus
1086 3995 1197 4034 eam
1239 3975 1518 4048 formulam
1555 3974 1741 4044 displi-

151 4094 266 4147 cere,
298 4080 351 4131 in
381 4076 643 4149 Apologia
671 4075 994 4130 Catholicam
1020 4072 1205 4143 dogma
1237 4073 1306 4125 ita
1334 4069 1523 4123 diserte
1549 4068 1743 4137 con/ir-

152 4171 311 4233 maoit.
335 4179 390 4241 ut
417 4154 510 4241 qui
551 4184 613 4223 ex
639 4167 876 4238 Antiquis
904 4165 1015 4219 Arii
1050 4178 1275 4219 errorem
1306 4161 1563 4231 Dionysio
1594 4163 1742 4214 velte—

151 4267 349 4322 mentius
375 4264 795 4333 luculentiusque
818 4264 1049 4331 reiecerit
1072 4261 1304 4327 inventus
1331 4258 1393 4312 sit
1418 4273 1582 4309 nemo.
1614 4254 1740 4322 Quis

152 4358 299 4429 itaque
334 4369 527 4415 contra
569 4358 704 4410 hunc
745 4356 823 4410 vel
861 4356 1086 4425 aliquem
1117 4355 1277 4423 alium
1322 4351 1553 4421 ejusdem
1583 4363 1739 4421 gene-

152 4456 234 4517 ris,
277 4466 323 4508 et
353 4454 462 4510 loci
503 4452 786 4515 hominem,
833 4460 1095 4521 tamquam
1141 4447 1252 4501 Arii
1300 4460 1498 4499 errores
1547 4457 1744 4515 propu-

152 4557 374 4617 gnantem
404 4548 526 4603 istis
572 4547 623 4601 in
655 4542 950 4598 Occidentis
988 4538 1282 4613 regionibus
1320 4552 1479 4591 unum
1510 4545 1741 4590 nostrum

1844 3327 2284 3409 Pentapolitanis,
2326 3330 2439 3383 zelo
2478 3329 2744 3401 religionis
2788 3330 3059 3409 epistolam
3090 3330 3243 3396 hanc,
3274 3345 3451 3401 quem-

1845 3422 2125 3479 admodum
2152 3422 2263 3477 dixi
2284 3433 2464 3477 contra
2490 3423 2721 3478 haeresim
2769 3421 2997 3505 Sabellii
3025 3424 3093 3479 ad
3126 3424 3450 3477 Ammonium

1845 3528 1892 3571 et
1922 3518 2312 3590 Euphranorem
2338 3519 2646 3591 scripsisset.
2680 3517 2901 3585 Quidam
2935 3534 2998 3573 ea:
3040 3516 3282 3595 Ecclesia
3312 3527 3447 3595 recte

1844 3611 2050 3681 quidem
2095 3614 2387 3678 sentientes,
2440 3611 2531 3666 sed
2562 3621 2729 3669 tamen
2774 3612 2946 3687 ignari
2998 3614 3108 3679 ejus
3136 3628 3327 3685 causes,
3356 3630 3448 3695 cur

1846 3706 1917 3759 ita
1943 3705 2006 3759 ab
2036 3723 2092 3760 eo
2123 3707 2369 3775 scriptum
2413 3714 2565 3770 esset,
2616 3707 2831 3761 liontam
2872 3713 3237 3775 ascenderunt,
3282 3707 3448 3779 ibique

1848 3814 1960 3851 eum
1987 3797 2127 3867 apud
2148 3797 2457 3870 Dionysium
2480 3798 2707 3869 ejusdem
2740 3800 2964 3867 nominis
2999 3798 3290 3854 Romanum
3311 3818 3449 3873 prte—

1847 3893 2008 3945 sulem
2035 3904 2426 3947 accusaverunt.
2462 3892 2539 3946 Re
2564 3904 2825 3961 comperta
2854 3880 3236 3959 Alexandrinus
3265 3893 3443 3960 simul,

1849 3991 1894 4035 et
1924 3994 2101 4037 contra
2144 3982 2360 4039 Sabellii
2396 3994 2691 4051 sectatores,
2729 3996 2774 4041 et
2808 3984 2915 4037 Arii
2945 3984 3206 4058 dogmata,
3239 3997 3448 4058 praptcr

1847 4091 1964 4144 qua:
1990 4075 2051 4128 ab
2076 4058 2317 4130 Ecclesia
2360 4076 2552 4147 ejectus
2577 4077 2696 4147 fuit,
2750 4077 2982 4132 volumen
3026 4079 3330 4150 composuit,
3361 4080 3446 4155 ubi

1847 4166 2089 4235 wquales,
2142 4170 2232 4236 sed
2273 4178 2441 4222 tamen
2482 4170 2768 4239 contrarias
2799 4170 3016 4237 lum-eses
3066 4187 3174 4226 esse
3215 4172 3364 4226 docet
3392 4173 3447 4226 in

1851 4258 2073 4314 Sabellii
2119 4260 2396 4335 dogmatis,
2441 4270 2485 4315 et
2524 4259 2869 4330 blasphemias
2909 4278 3108 4328 eorum,
3137 4263 3226 4333 qui
3274 4264 3451 4318 dicunt

1852 4349 1948 4407 Dei
1988 4351 2207 4431 Verbum
2234 4370 2383 4427 opus,
2414 4363 2502 4407 aut
2524 4342 2814 4409 creaturam
2845 4372 2995 4423 esse;
3025 4358 3396 4426 postulavitque
3416 4375 3451 4411 a

1850 4443 2091 4499 Romano
2118 4444 2376 4512 Pra'sulc,
2400 4454 2453 4500 ut
2478 4454 2592 4499 acta
2628 4446 2725 4501 sibi
2753 4446 3024 4514 indicaret,
3057 4448 3239 4518 quibus
3269 4466 3450 4521 accep-

1848 4537 1935 4600 tis,
1980 4554 2109 4608 Opus
2132 4538 2293 4592 edidit
2346 4537 2437 4592 sub
2481 4537 2685 4592 nomine
2729 4536 2926 4592 clenchi
2966 4548 3013 4592 et
3044 4539 3321 4614 apologiw,
3363 4541 3451 4595 ubi

155 4644 465 4712 Scriptorem
492 4656 588 4712 pro
618 4638 862 4694 concione
883 4635 1097 4711 pluries,
1127 4642 1173 4688 et
1202 4632 1390 4687 acriter
1411 4628 1740 4692 disseruisse,
1768 4628 1824 4691 D
1850 4629 2151 4684 sceleratum
2170 4616 2403 4700 ofﬁcium
2435 4627 2629 4683 Christi
2655 4629 2921 4684 rebellium
2950 4631 3238 4703 redarguit,
3277 4642 3324 4688 et
3351 4650 3448 4702 quo

154 4749 192 4790 et
218 4756 311 4795 non
339 4739 519 4807 potius
549 4733 804 4803 intelligat
834 4731 896 4786 ab
933 4728 1032 4782 hoc
1062 4728 1235 4800 palam
1268 4724 1562 4798 impugnari
1588 4724 1743 4793 Aria:

154 4846 233 4885 nos
255 4831 454 4895 sqculo
478 4836 663 4903 quarto
692 4825 897 4895 ubique,
925 4839 990 4876 ac
1005 4821 1287 4891 prtesertim
1316 4820 1371 4872 in
1400 4818 1538 4872 hisce
1570 4814 1744 4869 Italia:

155 4924 322 4994 ﬁnibus
355 4925 497 4980 duce
537 4922 791 4987 Auxentio
835 4917 1240 4981 debacchantes;
1279 4914 1407 4969 Cum
1454 4911 1743 4984 praesertim

157 5036 245 5074 non
272 5038 384 5077 eam
430 5021 626 5083 solam,
657 5031 773 5087 quae
801 5015 853 5068 in
897 5013 959 5075 S.
993 5011 1248 5081 Dionysio
1275 5008 1628 5064 Alexandrino
1658 5021 1742 5059 re-

155 5115 388 5183 prehensa
420 5114 546 5184 fuit,
576 5112 668 5171 sed
693 5111 825 5165 alias
852 5108 1025 5179 plures
1049 5105 1332 5161 locutiones
1362 5119 1425 5158 ea:
1453 5100 1739 5174 proposito,

156 5218 195 5261 et
228 5211 413 5280 sapius
444 5210 719 5279 impugnet
769 5213 886 5267 ante
916 5201 1094 5265 Arium
1142 5198 1331 5261 nemini
1377 5211 1617 5268 umquam
1643 5211 1743 5250 au-

156 5301 291 5359 ditas.

218 5397 412 5470 Berylli
471 5398 654 5466 itaque
699 5392 970 5456 haeresim,
1015 5398 1071 5447 et
1100 5385 1342 5458 Dionysii
1390 5380 1741 5439 Alexandrini

157 5492 434 5565 verborum
494 5489 704 5559 lapsum
746 5497 1015 5553 tamquam
1068 5497 1181 5539 rem
1225 5476 1553 5533 domesdeos
1599 5475 1740 5528 inter

160 5587 377 5651 parietes
420 5591 627 5645 actam,
668 5580 1044 5648 occultamque
1093 5574 1276 5629 volunt
1327 5568 1647 5655 Ballerinii:
1692 5576 1746 5637 at

160 5674 251 5735 hoc
279 5696 384 5735 non
414 5678 621 5748 patitur
648 5689 836 5732 eorum
868 5682 1169 5755 temporum
1196 5667 1442 5735 historia.
1468 5661 1607 5737 Quid
1638 5660 1747 5715 Eu-

163 5775 330 5828 sebius
378 5774 454 5829 de
515 5771 726 5842 Beryllo
781 5777 1008 5831 testatur
1058 5763 1340 5833 audiamus
1384 5758 1556 5829 (llist.
1604 5757 1642 5809 ι.
1671 5771 1744 5822 v,

161 5881 201 5922 τ.
227 5866 342 5940 23).
374 5865 530 5923 Tum:
568 5863 806 5936 teniporis
848 5859 1090 5939 Bergllus
1132 5858 1195 5925 de
1234 5872 1331 5928 quo
1369 5853 1601 5918 superius
1633 5848 1745 5905 dic-

1850 4732 1998 4793 pacto
2024 4723 2156 4777 hanc
2184 4724 2453 4789 infamiam
2485 4731 2663 4778 contra
2692 4722 2863 4795 ipsunt
2885 4726 3179 4792 excitarint,
3213 4729 3452 4782 demons-

1850 4824 1969 4867 trat.
2004 4814 2665 4885 l’entapolitanisSabellii
2699 4817 2893 4872 lueresi
2919 4817 3151 4883 infectis,
3185 4830 3241 4872 ut
3263 4835 3356 4874 eos
3380 4819 3449 4883 ad

1849 4907 2038 4981 Fidem
2072 4921 2351 4964 revocoret
2380 4909 2437 4965 8.
2476 4909 2764 4980 Dionysius
2794 4910 3189 4969 Alexandrinus
3220 4913 3285 4968 ad
3313 4912 3447 4968 Am-

1852 5001 2091 5057 monium
2129 5012 2181 5059 et
2222 5002 2630 5090 Euphranorem
2675 5003 2825 5059 dedit
2863 5005 3171 5077 epistolam,
3232 5023 3298 5064 ex
3345 5024 3452 5080 qua

1850 5092 2120 5150 dissensio
2144 5105 2260 5149 orta
2286 5103 2391 5161 est,
2424 5102 2479 5149 ut
2505 5094 2645 5175 idem
2670 5094 2996 5150 Athanasius
3024 5106 3272 5154 testatur.
3300 5098 3453 5177 Unde

1851 5193 2077 5266 suspicio
2108 5199 2226 5244 nata
2253 5199 2345 5242 est.
2388 5186 2523 5242 Cum
2551 5187 2601 5242 in
2633 5186 2820 5243 cadem
2851 5189 3076 5260 epistola
3099 5180 3344 5261 quaedam
3376 5194 3451 5250 le-

1850 5295 2109 5358 gerentur
2129 5282 2429 5337 sinceritati
2462 5279 2611 5335 Fidei
2648 5296 2753 5335 non
2784 5281 3107 5348 eonlormia,
3138 5285 3355 5355 quidam
3383 5300 3453 5341 ex

1855 5378 2093 5433 Ecclesia
2131 5374 2348 5429 Romam
2398 5373 2761 5439 ascenderunt,
2794 5372 2963 5445 ibique
2990 5391 3105 5429 eum
3151 5376 3294 5449 apud
3324 5375 3452 5430 Dio-

1853 5473 2059 5545 nysium
2091 5468 2331 5544 ejusdem
2378 5468 2602 5522 nominis
2648 5467 2936 5525 Romanum
2973 5467 3255 5524 Prtesulem
3300 5486 3455 5523 accu-

1857 5574 2125 5622 saverunt.
2157 5562 2274 5619 Non
2312 5563 2497 5632 itaque
2542 5562 2595 5634 in
2638 5562 2855 5617 scriniis
2885 5564 3109 5637 occulta:
3154 5563 3347 5619 litterae
3386 5563 3457 5621 ad

1857 5657 2203 5712 Ammonium
2245 5662 2300 5710 et
2327 5653 2737 5729 Euphranorem
2778 5653 3071 5717 latuerunt,
3128 5655 3223 5709 sed
3268 5638 3460 5714 Eccle-

1858 5751 1953 5825 si“,
1984 5750 2334 5809 ίηηοιηοτιιιιι
2368 5742 2768 5829 Alexandrinm.
2816 5740 3047 5825 Quidam
3074 5746 3274 5829 etenim
3308 5764 3370 5804 ea:
3393 5767 3454 5806 ca

1861 5820 2117 5921 Ecclesia,
2166 5855 2233 5895 ex
2272 5837 2391 5923 ejus
2432 5816 2925 5925 scilieelt’ljlccjlesim
2952 5820 3134 5925 Clero,
3176 5816 3329 5897 etum
3357 5859 3457 5923 par
