3902 6324
475 264 581 321 655

1601 258 1689 315 DE
1719 258 1968 315 SANCTI
2005 254 2295 319 ZENONIS
2338 255 2607 314 EPOCIIA

3599 272 3675 329 656

471 391 556 435 est
604 376 858 443 credere,
910 376 979 432 ab
1030 376 1220 432 eodem
1279 372 1442 429 Clero
1489 371 1732 443 deputati
1788 372 2071 446 (agebatur
2099 380 2141 434 Α
2172 370 2590 428 Concedendum
2630 369 2811 443 itaque
2841 372 3084 444 Dominis
3127 374 3409 433 Balleriniis
3445 380 3494 437 S.
3527 382 3682 458 Diony.

475 472 618 528 enim
653 471 721 526 de
754 470 973 541 proprio
1016 470 1282 540 Episcopo
1331 482 1513 522 coram
1563 467 1787 521 Summo
1820 466 2072 537 pontit‘tce

474 561 801 635 accusando)
845 563 1062 618 Romam
1104 560 1463 625 ascenderunt,
1508 559 1676 630 ibique
1703 575 1888 614 eum...
1920 575 2073 613 accu-

473 667 730 714 saverunt.
763 655 984 712 Publica
1013 655 1288 711 accusatio
1326 655 1394 710 ab
1436 652 1674 709 Ecclesia
1712 652 2069 708 Alexandrina

473 760 663 808 contra
716 766 877 819 suum
931 750 1261 821 EplSCOpo
1312 747 1536 802 Romam
1589 742 1732 817 apud
1789 746 2069 801 Summum

474 846 795 902 Pontiﬁcem
850 844 1025 900 delata
1053 885 1068 909 ,
1140 842 1383 915 potuitne
1427 839 1524 895 toti
1568 839 1734 895 Italia:
1780 839 2071 894 occultari?

469 942 662 998 Nonne
688 952 737 998 et
765 940 1015 997 omnibus
1042 938 1205 996 Orbis
1235 935 1494 993 Ecclesiis
1528 944 1689 990 tanta:
1720 933 1797 989 rei
1825 932 2067 989 notitiam

471 1052 593 1094 cum
621 1034 692 1092 de
737 1035 937 1091 Christi
969 1034 1257 1089 Diviuitate
1299 1037 1571 1104 ageretur,
1606 1029 1773 1086 fuisse
1798 1029 2067 1101 vulgatam

468 1130 757 1186 dicendum
830 1128 977 1185 est?
1031 1128 1256 1183 Maxima
1330 1125 1594 1196 siquidem
1662 1125 1761 1179 fuit
1805 1125 1857 1178 in
1946 1124 2071 1177 Dio-

466 1225 682 1297 nysium
731 1221 1031 1287 contentio,
1071 1221 1321 1276 maximae
1359 1219 1606 1274 excitatae
1650 1217 1843 1282 turbae,
1885 1226 1942 1271 ut
1973 1232 2068 1287 0p-

469 1328 700 1389 portune
731 1315 1094 1372 'l‘homasintts
1134 1314 1413 1369 observat.
1457 1310 1607 1367 Serio
1635 1311 1716 1365 hic
1745 1312 2063 1382 perpenden-

468 1412 593 1467 dum
618 1420 711 1475 est,
743 1422 935 1481 quanta
962 1410 1015 1462 in
1055 1407 1362 1480 Dionysium
1388 1407 1654 1479 concitata
1685 1406 1749 1460 sit
1771 1415 2061 1477 tentpestas,

468 1521 531 1559 ea:
555 1520 614 1559 eo
643 1503 778 1573 quod
805 1519 908 1557 una
933 1501 1011 1557 vel
1039 1503 1203 1556 altera
1222 1500 1437 1569 epistola
1457 1501 1594 1554 visus
1618 1510 1744 1554 esset
1768 1500 2065 1571 aliquantu-

463 1598 573 1653 lum
603 1598 844 1653 decedere
864 1598 927 1652 de
956 1596 1369 1652 constantissimo
1423 1603 1470 1648 et
1500 1593 1857 1664 antiquissima
1885 1592 2067 1649 Eccle-

460 1681 657 1747 siarum
684 1692 915 1746 omnium
942 1690 1177 1744 doctrina
1204 1690 1259 1743 in
1288 1686 1412 1742 Filii
1442 1686 1720 1741 Divinitate
1751 1687 2059 1756 proﬁtenda.

2177 464 2314 518 sium
2364 462 2790 519 AteXandrinum
2843 464 2982 520 hanc
3029 465 3308 522 formulam
3342 469 3487 526 :Cum
3531 477 3584 528 sit
3622 495 3682 533 res

2175 556 2335 625 facta,
2366 573 2468 611 non
2502 567 2607 611 erat
2636 565 2911 629 antequam
2937 558 3099 627 fieret,
3129 573 3192 614 ea
3225 573 3392 617 mente
3414 563 3682 635 adhibuisse,

2176 658 2229 701 ut
2257 647 2609 704 Sabellianam
2637 649 2870 704 haeresim
2900 648 3165 705 Catholica
3201 669 3344 707 sensu
3370 656 3605 726 refelleret.
3624 661 3684 716 Es

2173 756 2239 797 eo
2267 750 2449 815 tamen
2482 742 2788 799 nullatenus
2820 743 3159 799 inferendum
3202 755 3300 811 est,
3346 749 3505 807 minus
3543 762 3687 810 notum

2174 835 2340 890 fuisse
2384 838 2526 891 hunc
2553 852 2817 905 errorem,
2863 848 2920 893 et
2971 838 3043 895 ob
3073 840 3122 893 id
3172 840 3379 897 minime
3418 844 3687 916 redarguen-

2174 929 2322 995 dum,
2352 931 2565 987 etiamsi
2590 939 2798 987 tantum
2842 932 3097 1005 Dionysio
3126 935 3472 993 Alexandrino
3504 941 3692 997 excidis~

2173 1031 2294 1090 set;
2328 1025 2457 1094 quin
2502 1040 2564 1081 ea
2606 1026 2949 1094 potissimum
2983 1028 3194 1083 ratione
3220 1028 3415 1098 publice
3449 1033 3693 1103 reprehen-

2170 1116 2380 1174 dendus
2407 1126 2546 1186 erat,
2578 1133 2647 1175 ne
2676 1119 3029 1175 Alexandrini
3071 1120 3309 1189 Dionysii
3343 1123 3619 1191 auctoritas,
3652 1137 3695 1181 et

2172 1212 2431 1267 Sanctitas
2462 1212 2972 1285 errori‘spargendo
2997 1215 3376 1272 obstetricante
3404 1219 3544 1273 veluti
3568 1235 3696 1277 manu

2171 1305 2467 1359 maximum
2498 1305 2711 1376 pondus
2758 1318 2812 1363 et
2853 1310 3192 1365 occasionem
3226 1311 3491 1379 praeberet.
3529 1314 3623 1383 Qua
3649 1316 3700 1372 de

2170 1412 2228 1452 re
2256 1397 2439 1453 mitius
2463 1413 2587 1454 cum
2618 1399 2713 1455 illo
2741 1394 2925 1471 rigens,
2948 1402 3019 1457 ita
3043 1413 3261 1460 monet:
3296 1404 3548 1460 Videamus
3571 1424 3697 1476 nunc,

2171 1492 2362 1561 optime
2403 1490 2715 1559 Christiane,
2764 1495 3195 1565 quemadmodum
3236 1498 3365 1552 inter
3421 1498 3598 1556 Patrem
3632 1501 3702 1555 Fi-

2168 1585 2395 1656 liumque
2435 1598 2635 1656 tempus
2672 1587 2916 1656 infulcias
2946 1606 2965 1644 :
2996 1590 3058 1645 Si
3096 1592 3233 1645 enim
3283 1594 3485 1660 tempori
3522 1610 3608 1648 non
3629 1595 3702 1650 sibi

2168 1676 2368 1743 debent,
2397 1679 2537 1748 quod
2555 1688 2629 1733 est
2656 1680 2787 1733 alter
2812 1679 2967 1734 alteri
3012 1681 3286 1747 obnoxius,
3316 1684 3484 1754 procul
3511 1685 3642 1740 dubio
3663 1697 3704 1740 ut

464 1784 587 1842 Nisi
608 1787 743 1840 enim
768 1785 1180 1840 constantissimo
1209 1782 1386 1851 fuisset
1408 1799 1488 1848 ea,
1518 1790 1564 1836 et
1591 1782 1930 1836 vetustissima
1958 1779 2058 1835 Ec-
2089 1781 2138 1841 B
2167 1779 2221 1822 ⁸⁸⁸
2250 1771 2344 1834 viso
2372 1773 2543 1843 malo"
2568 1784 2639 1827 ⁸⁸⁸
2669 1783 2875 1839 nam“:
2904 1792 3058 1845 47W"
3093 1778 3256 1835 Πετη-
3289 1780 3353 1834 Al
3377 1797 3483 1835 cum
3508 1793 3702 1838 "alutam

460 1878 735 1933 clesiarum
762 1874 940 1940 Fides,
974 1894 1076 1932 non
1104 1878 1171 1930 ad
1203 1892 1316 1932 eam
1359 1875 1610 1929 adductus
1653 1874 1832 1947 fuisset
1858 1871 2059 1946 Diony-

456 1973 567 2027 sius
618 1972 699 2026 sui
722 1971 979 2043 purgandi
1021 1970 1390 2035 necessitatem,
1432 1984 1535 2022 non
1582 1966 1720 2038 apud
1752 1965 2060 2038 Dionysium

459 2065 711 2120 Romana:
737 2062 984 2119 Ecclesia:
1030 2062 1324 2117 Antistitem
1356 2061 1409 2114 iu
1446 2060 1637 2115 crimen
1675 2068 1881 2113 vocatus
1907 2067 2057 2124 esset,

459 2175 566 2215 non
604 2159 651 2213 ei
678 2175 732 2214 se
761 2175 850 2229 per
890 2156 1129 2228 epistolas
1170 2170 1391 2225 purgare
1426 2152 1721 2223 compulsus
1749 2152 1949 2221 fuisset.
1982 2150 2057 2206 Ita

460 2251 857 2316 Thomasinus,
928 2249 1013 2303 cui
1076 2246 1434 2315 adstipulatur
1487 2245 1715 2315 ipsemet
1766 2241 2058 2315 Dionysius

457 2343 858 2402 Alexandrinus
890 2342 943 2396 in
985 2340 1244 2410 Apologia
1285 2338 1353 2394 ad
1397 2337 1694 2392 Romanum
1738 2335 2054 2391 Pontilicem

452 2436 792 2511 Dionysium.
826 2433 1081 2489 Craterum
1120 2433 1227 2487 haec
1265 2440 1311 2485 et
1338 2429 1631 2486 istiusmodi
1657 2447 1690 2483 a
1718 2445 1798 2482 me
1838 2429 2051 2497 scripta,

449 2533 599 2605 quasi
638 2530 961 2587 ca'cutientes
1019 2526 1351 2583 dissimulant
1394 2542 1449 2579 se
1478 2525 1665 2587 uidere,
1713 2523 2057 2578 sententiolis-

451 2642 551 2696 que
578 2623 851 2679 inconditis
880 2621 1037 2677 veluti
1072 2619 1214 2673 saxis
1241 2620 1436 2672 eminus
1481 2633 1562 2670 me
1592 2616 1826 2688 lapidare
1861 2630 2055 2668 conan-

451 2728 558 2772 tur.
590 2715 729 2784 Quid
752 2716 946 2770 mirum
979 2711 1144 2784 igitur
1165 2710 1210 2765 si
1230 2709 1562 2766 Veronensis
1584 2708 1787 2764 Prmsul
1819 2708 1875 2764 S.
1899 2708 2050 2763 Zeno

451 2826 721 2875 errorem,
763 2824 870 2879 quo
897 2804 1184 2877 Dionysius
1213 2803 1623 2859 insimulabatur
1652 2819 1748 2870 pro
1786 2804 2051 2858 concione

449 2904 897 2978 reprehenderit,
948 2903 1062 2971 ipsa
1102 2882 1534 2971 reprehendendi
1591 2897 1798 2952 ratione
1853 2896 2047 2952 suifra-

445 3009 629 3072 gante,
661 3007 718 3054 ut
748 2996 1072 3053 notavimus.
1104 2993 1240 3049 Illud
1268 2991 1476 3048 accedit
1506 2992 1670 3046 etiam
1699 2990 1766 3046 ad
1795 2993 2051 3062 quaestio-

442 3092 532 3149 nis
559 3092 718 3161 hujus
750 3087 1247 3155 manifestissimum
1285 3096 1341 3141 et
1371 3084 1640 3155 publicam
1673 3084 1918 3139 notitiam
1950 3084 2046 3140 de-

2166 1880 2231 1917 ea:
2256 1864 2418 1918 nihilo
2449 1867 2628 1935 fecerit
2654 1865 2906 1933 Christus,
2936 1871 3003 1923 sit
3032 1881 3203 1949 autent
3230 1885 3487 1930 estnatura
3511 1887 3703 1946 tempus;

2164 1959 2394 2028 ineptum
2434 1962 2558 2015 satis
2592 1972 2665 2016 est
2695 1978 2822 2035 Opus
2850 1980 2945 2019 suo
2972 1981 3271 2035 prmponere
3297 1970 3487 2039 Artiﬁci
3512 1987 3530 2024 :
3549 1987 3600 2024 ac
3634 1988 3703 2039 per

2162 2046 2262 2103 hoc
2314 2050 2477 2105 solum
2530 2053 2737 2125 interest
2791 2056 2930 2125 quod
2993 2058 3093 2111 soli
3141 2076 3196 2113 se
3256 2062 3419 2115 sciunt
3463 2060 3555 2134 (S.
3597 2062 3709 2117 Zeno

2162 2157 2313 2197 serm.
2348 2158 2447 2209 vu,
2478 2143 2514 2198 ι.
2543 2160 2579 2199 ιι
2601 2144 2642 2216 ).
2678 2145 2858 2201 Libuit
2908 2148 2964 2204 S.
2998 2148 3232 2206 Zenonis
3278 2154 3432 2209 verba
3459 2165 3705 2224 repetere:

2160 2233 2275 2306 ipsa
2298 2238 2499 2293 etenim
2535 2255 2629 2308 per
2655 2255 2775 2296 sese
2806 2241 3238 2301 Alexandrinum
3268 2248 3562 2319 Dionysium
3578 2266 3712 2305 com-

2161 2330 2347 2400 pellari
2375 2334 2749 2391 demonstrant
2786 2337 3063 2394 rhetorico
3102 2357 3258 2399 more
3296 2344 3417 2399 licet
3449 2346 3704 2401 absentem.

2157 2422 2491 2481 Charitatem
2520 2429 2746 2498 spirant,
2781 2446 3047 2488 summam
3080 2433 3193 2489 Viri
3237 2437 3535 2507 opinionem
3560 2440 3711 2509 expri-

2159 2526 2331 2581 munt,
2366 2519 2537 2581 brevi,
2569 2532 2623 2576 at
2650 2526 2898 2595 energica
2922 2526 2973 2581 vi
3002 2543 3245 2584 errorem
3273 2531 3519 2586 evincunt
3548 2532 3710 2603 Diony-

2158 2612 2315 2668 siano
2349 2614 2575 2684 tempori
2608 2619 3194 2677 accommodatissima.

2228 2709 2297 2762 At
2341 2725 2445 2763 non
2493 2710 2545 2766 in
2588 2727 2693 2767 uno
2735 2714 3099 2771 Alexandrino
3146 2718 3444 2791 Dionysio,
3494 2735 3646 2792 neque
3687 2734 3710 2772 a

2156 2794 2432 2856 nonnullis
2471 2803 2629 2859 tertio
2672 2806 2869 2860 sarculo
2919 2807 2970 2863 in
3024 2810 3137 2865 sola
3169 2811 3440 2885 Egypto,
3480 2822 3530 2868 et
3567 2812 3717 2882 mucis

2154 2901 2361 2948 tantum
2421 2894 2472 2949 in
2538 2900 2902 2954 monumentis
2974 2902 3397 2960 Alexandrinam
3456 2904 3710 2960 Ecclesiatn
3856 2910 3857 2971 l

2153 2986 2522 3055 spectantibus
2542 3030 2556 3053 ,
2593 2988 2731 3044 hanc
2761 2990 3049 3048 formulam
3075 2994 3176 3065 legi
3205 2998 3599 3054 concedendum
3617 3007 3710 3060 est.

2154 3084 2211 3130 ut
2242 3086 2430 3146 ptttant
2459 3079 2669 3135 Domini
2701 3081 2976 3140 Ballerinii
3005 3087 3083 3156 (d.
3112 3087 3339 3145 Dissert.
3364 3107 3411 3156 I,
3436 3108 3479 3147 c.
3514 3093 3565 3152 i.
3587 3091 3613 3164 ς
3636 3091 3713 3161 2);

443 3180 856 3239 monstrandum
886 3222 901 3246 ,
959 3177 1103 3250 quod
1164 3193 1269 3233 non
1317 3176 1477 3232 modo
1530 3176 1772 3247 pluribus
1831 3169 2118 3247 scriptisC
2150 3170 2289 3240 Quin
2327 3168 2424 3242 per
2469 3182 2634 3229 totam
2675 3176 2974 3234 Ecclesiam
3022 3181 3160 3238 hanc
3215 3184 3466 3241 haeresim
3513 3184 3722 3240 din‘ama-

442 3275 690 3347 epistolis
733 3274 1023 3343 Dionysius
1055 3271 1123 3328 ab
1159 3288 1225 3327 eo
1252 3269 1481 3326 crimine
1509 3285 1569 3326 se
1596 3268 1858 3325 defendit.
1892 3270 2042 3337 Quod

452 3369 493 3426 si
524 3368 784 3439 temporis,
829 3374 878 3420 et
905 3379 1138 3437 persome
1184 3364 1317 3418 ratio
1346 3379 1462 3418 eum
1502 3363 1572 3417 ad
1599 3360 1726 3416 talia
1772 3363 2042 3418 scribenda

459 3461 627 3524 traxit,
668 3459 799 3513 alios
825 3474 1023 3529 quoque
1048 3456 1370 3528 postmodum
1401 3456 1646 3527 epistolas
1675 3457 1900 3526 scripsit,
1929 3458 2045 3530 qui-

456 3555 548 3608 bus
597 3569 650 3610 se
689 3552 753 3605 de
797 3552 1085 3621 suspicione
1114 3552 1383 3623 purgavit;
1430 3549 1521 3606 sed
1554 3550 1661 3606 duo
1694 3550 1863 3606 edidit
1892 3551 2044 3606 volu-

444 3645 614 3703 mina.
671 3646 907 3701 Primum
959 3655 1144 3701 contra
1168 3646 1388 3703 Sabellii
1438 3646 1719 3713 hzeresim,
1771 3646 1933 3703 simul
1990 3657 2046 3702 et

447 3750 639 3796 contra
667 3754 784 3805 eos,
817 3739 907 3808 qui
933 3738 986 3794 in
1034 3754 1156 3795 eum
1185 3739 1521 3810 ingerebant,
1568 3741 1708 3795 male
1753 3741 1819 3797 de
1846 3742 2041 3798 Christi

445 3830 739 3888 Divinitate
776 3831 1032 3886 sensisse.
1064 3830 1139 3885 Rc
1168 3842 1426 3901 comperta
1458 3830 1839 3887 Alexandrinus
1867 3835 2038 3903 simul,

442 3933 493 3979 et
521 3933 701 3979 contra
755 3921 972 3979 Sabellii
1006 3931 1298 3989 sectatores,
1335 3934 1380 3977 et
1422 3925 1533 3977 Arii
1562 3924 1869 3997 dogmata...
1900 3927 2046 3983 uolu-

442 4032 558 4071 men
586 4015 872 4085 composuit
902 4014 1037 4085 (Arii
1065 4014 1315 4085 dogmata
1344 4013 1480 4069 dixit
1506 4016 1829 4072 Athanasius
1850 4034 2045 4089 quam-

443 4108 525 4162 vis
557 4115 635 4161 tot
661 4114 787 4162 ante
813 4106 1000 4162 Arium
1040 4122 1209 4161 annos
1264 4106 1542 4177 scripserit
1570 4107 1881 4180 Dionysius)
1908 4127 1921 4175 ;
1954 4126 2043 4166 se-

448 4201 684 4257 cundum
717 4201 964 4255 Romano
989 4200 1239 4257 Pontilici
1280 4202 1520 4273 scripsit,
1550 4212 1607 4257 ut
1630 4218 1753 4259 sese
1789 4203 2048 4260 defende-

446 4302 537 4348 ret
564 4311 576 4345 :
601 4291 991 4364 Postulavitque
1032 4310 1064 4347 a
1108 4291 1345 4347 Romano
1394 4288 1651 4361 Prtesule,
1698 4303 1751 4348 ut
1791 4306 1907 4351 acta
1951 4296 2049 4352 sibi

448 4385 727 4453 indicaret,
751 4384 934 4454 quibus
956 4386 1198 4456 acceptis,
1234 4403 1363 4459 apus
1388 4387 1544 4442 edidit
1567 4387 1659 4442 sub
1686 4391 1891 4444 neruine
1911 4392 2050 4446 elen-

453 4478 536 4533 chi
561 4487 609 4533 et
638 4479 910 4549 apologiw.
964 4478 1081 4549 Ipse
1107 4494 1322 4549 quoque
1351 4478 1627 4535 Romanus
1658 4480 1901 4537 Pontifex
1927 4482 2049 4537 Dio-

2158 3272 2264 3318 tam
2292 3266 2433 3320 circa
2466 3275 2703 3338 tempora
2741 3269 2977 3343 Dionysii
3011 3273 3407 3344 Alexandrini,
3462 3278 3566 3332 imo
3599 3277 3720 3331 circa

2154 3354 2364 3410 initium
2398 3359 2541 3413 tertii
2582 3362 2764 3416 szccnli
2812 3378 2910 3432 pro
2939 3376 3089 3421 certo
3129 3367 3442 3426 habendum
3472 3387 3487 3426 :
3516 3369 3653 3439 Quod
3677 3377 3723 3423 ut

2151 3447 2372 3518 planum
2404 3449 2525 3516 fiat,
2552 3467 2672 3522 qua:
2702 3468 2863 3524 supra
2895 3454 2962 3512 de
2991 3468 3153 3515 aztate
3181 3460 3347 3532 hujus
3386 3464 3597 3518 lucresis
3619 3467 3721 3517 sunt

2148 3541 2372 3597 addueta
2392 3586 2406 3608 ,
2433 3545 2498 3599 ad
2532 3557 2764 3602 tuentem
2793 3557 2919 3605 sunt
2946 3554 3253 3609 revocanda
3282 3574 3294 3609 :
3332 3557 3548 3613 Scilicet
3589 3554 3723 3611 Ebioo

2146 3634 2230 3688 nis
2257 3650 2496 3691 errorem
2540 3651 2646 3693 non
2680 3640 2731 3693 in
2761 3641 2885 3696 Asia
2917 3643 3092 3699 solum
3125 3656 3253 3702 ante
3314 3649 3536 3705 secundi
3571 3645 3724 3706 stewli

2148 3725 2391 3793 initium,
2425 3729 2520 3784 sed
2566 3740 2620 3786 et
2666 3730 2854 3788 Romm
2912 3735 3080 3793 fuisse
3120 3738 3400 3810 vulgatum
3427 3783 3441 3806 ,
3487 3755 3547 3795 ac
3585 3737 3728 3807 magis

2149 3819 2427 3891 magisque
2454 3820 2807 3886 gdiﬂ‘amatum
2849 3825 3229 3888 Theodotimte
3271 3841 3440 3903 atque
3479 3834 3676 3888 Artema
3702 3844 3726 3882 a

2149 3910 2375 3970 Summo
2404 3914 2665 3973 Pontillee
2693 3916 3205 3980 Victore'damnatis
3230 3927 3381 3983 circa
3408 3943 3597 3982 annum
3618 3922 3728 3979 Chr.

2148 4002 2272 4060 196.
2318 4006 2516 4064 Errore
2545 4009 2825 4082 profligato
2876 4017 3148 4086 serpuisse
3178 4019 3364 4077 adhuc
3405 4017 3731 4093 deprehendi-

2148 4106 2237 4155 tur
2264 4101 2316 4155 itt
2368 4102 2612 4160 Ecclesia
2644 4120 2748 4161 non
2785 4108 2947 4164 modo
2992 4109 3286 4181 Orientali,
3332 4115 3431 4172 sed
3461 4125 3513 4173 et
3548 4115 3599 4170 in
3648 4113 3734 4169 Oc-

2149 4194 2426 4261 cidentali,
2481 4197 2662 4270 aliquo
2716 4208 3043 4259 tamencum
3108 4207 3514 4273 moderamine,
3567 4218 3618 4263 ut
3657 4218 3731 4260 as-

2148 4287 2327 4344 solent
2373 4290 2607 4347 hmretici
2644 4293 2711 4348 ad
2766 4293 3029 4353 Ecclesia:
3066 4314 3363 4358 censuram
3413 4298 3730 4358 eludendatn.

2149 4379 2409 4436 Artemon
2458 4384 2657 4455 quippe
2704 4383 2979 4444 Christum
3028 4390 3324 4448 Dominum
3378 4394 3590 4451 dicebat
3630 4404 3733 4447 esse

2150 4474 2425 4531 hominem
2459 4486 2664 4533 tantum
2701 4495 2766 4535 ex
2797 4480 3017 4553 Virgine
3043 4493 3253 4556 natum,
3280 4487 3575 4561 Prophetis
3616 4498 3737 4557 prte-

448 4570 636 4642 nysius
667 4570 859 4626 eodem
890 4570 1187 4628 Athanasio
1218 4581 1460 4639 auctore,
1487 4571 1641 4643 cujus
1673 4574 1832 4629 verba
1857 4575 2039 4640 retuli,

2158 4567 2488 4626 Stantiorem.
2519 4570 2776 4629 Damnata
2826 4575 3062 4645 haeresi,
3118 4594 3224 4636 non
3282 4582 3359 4637 ita
3412 4590 3595 4653 aperte
3633 4587 3738 4633 ante

444 4660 869 4719 commentarios
914 4663 969 4716 in
1017 4663 1191 4718 lucem
1239 4662 1406 4729 dedit,
1461 4665 1657 4735 quibus
1698 4666 2043 4722 voluminibus

446 4765 629 4810 contra
678 4770 764 4809 eos
797 4754 888 4823 qui
916 4752 1117 4807 Filium
1157 4772 1287 4826 opus
1354 4765 1443 4810 aut
1488 4767 1771 4812 creaturam
1811 4777 2037 4817 asserue-

446 4859 563 4904 rant
584 4849 790 4921 scriptis
828 4847 968 4903 clare
1013 4849 1319 4915 ostenditur,
1353 4850 1589 4905 hwresim
1631 4849 1831 4907 Christo
1876 4855 2043 4909 rebel-

449 4939 577 4994 lium
618 4941 953 5006 Arianorum,
1000 4956 1103 4994 non
1134 4950 1254 4994 tunc
1275 4942 1392 5012 jam
1433 4943 1676 5011 primum,
1713 4945 1804 4999 sed
1832 4945 1953 4999 oliui
1980 4948 2044 5000 ab

444 5032 676 5087 omnibus
702 5031 996 5086 damnatam
1024 5032 1200 5102 fuisse.
1230 5032 1307 5087 Ab
1339 5035 1595 5101 omnibus,
1628 5035 1837 5106 inquit:
1877 5040 2044 5094 omni-

448 5121 551 5178 bus
591 5124 772 5192 itaque
807 5133 988 5178 notam
1027 5123 1277 5178 haeresim
1314 5125 1619 5180 damnatam
1651 5127 1820 5194 dicit;
1869 5147 2042 5201 neque

445 5214 589 5271 enim
618 5214 864 5269 damnari
894 5214 1067 5284 potuit
1097 5214 1165 5269 ab
1209 5216 1482 5281 omnibus,
1510 5218 1639 5286 quin
1672 5220 1834 5273 etiam
1868 5224 2041 5276 omni-

442 5312 546 5368 bus
576 5320 723 5368 esset
752 5320 899 5366 nota.
930 5310 1300 5367 Alexandrino
1331 5313 1528 5382 quippe
1552 5311 1812 5386 Dionysio
1838 5316 2039 5373 intere-

442 5415 527 5459 rat
559 5419 652 5458 sua
681 5404 883 5474 scripta
910 5420 1015 5457 non
1051 5405 1103 5457 in
1137 5403 1504 5459 Alexandrina
1537 5416 1744 5462 tantum
1776 5408 2037 5477 Ecclesia,

444 5495 541 5552 sed
573 5507 625 5552 et
658 5497 863 5564 Romae,
896 5507 950 5551 et
984 5495 1037 5550 itt
1072 5494 1247 5561 italia,
1294 5507 1454 5566 atquc
1495 5500 1741 5553 universa
1773 5500 1824 5554 in
1856 5501 2042 5558 Eccle-

442 5588 524 5644 sia
550 5591 630 5645 sui
659 5590 727 5645 ad
772 5589 1143 5646 defensionem
1171 5589 1410 5661 vulgare,
1446 5600 1503 5646 ut
1530 5592 1805 5649 infamiam
1836 5595 1936 5651 sibi
1970 5600 2043 5652 ir-

443 5689 685 5749 rogatam
713 5682 1029 5753 depelleret.
1055 5670 1286 5737 Romani
1318 5697 1529 5754 quoque
1562 5684 1804 5758 Dionysii
1838 5674 1957 5744 erat
1986 5690 2039 5746 in

442 5772 688 5829 universa
740 5773 985 5831 Ecclesia
1055 5774 1369 5833 damnatum
1423 5775 1685 5836 errorem
1720 5780 2031 5840 ostendere.

2150 4660 2372 4718 Mariam
2420 4662 2695 4721 Christum
2737 4683 2845 4723 non
2897 4669 3067 4728 fuisse
3116 4690 3129 4726 :
3179 4674 3280 4729 sed
3337 4675 3509 4731 fuisse
3554 4684 3739 4744 tempus

2152 4754 2366 4823 quando
2417 4772 2522 4813 non
2569 4758 2666 4813 fuit
2696 4802 2711 4826 ,
2761 4760 3218 4836 Divinitatemque
3266 4771 3550 4839 propriam
3591 4767 3642 4822 in
3682 4777 3738 4818 eo

2152 4862 2259 4901 non
2294 4846 2481 4914 fuisse,
2513 4851 2608 4906 sed
2633 4851 2826 4921 [‘atris,
2863 4855 3183 4914 heterodoxi
3211 4859 3601 4925 afﬁrmabant,
3627 4868 3742 4929 quo-

2151 4955 2268 4995 rum
2300 4943 2608 5012 opinionem
2642 4945 3036 5005 Tertullianum
3069 4952 3373 5023 adoptasse
3400 4952 3740 5025 comperimus

2149 5032 2202 5088 in
2237 5035 2347 5103 jam
2382 5037 2566 5093 relatis
2595 5040 2775 5095 verbis
2807 5041 3026 5100 ineunte
3062 5048 3292 5101 saeculo.
3327 5046 3399 5103 Et
3446 5047 3600 5102 Pater
3620 5042 3741 5098 Deus

2148 5138 2222 5181 est
2242 5171 2255 5195 ,
2290 5139 2334 5183 et
2364 5129 2538 5186 ladem
2584 5132 2722 5190 Deus
2753 5146 2823 5191 est
2844 5178 2857 5199 ,
2891 5154 2993 5193 non
3034 5146 3202 5194 tamen
3233 5142 3361 5196 ideo
3404 5142 3568 5195 Pater
3592 5149 3637 5194 et
3655 5135 3742 5191 Ju-

2148 5225 2246 5277 dea:
2276 5240 2504 5292 semper,
2536 5228 2659 5297 quia
2687 5227 2828 5284 Deus
2857 5247 3076 5302 semper.
3109 5231 3252 5287 Nam
3281 5250 3381 5291 nec
3414 5232 3577 5290 Pater
3601 5231 3743 5304 ponii

2147 5332 2254 5370 esse
2296 5327 2413 5372 ante
2445 5317 2640 5375 Filium
2661 5363 2677 5389 ,
2719 5339 2811 5378 nec
2837 5322 3014 5379 Judea:
3039 5335 3157 5380 ante
3197 5326 3480 5382 delictum.
3512 5325 3638 5381 Fuit
3660 5340 3742 5376 au-

2148 5419 2245 5462 tent
2287 5418 2483 5482 tempus
2508 5430 2625 5468 cum
2651 5426 2697 5468 et
2726 5416 2966 5471 delictum
2986 5459 2999 5483 ,
3029 5428 3076 5472 et
3117 5418 3167 5472 F
3168 5420 3298 5475 ilius
3325 5437 3436 5476 non
3468 5422 3596 5493 fuit,
3624 5417 3744 5493 quod

2143 5502 2379 5559 Judicem
2401 5548 2415 5573 ,
2449 5520 2495 5560 et
2514 5509 2602 5578 qui
2630 5507 2842 5564 Patrem
2879 5509 3154 5567 Dominum
3174 5516 3399 5586 faceret.
3426 5512 3744 5570 Tertulliano

2144 5612 2175 5654 e
2207 5599 2341 5655 vivis
2388 5603 2632 5671 sublato,
2667 5604 2915 5678 Beryllus
2948 5606 3254 5665 Bostrensis
3283 5609 3561 5666 doctrinae
3605 5604 3745 5664 laude

2143 5691 2211 5747 ab
2252 5693 2485 5751 Eusebio
2522 5698 2934 5757 commendatus
2958 5743 2972 5766 ,
3009 5702 3262 5759 eumdem
3310 5718 3563 5758 errorem
3612 5716 3742 5756 asse-

2142 5787 2250 5844 ruit
2293 5789 2434 5845 circa
2479 5791 2538 5848 C.
2590 5806 2679 5848 an.
2723 5793 2862 5864 250,
2910 5809 3071 5867 quem
3114 5809 3349 5865 serpere
3392 5793 3574 5852 adhuc
3615 5792 3744 5851 eirea
