3902 6324
234 252 327 311 637

1604 246 1937 306 DISSERTA
1946 248 1985 305 Τ
1992 248 2058 304 10

3399 261 3509 319 658

232 372 442 429 medium
472 370 615 426 tertii
642 369 885 440 ejusdem
923 370 1106 426 sa'culi
1126 410 1140 436 ,
1169 368 1301 424 ct'in
1335 369 1514 436 Italia,
1544 376 1600 425 et
1622 366 1808 425 Roma:
1837 367 1892 428 Α
1914 365 2174 422 Insistam
2217 377 2393 424 tamen
2449 368 2664 424 Domini
2713 369 2990 426 Ballerinii
3016 414 3031 439 ,
3071 374 3282 430 aientes
3313 394 3324 428 :
3378 375 3499 432 Non

229 464 483 522 evidenter
510 463 841 534 dignoscitur
884 479 952 518 ex
993 481 1093 527 co,
1126 461 1270 533 quod
1315 461 1644 519 Novatianus
1690 460 1803 517 Ro-

229 573 402 615 manus
460 558 742 627 presbyter
803 565 996 611 contra
1065 556 1317 610 eumdem
1376 570 1621 611 errorem
1677 561 1802 624 agat

227 649 382 704 adhuc
407 647 716 705 Catholicae
741 648 843 704 sub
866 648 925 703 S.
951 647 1191 703 Fabiano
1217 647 1380 717 Papa.
1417 646 1515 702 Hic
1540 660 1663 720 ergo
1683 663 1800 702 cum

225 745 282 799 sit
306 744 498 814 genitus
518 759 550 796 a
577 742 737 797 Patre
755 784 771 808 ,
797 760 995 812 seraper
1014 744 1162 798 estin
1185 741 1363 797 Patre.
1394 744 1609 813 Semper
1627 752 1799 798 autem

225 838 288 891 sic
312 837 456 901 dico,
504 845 560 889 ut
589 853 694 891 non
729 837 968 891 innatum
990 877 1005 901 ,
1037 836 1130 892 sed
1160 845 1336 891 natum
1386 837 1663 906 probem...
1707 837 1799 892 sed

221 930 326 997 quia
350 939 463 983 ante
488 944 637 983 omne
665 938 863 1001 tempus
892 939 965 983 est
984 970 998 993 ,
1030 945 1230 999 semper
1265 931 1319 984 in
1347 927 1504 985 Patre
1528 930 1692 1001 fuisse
1715 929 1797 984 di—

222 1023 390 1078 cendus
429 1032 524 1078 est.
557 1021 669 1077 Nec
696 1024 832 1077 enim
857 1033 1057 1095 tempus
1095 1023 1177 1077 illi
1202 1023 1458 1093 assignari
1485 1031 1683 1093 potest,
1710 1024 1798 1094 qui

219 1127 320 1171 ante
357 1126 553 1186 tempus
577 1126 673 1170 est.
703 1115 921 1187 Semper
945 1116 1079 1172 enim
1106 1116 1161 1170 in
1189 1114 1384 1185 Patre,
1418 1132 1479 1170 ne
1511 1115 1667 1171 Pater
1693 1133 1793 1173 non

217 1225 396 1279 semper
417 1211 485 1264 sit
517 1208 695 1267 Pater.

280 1301 469 1358 Contra
514 1302 766 1359 eumdem
816 1317 1059 1359 errorem
1106 1312 1162 1359 et
1198 1300 1460 1375 Origenes
1499 1302 1789 1373 disseruit,

216 1394 327 1452 licet
349 1395 398 1451 in
424 1396 644 1453 sincera
670 1394 909 1466 Mysterli
952 1396 1051 1452 SS.
1084 1394 1364 1452 Trinitatis
1402 1395 1651 1451 doctrinm
1684 1412 1790 1451 non

212 1489 299 1544 sibi
323 1496 578 1544 constans
609 1506 624 1544 :
657 1490 811 1557 Quod
854 1506 973 1545 cum
1013 1490 1082 1544 sit
1119 1489 1208 1545 ille
1250 1490 1533 1544 similitudo
1576 1488 1788 1554 Patris.

213 1582 309 1650 ﬁeri
334 1598 431 1635 non
470 1598 623 1652 posse
664 1583 803 1654 quod
846 1585 1036 1655 fuerit,
1068 1584 1418 1655 quando'uou
1467 1585 1640 1655 fuerit.
1672 1582 1789 1640 Non

210 1672 371 1745 itaque
423 1673 624 1745 Berylli
675 1674 898 1731 haeresis
953 1687 1332 1733 momentanea
1389 1676 1616 1734 dicenda
1662 1687 1784 1746 est,

1906 476 2019 516 eant
2033 461 2197 516 solam
2213 503 2227 527 ,
2248 477 2364 533 qua:
2386 462 2439 515 in
2464 460 2523 517 S.
2544 460 2797 534 Dionysio
2820 464 3173 521 Alexandrino
3194 469 3506 537 reprehensa

1903 554 2040 625 fuit,
2067 553 2155 610 sed
2182 553 2315 609 alias
2344 556 2518 627 plures
2567 556 2856 612 locutiones
2886 574 2949 613 ea:
2992 562 3287 632 preposito,
3318 573 3367 617 et
3408 579 3506 619 sa:-

1904 650 2020 720 pius
2068 649 2337 720 impugnat
2380 659 2497 704 ante
2545 650 2723 705 Arium
2769 653 2961 706 nemini
3004 670 3231 723 unquam
3277 656 3503 713 auditas.

1904 740 2140 813 Pergunt
2177 741 2444 797 inauditis
2470 753 2596 798 ante
2623 743 2807 798 Arium
2838 744 3142 801 locutiones
3173 749 3501 806 auctoritate

1901 834 2172 902 Socratis,
2200 836 2485 892 Sozomeni
2505 880 2518 902 ,
2547 836 2745 892 Rnt‘lini
2764 882 2779 901 ,
2806 847 2970 909 atque
3003 839 3189 896 Hilarii
3237 843 3490 913 probare.

1900 927 2044 996 Quas
2074 928 2335 983 hactenus
2359 929 2828 985 consideravimus
2858 930 3115 988 formulas
3137 934 3348 990 auditas
3375 946 3500 992 ante

1898 1020 2131 1088 Arium,
2213 1038 2278 1077 ex
2336 1022 2404 1077 iis
2462 1038 2582 1094 qua:
2641 1024 2961 1093 protulimus
3025 1026 3158 1081 Satis
3225 1044 3504 1101 superque

1897 1123 2115 1169 constat
2140 1133 2153 1170 :
2176 1115 2379 1185 pariter
2397 1132 2504 1170 non
2530 1132 2691 1171 unum
2712 1116 2986 1174 Zenonem
3008 1128 3193 1175 contra
3221 1120 3366 1193 ipsas
3391 1123 3503 1179 dis-

1862 1242 1863 1245 η
1896 1210 2157 1276 seruisse,
2182 1226 2358 1280 neque
2388 1209 2666 1266 Occidenti
2698 1210 2863 1268 fuisse
2900 1212 3130 1284 ignotas.
3162 1215 3330 1281 Alias,
3362 1232 3498 1287 quas

1891 1302 2158 1368 afferunt,
2202 1303 2459 1359 formulas
2486 1304 2932 1373 consideremus,
2980 1318 3038 1363 ut
3083 1307 3137 1363 in
3178 1319 3367 1379 aperto
3394 1313 3492 1379 sit,

1894 1414 1963 1454 an
1993 1414 2178 1454 contra
2207 1400 2352 1471 ipsas
2379 1410 2502 1455 ante
2529 1401 2717 1456 Arium
2750 1400 3019 1457 inauditas
3039 1404 3333 1460 conciones
3361 1405 3516 1460 suas'

1895 1492 2140 1549 habuerit
2185 1493 2242 1549 ε.
2303 1492 2485 1562 Zeno,
2526 1510 2727 1566 easque
2771 1512 2840 1552 ex
2881 1498 3163 1567 prOposito
3203 1508 3257 1553 et
3296 1499 3495 1570 sacpius

1892 1585 2304 1658 impugnaverit.

1962 1681 2142 1735 Ariani
2158 1681 2510 1754 aequalitatem
2536 1682 2629 1755 (ita
2657 1682 2870 1738 Domini
2895 1681 3196 1755 Ballerinii)
3226 1681 3354 1738 Filii
3374 1700 3491 1739 cum

209 1780 363 1835 neque
389 1768 485 1820 toti
512 1765 823 1841 Occidenti,
846 1782 1066 1838 prorsus
1094 1769 1295 1838 ignota,
1336 1776 1497 1840 atque
1530 1770 1617 1845 uni
1665 1768 1773 1824 foro
1813 1775 1862 1836 B
1888 1769 2047 1826 Patre
2068 1771 2458 1842 inﬁciabantur,
2483 1773 2879 1845 interioremque
2902 1773 3064 1828 Patre
3090 1772 3287 1830 Filium
3304 1775 3495 1847 prtedi-

206 1862 325 1913 sitan
359 1857 568 1915 Zenoni
609 1868 887 1930 comperta
912 1903 927 1926 ,
960 1876 1081 1916 cum
1114 1870 1170 1917 et
1195 1860 1563 1931 Tertulliano,
1593 1871 1647 1916 et
1675 1861 1784 1917 No—
1885 1866 2086 1919 cabant.
2118 1866 2310 1919 Auctor
2352 1884 2371 1917 ι
2409 1866 2670 1937 mqualcm
2702 1885 2720 1918 ι
2756 1865 2907 1921 Patri
2937 1864 3137 1922 Filium
3177 1886 3197 1920 ι
3226 1867 3278 1922 in
3307 1867 3483 1922 omni-

206 1955 395 2008 ratiano
416 1995 431 2018 ,
461 1969 530 2009 ac
572 1940 827 2027 Dionysio
859 1956 1113 2013 Romano
1134 1957 1371 2028 pontiﬁci
1392 1999 1406 2022 ,
1435 1956 1644 2013 Latinis
1676 1959 1779 2014 l’a-
1884 1954 1985 2011 bus
2020 1977 2038 2009 ι
2075 1957 2256 2012 Tract.
2289 1973 2349 2013 ιιι
2381 1968 2433 2013 et
2473 1957 2653 2014 Tract.
2687 1974 2744 2013 tv
2783 1958 2877 2015 lib.
2909 1974 2979 2026 ιι,
3042 1979 3060 2013 ι
3098 1959 3491 2031 aequalitatem-

204 2046 393 2102 hibus:
418 2047 666 2118 Origeni,
696 2048 1062 2120 Theognosto,
1100 2050 1360 2123 Dionysio
1388 2050 1777 2117 Alexandrino,
1883 2066 1988 2123 que
2010 2051 2291 2106 amborum
2322 2068 2478 2107 unam
2512 2072 2531 2105 ι
2563 2064 2709 2124 urget
2736 2052 2908 2109 Tract.
2932 2071 2984 2110 vr
3004 2097 3016 2108 .
3047 2072 3186 2110 num.
3213 2054 3279 2122 4,
3312 2065 3359 2110 et
3378 2059 3487 2128 for-

202 2138 414 2206 Briseis,
446 2141 661 2211 ipsique
697 2141 862 2197 Paulo
901 2142 1256 2199 Samosateno
1298 2144 1555 2200 haeretica
1581 2187 1596 2212 ,
1641 2154 1780 2201 toto-
1881 2146 2036 2201 mulis
2065 2148 2270 2218 quidem
2299 2148 2428 2203 adeo
2472 2149 2757 2219 expressis,
2802 2165 2862 2204 ac
2890 2150 3117 2219 repetitis
3145 2151 3336 2223 saepius
3362 2151 3484 2205 aliis

200 2250 289 2305 que
322 2237 476 2291 tertio
513 2237 714 2291 surculo
764 2239 1158 2307 perstrepuisse
1205 2241 1473 2297 universa:
1516 2242 1778 2299 Ecclesia:
1882 2239 2087 2294 vocibus
2128 2242 2341 2303 statuit,
2374 2249 2428 2293 ut
2463 2257 2565 2295 non
2615 2257 2739 2295 casu
2780 2241 2986 2313 aliqua,
3026 2241 3118 2297 sed
3156 2258 3219 2296 ea:
3264 2242 3482 2296 consilio

199 2328 439 2398 cognitam
524 2344 586 2385 ac
626 2330 842 2401 publice
886 2331 1225 2389 manifestam
1263 2350 1326 2389 ex
1367 2333 1614 2391 adductis
1647 2351 1774 2407 pro-
1879 2344 2059 2390 contra
2086 2351 2317 2389 errorem
2337 2336 2458 2406 jam
2499 2335 2850 2391 dominantem
2878 2338 2989 2391 [uec
3014 2353 3068 2390 se
3094 2336 3329 2408 profiteri
3357 2335 3481 2390 sub-

198 2420 351 2476 bctur.
1876 2427 2064 2483 indicet
2088 2444 2107 2483 :
2138 2428 2271 2482 unde
2314 2429 2486 2484 Tract.
2516 2445 2532 2483 ι
2574 2429 2664 2485 lib.
2696 2446 2753 2495 ιι,
2808 2434 2827 2481 ι
2862 2430 3032 2485 Deum
3088 2430 3182 2485 Dei
3222 2429 3418 2485 Filium
3453 2449 3472 2483 ι

271 2513 345 2570 Ad
402 2514 570 2583 hujus
629 2518 952 2589 paragraphi
1014 2519 1472 2590 complementum
1536 2521 1774 2594 Dionysii
1876 2519 2161 2592 lEqualem
2214 2520 2733 2577 PatriaCatholicis
2764 2523 3088 2591 praedicari,
3121 2523 3360 2578 distincte
3397 2523 3478 2594 af-

196 2604 524 2662 Alexandrini
553 2617 733 2664 textus
759 2625 826 2666 ex
858 2611 1158 2668 Athanasio
1178 2612 1470 2670 aderamus
1498 2613 1612 2689 (De
1642 2615 1767 2670 Dec.
1876 2614 2047 2685 ﬁrmat
2076 2630 2095 2668 :
2125 2632 2242 2686 quia
2272 2614 2572 2687 prtedicatio
2600 2617 2808 2671 nonnisi
2845 2617 2901 2670 in
2945 2625 3184 2686 quartum
3223 2618 3471 2671 saeculum

196 2694 387 2753 Nicentz
411 2699 682 2773 Synodi).
717 2700 999 2772 Nunquam
1031 2705 1132 2775 fuit
1162 2702 1330 2759 Deum
1373 2722 1479 2761 non
1520 2723 1629 2761 esse
1660 2706 1771 2761 Pa-
1875 2715 2054 2761 contra
2101 2706 2211 2761 Arii
2255 2707 2489 2763 liceresim
2532 2707 2691 2763 cadit.
2739 2707 2886 2762 Hanc
2927 2724 3082 2779 porro
3124 2708 3471 2778 atqualitatem

195 2800 304 2847 trem
324 2812 343 2849 :
370 2811 573 2867 semper
594 2793 854 2853 Christum
876 2799 1035 2870 fuisse
1066 2797 1284 2854 Verbum
1303 2841 1319 2866 ,
1342 2811 1389 2855 et
1418 2800 1771 2872 Sapientiam,
1874 2817 1977 2857 non
2004 2801 2231 2855 adseruit
2266 2810 2477 2868 auctor,
2507 2802 2597 2856 sed
2639 2801 2870 2872 pluribus
2907 2811 3131 2856 statuere
3172 2810 3247 2857 et.
3276 2801 3471 2872 conﬁr-

194 2895 233 2939 ει
262 2886 521 2943 Virtutem.
559 2888 741 2961 Neque
768 2893 906 2947 enim
929 2910 1047 2947 cum
1074 2893 1186 2949 lucc
1207 2905 1361 2950 antea
1388 2913 1490 2969 non
1519 2897 1773 2967 genuisset
1874 2909 2016 2947 mare
2054 2893 2207 2947 etiam
2242 2894 2456 2966 integris
2482 2895 2785 2967 quandoque
2826 2896 3129 2951 tractatibus
3155 2894 3345 2959 voluit,
3387 2895 3476 2949 ob—

196 2977 347 3047 Deus.
374 2994 555 3054 postea
580 2987 784 3055 genuit,
827 2987 919 3045 sed
947 3004 1105 3058 neque
1138 3005 1172 3043 a
1212 3006 1269 3043 se
1307 2990 1422 3058 ipso
1457 2989 1626 3044 Filius
1651 3002 1769 3057 est,
1864 2986 2118 3060 jectiones
2153 2987 2393 3061 rejiciens
2418 3030 2431 3053 ,
2471 3006 2599 3059 quas
2643 2987 2825 3043 Ariani
2862 2990 3029 3043 solum
3069 2999 3465 3044 commoverant.

194 3076 269 3130 sed
292 3093 320 3131 tt
349 3078 509 3133 Patre
547 3079 696 3135 habet
720 3097 845 3136 esse.
874 3080 998 3135 Jam
1026 3083 1149 3149 quia
1170 3083 1418 3154 splendor
1438 3094 1513 3139 est
1534 3083 1772 3141 Δὲιενηω
1882 3078 2011 3133 Vide
2058 3078 2227 3133 Tract.
2262 3092 2352 3134 tet
2390 3098 2473 3148 γι,
2509 3082 2596 3135 lib.
2640 3097 2698 3136 tt.
2744 3080 3129 3151 IEqualitatem
3177 3080 3298 3137 Filii
3342 3097 3467 3137 cum

196 3166 359 3235 Lucis,
385 3171 629 3226 omnibus
658 3172 823 3227 modis
849 3173 959 3245 ipse
987 3190 1187 3243 quoque
1211 3174 1464 3231 λΕιεηιιιε
1483 3187 1559 3231 est
1585 3194 1602 3230 ε
1633 3176 1773 3233 Luce
1797 3163 1841 3226 C
1875 3170 2033 3226 Patre
2065 3172 2216 3226 tutati
2263 3182 2387 3227 sunt
2417 3181 2542 3227 ante
2581 3173 2637 3228 S.
2681 3171 2955 3228 Zenonem
3004 3187 3195 3228 omnes
3240 3173 3429 3228 Patres
3456 3213 3493 3249 ,_

195 3262 307 3315 enim
335 3279 534 3334 semper
554 3264 830 3332 existente,
859 3274 1185 3332 certumest,
1210 3275 1257 3320 et
1289 3267 1614 3339 splendorem
1640 3284 1772 3323 sem—
1875 3265 1967 3336 qui
2011 3265 2078 3320 de
2117 3264 2317 3321 Christi
2362 3264 2654 3321 Divinitate
2694 3267 3065 3336 scripserunt;
3114 3281 3232 3321 eam
3275 3268 3473 3336 quippe

195 3370 270 3423 per
291 3356 536 3421 existere;
573 3373 632 3411 eo
663 3358 797 3412 enim
823 3359 938 3427 ipso
970 3358 1135 3414 lucem
1168 3376 1273 3415 esse
1294 3402 1308 3422 ,
1339 3377 1442 3430 quo
1468 3360 1766 3432 splendeat,
1876 3359 2207 3430 impetebant
2234 3360 2566 3431 antiquiores
2597 3375 2786 3415 omnes
2831 3362 3067 3415 haereses
3089 3400 3103 3426 ,
3133 3373 3253 3428 quae
3282 3356 3470 3412 Chris—

197 3445 509 3516 intelligitur;
538 3464 644 3503 non
664 3450 801 3503 enim
820 3450 937 3520 ﬁeri
963 3460 1160 3521 potest,
1191 3461 1245 3505 ut
1274 3452 1366 3506 tum
1395 3469 1498 3507 non
1530 3453 1767 3509 luceat...
1878 3460 1987 3507 tum
2032 3452 2302 3507 hominem
2323 3495 2338 3519 ,
2374 3466 2480 3507 non
2516 3452 2682 3507 Deum
2712 3467 2835 3508 esse
2866 3451 3245 3506 inliciabantur
3271 3468 3284 3504 :
3317 3449 3470 3517 Qua-

199 3538 351 3595 Sancti
376 3541 613 3612 Spiritus
650 3545 953 3599 mentionem
984 3546 1116 3617 feci,
1143 3546 1232 3600 sed
1271 3546 1344 3600 ita
1382 3555 1434 3599 ut
1461 3547 1653 3617 pariter
1676 3545 1773 3601 ad—
1876 3553 2096 3615 propter
2140 3554 2288 3600 tanto
2322 3553 2448 3600 ante
2491 3544 2724 3601 Gallieni
2768 3553 3013 3612 tempora
3055 3543 3112 3601 S.
3147 3542 3468 3615 Hippolytus

190 3634 434 3706 jungerem
458 3636 726 3690 undenam
751 3637 870 3705 ille,
904 3648 953 3693 et
986 3655 1076 3706 per
1103 3656 1256 3709 quem
1274 3640 1461 3694 uenerit
1485 3655 1505 3694 :
1535 3638 1643 3696 Sed
1670 3640 1770 3711 ipsi
1874 3635 2073 3710 Martyr
2099 3638 2458 3708 mqualltatem
2497 3637 2699 3692 Christi
2724 3653 2846 3694 cum
2875 3636 3037 3691 Patre
3074 3635 3346 3706 asseruit,
3377 3652 3473 3691 cu-

198 3724 407 3793 ignorant
460 3727 678 3784 Patrem
706 3746 739 3782 a
772 3728 925 3785 Filio
967 3731 1187 3785 alienari
1224 3748 1329 3785 non
1356 3748 1503 3800 posse
1526 3773 1541 3799 ,
1594 3742 1643 3787 et
1676 3733 1770 3787 sub
1869 3729 1959 3799 jus
1986 3730 2146 3784 verba
2181 3730 2489 3795 retulimus,
2521 3731 2714 3800 quibus
2755 3728 3099 3798 apertissime
3125 3728 3290 3794 dicit,
3319 3728 3468 3800 quod

201 3817 349 3876 Patris
368 3824 620 3878 vocabulo
647 3825 951 3895 primarium
972 3826 1351 3899 conjunctionis
1373 3836 1633 3881 auctorem
1655 3844 1774 3883 con-
1879 3821 2109 3878 Verbqu
2141 3822 2275 3877 idem
2302 3833 2375 3877 est
2403 3839 2518 3899 cum
2550 3821 2729 3877 Patre.
2763 3820 3013 3878 Clemens
3042 3821 3204 3877 etiam
3234 3821 3469 3876 Alexan-

198 3911 355 3982 tincri,
385 3926 430 3971 et
456 3915 663 3971 Filium
690 3934 722 3971 a
748 3915 907 3973 Patre
947 3898 1096 3987 quasi
1126 3918 1387 3974 domicilio
1423 3919 1771 3991 disgregatum
1874 3914 2065 3969 drinus
2094 3931 2255 3986 supra
2295 3898 2541 3969 laudatus
2567 3933 2579 3967 :
2628 3913 2843 3969 Verbum
2868 3914 3145 3979 Divinum,
3176 3914 3265 3983 qui
3292 3928 3467 3967 revera

197 4021 280 4060 non
304 4026 443 4076 esse,
473 4026 539 4066 eo
565 4010 708 4081 quod
742 4010 917 4066 Patris
948 4012 1248 4066 vocabulum
1284 4012 1416 4066 lianc
1455 4013 1772 4067 communio-
1873 4020 1949 4065 est
1978 4008 2116 4063 Deus
2146 4009 2621 4080 manifestissimus,
2652 4009 2738 4080 qui
2763 4017 2838 4063 est
2863 4008 3214 4080 universorum
3244 4004 3471 4060 Domino

200 4113 292 4150 nem
319 4101 538 4164 iudicet,
569 4112 616 4157 et
642 4103 695 4157 in
740 4102 918 4158 Patris
958 4103 1184 4175 l’iliique
1233 4104 1467 4159 manibus
1510 4121 1619 4158 esse
1648 4104 1769 4176 Spi-
1871 4113 2183 4173 cowquatus.
2217 4102 2452 4157 Tuendzc
2482 4109 2661 4157 tamen
2706 4099 3026 4171 aequalitatis
3057 4098 3179 4154 Filii
3207 4114 3329 4154 cum
3360 4099 3466 4153 Pa-

199 4193 328 4247 ruum
355 4196 644 4265 Sanctum,
675 4198 765 4252 sed
792 4199 867 4251 ita
911 4210 968 4253 ut
1005 4214 1170 4268 neque
1206 4215 1236 4250 a
1267 4199 1491 4253 mittente
1514 4239 1527 4265 ,
1554 4214 1715 4266 neque
1740 4214 1771 4251 a
1874 4207 1955 4253 tre
1992 4197 2266 4269 urgentior
2296 4186 2661 4251 Divchnoni
2691 4194 2986 4249 necessitas
3029 4193 3129 4248 luit
3165 4207 3228 4248 ea
3270 4200 3463 4260 aetate,

198 4287 364 4354 [acute
384 4300 704 4362 sagi-egetur.
740 4289 843 4355 Qui
862 4292 977 4362 ﬁeri
1009 4292 1169 4362 igitur
1194 4300 1361 4361 posset
1388 4332 1402 4355 ,
1434 4299 1491 4345 ut
1519 4307 1634 4345 cum
1660 4292 1772 4346 istis
1872 4304 1978 4360 qua
2008 4288 2150 4345 forte
2175 4289 2474 4345 Veronensi
2505 4287 2751 4344 ecclesizu
2782 4294 3011 4357 praeerat
3033 4279 3061 4339 τ’
3082 4301 3147 4341 eo
3174 4285 3318 4356 quod
3347 4285 3467 4341 Ori-

200 4383 463 4438 uonn'nibus
506 4396 659 4449 utar.
727 4394 992 4455 suspectus
1022 4386 1213 4439 habear
1237 4387 1384 4451 quasi
1413 4385 1513 4439 ista
1542 4385 1773 4454 separari
1874 4397 2040 4454 genes
2066 4391 2251 4437 contra
2285 4382 2452 4451 ipsam
2485 4378 2845 4449 aequalitatem
2878 4376 3201 4432 disseruerit
3238 4376 3292 4431 in
3331 4376 3472 4432 libro

197 4475 430 4548 dividique
468 4480 893 4535 existimaverim.
942 4479 1058 4535 Hoc
1090 4481 1249 4551 igitur
1290 4490 1441 4550 pacto
1485 4481 1730 4533 unitatem
1753 4521 1767 4544 ,

1875 4483 2059 4529 contra
2087 4470 2325 4527 Celsum.
2352 4470 2653 4525 Proximum
2687 4470 2782 4541 (ita
2799 4467 3081 4540 Origenes)
3109 4468 3290 4523 mundi
3314 4468 3471 4539 moli-

195 4582 291 4634 qua:
316 4570 645 4626 indiaisfbilis
672 4581 743 4626 est
763 4615 779 4640 ,
808 4572 860 4627 in
890 4571 1197 4626 Trinitatem
1223 4573 1537 4638 dilatantus;
1567 4582 1614 4626 et
1647 4570 1767 4627 Tri-

1896 4581 2032 4619 orem
2061 4581 2169 4619 esse
2191 4560 2239 4615 F
2242 4564 2387 4617 ilium
2421 4561 2513 4616 Dei
2544 4558 2765 4615 Verbum
2784 4604 2798 4627 ,
2829 4559 2916 4630 qui
2946 4558 3082 4613 velut
3106 4568 3287 4632 suapte
3311 4575 3472 4614 manu

198 4659 380 4717 nitatem
403 4704 420 4727 ,
449 4681 570 4731 quia
598 4664 817 4718 diminui
859 4681 964 4719 non
1005 4674 1204 4734 potest,
1244 4665 1299 4718 in
1344 4662 1605 4720 Unitatem
1646 4681 1771 4719 con-

198 4766 587 4809 summamus....
612 4754 681 4808 Et
710 4770 876 4810 tamen
906 4756 1100 4811 scilicet
1130 4771 1468 4822 accusamur,
1499 4757 1647 4826 quasi
1684 4756 1772 4825 qui

198 4841 401 4905 dicamus
416 4890 433 4915 ,
467 4847 670 4903 Filium
694 4858 853 4903 unum
881 4865 987 4903 esse
1007 4865 1069 4903 ea;
1090 4865 1303 4903 numero
1323 4864 1495 4902 rerum
1516 4851 1773 4919 factarum

198 4944 237 4987 ct
268 4954 585 5010 nequaquam
623 4938 775 4994 Patri
815 4957 907 4995 suo
937 4939 1443 4995 consubstantialem.
1482 4940 1603 4996 Alia
1642 4955 1775 4996 con-

198 5030 312 5094 gerit
344 5030 399 5087 S.
445 5032 774 5105 Dionysius:
812 5031 922 5089 Sed
964 5032 1080 5087 haec
1119 5032 1392 5087 sufﬁciant
1418 5031 1485 5087 ad
1512 5048 1607 5099 ea,
1650 5048 1773 5104 qua).

203 5129 560 5194 proposuimus
574 5170 591 5195 ,
617 5128 1009 5184 conﬁrmanda.
1031 5126 1162 5182 Nam
1184 5128 1370 5197 quanti
1394 5129 1510 5184 haec
1528 5127 1772 5185 facienda

202 5219 292 5288 Sin!
306 5262 319 5284 φ
348 5222 613 5295 intelligat
641 5223 839 5285 Lector
867 5224 983 5292 ipse
1014 5238 1110 5292 per
1132 5236 1272 5280 sese.

234 5365 257 5437 ᾗ
287 5365 445 5425 XVII.
479 5370 557 5424 An
591 5370 652 5426 S.
684 5370 825 5427 Zeno
850 5372 980 5426 alias
1011 5372 1217 5426 Arionis
1248 5371 1460 5427 tributus
1490 5373 1741 5444 formulas

799 5465 1118 5538 impugnarit
1135 5465 1159 5519 ?
1632 5473 1639 5481 '

269 5593 392 5652 Tres
429 5613 459 5651 a
503 5597 560 5656 S.
590 5599 807 5654 Zenone
839 5599 1111 5667 impetitas
1148 5597 1414 5661 btcreses,
1446 5599 1615 5654 multo
1653 5609 1781 5655 ante

210 5690 307 5741 Arii
348 5702 529 5746 ortum
568 5692 951 5747 disseminatus
998 5691 1202 5755 fuisse,
1251 5691 1780 5760 demonstravimus,

209 5779 328 5849 unus
353 5791 405 5840 et
449 5785 648 5841 omnia
697 5786 854 5841 tertio
895 5784 1207 5864 convellere
1242 5785 1420 5847 potuit
1462 5788 1518 5843 δ.
1566 5786 1782 5843 Doctor.

1874 4658 2123 4713 mundum
2154 4656 2495 4729 fabricaverit.
2530 4653 2738 4709 Patrem
2764 4670 2881 4709 vero
2917 4652 3074 4709 Verbi
3104 4670 3162 4708 eo
3190 4656 3304 4721 ipso
3331 4649 3470 4725 quod

1878 4748 2016 4804 Filio
2053 4767 2144 4803 suo
2194 4758 2347 4820 atque
2405 4746 2569 4801 Verbo
2594 4746 2812 4818 jusserit
2852 4745 3102 4799 mundum
3130 4749 3333 4816 facere,
3361 4761 3473 4800 esse

1790 4838 1799 4843 ’
1876 4844 2179 4913 primarium
2208 4839 2626 4912 opiﬁcemjlnnc
2657 4841 2924 4910 praecipue
2948 4854 3190 4895 errorem
3221 4838 3469 4894 confuta-

1873 4938 1947 4993 vit
1980 4938 2036 4992 S.
2069 4936 2215 4992 Zeno
2242 4936 2292 4990 in
2322 4938 2582 4991 Sermone
2611 4935 2787 5006 primo
2813 4949 2844 4988 a
2884 4932 3131 4989 Dominis
3158 4933 3470 4989 Bnlleriniis

1880 5032 2135 5089 indicato.
2177 5033 2241 5087 At
2284 5031 2373 5085 ille
2419 5032 2501 5085 cui
2537 5029 2788 5104 jubetur,
2835 5038 2951 5094 est,
2988 5028 3157 5096 inquis
3183 5070 3199 5096 ,
3239 5029 3475 5101 inferior.

1886 5126 2069 5197 Quid?
2101 5126 2254 5195 Quod
2300 5125 2421 5181 inde
2466 5142 2569 5179 non
2615 5140 2725 5178 esse
2769 5122 3018 5197 probatur
3065 5123 3282 5196 inferior
3312 5142 3329 5181 :
3359 5127 3480 5196 quia

1880 5221 2019 5278 unde
2048 5222 2290 5292 processit
2338 5218 2553 5274 Paterni
2576 5218 2745 5275 cordis
2774 5228 2850 5274 est
2875 5228 3139 5275 exsecutor
3155 5237 3176 5287 ;
3217 5236 3319 5275 non
3343 5221 3481 5274 enim

1882 5321 2051 5374 minus
2072 5328 2148 5374 est
2179 5321 2349 5391 facere
2373 5332 2560 5388 magna
2577 5358 2591 5382 ,
2617 5332 2770 5382 quam
2795 5315 2982 5370 dicere.
3012 5313 3254 5379 Quamvis
3277 5314 3481 5385 etquod

1885 5413 2078 5468 dictum
2113 5420 2186 5466 est
2223 5430 2256 5466 a
2298 5409 2456 5465 Patre
2502 5407 2578 5463 vel
2620 5407 2721 5461 dici
2761 5416 2964 5478 potest,
2997 5406 3117 5475 quia
3156 5403 3376 5458 Verbum
3404 5410 3482 5459 est

1894 5507 2090 5569 Filius,
2122 5507 2233 5561 sine
2261 5503 2403 5559 Filio
2432 5520 2532 5559 non
2561 5513 2634 5558 est
2655 5545 2669 5565 ,
2697 5512 2744 5556 et
2763 5501 2902 5574 quod
2927 5500 3121 5570 factum
3149 5506 3220 5551 est
3243 5514 3275 5551 a
3305 5495 3478 5565 Filio,

1886 5600 1964 5654 vel
1991 5599 2104 5667 fieri
2137 5607 2336 5669 potest,
2369 5598 2476 5652 sine
2502 5595 2795 5667 dignatione
2826 5592 3056 5646 Paterna
3100 5606 3201 5643 non
3229 5599 3333 5657 est,
3363 5590 3486 5662 quia

1888 5693 2061 5748 Filius
2087 5694 2197 5748 sine
2225 5691 2385 5746 Patre
2410 5708 2512 5745 non
2540 5699 2632 5743 est.
2668 5688 2723 5743 In
2757 5698 3012 5741 sermone
3039 5697 3255 5753 quoque
3278 5684 3488 5753 quinto.

1894 5785 2023 5841 Cum
2053 5788 2270 5857 imperat
2304 5783 2459 5837 Pater
2492 5781 2680 5834 Orbem
2724 5778 2836 5847 fieri
2865 5793 2993 5847 opus
3034 5788 3150 5829 cum
3177 5776 3314 5831 dicto
3357 5789 3495 5831 contu
