3902 6324
471 282 575 347 659

1615 290 1701 344 me
1727 271 1967 345 smmi
1990 269 2279 342 zENUNtS
2308 286 2573 342 crocus
3604 287 3687 339 mn

472 410 641 477 pletur
671 425 701 462 a
737 406 893 463 Filio.
930 406 1198 474 Quomodo
1227 418 1427 471 autem,
1468 411 1693 474 quantus
1712 445 1726 466 ,
1775 402 1862 456 aut
1899 401 2066 471 qualis
2095 407 2142 464 Α
2172 401 2396 456 uiolatus
2424 411 2496 455 est
2525 401 2680 465 liber,
2713 414 2813 454 nan
2836 401 3071 455 universa
3102 399 3214 469 ejus
3238 413 3381 467 opera
3401 438 3416 464 ,
3441 415 3541 467 quc:
3563 404 3692 456 diuer-

472 502 587 573 ﬁeri
625 503 836 567 debeat,
877 516 1023 554 nemo
1054 498 1325 571 praecipit,
1364 496 1644 569 interrogat
1691 511 1871 559 nemo;
1904 510 2065 565 neque

468 594 604 651 enim
633 597 740 649 sine
775 593 948 648 Patris
974 608 1082 647 esse
1106 590 1266 662 possit
1297 590 1523 665 injuria,
1552 592 1596 645 si
1636 590 1733 643 hac
1772 578 2067 644 necessitate

471 696 600 757 apu's
625 694 750 742 esset
778 685 857 740 illi
886 727 897 749 ,
930 685 1019 756 qui
1062 686 1114 738 in
1145 685 1262 738 sinu
1292 665 1487 738 Patris.
1510 697 1838 737 commanens
1884 682 2067 736 volun-

469 780 587 833 tatis
634 780 745 849 ejus
792 777 1160 849 perfectionem
1209 762 1311 830 non
1356 775 1644 839 didicerat,
1694 775 1783 829 sed
1829 773 2061 827 habebat.

468 874 637 928 'l‘anta
669 873 952 941 majestate
990 870 1288 933 sermonis,
1325 879 1471 924 tanta
1496 870 1546 924 vi
1587 869 1856 924 rationum
1888 868 1941 922 in
1975 868 2069 922 he-

467 965 762 1022 terodoxos
793 963 998 1018 invehit
1026 964 1085 1019 S.
1122 962 1344 1018 Praesul.

533 1058 785 1129 Apertius
812 1063 991 1111 tamen
1013 1062 1202 1111 contra
1229 1054 1588 1125 milualltatett.
1609 1053 1729 1108 Filii
1755 1066 1877 1108 cum
1909 1050 2071 1107 Patre

464 1153 754 1223 Origenem
786 1150 949 1205 l'itisSo
982 1152 1214 1204 locutum
1246 1150 1441 1203 aSserit
1466 1148 1523 1203 S.
1550 1146 1942 1217 Hieronymus,
1977 1144 2069 1223 qui

466 1248 640 1317 ipsum
680 1243 968 1315 scripsisse
1006 1251 1272 1298 testatur:
1313 1242 1474 1295 Deum
1520 1238 1729 1293 Patrem
1756 1254 1863 1292 esse
1898 1237 2070 1291 lumen

464 1338 976 1409 incomprehensibilc
1002 1357 1012 1389 :
1036 1335 1295 1392 Christum
1322 1336 1594 1388 collatione
1628 1332 1799 1385 Patris
1825 1328 2068 1399 splendo-

464 1440 573 1486 retn
603 1446 710 1487 esse
749 1436 1093 1500 perparuum;
1139 1429 1226 1496 qui
1254 1426 1392 1497 apud
1438 1442 1528 1479 nos
1576 1441 1683 1497 prce
1722 1421 2069 1476 imbecillitate

468 1535 643 1580 nostra
674 1539 892 1595 magnus
932 1539 1040 1578 esse
1087 1522 1342 1577 videatur.
1376 1518 1615 1574 Duaruni
1646 1527 1933 1573 statuarum
1961 1532 2071 1570 ma-

456 1619 632 1691 joris,
672 1625 720 1670 et
764 1614 994 1687 parvula!
1040 1615 1193 1669 unius
1219 1656 1233 1680 ,
1278 1628 1393 1684 qua:
1434 1612 1685 1665 mundum
1728 1610 1974 1680 impleat,
2023 1616 2071 1662 et

466 1700 815 1781 magnitudine
842 1702 937 1762 sua
961 1710 1181 1775 quodam
1202 1706 1353 1760 modo
1378 1705 1644 1759 invisibilis
1661 1704 1757 1767 sit;
1785 1714 1831 1757 et
1859 1703 2070 1757 alterius

2171 492 2243 547 sis
2295 502 2341 544 et
2368 491 2493 545 locis
2532 499 2578 545 et
2617 488 2928 561 temporibus
2965 489 3127 543 edidit
3173 487 3324 542 simul
3356 492 3582 561 corrumpi
3618 509 3692 562 ρο.

2172 592 2379 638 luerunt
2394 584 2420 637 ?

2242 676 2415 730 Aliam
2446 675 2730 731 formulam
2764 674 3086 730 Arianorum
3118 674 3385 744 propriam
3406 674 3453 728 iu
3480 674 3536 729 D.
3556 674 3696 732 Ζριιοι

2170 770 2255 825 nis
2300 771 2643 826 sermonibus
2673 768 3083 840 deprehendere
3112 768 3213 843 sibi
3252 767 3484 822 videntur
3526 767 3699 824 Domini

2173 862 2443 917 Ballerinii
2480 881 2492 915 :
2527 862 2660 916 Cum
2696 862 2888 916 Auctor
2923 880 2942 913 ι
2973 877 3127 914 unam
3155 859 3476 913 substantiam
3508 877 3524 911 ι
3554 861 3701 914 acriter

2170 956 2424 1020 inculcet,
2468 972 2619 1027 quam
2663 955 2833 1010 ca'teri
2881 954 3112 1024 ejusdem
3155 953 3248 1006 ωυε
3296 950 3467 1005 Patres
3508 953 3702 1006 adversus

2172 1048 2393 1103 Arianos
2427 1064 2490 1103 ea:
2519 1050 2783 1118 proposito
2818 1047 3118 1101 dimicantes
3157 1044 3503 1107 inculcarunt;
3531 1044 3705 1098 consub-

2171 1145 2429 1200 stantialis
2468 1143 2583 1198 licet
2621 1159 2790 1199 vocem
2819 1157 3139 1210 nequaquam
3167 1137 3421 1203 adhibeat,
3450 1139 3563 1193 satis
3586 1155 3631 1191 se
3646 1139 3707 1192 ni-

2173 1238 2449 1292 hilominus
2492 1236 2733 1290 adversus
2783 1251 2893 1290 eam
2930 1233 3165 1288 Iucresim
3216 1232 3535 1285 decertantem
3554 1232 3706 1300 prodit.

2172 1330 2286 1387 Hoc
2311 1330 2378 1386 ab
2405 1337 2724 1400 argumento
2748 1328 3045 1383 immunem
3076 1326 3134 1382 S.
3167 1326 3513 1380 Veronensem
3542 1325 3711 1379 Prasu-

2172 1426 2277 1480 Iem
2306 1424 2420 1480 fore
2459 1423 2791 1485 arbitrabar,
2822 1420 3013 1477 eadem
3047 1422 3255 1475 ratione
3279 1460 3295 1485 ,
3323 1434 3472 1490 quam
3500 1418 3588 1488 ipsi
3613 1433 3711 1489 sng-

2173 1524 2365 1588 gerunt
2392 1516 2602 1570 Domini
2632 1514 2926 1571 Ballerinii.
2962 1511 3423 1568 Consu‘bstantialis
3450 1512 3555 1565 licet
3579 1526 3713 1565 vocem

2172 1626 2490 1680 nequaquam
2517 1609 2772 1664 adltibeat.
2800 1612 2865 1663 At
2900 1622 3018 1662 mea
3040 1606 3255 1677 quidem
3288 1606 3539 1660 sententia
3558 1606 3712 1657 etiam-

2174 1701 2223 1757 si
2247 1701 2711 1758 Consubstantialis
2739 1714 2909 1754 vocem
2934 1702 3132 1769 saepius
3151 1698 3482 1753 adhibuisset
3504 1698 3553 1751 S.
3574 1695 3715 1761 Zeno,

466 1804 557 1856 sub
595 1796 768 1857 acutos
811 1802 992 1866 cadat,
1042 1801 1186 1871 ponit
1223 1799 1513 1867 exemplum
1539 1839 1554 1866 ,
1602 1797 1761 1865 priori
1810 1795 2065 1861 Patrem,
2104 1798 2145 1861 Β
2173 1808 2205 1847 a
2234 1794 2393 1847 tertio
2431 1793 2631 1847 sacculo
2661 1808 2769 1847 non
2797 1808 2917 1847 esse
2947 1788 3338 1845 removendum
3370 1804 3464 1859 pro
3490 1802 3622 1844 certo
3646 1788 3719 1841 ha-

464 1896 735 1965 poste‘riori
794 1894 995 1948 Filium
1041 1903 1324 1961 comparat.
1359 1890 1672 1961 Eademque
1725 1890 1775 1943 in
1827 1888 2066 1960 Epistula

464 1988 523 2042 S.
582 1989 945 2059 llieronytnus
996 1985 1248 2041 eumdem
1300 1976 1551 2054 (trigenis
1605 1998 1848 2037 errorem
1904 1980 2070 2036 refert

466 2080 643 2148 quoad
686 2070 922 2147 Spiritus
954 2077 1143 2132 Sancti
1174 2072 1490 2131 Personam.
1523 2073 1754 2128 Tertium
1784 2074 2065 2145 dignitate,

466 2181 513 2225 et
542 2173 735 2225 honore
761 2180 872 2243 post
904 2168 1153 2235 Patrem,
1181 2179 1229 2222 et
1263 2167 1458 2222 Filium
1489 2184 1594 2221 esse
1618 2167 1872 2236 Spiritum
1901 2164 2069 2219 Sanc-

468 2276 648 2317 tum...
680 2260 886 2318 rursum
911 2266 1159 2335 majorem
1184 2260 1312 2315 Filii
1343 2260 1723 2314 Fortitudinem
1752 2276 1888 2324 esse,
1915 2275 2069 2327 quant

466 2350 698 2426 Spiritus
726 2356 908 2410 Sancti
933 2372 950 2421 ;
979 2367 1024 2409 et
1049 2365 1411 2425 consequenter
1437 2354 1600 2423 ipsius
1625 2353 1807 2409 Sancti
1838 2353 2070 2422 Spiritus

472 2446 723 2521 majorem
750 2446 860 2505 esse
897 2450 1145 2505 Virtutem
1180 2450 1376 2504 caeteris
1405 2466 1523 2520 quae
1565 2448 1763 2503 Sancta
1806 2448 2067 2502 dicuntur.

478 2540 592 2595 Non
637 2542 805 2596 deluit
849 2541 1031 2612 itaque
1079 2542 1140 2598 S.
1184 2540 1431 2609 Zenoni;
1464 2551 1516 2595 et
1545 2540 1775 2596 Gallioni
1820 2547 2071 2609 tempore

471 2632 659 2703 parata
700 2637 915 2690 occasio
960 2634 1027 2690 de
1067 2635 1377 2705 'a-qtialitate
1428 2650 1532 2689 non
1579 2633 1699 2689 Filii
1740 2633 1900 2687 ntodo
1945 2648 2070 2688 cum

469 2727 659 2789 Patre,
715 2729 810 2783 sed
840 2737 897 2783 et
944 2726 1177 2798 Spiritus
1222 2730 1401 2783 Sancti
1439 2730 1560 2781 cu'm
1600 2728 1761 2783 Patre
1804 2738 1859 2783 et
1890 2726 2067 2795 Filio,

442 2818 684 2877 naviter
725 2824 836 2878 suis
880 2824 936 2878 in
984 2824 1339 2879 concionibus’
1369 2824 1604 2893 agendi,
1634 2838 1802 2894 quare
1836 2826 2067 2891 primum

470 2916 789 2972 Sermonem
841 2931 940 2971 seu
983 2917 1295 2972 Tractatum
1342 2917 1412 2971 ita
1471 2916 1745 2972 concludit
1792 2935 1804 2970 :
1857 2915 2068 2972 Constat

470 3024 591 3080 ergo
631 3010 881 3080 aequalem
928 3010 1070 3076 esse,
1116 3009 1253 3080 quod
1289 3010 1501 3064 invicem
1544 3011 1661 3064 vivit
1705 3025 1820 3062 cum
1865 3008 2069 3078 Spiritu

472 3099 686 3156 Sancto.

2172 1884 2296 1941 beo.
2325 1886 2439 1941 lluc
2468 1900 2533 1940 ea
2563 1885 2772 1941 ratione
2799 1885 3037 1940 adducor
3056 1925 3070 1950 ,
3103 1893 3161 1938 ut
3190 1881 3441 1948 credam,
3469 1882 3597 1951 quod
3619 1878 3723 1936 Cou-

2172 1979 2523 2034 substantialis
2553 1996 2653 2034 vox
2701 1980 2872 2033 multo
2904 1978 3067 2033 etiam
3105 1986 3229 2035 ante
3270 1976 3546 2031 concilium
3582 1974 3721 2027 Nican-

2172 2088 2301 2127 num
2331 2072 2472 2143 apud
2508 2074 2724 2138 Patres,
2754 2082 2810 2128 et
2839 2072 3101 2127 Ecclesiae
3140 2070 3397 2126 doctores
3428 2071 3476 2123 itt
3515 2083 3602 2123 usu
3637 2067 3726 2123 lue-

2174 2166 2265 2221 rit.
2307 2165 2561 2221 Testatur
2607 2164 2711 2220 hoc
2752 2167 2867 2235 ipse
2914 2164 3269 2220 Ctosariensis
3317 2162 3569 2219 Eusebius
3604 2158 3724 2214 verbi

2174 2258 2336 2330 hujus
2364 2259 2813 2314 consubstantialis
2844 2258 3095 2313 inimicus
3115 2300 3129 2324 ,
3153 2257 3223 2314 ab
3250 2256 3540 2314 Athanasio
3566 2255 3728 2323 allega-

2174 2365 2259 2409 tus
2286 2352 2377 2425 (In
2400 2354 2498 2426 Ep.
2524 2355 2591 2408 ad
2613 2352 2795 2426 Episc.
2822 2356 2876 2408 in
2902 2353 3125 2424 Africa).
3161 2352 3270 2409 Sed
3298 2352 3395 2423 ipsi
3421 2353 3604 2405 interim
3630 2347 3728 2400 mire

2173 2451 2412 2503 incusant
2435 2489 2450 2514 ,
2482 2448 2621 2519 quod
2664 2464 2753 2516 per
2781 2462 2925 2501 voces
2969 2462 3072 2500 non
3114 2445 3168 2500 in
3198 2448 3455 2516 scriptura
3482 2443 3727 2506 solemnes,

2172 2544 2263 2597 sed
2306 2553 2475 2597 tamen
2518 2544 2599 2614 pie
2640 2543 2866 2595 inventas
2890 2580 2906 2608 ,
2945 2539 3271 2594 condemnati
3314 2547 3464 2602 sunt,
3504 2552 3608 2590 cum
3653 2533 3730 2603 ipsi

2174 2642 2437 2708 tamquam
2461 2636 2795 2691 exterioribus
2825 2636 2987 2689 exorti
3027 2635 3089 2688 de
3119 2644 3253 2687 terra
3281 2634 3589 2704 loquuntur:
3627 2630 3733 2697 epis-

2174 2730 2289 2801 copi
2329 2745 2448 2784 vero
2474 2739 2651 2783 contra
2679 2745 2787 2782 non
2810 2728 2902 2782 has
2945 2744 3088 2782 voces
3124 2727 3223 2798 ipsi
3253 2729 3597 2796 excogitarunt
3616 2763 3629 2787 ,
3661 2719 3732 2774 sed

2174 2842 2259 2880 eas
2287 2841 2318 2877 a
2349 2822 2597 2879 Patribus
2628 2831 2932 2878 contestatas
2970 2826 3282 2893 acceperunt
3305 2863 3319 2887 ,
3349 2830 3399 2877 et
3439 2819 3627 2888 scriptis
3648 2814 3734 2869 suis

2174 2919 2520 2973 inseruerunt.
2545 2917 2813 2987 Siquidem
2832 2917 2988 2988 prisci
3008 2916 3236 2987 episcopi
3259 2914 3324 2969 ab
3347 2916 3424 2968 his
3446 2913 3582 2967 annis
3603 2923 3731 2979 prope

2172 3024 2373 3068 centunt
2413 3022 2461 3068 et
2482 3014 2727 3085 triginta,
2754 3023 2862 3067 tum
2891 3012 2977 3083 qui
3011 3011 3224 3076 Romae,
3261 3021 3370 3063 tum
3400 3012 3484 3080 qui
3522 3009 3570 3061 in
3595 3012 3736 3059 nostra

2176 3106 2391 3162 Civitate
2420 3108 2777 3179 pontiﬁcatum
2801 3123 2996 3178 gessere
3022 3108 3395 3161 accusaverunt
3424 3120 3531 3170 eos,
3561 3103 3635 3168 qui
3664 3098 3735 3152 Fi-

535 3192 839 3249 Concifitun
870 3210 1084 3266 quoque
1112 3192 1516 3250 Antiochenum
1550 3195 1781 3264 primum
1814 3196 2064 3251 eumdem
2094 3191 2140 3253 C
2176 3200 2305 3255 lium
2349 3211 2637 3254 creaturam
2669 3200 2924 3262 dicerent,
2958 3208 3046 3252 aut
3084 3199 3170 3270 qui
3211 3200 3458 3271 negarent
3500 3211 3603 3248 eum
3634 3208 3737 3245 con-

467 3287 519 3340 in
561 3285 728 3341 Paulo
758 3287 1114 3343 Samosateno
1163 3287 1511 3355 reprehendit
1549 3286 1815 3342 errorem.
1849 3287 2072 3345 Scilicet

468 3370 663 3434 Filium
698 3382 747 3433 in
789 3380 1128 3450 procreanda
1164 3379 1366 3434 mundo
1398 3378 1678 3433 Paternum
1718 3381 1955 3449 implesse
1984 3396 2071 3435 vo-

466 3475 741 3542 luntatem;
779 3477 921 3546 eique
952 3484 1003 3529 ut
1049 3476 1101 3528 id
1126 3474 1313 3543 faceret
1358 3475 1657 3542 prlecepisse
1704 3474 1933 3528 Patrem.
1981 3475 2067 3529 ln-

469 3568 830 3637 tequalitutotn
864 3583 991 3623 vero
1017 3568 1310 3623 excludunt
1341 3566 1582 3636 ejiisdetu
1614 3568 1824 3622 cnncilii
1858 3568 2062 3622 Patres.

474 3660 735 3733 Operatur
765 3669 933 3733 utpote
977 3662 1191 3717 Verbum
1219 3664 1373 3717 simul
1392 3673 1441 3719 et
1470 3663 1609 3717 Deus
1628 3705 1641 3729 ,
1673 3680 1760 3732 per
1780 3679 1927 3734 quem
1960 3678 2069 3718 om-

469 3758 557 3808 nia
584 3755 706 3823 fecit
729 3752 909 3823 Pater,
945 3773 1042 3810 non
1072 3764 1330 3827 tamquam
1373 3774 1462 3828 per
1498 3758 1917 3823 instrumentum,
1980 3774 2068 3811 ne-

466 3856 567 3917 que
621 3840 879 3919 tamquam
935 3866 1024 3916 per
1053 3848 1336 3905 Scientiam
1360 3892 1373 3915 ,
1407 3867 1506 3904 non
1534 3869 1625 3922 per
1664 3868 1717 3906 se
1747 3853 2063 3908 existentem.

469 3940 524 3996 In
542 3942 729 3996 eadem
754 3945 1023 3997 sententia
1045 3941 1280 4012 loquitur
1302 3943 1764 3998 etAlexandrinus
1780 3943 2067 4016 Dionysius

462 4024 648 4088 contra
674 4034 1085 4089 Samosatenum
1116 4035 1276 4089 verba
1310 4037 1397 4089 illa
1427 4035 1703 4105 explicans
1736 4032 2061 4091 Hieremiae:

468 4125 581 4198 Ego
596 4128 723 4182 sicut
737 4120 902 4196 agnus
924 4118 1189 4191 innacens,
1204 4129 1292 4198 qui
1308 4128 1514 4182 ducitur
1534 4132 1603 4181 ad
1626 4128 1976 4198 Sacriﬁcium,
1995 4130 2067 4185 ita

469 4218 523 4273 in
555 4219 791 4274 Persona
820 4214 1025 4274 Christi
1059 4220 1331 4288 loquitur:
1361 4216 1503 4293 Ego,
1531 4221 1778 4292 inquam,
1810 4223 1898 4293 qui
1936 4239 2069 4277 sem-

465 4325 556 4381 per
582 4308 815 4364 Persona
841 4310 1081 4366 Christus
1110 4313 1323 4381 tequalis
1355 4311 1506 4368 Patri
1552 4314 1695 4368 nulla
1741 4315 2069 4370 dissimilitu-

468 4403 590 4455 dine
616 4400 912 4457 substantiaz
935 4413 1215 4459 caceternus
1247 4401 1468 4460 Domino
1494 4404 1743 4475 Spiritui,
1779 4416 1882 4461 etc.
1906 4407 2069 4462 Com-

466 4486 680 4564 pertum
728 4494 910 4566 itaque
955 4505 1079 4564 est,
1127 4490 1369 4553 errorem
1416 4501 1556 4554 hunc
1588 4499 1655 4554 de
1699 4500 2066 4570 inmqualitate
2106 4482 2113 4492 ’

2172 3296 2554 3350 substantialem
2603 3293 2771 3348 Patri.
2810 3293 2988 3361 Neque
3014 3295 3127 3363 ejus
3155 3293 3370 3365 ignarus
3394 3302 3500 3346 erat
3527 3288 3735 3342 Eusebius

2173 3392 2447 3461 episcopus
2492 3389 2861 3454 timeariensis,
2909 3389 2996 3459 qui
3046 3404 3162 3440 cum
3212 3388 3363 3458 prius
3406 3383 3737 3454 suﬂ‘ragaretur

2176 3483 2431 3536 Arianica:
2455 3480 2652 3545 Sectte,
2684 3490 2859 3550 postea
2885 3490 3053 3533 tamen
3086 3478 3296 3532 Nicaeni
3324 3477 3527 3532 concilii
3547 3470 3736 3529 Deciens

2173 3575 2508 3641 subscripsit,
2540 3582 2587 3627 et
2627 3574 2769 3639 apud
2796 3589 2917 3627 suos
2942 3572 2995 3625 id
3026 3573 3193 3640 ipsum
3222 3571 3451 3640 propriis
3481 3566 3642 3623 litteris
3666 3568 3737 3633 af-

2174 3668 2418 3736 ﬁrmavit,
2444 3669 2596 3739 cujus
2620 3666 2728 3720 [nec
2758 3665 2907 3719 verba
2931 3676 3046 3719 sunt
3063 3680 3082 3717 :
3101 3683 3119 3715 ι
3140 3663 3406 3718 Novimus
3426 3659 3665 3733 quosdam
3683 3671 3733 3709 ex

2175 3758 2368 3827 priscis
2413 3759 2697 3821 eruditos,
2747 3768 2801 3812 et
2854 3756 3145 3826 praeclaros
3195 3756 3489 3811 Antislites
3534 3754 3739 3820 aliosque

2173 3852 2500 3920 scriptores,
2533 3864 2654 3904 cum
2686 3848 2753 3904 de
2785 3848 2991 3914 Putris,
3016 3859 3069 3903 ct
3099 3847 3223 3903 Fiiii
3254 3848 3470 3903 Deitate
3495 3848 3738 3915 loqueren-

2174 3953 2260 3998 tur
2279 3984 2295 4008 ,
2330 3958 2463 3999 voce
2482 3942 3065 3999 consubstantialitatis
3090 3942 3218 3996 us'os
3248 3956 3398 3997 esse.
3450 3960 3471 3995 ι
3500 3940 3604 3996 Hac
3630 3952 3740 3992 voce

2175 4043 2430 4106 tanquam
2474 4050 2503 4088 a
2547 4034 2799 4089 Patribus
2842 4042 3064 4105 accepta
3097 4037 3225 4088 usus
3275 4044 3362 4090 est
3398 4036 3455 4088 ὃ.
3486 4032 3738 4103 Dionysius

2171 4127 2573 4184 Alexandrinus
2586 4128 2835 4183 Gallieno
2856 4143 3077 4183 coaevus
3106 4137 3295 4183 contra
3320 4130 3737 4185 Samosatemnn:

2172 4219 2444 4275 Desertum
2474 4220 2603 4274 dicis
2631 4236 2749 4275 eum
2779 4221 2865 4291 qui
2899 4230 3005 4274 erat
3034 4230 3220 4275 natura
3250 4220 3532 4286 Dominus,
3563 4228 3604 4274 et
3643 4218 3739 4270 Ver-

2171 4313 2288 4367 bum
2315 4312 2493 4368 Patris
2513 4354 2529 4379 ,
2560 4324 2651 4383 per
2671 4329 2818 4382 quem
2848 4315 3019 4367 omnia
3043 4314 3233 4384 pariter
3254 4314 3419 4383 fecit,
3445 4320 3491 4368 et
3514 4328 3597 4383 per
3620 4323 3741 4381 quem

2171 4406 2351 4462 Sancti
2391 4404 2576 4460 Patres
2621 4406 2923 4460 homousion
2969 4404 3118 4459 Patri
3158 4417 3487 4461 vocaverunt.
3520 4403 3741 4472 Dionysio

2168 4507 2350 4554 autem
2391 4497 2551 4566 hujus
2595 4498 2742 4552 vocis
2781 4498 3145 4568 antiquiorem
3178 4514 3341 4553 usum
3377 4499 3545 4554 fuisse
3579 4497 3742 4567 probat

466 4586 594 4641 Filii
633 4587 697 4641 ad
722 4587 936 4643 Patrem
970 4590 1130 4645 tertio
1160 4589 1381 4658 smculo,
1407 4602 1460 4647 et
1487 4589 1735 4647 Gallieno
1763 4592 2061 4661 imperante
2090 4586 2144 4651 D
2168 4591 2512 4646 doetissimus
2557 4589 2898 4646 Cbrisrianus
2928 4589 3113 4659 Lupus
3152 4591 3402 4661 pluribus
3439 4587 3666 4660 allegatis
3691 4585 3739 4639 S.

470 4680 730 4751 viguisse,
760 4682 831 4735 ita
856 4690 912 4735 ut
941 4682 991 4737 in
1020 4684 1169 4737 illum
1189 4700 1348 4753 agere
1369 4684 1610 4754 ejusdem
1642 4693 1855 4754 urgeret
1876 4700 2064 4742 neces-

464 4775 599 4830 sitas
627 4775 907 4844 tetnp‘oris.
940 4775 1058 4830 Non
1100 4776 1243 4831 enim
1274 4776 1458 4831 Ariani
1495 4780 1594 4833 soli
1623 4790 1808 4834 contra
1840 4777 2064 4850 aequali-

464 4868 627 4924 tatem
669 4867 790 4923 Filii
836 4876 956 4922 cum
998 4868 1155 4924 Patre
1200 4879 1324 4923 sunt
1352 4869 1610 4925 oblocuti.
1645 4873 1714 4927 At
1758 4870 1899 4927 forte
1941 4873 2064 4941 quis

464 4964 709 5036 Orig'euls
755 4952 955 5036 scllpta
995 4966 1063 5020 'ab
1109 4965 1325 5022 Ariauis
1374 4968 1557 5021 l'alsata
1609 4969 1819 5022 causari
1867 4969 2059 5024 volet:

463 5058 598 5112 Num
632 5057 771 5113 forte
800 5074 923 5113 eum
965 5059 1096 5114 latet
1133 5056 1384 5127 Origenis
1424 5052 1713 5115 msmdsum
1747 5059 2057 5131 ingenium,

460 5151 612 5219 quasi
647 5156 795 5205 mare
821 5158 928 5206 ttoii
958 5159 1177 5222 semper
1207 5153 1493 5223 tranquilla
1521 5154 1745 5209 Veritate
1778 5162 2054 5222 pacatum,

460 5236 556 5300 sed
587 5243 841 5299 lluctihits
881 5245 1147 5299 variarum
1194 5242 1506 5314 opiitlmtum
1539 5244 1776 5301 aestuans
1807 5242 2063 5316 frequen-

458 5349 537 5396 ter
584 5338 650 5395 ad
697 5338 949 5393 falsitatis
995 5339 1247 5409 scopulos
1290 5340 1563 5396 allisisse?
1605 5342 1754 5396 lianc
1791 5341 2055 5412 siquidem

456 5422 782 5506 scriptorum
828 5435 999 5506 ip'sius
1044 5436 1446 5507 corruptionem
1491 5439 1651 5495 inane
1688 5438 2054 5497 cotttmcntuln

458 5518 579 5585 esse
605 5572 620 5596 ,
662 5524 898 5585 evidenti
942 5528 1154 5587 ratione
1194 5530 1432 5585 ostendit
1472 5531 1853 5604 Hieronymus.
1898 5528 2057 5590 Solus

455 5608 694 5675 inbentus
726 5629 798 5677 est
832 5608 1110 5693 Origenes,
1142 5626 1290 5694 cujus
1327 5604 1599 5695 scripta‘in
1631 5634 1732 5681 toto
1760 5627 1881 5681 orbe
1910 5629 2053 5697 pari-

457 5725 532 5766 ter
559 5716 875 5782 falsarenlur
901 5735 913 5770 :
946 5726 993 5771 et
1030 5719 1178 5788 quasi
1204 5718 1272 5771 ad
1298 5716 1620 5774 Mithridatis
1661 5718 1858 5775 litteras
1888 5723 2056 5777 omnis

454 5810 641 5863 veritas
668 5810 769 5866 uno
798 5809 881 5867 die
907 5809 969 5867 de
1000 5811 1344 5871 totuntinibus
1365 5811 1510 5871 illius
1530 5815 1817 5874 raderetur.
1837 5814 1900 5875 Si
1923 5822 2056 5874 unus

2167 4686 2357 4743 [renati
2381 4728 2395 4751 ,
2425 4702 2489 4742 ac
2524 4684 2846 4741 Tertitlliani
2893 4686 3165 4753 textihus,
3209 4701 3274 4740 ex
3324 4687 3521 4756 quibus
3560 4682 3739 4737 infert:

2171 4781 2498 4853 Quapropter
2527 4782 2607 4836 ha:
2630 4797 2772 4836 vaces
2809 4779 3327 4852 (consubstantialis,
3362 4776 3741 4834 consubstantiva

2175 4874 2373 4941 Virtus,
2400 4878 2632 4948 ejusaem
2648 4871 2967 4942 substantiae)
2997 4889 3159 4943 neque
3181 4890 3215 4926 a
3244 4873 3508 4936 Romano,
3534 4878 3619 4924 aut
3641 4869 3740 4921 Ale-

2165 4964 2423 5022 xandrino
2452 4966 2704 5038 Dionysio
2734 4970 3004 5022 adversum
3044 4965 3271 5020 Paulum
3314 4966 3739 5022 Samosatensem,

2167 5082 2326 5140 neque
2350 5085 2381 5121 a
2411 5067 2734 5122 Tertulliano
2752 5110 2767 5132 ,
2802 5084 2961 5138 neque
2983 5067 3104 5122 item
3126 5082 3156 5118 α
3180 5066 3240 5120 S.
3274 5065 3481 5120 [renato
3508 5069 3645 5124 sunt,
3667 5054 3741 5113 sed

2167 5173 2284 5218 sunt
2318 5141 2379 5215 ab
2412 5162 2539 5231 ipsis
2572 5162 2852 5233 Apostotis.
2886 5161 3216 5225 Etenimpon
3259 5157 3533 5211 dumtaxat
3557 5164 3740 5220 uterque

2149 5254 2482 5326 .Dionysius,
2510 5271 2572 5308 ac
2602 5257 2721 5308 item
2748 5252 3099 5308 Tertullianus
3118 5294 3134 5320 ,
3162 5254 3252 5306 sed
3277 5262 3324 5306 et
3362 5253 3475 5323 ipse
3503 5249 3565 5307 S.
3592 5246 3737 5315 Poly-

2165 5349 2308 5417 carpi
2336 5344 2624 5417 discipulus
2652 5345 2713 5401 S.
2748 5346 2976 5402 Irenwus
3028 5347 3101 5401 eis
3131 5345 3292 5399 utitur
3323 5353 3585 5417 tamqupm
3623 5354 3739 5417 com-

2163 5400 2399 5495 muhibus
2420 5400 2482 5495 in.
2500 5422 2755 5503 Ecclesia.
2780 5400 2991 5512 ideoque
3013 5418 3336 5511 Apostolicis.
3363 5400 3469 5493 Ea's
3490 5400 3740 5493 l‘erlullia-

2165 5556 2261 5595 nus
2289 5556 2321 5593 a
2345 5538 2534 5593 Latina
2554 5579 2569 5603 ,
2596 5537 2825 5592 Irenteus
2855 5538 3049 5606 accepit
3076 5556 3105 5589 a
3130 5534 3313 5591 Graeca
3341 5533 3591 5590 Ecclesia.
3624 5529 3739 5584 Hinc

2164 5631 2270 5685 illa:
2290 5633 2429 5700 apud
2456 5642 2724 5701 utramque
2748 5622 2868 5684 sunt
2889 5628 3256 5696 antiquissima:
3283 5623 3377 5696 (In
3404 5627 3614 5683 Dissert.
3641 5627 3739 5693 past

2167 5724 2254 5776 hu.
2290 5723 2352 5778 de
2392 5738 2501 5777 voc.
2541 5724 2700 5776 subst.
2737 5721 2937 5777 Essent.
2965 5718 3118 5775 Pers.
3146 5736 3195 5775 c.
3218 5718 3286 5785 4,
3315 5713 3499 5790 quaest.
3531 5720 3593 5781 2,
3628 5714 3736 5769 etill-

2164 5834 2280 5876 nov.
2333 5812 2459 5873 Ven.
2514 5817 2710 5892 172$).
2758 5814 2974 5890 optime
3020 5815 3257 5890 quidem.
3314 5813 3737 5890 Sapientisan
