3798 6322
102 343 185 399 66!
1477 320 1650 391 bISSl

1833 320 1947 393 'n‘o.

3240 324 3361 404 alia

98 458 269 530 quippe
298 454 388 510 Vir
435 454 743 509 institutum
783 460 1006 507 noverat
1045 452 1096 505 in
1128 450 1367 507 Ecclesia
1414 448 1659 505 tradendi
1688 448 1744 511 Α
1767 461 1868 511 cat,
1916 454 2051 506 hunc
2090 456 2312 509 alienum
2343 470 2451 509 esse
2476 456 2538 508 ab
2569 444 2910 510 ecclesiastica
2938 440 3121 525 regula
3148 453 3366 507 arbitra-

95 546 483 605 Catechumenis
524 545 909 614 Apostolorum
959 542 1297 614 Symbolum.
1342 542 1479 597 Num
1524 542 1661 597 torte

97 642 246 699 nudas
285 639 483 695 litteras
518 638 841 693 tradebant?
881 635 1070 693 Nonne
1109 646 1162 691 et
1210 634 1461 708 mysteria
1510 636 1561 689 in
1596 650 1661 691 eo

96 744 324 793 contenta
353 731 742 801 explicabunt?
768 730 903 785 Hinc
930 730 1128 800 ubique
1158 742 1376 799 semper
1412 728 1539 784 Filii
1568 727 1663 782 Di-

95 829 296 891 vinitas,
326 836 379 883 et
408 840 532 880 cum
567 823 729 880 Patre
773 823 1305 879 consubstantialitas
1328 831 1620 892 propagata
1641 862 1656 888 ,

94 931 138 977 et
173 923 235 975 ita
263 918 365 973 alte
403 916 670 972 Fidelium
701 916 958 972 cordibus
990 916 1152 971 inlisa
1174 958 1188 981 ,
1225 925 1281 970 ut
1324 925 1468 970 tanta
1502 914 1658 970 forti-

92 1014 287 1076 tudine,
317 1020 475 1080 atque
504 1011 841 1077 constantia,
874 1011 1092 1077 exiliis,
1128 1010 1458 1065 cruciatibus
1479 1052 1493 1075 ,
1529 1024 1657 1064 san-

91 1108 231 1179 guine
269 1112 320 1160 et
363 1106 476 1176 ipsa
516 1112 723 1168 morte,
766 1116 951 1161 contra
1000 1103 1286 1158 h:ereticos
1324 1102 1462 1157 hanc
1506 1101 1656 1158 Fidei

93 1199 462 1255 confessionem
504 1198 780 1254 tutandam
831 1196 1083 1254 duxerint
1132 1196 1460 1253 Ortbodoxi.
1508 1196 1656 1252 Hanc

89 1292 229 1349 Verbi
256 1291 552 1348 Divinitatis
602 1291 787 1348 Fidem
838 1308 903 1347 ex
948 1308 1014 1347 eo
1069 1292 1120 1345 in
1170 1290 1413 1346 Ecclesia
1467 1290 1657 1360 vulga-

89 1404 202 1460 tam,
229 1406 588 1455 communem,
631 1399 685 1445 et
725 1390 991 1460 publicam
1042 1397 1342 1457 agnoscunt
1372 1387 1654 1452 Petavius,

86 1486 278 1553 Lupus,
327 1482 729 1550 Thomasinus,
777 1482 920 1553 quod
971 1480 1346 1536 coiitentiones
1387 1487 1548 1534 tantre
1600 1478 1654 1531 in

85 1575 485 1634 Alexandrinum
548 1574 864 1646 Dionysium
928 1574 1129 1628 iuerint
1186 1573 1454 1627 excitatzr.
1514 1569 1652 1625 Audi

83 1671 267 1740 Lupum
294 1686 305 1722 :
338 1667 448 1722 ista
493 1683 590 1723 vos:
618 1678 736 1721 tunc
766 1666 993 1735 formosa
1014 1708 1028 1732 ,
1060 1682 1120 1720 ac
1165 1666 1393 1737 gloriosa
1434 1664 1653 1737 (nempe

81 1757 577 1831 cousubstantialis)
605 1771 678 1814 cst
710 1775 811 1813 non
846 1759 1115 1813 dumtaxat
1145 1756 1287 1826 apud
1327 1755 1649 1820 Romanam,

1765 561 1904 599 mur.
1934 546 2354 617 Antiquissimus
2380 548 2544 603 etiam
2577 547 2636 603 S.
2666 546 2908 603 Jusdaus
2937 554 3144 617 martyr
3173 546 3220 600 si
3254 558 3361 599 non

1765 639 2026 707 apertius,
2072 653 2136 694 ac
2181 639 2237 694 S.
2288 640 2434 694 Zeno
2481 650 2667 695 contra
2717 641 2854 697 hanc
2896 638 3254 705 calumniam,
3294 652 3362 693 ex

1763 747 1920 798 aequo
1943 739 2119 787 tamen
2143 734 2416 789 disseruit.
2446 734 2648 790 Audias
2676 734 2826 789 illum
2854 735 3080 789 iterum:
3109 733 3362 787 Virtutem

1763 822 1908 877 illam
1943 840 2054 879 esse
2097 823 2196 879 Dei
2245 824 2337 897 (de
2370 824 2549 880 Verbo
2582 827 2692 881 Deo
2718 825 2978 897 loquitur)
3020 842 3082 881 ac
3121 824 3290 880 Deum
3330 842 3363 880 a

1764 912 2028 985 PrOplteta
2058 917 2366 989 nuncupari,
2398 930 2500 971 non
2535 917 2608 970 ita
2636 927 2693 971 ut
2715 919 2838 972 solis
2866 920 2958 973 tua:
2978 919 3090 973 solo
3116 918 3360 973 vocabulo

1764 1017 2075 1073 numeratur,
2101 1008 2191 1062 sed
2213 1024 2427 1063 numero
2452 1009 2672 1063 alterum
2708 1009 2953 1079 quiddam
2976 1027 3084 1066 esse
3108 1026 3128 1076 ;
3154 1027 3258 1066 non
3283 1021 3360 1063 ta-

1762 1117 1875 1155 men
1900 1103 2175 1167 recisione,
2207 1112 2470 1171 tamquam
2506 1101 2685 1157 Patris
2714 1104 3001 1158 substantia
3038 1115 3257 1172 secetur,
3290 1105 3367 1159 uti

1761 1204 1945 1249 ctctera
1969 1194 2152 1261 divisa,
2187 1206 2337 1265 atque
2362 1206 2499 1249 secta
2531 1212 2635 1249 non
2664 1205 2783 1249 sunt
2803 1196 3007 1264 eadem,
3046 1207 3199 1267 atque
3217 1211 3364 1253 erant

1762 1297 1882 1342 ante
1910 1289 2193 1343 sectionem
2222 1287 2312 1360 (In
2335 1288 2479 1344 Dial.
2511 1306 2628 1344 cum
2657 1287 2902 1361 Tryph.).
2942 1289 3073 1347 Vide
3098 1306 3220 1362 quae
3249 1291 3363 1347 dixi

1764 1381 1886 1454 515
1913 1392 1966 1437 et
2000 1382 2087 1437 M.

1761 1496 2015 1569 §XVIIL
2064 1496 2139 1553 De
2189 1499 2426 1569 formulis
2484 1498 2795 1553 Arianorum
2849 1500 3072 1572 propriis
3112 1517 3363 1572 nusquam

2270 1593 2498 1646 meminit
2551 1591 2613 1649 S.
2667 1590 2829 1649 Zeno.

1833 1684 1909 1739 De
1957 1684 2282 1742 Arianorum
2333 1685 2579 1742 formulis
2622 1686 2726 1742 huc
2773 1704 2944 1759 usque
2992 1688 3353 1745 consideratis

1759 1777 1964 1831 nullum
2009 1793 2297 1847 superesse
2324 1778 2578 1847 dubium,
2622 1780 2679 1836 S.
2721 1779 2995 1836 Zenonem
3025 1782 3137 1836 suis
3166 1781 3217 1836 in
3245 1798 3359 1837 ser-

81 1855 285 1924 adeoquc
308 1863 354 1907 et
386 1868 584 1907 omnem
618 1849 855 1905 Latinam
903 1849 1186 1905 Ecclesium
1208 1891 1223 1917 ,
1267 1850 1356 1904 sed
1382 1848 1532 1901 etiam
1562 1865 1650 1918 per

1833 1870 2007 1925 inihus
2039 1872 2261 1927 minime
2289 1880 2477 1928 contra
2516 1874 2746 1928 Arianos
2777 1874 2982 1943 egisse,
3018 1873 3357 1929 demonstra-

80 1946 414 2019 Peutapotim,
459 1962 520 2000 ac
549 1961 748 2000 omnem
782 1944 999 2016 digypti
1030 1944 1306 1998 diwcesim.
1363 1940 1486 1997 ch
1513 1943 1650 1996 vocis

76 2043 222 2113 gloria
260 2042 352 2113 fuit
389 2041 669 2094 accusandi
712 2050 759 2094 et
810 2039 1126 2111 corripiendi
1166 2036 1492 2092 Patriarclia:
1530 2038 1650 2105 [un-

77 2136 361 2188 dantentum.
418 2134 615 2200 Quarto
662 2132 906 2187 discimus
932 2174 946 2197 ,
992 2132 1129 2200 quod
1169 2131 1321 2185 etiam
1364 2128 1648 2202 Dionysius

78 2226 361 2280 Patriarcha
416 2226 677 2296 agnoverit
726 2225 874 2278 istam
920 2223 1056 2277 vocis
1104 2221 1487 2295 abnegationcm
1540 2238 1649 2278 esse

75 2322 244 2373 crimen
273 2336 290 2373 :
320 2320 436 2372 hinc
478 2318 642 2390 ipsam
691 2316 987 2388 abnegavit,
1038 2317 1301 2386 rescripsit
1342 2316 1488 2371 aliud
1523 2333 1555 2370 a
1595 2334 1649 2372 se

76 2431 163 2467 non
184 2414 365 2467 dictum
390 2412 452 2466 de
479 2413 580 2467 ista
610 2428 729 2465 voce
751 2453 765 2475 ,
793 2428 945 2481 quam
971 2410 1107 2479 quod
1129 2426 1228 2463 non
1260 2420 1388 2463 esset
1410 2406 1647 2481 expressa

75 2509 120 2561 in
157 2506 321 2563 Sacris
365 2508 567 2562 litteris.
605 2505 760 2560 Haud
801 2504 953 2561 dubie
994 2506 1090 2560 hoc
1119 2506 1309 2558 dictant
1353 2507 1469 2577 fecit
1502 2506 1646 2559 illum

73 2610 357 2668 suspectum,
391 2611 435 2653 et
464 2599 781 2654 accusationi
808 2597 950 2653 dedit
977 2598 1247 2668 originem,
1274 2607 1321 2651 et
1349 2596 1416 2648 ad
1445 2614 1497 2651 se
1527 2614 1649 2666 pur-

72 2693 277 2763 gandum
297 2696 558 2765 professus
579 2703 654 2746 est
678 2709 778 2746 non
800 2691 1120 2746 solummodo
1143 2691 1485 2759 signiﬁcatam
1510 2707 1645 2756 rem,

72 2786 151 2839 sed
175 2795 219 2840 et
246 2787 403 2858 ipsam
430 2801 602 2840 vocem
629 2785 724 2839 sibi
757 2785 963 2838 omnino
996 2782 1221 2853 probari.
1259 2778 1383 2837 Haec
1415 2781 1646 2839 Gallieni

74 2889 294 2948 tempora
325 2877 640 2947 reSpiciunt.
695 2877 808 2946 Qua
841 2877 908 2930 de
949 2891 1004 2931 re
1032 2877 1192 2947 igitur
1222 2876 1281 2931 S.
1318 2873 1466 2931 Zeno
1489 2918 1503 2941 ,
1544 2874 1648 2930 etsi

75 2988 166 3027 nan
198 2974 307 3038 bis,
338 2984 426 3027 aut
457 2982 538 3027 ter
561 3014 575 3037 ,
604 2971 697 3027 sed
728 2979 946 3025 centum
980 2968 1139 3023 unius
1169 2968 1488 3023 substantia:
1514 2983 1648 3022 voce

78 3080 190 3119 usus
218 3074 389 3129 esset,
432 3074 485 3120 et
528 3079 662 3119 voce
711 3081 729 3115 ι
767 3061 1244 3118 eonsubstantialis
1282 3080 1300 3113 ι
1334 3076 1435 3132 qna
1482 3060 1549 3116 de
1588 3076 1648 3115 re

74 3157 377 3213 censendum
409 3165 491 3213 est
524 3156 577 3212 in
606 3157 836 3212 Arianos
878 3156 1129 3210 habuisse
1156 3156 1445 3209 conciones
1467 3196 1482 3221 ,
1521 3168 1644 3208 cum

72 3261 118 3305 et
165 3254 313 3308 tertio
360 3253 560 3309 smculo
609 3255 1077 3326 perstrepentibus
1125 3251 1365 3325 Dionysii
1409 3251 1643 3307 Alexan-
1674 3235 1723 3299 (ἶ

72 3349 194 3404 drini
221 3350 684 3420 accusationibus,
716 3363 879 3421 atque
907 3351 1057 3406 Pauli
1089 3349 1425 3406 S'JIIIOS-lleﬂi
1450 3346 1644 3403 haeresi

74 3442 462 3506 deb‘icchante.
505 3445 676 3515 ipsius
718 3445 870 3499 vocis
917 3441 1251 3498 inculcanda:
1296 3450 1497 3497 tantam
1546 3440 1642 3496 ba-

74 3532 232 3591 hucrit
273 3539 658 3593 occasionem?
711 3539 891 3595 Semel
926 3547 1130 3592 tantum
1173 3536 1329 3605 hujus
1360 3535 1506 3588 vocis
1551 3532 1644 3587 ho—

75 3629 323 3691 mousion,
368 3646 464 3684 seu
505 3630 953 3685 consubstantialts
1001 3631 1329 3684 mentionem
1360 3626 1552 3681 fecisse
1583 3625 1641 3681 S.

74 3720 204 3776 Zeno
225 3721 358 3794 (ipse
382 3738 614 3792 namque
631 3764 644 3787 ,
669 3734 724 3778 et
753 3725 1083 3792 antiquiores
1109 3721 1294 3776 Patres
1311 3763 1325 3787 ,
1349 3719 1511 3774 unius
1537 3728 1647 3773 tan-

76 3821 170 3867 tum
196 3818 507 3870 substantiae
540 3815 865 3870 Vocabulum
896 3813 1162 3883 adhibuit)
1206 3813 1381 3883 aliqua
1414 3812 1535 3867 licet
1566 3812 1649 3865 in-

73 3907 364 3963 snbsistenti
415 3908 625 3965 ratione
675 3908 994 3979 procederet
1058 3915 1459 3977 argumentum.
1509 3906 1644 3959 Cum

75 4013 188 4052 vero
229 4000 361 4055 nihil
406 4001 511 4056 tale
555 4002 605 4055 in
654 4015 720 4056 eo
767 4000 1096 4070 deprehendi
1138 4000 1221 4054 vel
1256 4014 1349 4069 per
1400 3999 1643 4053 umbram

76 4092 268 4157 possit,
298 4107 396 4147 cur
431 4108 459 4147 a
494 4107 586 4147 sua
621 4102 779 4146 aetate
816 4108 843 4143 a
878 4092 1035 4147 tertio
1076 4106 1271 4161 nempe
1314 4089 1513 4145 sacculo
1552 4089 1648 4145 de-

76 4185 351 4241 trudendus
382 4188 484 4253 sit,
517 4188 700 4258 utique
728 4202 834 4241 non
865 4184 1041 4240 video.

137 4275 268 4331 idem
296 4277 583 4333 dicendum
618 4287 701 4334 est
730 4276 799 4333 de
823 4276 1057 4332 absurdo
1081 4276 1224 4346 quod
1253 4276 1308 4331 in
1338 4272 1647 4331 Catholicos

76 4369 419 4443 impingebant
442 4374 647 4427 Ariani.
673 4371 726 4426 11
730 4388 825 4426 anc
842 4388 996 4426 unam
1014 4354 1369 4437 substantiam,
1395 4380 1448 4424 ut
1466 4370 1647 4425 Ariani

74 4466 128 4517 de
169 4466 328 4520 medio
370 4468 627 4531 tollerent,
668 4465 976 4539 objiciebant
1012 4467 1109 4517 hac
1151 4466 1352 4519 ratione
1381 4465 1444 4518 de
1472 4463 1647 4518 Patris

73 4558 337 4613 substantia
377 4560 570 4631 aliquid
606 4560 767 4631 fuisse
803 4557 1083 4627 demptum,
1132 4567 1183 4609 ut
1216 4554 1383 4609 Filias
1414 4557 1645 4628 gignere-

1756 1972 1866 2018 tmn
1897 1979 2017 2019 esse
2039 2007 2054 2031 ,
2083 1965 2425 2020 conﬁdimus.
2458 1964 2615 2021 Modo
2641 1982 2774 2021 vero
2795 2010 2809 2034 ,
2838 1977 2892 2022 et
2921 1967 3051 2022 illud
3086 1978 3357 2037 tamquam

1753 2068 1958 2111 certum
1992 2058 2277 2127 ponimus,
2325 2059 2498 2129 ipsum
2537 2059 2595 2115 S.
2637 2059 2928 2115 Prassulem
2960 2075 3025 2115 ne
3054 2075 3213 2114 unam
3244 2061 3363 2130 qui-

1754 2148 1876 2204 dem
1902 2149 2175 2219 proiiriam
2210 2150 2534 2205 Arianorum
2566 2151 2852 2206 formulam
2876 2150 3067 2207 leviter
3092 2152 3360 2223 attigisse.

1753 2240 1908 2311 Quod
1949 2251 2005 2295 ut
2045 2252 2262 2298 constet
2305 2245 2357 2297 in
2405 2252 2643 2299 mentem
2677 2240 2808 2297 illud
2847 2243 3213 2299 revocandum
3249 2254 3355 2311 est,

1753 2334 1894 2405 quod
1926 2336 2175 2405 superius
2214 2337 2554 2391 ostendimus
2580 2379 2594 2401 ,
2642 2336 2828 2392 Arium
2861 2350 3059 2407 nempe
3082 2379 3096 2402 ,
3134 2336 3358 2407 ejusque

1753 2436 2070 2491 sectatores,
2120 2436 2240 2496 post
2267 2427 2381 2484 Arii
2408 2412 2476 2483 ab
2510 2428 2751 2483 Ecclesia
2779 2428 3173 2500 expulsionem,
3208 2443 3358 2485 erro-

1754 2537 1841 2576 res
1870 2537 1998 2575 suos
2034 2521 2263 2591 quadam
2296 2538 2360 2576 ex
2405 2533 2557 2592 parte
2584 2518 2944 2589 immutatos,
2986 2524 3091 2578 alia
3121 2523 3354 2578 circum-

1754 2614 1979 2669 vestitos
2000 2615 2336 2669 exhibuisse.
2364 2596 2519 2668 illum
2548 2617 2818 2685 praecipue
2845 2617 3084 2671 correxit
3107 2631 3350 2671 errorem

1753 2723 1780 2760 a
1809 2706 2043 2777 Beryllo,
2078 2724 2171 2761 seu
2204 2710 2231 2760 a
2263 2708 2619 2761 Samosatcno
2650 2718 2952 2780 acceptum,
2981 2722 3141 2780 quem
3178 2708 3354 2779 primo

1755 2798 1811 2855 S.
1842 2799 2146 2854 Alexander
2178 2797 2486 2867 patriarcha
2519 2799 2650 2855 Ario
2680 2800 2902 2869 objecit.
2938 2803 3201 2855 Asscrunt
3228 2809 3354 2854 tein-

1759 2906 1855 2958 pus
1882 2889 2162 2960 aliquando
2187 2890 2346 2961 fuisse
2384 2907 2500 2943 cum
2530 2906 2629 2943 non
2674 2880 2802 2944 esset
2838 2890 3011 2945 Filius
3048 2889 3162 2944 Dei.
3197 2892 3356 2946 Arius

1754 2984 1805 3037 in
1831 2982 2069 3051 Epistula
2094 2983 2471 3037 ad-Enscbium
2498 2982 2984 3050 Nicomedieusem,
3013 2982 3204 3039 Filium
3226 2995 3355 3042 ante

1753 3085 1994 3146 tempora
2023 3075 2265 3147 genitum
2296 3077 2493 3131 fatetur
2515 3087 2633 3131 (nite
2656 3082 2918 3149 tempora,
2951 3087 2998 3131 et
3024 3085 3141 3131 ante
3161 3077 3352 3133 saecula

1755 3172 1961 3241 plenum
1991 3168 2157 3225 Deam
2186 3171 2458 3226 exstitisse.
2510 3172 2739 3227 Sanctus
2781 3171 2929 3227 Zeno
2976 3171 3205 3241 primum
3237 3171 3354 3228 Arii

1753 3275 1993 3316 errorem
2034 3261 2334 3316 coiilutavit
2371 3261 2479 3316 illis
2515 3264 2733 3318 verbis:
2774 3260 3053 3317 Videamus
3082 3256 3238 3339 nunc,
3263 3280 3353 3337 op-

1751 3351 1871 3405 time
1913 3351 2658 3422 christiano,quemadmodum
2675 3352 2807 3407 inter
2828 3351 3036 3408 Patrem
3062 3350 3354 3426 Filiumqué

1750 3455 1947 3515 tempus
1973 3444 2219 3515 infulcias
2238 3461 2257 3499 :
2278 3447 2321 3499 si
2340 3448 2475 3500 enim
2502 3448 2717 3518 tempori
2738 3464 2839 3501 non
2867 3446 2964 3503 sibi
2985 3448 3188 3514 debent,
3213 3450 3353 3521 quod

1749 3541 1825 3593 est
1853 3542 1981 3591 alter
2006 3539 2152 3592 alteri
2178 3540 2450 3607 obnoxius,
2483 3542 2662 3609 procul
2688 3539 2867 3604 dubio,
2897 3550 2952 3595 ut
2984 3551 3035 3596 tu
3059 3543 3155 3609 vis,
3183 3544 3350 3615 major

1750 3649 1823 3693 est
1840 3648 2043 3703 natura,
2064 3654 2215 3708 quam
2237 3632 2397 3689 Deus.
2418 3636 2610 3690 Atcum
2640 3649 2881 3691 naturam
2904 3655 2969 3692 ex
2993 3637 3155 3692 nihilo
3171 3640 3350 3709 fecerit

1752 3729 2007 3795 Christus,
2055 3728 2120 3782 sit
2162 3739 2329 3782 autem
2371 3745 2434 3783 ea;
2480 3740 2665 3783 natura
2702 3738 2924 3800 tempus,
2968 3730 3199 3803 ineptum
3226 3733 3351 3786 satis

1752 3835 1824 3879 est
1864 3841 1994 3894 opus
2034 3840 2126 3877 suo
2159 3840 2457 3894 prteponere
2498 3824 2719 3892 Artiﬁci.
2753 3824 2967 3893 Optime
3006 3835 3197 3880 contra
3240 3826 3350 3895 pri-

1754 3932 1899 3971 inum
1922 3931 2163 3971 errorem
2195 3924 2573 3986 argumentum
2601 3915 2842 3986 procedit
2872 3932 2934 3971 ea
2962 3914 3190 3982 ratione,
3221 3916 3344 3987 quia

1752 4024 1815 4064 cx
1840 4021 2085 4079 tempore
2110 4009 2429 4079 interposito
2474 4009 2614 4064 inter
2640 4008 2850 4063 Patrem
2878 4018 2933 4064 et
2955 4007 3147 4064 Filium
3177 4008 3346 4064 infer-

1753 4109 1939 4167 retur,
1976 4108 2223 4155 uaturam
2256 4103 2512 4171 majorem
2546 4115 2667 4156 esse
2705 4100 2836 4155 Deo.
2866 4099 3059 4155 Procul
3084 4100 3261 4165 dubio,
3295 4112 3349 4156 ut

1750 4204 1802 4249 tu
1836 4195 1929 4261 vis,
1975 4196 2140 4260 maior
2186 4206 2259 4251 est
2299 4204 2500 4260 natura,
2545 4211 2697 4259 quam
2736 4192 2892 4249 Dens.
2939 4192 3075 4249 Nam
3101 4193 3350 4250 Christus

1754 4298 1997 4344 naturam
2031 4287 2157 4343 fecit
2184 4302 2248 4343 ex
2278 4287 2478 4343 nihilo:
2514 4286 2641 4341 Cum
2668 4297 2907 4342 naturain
2936 4303 3000 4342 ea:
3021 4286 3184 4342 nihilo
3208 4289 3343 4361 fece-

1752 4382 1816 4435 rit
1842 4378 2094 4436 Christus.
2131 4380 2367 4449 Tempus
2397 4394 2528 4435 vero
2566 4380 2692 4450 quid
2733 4380 2979 4435 naturale
3006 4388 3107 4435 est.
3142 4379 3225 4436 Sit
3252 4396 3347 4433 au-

1754 4485 1850 4529 tem
1878 4491 1941 4528 ex
1968 4484 2153 4527 natura
2180 4483 2396 4543 tempus.
2434 4472 2488 4529 Si
2518 4488 2645 4543 ergo
2678 4482 2891 4542 tempus
2920 4480 3045 4527 ante
3073 4473 3346 4529 Christum

1756 4570 1919 4623 Deum
1953 4576 2192 4623 creatum
2225 4577 2325 4621 est.
2377 4565 2519 4638 Opas
2551 4583 2644 4620 suo
2674 4566 2997 4638 praeponitur
3022 4565 3243 4636 Artifici.
3281 4566 3351 4623 At

74 4660 161 4715 tur,
190 4653 355 4723 sicque
388 4655 733 4718 imminutum,
778 4662 825 4707 et
866 4653 1224 4723 imperfectum
1265 4648 1472 4703 Patrem
1497 4666 1526 4702 a
1552 4634 1727 4703 (Ia-D
1754 4672 1940 4716 ςυηιιιςι
2006 4661 2117 4715 Arii
2174 4676 2413 4715 errorem
2471 4659 2817 4713 emendatum
2857 4699 2872 4725 ,
2942 4658 3151 4715 scilicet
3208 4660 3347 4730 quod

76 4743 259 4799 tltolicis
288 4747 661 4802 admittendum
687 4746 1013 4801 dictitabant.
1062 4745 1221 4801 Fides
1256 4745 1455 4800 etenim
1488 4745 1643 4799 unius

78 4835 156 4890 Dei
187 4839 235 4893 in
258 4840 428 4895 tribus
454 4841 721 4897 diStinctis
755 4841 1024 4911 personis,
1053 4840 1195 4911 quod
1227 4838 1450 4910 perinde
1474 4846 1559 4894 est
1588 4853 1650 4894 ac

78 4943 220 4984 unam
261 4932 495 4988 divinam
540 4934 898 4989 substantiam
941 4934 993 4988 in
1027 4933 1202 4989 tribus
1246 4949 1276 4988 a
1319 4949 1377 4988 se
1420 4933 1649 4987 invicem

76 5020 323 5079 distinctis
357 5028 597 5097 personis
629 5026 907 5098 proﬁteri,
953 5043 1169 5097 semper
1200 5028 1251 5081 in
1283 5027 1523 5083 Ecclesia
1556 5024 1653 5081 llo-

78 5117 205 5183 ruit,
238 5118 721 5193 hmreticortimipie
760 5124 1005 5179 solemne
1045 5126 1139 5178 fuit
1188 5134 1375 5182 contra
1406 5124 1651 5178 Catholi-

77 5223 159 5264 Cos
206 5212 342 5269 hanc
410 5214 728 5271 calumniam
776 5216 1104 5284 obtruderc,
1155 5217 1299 5287 quod
1349 5216 1650 5272 dividentes

79 5317 319 5372 persoiias
355 5307 707 5364 substantiam
740 5304 976 5364 divinam
1006 5308 1330 5374 dixidcrent,
1362 5310 1521 5379 atque
1550 5313 1653 5362 im-

81 5397 383 5463 minuerent,
419 5416 481 5457 ac
517 5404 698 5471 plures
740 5404 870 5459 deos
900 5404 1288 5459 admitterent:
1338 5404 1480 5473 ipiod
1525 5404 1646 5458 ani-

81 5490 461 5548 madverterunt
508 5506 560 5551 et
616 5495 804 5550 Patres
853 5497 1065 5551 concilii
1121 5496 1278 5565 primi
1331 5495 1651 5553 Antiocheni

81 5593 247 5639 centra
271 5588 721 5645 Samosalenum:
766 5590 869 5658 Qui
911 5601 1081 5643 autent
1119 5589 1428 5643 contradicit
1462 5589 1507 5642 F
1511 5590 1657 5644 ilium

88 5675 174 5731 Dei
200 5697 296 5734 non
326 5699 435 5736 esse
466 5694 580 5737 ante
604 5686 1016 5738 constitutionem
1042 5682 1222 5737 mundi
1240 5726 1251 5743 ,
1299 5682 1521 5753 dicitque
1551 5700 1659 5739 cre-

84 5770 207 5836 dere,
236 5787 280 5829 et
311 5772 539 5846 conﬁteri
563 5794 667 5832 esse
687 5775 873 5842 Detun,
905 5793 1006 5829 non
1037 5792 1142 5830 esse
1163 5776 1327 5837 aliud,
1354 5793 1504 5846 quam
1529 5777 1660 5832 duos

85 5864 190 5921 deos
219 5868 516 5937 prwdicare.
551 5868 644 5937 Qui
672 5868 869 5925 Filium
900 5866 996 5923 Dei
1022 5884 1125 5923 non
1152 5884 1260 5923 esse
1280 5865 1447 5922 Deum
1464 5866 1659 5939 ιιι-(εάὶ-

1751 4753 1999 4808 Christus
2037 4751 2196 4808 fuerit
2227 4760 2345 4807 ante
2387 4762 2638 4822 tempora,
2684 4762 2732 4805 et
2763 4761 2882 4806 ante
2912 4752 3106 4807 siccata
3141 4752 3348 4824 plenum

1756 4844 1943 4900 Deum.
2000 4845 2142 4901 Nihil
2167 4845 2307 4901 valet
2335 4845 2731 4915 argumentatio
2752 4889 2767 4915 ,
2798 4860 2863 4900 eo
2895 4845 3035 4914 quod
3068 4844 3151 4898 sui
3189 4844 3241 4898 in
3264 4859 3350 4898 er-

1757 4941 1895 4995 roris
1928 4940 2308 4996 emendatione
2343 4942 2497 4994 Arius
2531 4948 2742 5009 tempus
2771 4937 3017 4995 Creatori
3040 4936 3349 5009 postponit,

1757 5050 1930 5104 neque
1959 5032 2150 5087 deduci
2185 5042 2359 5102 potest
2383 5050 2392 5084 :
2422 5030 2663 5103 Ineptum
2688 5033 2812 5086 satis
2841 5040 2912 5084 est
2940 5047 3072 5100 opus
3093 5046 3189 5085 suo
3216 5045 3355 5101 pra:-

1756 5143 1944 5197 ponere
1970 5127 2177 5197 artiﬁci.
2209 5128 2407 5181 Contra
2437 5127 2665 5195 primum
2691 5127 2871 5197 itaque
2899 5139 3168 5190 errorem,
3193 5128 3354 5196 quem

1762 5221 1916 5276 Arius
1945 5222 2013 5276 ab
2048 5220 2405 5276 anterioribus
2437 5220 2706 5276 hazreticis
2735 5230 2981 5275 mutuum
3022 5231 3347 5291 acceperat,

1758 5326 1911 5386 urget
1933 5314 2164 5369 Zenonis
2186 5315 2341 5380 ratio,
2368 5312 2595 5381 ideoque
2616 5314 2696 5369 vel
2720 5323 2907 5368 contra
2939 5312 3357 5367 Samosatcnum

1757 5423 2022 5471 comvum,
2058 5407 2141 5461 vel
2175 5417 2362 5461 contra
2395 5405 2632 5478 Dionysii
2663 5404 3015 5460 Alexandrini
3042 5400 3357 5472 impruden-

1761 5508 1868 5555 tem
1903 5500 2187 5554 vcrborum
2224 5500 2427 5569 lapsum
2470 5497 2529 5552 S.
2578 5497 2727 5552 Zeno
2758 5502 3136 5565 argumentum
3164 5492 3362 5550 fecisse

1762 5593 2024 5648 dicendus
2066 5604 2147 5647 est
2178 5635 2191 5658 ,
2241 5608 2345 5648 non
2379 5602 2563 5647 contra
2596 5590 2816 5651 Arium,
2864 5596 3022 5656 quem
3064 5603 3093 5642 a
3126 5584 3361 5657 pristinb

1764 5700 1947 5739 errore
1976 5685 2305 5738 resiliCIIIClll
2332 5726 2344 5745 ,
2374 5696 2678 5748 novumque
2705 5679 2987 5733 docentem
3019 5678 3074 5733 S.
3111 5678 3365 5736 Doctoris

1766 5795 1869 5831 non
1904 5778 2127 5831 revincit
2166 5775 2439 5829 instantia.
2473 5773 2608 5848 Illud.
2633 5785 2761 5823 vero
2798 5769 3031 5823 maxime
3061 5768 3361 5827 notandum

1766 5879 1868 5937 est,
1902 5869 1959 5926 S.
1989 5868 2260 5924 Zenonem
2301 5876 2570 5936 tamquam
2606 5873 2809 5918 certum
2838 5860 3145 5933 proponere
3172 5860 3367 5919 Chris-
