3902 6324
403 274 511 333 665

1548 282 1632 340 ηπ
1678 282 1927 342 SANCTI
1971 283 2263 342 ZENONIS
2304 285 2572 342 EPOCl-IA

3563 298 3646 357 lilii

405 403 518 449 tum
550 410 616 451 ex
650 395 820 452 nihilo
858 397 1049 453 fecisse
1079 412 1259 455 rerum
1292 407 1558 456 naturam.
1595 401 1658 455 At
1693 416 1811 455 cum
1848 413 1998 457 natu-
2027 404 2077 465 Α
2102 410 2322 458 sanctus
2347 400 2518 470 Zeno,
2570 404 2781 460 cautius
2806 405 3054 477 profecto
3110 406 3422 464 sententiam
3464 424 3653 483 expres-

404 504 519 544 ram
553 505 625 557 etc,
657 488 817 544 nihilo
857 492 1034 562 fecerit
1077 489 1334 549 Christus.
1384 493 1545 550 Arius
1577 508 1704 552 vero
1728 493 2001 550 Christum

409 598 480 638 ex
510 581 681 637 nihilo
701 597 826 637 esse
854 582 1093 640 dicebat.
1125 583 1257 641 Tum
1277 586 1418 655 quod
1444 586 1664 642 dicimus
1690 604 1806 642 eum
1827 587 2006 659 (Chri-

407 678 581 749 stum)
627 692 692 731 ea:
720 676 884 746 nihilo
925 688 1176 747 constare.
1226 680 1299 735 lta
1342 681 1526 736 Arius.
1570 681 1723 737 llunc
1761 696 2002 739 errorem

412 770 469 826 8.
500 769 650 825 Zeno
676 785 853 841 neque
878 786 987 827 uno
1016 772 1239 828 verbulo
1263 774 1465 845 arguit.
1499 772 1576 829 Illi
1598 789 1731 845 ergo
1759 790 2008 845 comper-

410 870 499 916 tus
548 876 653 918 non
696 873 834 930 erat,
880 864 925 918 si
956 878 1080 920 cum
1131 863 1358 935 przecise
1396 865 1790 923 convellendas
1816 874 2004 934 ~esset,

413 959 690 1027 proprium
732 958 800 1014 ad
842 959 1279 1016 confirmandum
1317 969 1695 1032 argumentum
1743 962 2005 1032 praterit.

356 1090 359 1091 ν
412 1048 553 1104 Ante
585 1050 758 1120 ipsum
787 1066 915 1123 ergo
942 1068 1183 1109 errorem
1211 1055 1448 1125 scripsit.

490 1142 564 1199 De
594 1144 816 1215 reliquis
859 1146 1093 1216 propriis
1133 1148 1456 1203 Arianorum
1490 1147 1735 1204 formulis
1765 1163 1900 1219 quas
1925 1163 2012 1205 re-

416 1237 730 1292 ceusuimus
751 1278 765 1303 ,
798 1238 940 1309 apud
960 1240 1016 1295 8.
1046 1239 1320 1296 Zenonem
1351 1240 1522 1297 altum
1554 1242 1849 1296 silentium.
1880 1241 2015 1297 For-

415 1334 580 1386 tnulte
625 1331 950 1388 Arianorum
995 1334 1079 1389 lue
1119 1343 1249 1390 sunt
1277 1353 1290 1389 :
1321 1334 1445 1390 Non
1484 1352 1682 1408 semper
1720 1334 1863 1391 Deus
1905 1345 2013 1392 erat

417 1423 600 1492 Pater,
631 1442 731 1480 non
758 1442 956 1499 semper
980 1425 1174 1483 Filius.
1205 1469 1217 1482 .
1247 1468 1260 1482 .
1294 1425 1422 1482 Cum
1444 1429 1617 1483 omnia
1641 1429 1744 1483 sint
1765 1428 2006 1493 condita,

410 1522 523 1591 ipse
549 1538 744 1593 quoque
774 1521 990 1594 (Filius)
1017 1523 1281 1577 conditum
1309 1524 1578 1593 quiddam,
1611 1532 1659 1577 et
1684 1540 1811 1596 apus
1834 1523 2015 1578 haberi

416 1614 580 1670 debet.
615 1655 628 1668 .
668 1656 679 1670 .
711 1614 846 1669 Eum
894 1614 1112 1688 (Filium
1161 1617 1379 1688 nempe)
1424 1634 1527 1672 non
1558 1626 1744 1671 natura
1774 1617 1825 1670 in
1856 1614 2016 1670 Patre

417 1709 657 1774 existere,
689 1724 781 1761 nec
827 1724 936 1763 esse
969 1709 1237 1781 proprium
1276 1710 1389 1779 ejus
1432 1708 1732 1762 substanth
1775 1706 2012 1772 Verbum,

2106 494 2273 551 sisset
2297 509 2473 562 suam,
2504 510 2683 566 neque
2704 497 2758 553 in
2789 498 3080 554 Arianismi
3114 500 3459 567 suspicionem
3482 505 3657 574 potuis-

2107 596 2194 644 set
2221 588 2456 646 adduci:
2485 589 2679 671 ‘Sicuti
2705 590 2830 648 aliis
2856 592 3018 649 etiam
3050 593 3413 652 Autenicseois
3447 596 3667 654 Panibus

2105 682 2397 754 contigisse
2418 686 2804 756 comperimus.

2176 776 2293 832 Arii
2319 778 2484 833 etiam
2515 778 2678 850 impia
2702 779 2954 850 dogmata
2978 796 3092 851 prae
3109 782 3283 838 oculis
3309 798 3410 839 non
3438 783 3664 843 habuisse

2110 876 2354 924 nostrum
2373 870 2650 928 Zenonem
2677 873 2960 929 evidenter
2979 874 3341 942 concluditur,
3364 877 3481 947 quia
3505 878 3554 933 in
3570 880 3661 948 pri-

2112 975 2198 1015 ma
2228 960 2443 1026 haeresi,
2473 978 2633 1032 quam
2655 963 2909 1020 Tractatu
2935 966 3165 1035 septimo
3189 966 3282 1022 lib.
3306 968 3521 1024 secundi
3539 984 3666 1025 cont-

2111 1063 2377 1110 memorat
2403 1069 2638 1123 nempe:
2669 1054 2788 1110 Una
2809 1056 3029 1129 denique
3055 1060 3244 1114 asserit
3273 1057 3330 1114 ,1.
3358 1059 3417 1114 C.
3459 1064 3518 1115 ab
3548 1069 3671 1117 utero

2119 1144 2350 1216 Virginis
2380 1144 2566 1202 Mariis
2602 1149 2881 1221 sumpsisse
2927 1151 3240 1222 principium
3273 1170 3285 1204 :
3328 1150 3571 1221 Deumque
3595 1169 3670 1213 ea-

2111 1238 2233 1295 inde
2272 1240 2335 1294 ob
2354 1241 2615 1313 justitiam
2643 1246 2840 1313 factum
2885 1261 2996 1299 esse
3037 1260 3141 1300 non
3171 1255 3366 1300 natum.
3415 1246 3509 1314 Qui
3548 1246 3673 1304 Pauli

2114 1334 2455 1391 Samosateni
2502 1350 2659 1392 error
2705 1344 2830 1392 est:
2895 1337 3244 1394 Contrarium
3293 1340 3418 1394 Ario
3463 1355 3673 1396 erromn

2116 1427 2338 1483 indicat.
2362 1426 2526 1483 Arius
2564 1443 2759 1499 nempe
2810 1429 3134 1501 Episcopum
3162 1432 3336 1502 gratia
3363 1430 3546 1487 factum
3576 1446 3677 1487 esse

2115 1520 2285 1577 Deum
2307 1520 2582 1591 praedicat.
2603 1519 2735 1577 Cum
2758 1522 3025 1578 velletnos
3050 1539 3341 1596 procreare,
3369 1534 3484 1578 tunc
3509 1539 3679 1594 quoque

2116 1612 2268 1667 istum
2311 1614 2626 1683 procreavit,
2687 1630 2835 1685 quem
2875 1625 3146 1688 postquam
3186 1615 3387 1686 genitus
3436 1614 3678 1685 appellavit

2126 1706 2387 1761 Verbum:
2438 1707 2527 1760 sed
2554 1717 2600 1761 et
2627 1708 2795 1775 ipsum
2820 1709 2987 1780 gratia
3028 1710 3216 1763 extitit.
3252 1708 3412 1764 Arius
3449 1709 3681 1783 (inquam)

419 1818 511 1857 nec
538 1802 805 1873 prapriam
834 1800 1176 1874 Sapientiam,
1219 1804 1272 1858 in
1301 1820 1400 1870 qua
1428 1802 1680 1856 mundum
1697 1802 1847 1856 illum
1872 1818 2017 1856 crea-
2046 1794 2093 1854 B
2120 1802 2288 1870 gratia
2328 1801 2493 1854 Deum
2533 1800 2777 1855 extitisse
2807 1801 2955 1857 dicit.
3010 1802 3175 1857 Error
3217 1813 3404 1857 contra
3439 1817 3583 1872 quem
3616 1801 3683 1854 in-

419 1897 511 1962 vit,
534 1896 623 1951 sed
644 1898 699 1950 in
722 1895 881 1952 Patre
904 1913 1012 1952 esse
1041 1896 1188 1951 aliud
1211 1897 1500 1968 proprium,
1536 1907 1580 1950 ct
1603 1896 1859 1967 peculiare
1890 1893 2017 1948 Ver-

421 1988 561 2053 bum,
606 1988 865 2058 aliamque
898 1989 1019 2042 item
1047 1988 1309 2060 prOpriam
1335 1987 1663 2058 sapientiam,
1708 1987 1761 2040 in
1803 2002 1907 2055 qua
1932 2002 2020 2040 sa-

425 2080 619 2147 pientia
649 2081 820 2148 ipsum
854 2078 1074 2135 Verbum
1097 2080 1253 2152 fecit:
1293 2080 1458 2150 Atque
1481 2078 1611 2133 adeo
1640 2079 1810 2149 ipsum
1841 2076 2019 2131 Domi-

426 2187 546 2224 num
563 2170 823 2227 Christum
841 2180 1072 2243 respectu
1089 2171 1445 2243 rationalium,
1469 2186 1584 2239 qua:
1601 2170 1764 2224 verbis
1783 2179 2020 2226 utuntur.

438 2260 657 2317 Verbum
685 2279 792 2317 esse
818 2273 1193 2336 nuncupatum.
1226 2304 1239 2319 .
1272 2302 1285 2316 .
1321 2307 1329 2316 .
1371 2261 1536 2317 Deum
1562 2279 1663 2317 non
1695 2279 1788 2318 nos
1819 2272 2023 2335 prapter

425 2357 575 2410 illum
630 2354 871 2428 (Filium)
914 2356 1005 2411 sed
1048 2355 1198 2410 illum
1235 2365 1444 2429 prcpter
1472 2372 1567 2410 nos
1603 2354 1915 2410 condidisse.
1958 2396 1969 2406 .
2009 2396 2021 2407 .

430 2447 559 2502 Cum
598 2448 745 2504 vellet
775 2466 866 2503 uos
889 2465 1182 2520 procreare,
1223 2461 1343 2503 tunc
1373 2464 1572 2518 quoque
1600 2448 1755 2502 istum
1781 2462 2026 2516 procrea-

427 2545 517 2605 vit,
542 2559 692 2610 quem
713 2552 982 2612 postquam
999 2544 1194 2613 genitus
1214 2553 1311 2606 est,
1334 2540 1611 2613 appellavit
1643 2539 1858 2595 Verbum
1881 2558 1893 2591 :
1919 2538 2027 2597 Sed

434 2649 480 2692 et
508 2638 677 2709 ipsum
704 2638 870 2710 gratia
900 2638 1116 2694 exstitit.
1154 2678 1166 2691 .
1202 2678 1216 2689 .
1246 2635 1509 2690 Christum
1535 2652 1638 2690 non
1680 2650 1790 2688 esse
1814 2643 2029 2689 natura-

432 2733 553 2798 lem,
585 2741 631 2787 et
659 2749 827 2786 veram
862 2732 954 2787 I)ei
985 2732 1289 2803 potentiam,
1334 2731 1423 2785 sed
1450 2732 1580 2785 sicut
1610 2744 1800 2794 eruere,
1829 2738 1875 2783 et
1907 2728 2027 2781 bru-

432 2828 515 2883 chi
546 2829 873 2900 appelluntur
901 2828 1137 2897 potentiae
1165 2824 1544 2892 Omnipotentis
1581 2823 1713 2891 Dei,
1762 2825 1836 2878 ita
1862 2824 2031 2893 ipsum

433 2937 631 2992 quoque
651 2920 906 2992 appellari
931 2918 1373 2985 Omnipotentiam
1396 2916 1639 2998 Patris...
1668 2953 1684 2968 .
1708 2914 1905 2969 Filium
1929 2929 2030 2967 non

431 3026 608 3070 exacte
634 3032 938 3087 cognoscere
952 3013 1186 3080 Patrem,
1199 3029 1291 3068 nec
1312 3028 1458 3068 suam
1485 3010 1691 3079 quidem
1717 3009 1880 3080 ipsius
1902 3007 1997 3060 sub
2014 3037 2029 3047 ο

431 3109 673 3163 stantiam
720 3109 978 3178 cognitam
1027 3106 1231 3162 habere.
1292 3106 1385 3161 Hae
1423 3114 1553 3160 sunt
1592 3118 1727 3175 quas
1778 3103 2033 3159 Socrates

2117 1893 2267 1948 vehit
2290 1893 2345 1949 S.
2391 1893 2535 1949 Zeno
2562 1937 2576 1960 ,
2609 1910 2713 1949 non
2741 1896 2911 1967 gratia
2942 1938 2954 1956 .
2982 1894 3076 1952 sed
3105 1896 3299 1951 merito
3327 1936 3340 1960 ,
3371 1895 3429 1948 ob
3460 1894 3684 1968 justitiam

2122 1984 2290 2039 Deum
2321 1984 2516 2040 factum
2541 1986 2755 2042 asserit.

2196 2078 2465 2144 Quantum
2498 2079 2739 2149 profecto
2771 2079 2930 2150 longe
2971 2078 3039 2135 ab
3065 2080 3343 2150 impietate
3372 2079 3478 2135 A‘rii
3506 2122 3520 2145 ,
3560 2079 3688 2133 Aria-

2126 2187 2429 2243 norumque
2464 2173 2776 2230 insectando
2822 2172 3054 2228 abfuerit
3102 2171 3160 2229 8.
3198 2173 3520 2229 Veronensis
3558 2174 3687 2227 Anti-

2127 2274 2236 2318 stes
2255 2306 2269 2327 ,
2303 2266 2400 2317 hac
2442 2264 2730 2320 manifesta
2760 2266 3142 2321 observatione
3172 2266 3452 2321 evidenter
3479 2262 3689 2319 ostendi-

2129 2367 2252 2410 tur:
2300 2354 2600 2427 Numquam
2635 2356 2687 2411 in
2717 2357 3060 2415 Tractatibus
3104 2358 3162 2415 8.
3207 2359 3458 2415 Doctoris
3494 2358 3691 2425 Arium,

2129 2449 2213 2504 vel
2247 2448 2477 2504 Ariauos
2505 2450 2811 2505 nominari:
2869 2451 2943 2507 De
2979 2452 3211 2507 concilio
3239 2452 3458 2508 Nicmno
3501 2466 3562 2506 ne
3591 2466 3693 2506 vcr-

2130 2542 2256 2598 butn
2289 2541 2506 2613 quidem
2534 2544 2760 2614 reperiri
2789 2563 2801 2600 :
2832 2544 2908 2601 De
2924 2544 3308 2611 C(ntstantioo,
3336 2557 3390 2602 et
3411 2544 3693 2602 Constantio

2132 2636 2336 2694 trullam
2381 2641 2710 2693 mentionem
2745 2638 2880 2695 ﬁeri.
2936 2639 3070 2696 Cum
3118 2657 3243 2696 vero
3290 2642 3359 2697 iis
3406 2642 3698 2712 temporibus

2132 2731 2189 2785 8.
2219 2730 2368 2785 Zeno
2397 2746 2426 2785 a
2460 2732 2702 2786 Dominis
2736 2730 3043 2789 Balleriniis
3070 2734 3435 2790 constituatur
3458 2776 3471 2799 ,
3514 2734 3699 2804 quando

2136 2822 2345 2892 ipsimet
2372 2825 2558 2879 Ariani
2592 2826 2881 2895 primaevos
2909 2827 3056 2897 impii
3101 2828 3183 2881 sui
3224 2828 3473 2884 Doctoris
3513 2840 3701 2882 errores

2135 2914 2205 2969 ab
2233 2916 2467 2986 antiquis
2498 2916 2767 2973 haereticis
2797 2930 3049 2990 acceptos
3079 2919 3629 2986 anathematizarunt,
3655 2927 3701 2972 ut

2138 3010 2190 3065 in
2237 3011 2571 3067 Antiochena
2615 3013 2937 3068 Arianorum
2978 3015 3187 3085 synodo
3235 3025 3363 3085 post
3398 3012 3703 3070 Constantini

2139 3112 2369 3158 mortem
2417 3104 2601 3161 habita
2651 3120 2792 3160 anno
2818 3107 2877 3163 C.
2908 3105 3007 3163 541
3038 3150 3053 3174 ,
3104 3108 3155 3162 iu
3184 3123 3294 3179 qua
3326 3107 3549 3164 formula
3576 3104 3705 3161 Fidei

433 3200 525 3254 lib.
568 3216 606 3267 ι,
648 3216 765 3270 cap.
790 3177 862 3267 76,
892 3199 1152 3263 novellas,
1191 3208 1238 3252 et
1264 3199 1527 3252 inauditas
1562 3196 1670 3251 Arii
1714 3195 2029 3250 adsertiones
2058 3177 2105 3240 C
2141 3197 2285 3251 edita
2314 3207 2417 3264 est,
2448 3206 2502 3253 et
2529 3198 2581 3252 iu
2603 3214 2665 3253 ea
2696 3198 3096 3267 damuauturii,
3124 3177 3241 3272 qqu
3276 3209 3556 3257 asserunt:
3586 3197 3708 3254 Tem-

435 3294 667 3349 vocavit:
697 3293 762 3349 Et
788 3293 1123 3351 Sozomenus
1144 3292 1233 3347 lib.
1266 3307 1306 3358 ι,
1336 3307 1455 3361 cap.
1488 3291 1577 3359 15,
1606 3291 1742 3360 quod
1773 3306 1804 3342 a
1839 3287 2038 3341 nemine

437 3403 685 3457 umquam
718 3388 911 3442 dictum
948 3389 1118 3458 [uerat
1142 3386 1250 3455 ipse
1285 3383 1491 3456 (Arius)
1531 3383 1583 3438 in
1614 3381 1845 3436 Ecclesia
1878 3395 2037 3434 ausus

439 3484 592 3553 fuerit
628 3482 945 3550 praedicare;
989 3492 1107 3535 ante
1143 3497 1268 3551 quos
1308 3489 1549 3549 utrosque
1582 3475 1827 3544 [lu/finus
1878 3474 1967 3529 lib.
1999 3489 2033 3528 Χ

439 3574 561 3630 hist.
589 3592 705 3645 cap.
740 3578 760 3630 l
790 3592 809 3631 :
832 3575 1007 3631 Prava
1028 3575 1269 3646 quaedam
1288 3574 1352 3628 de
1376 3573 1481 3645 ﬁde
1494 3570 1687 3627 Christi
1708 3572 1958 3641 proferre,
1989 3578 2036 3623 et

438 3686 556 3738 quae
595 3678 749 3724 antea
790 3671 841 3723 in
878 3670 1209 3739 quaestionem
1249 3684 1526 3736 numquam
1568 3677 1842 3732 venerant,
1885 3665 2036 3734 cwpit

437 3761 647 3835 (Arius)
673 3764 807 3817 unde
834 3770 883 3815 et
921 3761 1159 3817 Hilarius
1198 3762 1445 3817 Arionem
1477 3777 1663 3817 novam
1688 3760 1921 3815 [heresim
1952 3775 2037 3813 vo-

440 3867 518 3912 cat
545 3856 636 3910 lib.
668 3872 738 3910 vtt
766 3856 830 3909 tle
867 3853 1121 3909 Trinitate
1146 3872 1200 3911 n.
1235 3856 1290 3921 5,
1323 3855 1556 3910 Itwresim
1593 3853 1845 3909 novellum
1884 3870 1937 3906 n.
1978 3851 2034 3917 6,

442 3960 487 4005 et
515 3950 767 4005 novellam
797 3949 933 4003 luem
962 3956 1078 4018 post
1104 3948 1511 4020 quadringentos
1545 3949 1651 4017 fere
1679 3962 1841 4000 annos
1876 3961 2038 4016 nuper

444 4043 701 4098 iuventam
728 4042 819 4097 lib.
857 4058 895 4103 ι,
922 4041 992 4094 ad
1022 4039 1378 4095 Constantium
1408 4056 1551 4095 num.
1590 4040 1644 4106 5,
1681 4056 1836 4109 quam
1892 4039 2035 4094 scilio

438 4146 515 4190 cet
558 4148 673 4190 ante
709 4135 892 4189 Arium
929 4134 1127 4199 docuit,
1167 4142 1217 4188 et
1259 4134 1603 4205 propuguavit
1639 4148 1803 4187 nemo.
1838 4132 2038 4186 Contra

440 4229 556 4285 haec
602 4230 662 4284 Ι).
700 4230 847 4284 Zeno
875 4239 975 4283 nec
1009 4228 1168 4282 ntutit
1188 4227 1426 4298 quidem.
1456 4225 1604 4283 Alias
1630 4226 1912 4291 formulas,
1940 4240 2039 4280 seu

438 4341 659 4381 errores
681 4327 843 4390 alios,
889 4338 1026 4389 quos
1060 4323 1222 4378 Arius
1257 4339 1285 4376 a
1317 4322 1694 4388 Samosateno,
1727 4328 1945 4378 Artema
1975 4333 2040 4375 ac

441 4417 651 4473 Ebioue
679 4418 877 4481 hausit,
900 4417 1153 4472 eumdem
1184 4426 1463 4473 auctorem
1492 4427 1736 4473 nostrum
1760 4414 2038 4487 impctisse

440 4511 692 4573 vidimus.
718 4522 775 4567 et
793 4527 856 4566 ea
877 4527 998 4583 quae
1021 4510 1277 4583 Dionysio
1300 4510 1671 4566 Alexandrino
1692 4510 2033 4575 exciderunt,

440 4618 507 4659 eo
527 4602 669 4674 quod
693 4604 908 4660 incaute
932 4605 1235 4674 protulerit.
1264 4602 1392 4658 Cum
1421 4604 1484 4657 sit
1512 4620 1593 4657 res
1614 4602 1774 4671 facta,
1805 4617 1907 4656 non
1930 4611 2039 4655 erat

439 4709 714 4767 antequam
738 4698 881 4767 ﬁeret
907 4714 923 4751 :
960 4697 1086 4752 Hzec
1109 4696 1325 4767 vulgata
1354 4703 1515 4767 atque
1547 4695 1797 4749 damnata
1839 4695 1906 4748 ab
1936 4693 2040 4748 Ee-

442 4793 631 4855 clcsia,
663 4801 720 4846 ut
752 4791 1180 4844 demonstratum
1210 4799 1293 4844 est
1318 4806 1505 4860 supra,
1533 4804 1655 4843 eum
1685 4790 1801 4845 Arii
1829 4800 2040 4858 tempus

438 4889 660 4943 minime
702 4894 1035 4951 conuotent,
1081 4883 1176 4939 sed
1210 4882 1483 4949 Gallieni;
1526 4884 1669 4937 nulla
1709 4884 1919 4938 ratione
1973 4885 2040 4937 ah

441 4979 602 5049 hujus
625 4977 967 5048 imperatoris
988 4990 1106 5031 aevo
1132 4975 1494 5030 removendus
1517 4975 1676 5032 ests.
1704 4976 1849 5030 Zeno
1870 4994 1881 5029 :
1902 4975 2038 5043 Quin

440 5074 551 5125 imo
593 5086 715 5124 cum
753 5071 821 5126 de
853 5070 964 5125 Arii
1007 5070 1237 5140 propriis
1281 5071 1557 5125 erroribus
1603 5071 1801 5124 nullam
1846 5069 2030 5124 l‘oeorit

444 5164 796 5229 mentionem,
827 5164 996 5219 multo
1020 5172 1145 5219 ante
1169 5165 1369 5219 vixisse
1390 5164 1654 5219 dicendus
1675 5177 1775 5219 est.

516 5256 592 5312 Ex
615 5271 683 5311 eo
709 5256 924 5327 quidem
954 5255 1014 5311 8.
1037 5255 1309 5312 Zenonem
1336 5258 1498 5311 tertio
1527 5257 1728 5311 saeculo
1751 5259 2036 5327 seripStssc

440 5357 687 5417 constat,
718 5348 862 5407 uuod
901 5349 1044 5403 circa
1073 5350 1401 5419 prmcipuum
1433 5349 1585 5403 illum
1613 5350 1723 5403 Arii
1752 5364 1994 5427 errorem
2022 5391 2033 5403 .

442 5440 574 5497 Cum
609 5441 756 5497 vellet
799 5457 889 5495 nos
935 5456 1205 5510 procreare
1252 5440 1483 5512 (Pater),
1519 5451 1637 5495 tunc
1660 5457 1858 5511 quoque
1879 5442 2035 5495 istum

441 5534 689 5605 (Filium)
715 5536 1019 5606 procreavit.
1044 5534 1341 5603 Quamdam
1372 5549 1493 5588 cum
1522 5534 1624 5589 hoc
1645 5549 1831 5589 errore
1859 5533 2038 5589 affini-

441 5635 605 5682 tatem
631 5628 920 5682 verborum
942 5629 1132 5684 saltem
1151 5627 1205 5681 in
1225 5625 1545 5697 quibusdam
1571 5625 1629 5683 8.
1656 5625 1891 5681 Zenonis
1916 5640 2036 5680 ser-

445 5718 695 5773 monibus
718 5720 945 5785 reperiri
969 5730 1117 5789 putat
1146 5719 1413 5783 Petavius,
1437 5719 1505 5774 de
1526 5734 1633 5789 quo
1657 5717 1886 5774 inferius
1905 5732 2034 5789 age-

441 5821 580 5862 mus.
609 5808 668 5862 Si
690 5824 921 5879 namque
950 5822 1068 5881 post
1094 5814 1275 5867 Arium
1306 5825 1589 5869 sermones
1610 5826 1739 5869 suos
1762 5811 2038 5869 habuisset

2140 3305 2255 3360 pus,
2283 3300 2370 3343 aut
2393 3300 2721 3354 momentum,
2754 3304 2842 3345 aut
2868 3292 3116 3346 saeculum
3143 3310 3280 3360 esse,
3305 3293 3384 3348 vel
3413 3294 3564 3365 fuisse
3589 3300 3705 3344 ante-

2140 3397 2292 3450 quam
2319 3384 2611 3454 gigneretur
2655 3382 2864 3439 Filius:
2913 3384 3005 3440 Vel
3039 3387 3084 3440 si
3122 3386 3236 3455 quis
3271 3387 3495 3451 dixerit,
3540 3382 3582 3437 F
3586 3382 3707 3438 ilium

2143 3484 2431 3527 creaturam
2454 3491 2562 3529 esse
2584 3486 2829 3544 tanquam
2852 3493 3004 3531 unum
3034 3494 3096 3533 ex
3117 3480 3327 3535 creatis.
3357 3480 3433 3535 Ita
3464 3488 3515 3533 et
3541 3477 3590 3533 in
3616 3476 3707 3531 for-

2143 3570 2284 3624 mula
2316 3586 2345 3625 a
2368 3569 2620 3626 Narcisso
2640 3571 2831 3638 Cilice,
2864 3571 3092 3643 altisque
3126 3574 3307 3630 tribus
3324 3574 3594 3645 Episc0pis
3610 3584 3711 3642 pro-

2143 3665 2397 3734 mulgata,
2424 3681 2529 3736 qua
2557 3666 2900 3721 anathemate
2930 3665 3193 3745 feriqutur
3217 3711 3231 3733 ,
3265 3671 3356 3739 qui
3386 3668 3614 3725 dicereut
3635 3665 3709 3720 Fi-

2142 3757 2272 3814 lium
2303 3772 2423 3814 esse
2452 3776 2516 3814 ea:
2534 3776 2637 3814 non
2662 3760 2995 3815 existentibus
3016 3805 3028 3823 .
3056 3762 3134 3816 vel
3162 3778 3227 3816 ea:
3245 3764 3417 3818 altera
3444 3758 3680 3834 hypostasi
3696 3799 3711 3823 ,

2143 3863 2189 3906 et
2214 3867 2315 3905 non
2338 3867 2402 3906 ea:
2426 3850 2555 3917 Deo,
2577 3864 2669 3906 aut
2690 3853 2849 3925 fuisse
2864 3853 3144 3926 aliquando
3166 3864 3374 3929 tempus
3386 3872 3499 3910 cum
3515 3851 3710 3908 nondum

2150 3953 2298 3997 esset.
2330 3943 2501 4011 Idem,
2528 3955 2583 3998 et
2613 3946 2665 3999 in
2692 3947 2901 4017 synodo
2929 3947 3218 4002 Sirmiensi
3242 3948 3320 4003 ab
3350 3947 3561 4002 Arianis
3588 3943 3712 3998 habi-

2145 4048 2199 4093 to
2228 4052 2371 4092 anno
2400 4037 2525 4092 35L
2546 4039 2682 4095 Cum
2713 4041 2929 4110 inquam
2958 4058 2986 4093 a
3014 4042 3260 4098 Dominis
3282 4042 3581 4098 Ballcriniis
3604 4046 3712 4093 tetas

2143 4129 2203 4185 8.
2227 4129 2460 4184 Zenonis
2483 4141 2605 4200 post
2624 4136 2804 4187 omnia
2835 4132 2950 4187 lucc
2977 4145 3298 4205 reponatur,
3325 4150 3469 4192 anne
3491 4132 3713 4195 credibile

2143 4231 2226 4277 est
2247 4221 2305 4278 8.
2336 4222 2612 4280 Zenonem
2646 4226 2698 4279 in
2725 4227 2973 4296 antiquas
3002 4226 3242 4283 hmreses
3270 4231 3341 4285 ab
3370 4233 3500 4300 ipsis
3529 4227 3713 4283 Ariauis

2142 4321 2424 4375 damnatas
2454 4321 2725 4377 disserere
2748 4362 2764 4388 ,
2794 4332 3145 4394 recentesque
3175 4329 3436 4381 omittere
3461 4322 3676 4380 voluisse
3695 4323 3727 4367 ὀ

2142 4413 2393 4484 Nihilque
2436 4413 2504 4469 de
2543 4412 2743 4469 celebri
2792 4416 3143 4471 contentione
3189 4417 3282 4472 illa
3327 4418 3471 4473 circa
3519 4416 3712 4471 verbum

2143 4511 2230 4565 τὸν
2257 4506 2532 4580 ὁμοουσιον
2563 4506 2775 4576 penitus
2796 4507 3084 4578 attigisse?
3108 4525 3233 4586 quas
3259 4519 3434 4577 tanto,
3460 4519 3516 4566 et
3540 4507 3712 4564 Catho-

2064 4578 2119 4638 Ῐ)
2146 4578 2372 4656 licorum
2401 4642 2415 4663 ,
2468 4608 2521 4653 et
2552 4600 2872 4655 Arianorum
2904 4578 3140 4667 ardore,
3184 4613 3237 4657 et
3264 4603 3493 4659 defensa
3521 4646 3535 4667 ,
3562 4611 3612 4659 et
3634 4602 3717 4655 imo

2144 4701 2374 4764 pugnata
2405 4693 2503 4747 fuit
2529 4708 2595 4746 eo
2622 4693 2741 4761 ipso
2774 4704 3037 4763 tempore,
3069 4709 3178 4765 quo
3212 4695 3515 4751 Veronensi
3542 4692 3715 4763 ⁸αδοιει

2144 4788 2239 4843 sia:
2263 4787 2321 4843 8.
2354 4785 2625 4840 Zenonem
2655 4785 2957 4854 praeficiunt
2985 4786 3344 4844 eruditissimi
3376 4788 3570 4845 laudati
3606 4785 3715 4839 Viri.

2150 4880 2224 4934 De
2254 4878 2354 4932 hoc
2381 4891 2512 4932 vero
2537 4892 2782 4947 agemus,
2806 4892 2927 4931 cum
2959 4878 3026 4933 de
3050 4879 3383 4936 Arianorum
3412 4878 3707 4936 formulisre

2146 4973 2282 5026 dtbit
2306 4985 2505 5026 sermo.
2535 4971 2767 5025 intactas
2794 4973 2972 5043 itaque
2999 4972 3059 5029 8.
3095 4972 3244 5030 Zeno
3269 4975 3590 5031 Arianorum
3617 4984 3721 5043 pro-

2143 5066 2289 5135 prias
2320 5064 2579 5119 formulas
2607 5079 2729 5118 cum
2760 5064 3056 5135 reliquerit,
3091 5066 3221 5123 Ario
3251 5068 3609 5139 posteriorem
3638 5066 3721 5118 ha-

2143 5160 2377 5212 hendum
2407 5172 2511 5211 non
2541 5171 2665 5211 esse
2690 5157 3094 5213 evidentissima
3119 5171 3356 5215 constat.

2141 5254 2168 5323 §
2216 5252 2359 5309 XIX.
2396 5252 2502 5308 SS.
2551 5251 2732 5307 Patres
2755 5252 2878 5308 Aria
2907 5255 3214 5326 posteriores
3234 5300 3247 5323 ,
3275 5257 3392 5312 Arii
3418 5299 3433 5324 ,
3464 5266 3510 5312 et
3531 5254 3722 5312 Ariano-

2196 5363 2310 5399 rum
2343 5346 2583 5417 proprias
2608 5347 2860 5418 formulas
2880 5348 2987 5402 suis
3015 5348 3071 5402 in
3106 5349 3348 5419 operibus
3378 5353 3675 5423 exprimunt.

2213 5442 2432 5512 Aliquot
2476 5443 2769 5514 seligemus
2807 5440 2905 5499 SS.
2946 5443 3165 5498 Patrum
3193 5487 3209 5510 ,
3256 5446 3355 5516 qui
3398 5453 3521 5515 post
3557 5443 3722 5499 Arium

2140 5536 2492 5604 scripserunt.
2523 5538 2844 5604 sententias,
2878 5545 2938 5591 ut
2966 5538 3018 5591 in
3051 5538 3116 5591 iis
3147 5539 3398 5608 proprias
3423 5540 3722 5594 Arianorum

2139 5627 2401 5681 formulas
2449 5628 2770 5683 indicemus.
2831 5631 2907 5683 Ex
2952 5645 3118 5701 supra
3148 5633 3488 5687 enumeratis
3516 5630 3722 5688 Ariano-

2141 5738 2255 5775 rum
2284 5721 2527 5777 formulis
2556 5725 2729 5793 prima
2761 5734 2843 5779 est
2871 5741 2883 5777 :
2910 5722 3030 5779 Non
3075 5740 3275 5796 semper
3304 5725 3453 5781 Deus
3493 5735 3597 5781 erat
3633 5722 3726 5777 Pa-

2142 5822 2236 5879 ter,
2261 5816 2367 5868 non‘
2388 5830 2588 5885 semper
2612 5813 2801 5874 Filius.
2834 5814 3039 5874 Gontra
3065 5816 3209 5875 hunc
3225 5818 3475 5876 errorem
3497 5832 3592 5889 pro
3608 5826 3725 5873 con-
