3798 6322
60 335 157 390 fili‘i

1470 329 1940 388 DISSERTATIO.

3239 330 3344 385 (366

59 453 205 507 cinae
230 450 296 505 ad
328 447 593 521 Populum
623 446 946 504 exclamavit
980 449 1038 505 S.
1071 447 1377 504 Alexander
1411 446 1644 501 Patriar-
1670 449 1725 509 Α
1747 448 1952 517 genitus
1993 459 2068 502 est
2109 449 2391 520 appellavit
2424 447 2667 505 Verbum.
2703 469 2721 502 ι
2755 448 2812 505 S.
2846 447 3082 505 Hilarius
3108 446 3349 504 secundo

55 545 151 600 cba
181 543 601 607 Alexandrinus,
625 542 717 613 qui
748 556 867 597 eam
908 541 1156 597 haeresim
1187 542 1396 612 primus
1421 539 1647 594 damna-

56 640 147 694 vit.
181 638 392 709 Semper
418 635 580 703 Deus,
606 652 804 708 seraper
827 634 1000 690 Filius
1025 678 1040 701 ,
1072 634 1229 690 simul
1255 632 1416 689 Pater
1440 675 1455 701 ,
1488 631 1647 687 simul

56 730 103 785 F
105 733 242 786 ilius.
269 730 398 786 Cum
426 728 539 786 Deo
556 731 785 801 ingenito
818 728 991 784 Filius
1012 738 1259 801 perpetuo
1284 728 1478 793 existit,
1514 741 1649 781 sem-

56 841 144 897 per
167 823 362 895 genitus
385 822 450 876 ab
478 822 707 894 ingenito
731 824 933 893 genitus
956 837 975 886 ;
1003 836 1161 892 neque
1183 820 1516 890 cogitatione,
1553 835 1646 873 ne—

54 932 147 989 que
185 925 437 969 momento
478 914 586 969 ullo
653 911 795 968 Deus
851 913 1048 967 Filium
1102 914 1376 968 antecedit.
1431 912 1647 980 Semper

55 1010 207 1075 Deus,
230 1024 427 1079 semper
452 1006 627 1061 Filius
665 1023 729 1062 ea:
751 1008 867 1078 ipso
894 1005 1005 1061 Deo
1028 1005 1220 1060 Filius.
1270 1003 1645 1059 Theodoretns

54 1115 259 1173 quoque
284 1097 636 1172 synodalibus
663 1098 910 1169 epistolis
938 1096 1278 1153 Sardicensis
1304 1094 1517 1151 concilii
1542 1093 1645 1148 hoc

53 1193 467 1248 additamentum
501 1190 688 1247 subdit
726 1209 739 1223 ·
772 1189 1090 1261 Proﬁtemur
1110 1203 1271 1260 neque
1298 1186 1508 1241 Patrem
1538 1186 1646 1240 sine

54 1284 208 1352 Filio,
237 1300 394 1357 neque
426 1282 628 1338 Filium
651 1284 811 1353 fuisse
829 1300 1051 1354 unquam
1071 1282 1180 1338 sine
1203 1280 1379 1348 Patre,
1421 1297 1511 1334 nec
1536 1295 1646 1334 esse

54 1396 213 1449 posse,
243 1380 381 1451 quod
421 1388 496 1434 est
546 1376 769 1433 Verbum
801 1379 911 1432 sine
932 1377 1160 1446 Spiritu.
1210 1375 1645 1432 Absurdissimum

54 1489 263 1544 namque
305 1481 381 1527 est
427 1474 600 1526 dicere
626 1471 906 1543 aliquando
950 1470 1157 1526 Patrem
1199 1488 1301 1525 non
1339 1470 1502 1540 fuisse
1534 1466 1643 1521 Pa-

56 1576 195 1629 trem,
226 1575 274 1621 et
318 1565 524 1620 Patrem
557 1566 667 1621 sine
697 1564 838 1620 Filio
864 1580 1025 1637 neque
1046 1564 1324 1628 nominari,
1354 1578 1511 1634 neque
1536 1578 1645 1617 esse

56 1676 219 1730 posse,
240 1662 351 1733 ipse
375 1659 546 1715 Filius
576 1668 812 1714 testatur.

116 1795 360 1853 Secunda
396 1796 507 1851 Arii
533 1794 760 1851 haeresis
789 1801 894 1851 est.
925 1791 1054 1847 Cum
1084 1791 1256 1846 omnia
1285 1792 1384 1845 sint
1414 1804 1479 1844 ea:
1508 1788 1645 1842 nihi-

54 1893 122 1959 lo,
142 1892 295 1947 etiam
318 1886 416 1943 Dei
447 1888 617 1944 Filius
639 1904 702 1944 ex
730 1888 895 1941 nihilo
919 1885 1147 1941 emersit.
1174 1883 1325 1939 Hanc
1355 1881 1639 1938 formulam

53 1984 214 2037 refert
258 1979 593 2035 Athanasius
626 1980 677 2033 in
724 1977 940 2034 laudata
974 1975 1145 2045 prima
1177 1975 1424 2029 oratione
1453 1981 1639 2027 contra

54 2075 278 2131 Arianos
305 2115 322 2140 ,
351 2074 492 2129 sicut
522 2083 576 2128 et
605 2072 843 2142 reliquas
868 2112 884 2136 ,
916 2084 1051 2141 quas
1079 2084 1143 2123 cx
1191 2067 1306 2138 ipso
1335 2065 1639 2121 retulimus.

58 2167 126 2221 De
153 2181 227 2241 ea.
267 2164 536 2229 meminit,
569 2174 625 2219 et
656 2164 713 2220 S.
758 2162 1018 2219 Hilarius.
1076 2158 1263 2214 Plures
1309 2168 1481 2212 autem
1539 2173 1643 2209 non

55 2277 160 2316 vere
208 2256 510 2315 Divinitatis
558 2258 755 2319 Deum.
786 2274 947 2330 neque
980 2273 1043 2311 ea:
1067 2254 1309 2310 Paterna:
1351 2252 1642 2327 Majestatis

57 2364 338 2426 natumque
371 2353 684 2424 proprietate
704 2352 977 2406 subsistere
999 2350 1257 2405 disserunt
1283 2366 1301 2414 ;
1332 2349 1420 2403 sed
1439 2358 1645 2402 (eterna:

56 2450 345 2504 substantiae
358 2446 567 2517 Deoquc
579 2447 632 2502 di
640 2462 813 2513 verste,
828 2462 944 2515 qua:
959 2446 1009 2499 in
1028 2444 1359 2514 adoptionem
1375 2441 1502 2496 Filii
1511 2442 1643 2496 elec-

56 2553 103 2594 ta
137 2543 203 2597 sit
230 2541 384 2595 modo
415 2551 775 2594 creaturarum
802 2555 865 2593 ex
895 2538 1081 2605 nihilo,
1105 2538 1289 2604 quibus
1326 2536 1471 2590 nulla
1501 2535 1644 2605 origo

57 2636 273 2690 anterior
302 2636 395 2697 sit,
416 2634 724 2689 constiterit.
745 2634 804 2687 Et
834 2633 886 2687 in
922 2631 1016 2686 lib.
1053 2648 1085 2685 ιι
1113 2631 1179 2685 dc
1209 2628 1357 2683 Trin.
1396 2642 1544 2683 num.
1574 2627 1642 2681 4:

62 2728 125 2785 Ut
154 2731 312 2801 aliqui
334 2729 496 2803 hujus
524 2745 659 2784 nunc
684 2728 928 2801 temporis
953 2726 1339 2795 prwdicutores,
1373 2724 1458 2794 qui
1485 2737 1548 2777 ea:
1567 2721 1649 2775 ni-

57 2824 187 2887 hilo,
223 2836 383 2897 atque
402 2842 434 2879 a
468 2834 697 2895 tempore
724 2825 973 2893 formam,
999 2832 1045 2876 et
1074 2820 1413 2890 sapientiam,
1438 2830 1485 2874 et
1526 2818 1649 2873 Vir-

58 2925 203 2970 tutem
260 2914 358 2970 Dei
427 2916 732 2987 provehunt.
804 2915 862 2969 S.
916 2912 1215 2984 Gregorius
1276 2912 1648 2967 Nazianzenus

58 3008 220 3078 (Orat.
248 3009 344 3080 49)
370 3007 572 3063 Filium
595 3007 690 3062 Dei
718 3008 1044 3073 mutabilem,
1067 3015 1113 3060 et
1141 3006 1540 3077 convertibilenz,
1567 3014 1649 3058 ut-

62 3111 169 3171 pote
211 3119 313 3157 non
359 3102 424 3155 de
463 3100 581 3155 Pati
596 3102 641 3156 is
681 3099 969 3155 substantia
993 3099 1281 3154 constitisse
1306 3098 1649 3169 conﬁngant:

64 3195 124 3249 Et
150 3198 233 3269 qui
258 3196 469 3250 initium
499 3212 562 3250 ea:
602 3205 850 3260 tempore,
873 3202 1103 3249 etortum
1126 3209 1188 3247 ex
1200 3193 1383 3258 nihilo,
1403 3204 1449 3245 et
1466 3208 1648 3245 nomen

61 3305 117 3341 ex
139 3289 299 3343 altera
325 3287 519 3342 habere
545 3303 746 3356 semper
784 3286 1086 3342 docuerunt.
1139 3283 1355 3339 Lucifer
1390 3282 1649 3338 Calcrita-

62 3397 154 3436 nus
181 3383 272 3437 lib.
317 3400 336 3438 ι
378 3383 717 3453 apologatico
746 3398 842 3454 pro
873 3380 930 3436 S.
964 3381 1257 3436 Athanasio
1286 3398 1298 3434 :
1331 3377 1652 3434 Catholicam

63 3477 173 3530 dicit
213 3478 373 3545 ﬁdem
409 3476 578 3541 illam,
610 3491 724 3546 qua:
753 3473 1099 3540 dicat,Deum
1131 3489 1231 3528 non
1260 3471 1449 3528 habere
1478 3487 1652 3527 verum

65 3569 267 3632 Filium,
293 3585 414 3642 qua:
442 3569 576 3623 dicat
606 3568 790 3638 fuisse,
818 3568 1023 3639 quando
1055 3584 1155 3621 non
1185 3569 1360 3639 fuerit,
1386 3582 1500 3638 qua:
1516 3566 1653 3620 dicat

62 3666 241 3732 factum
269 3680 335 3718 ea:
367 3662 569 3718 nihilo?
590 3661 664 3717 lta
694 3662 785 3717 ille
811 3661 1073 3717 adversus
1100 3659 1487 3731 imperatorem
1513 3659 1656 3715 Con—

64 3760 337 3813 stantium.

86 3906 89 3911 -
130 3874 305 3930 Tertia
334 3873 666 3931 Arianorum
696 3872 947 3928 formula.
1009 3870 1181 3926 Etiam
1228 3872 1281 3926 id
1325 3886 1523 3942 quoque
1561 3870 1657 3923 ad—

65 3967 201 4022 dunt.
235 3966 374 4022 Eum
400 3984 505 4022 non
532 3978 721 4021 natura
742 3968 792 4021 in
828 3964 984 4020 Putre
1008 3966 1247 4029 existere,
1282 3982 1370 4020 nec
1402 3981 1511 4020 esse
1534 3981 1656 4036 pro-

65 4063 222 4131 prium
251 4065 375 4135 ejus
412 4060 713 4116 substantia:
748 4057 970 4112 Verbum
992 4100 1006 4126 ,
1044 4075 1134 4111 nec
1160 4060 1426 4128 prapn'am
1453 4059 1661 4126 sapien-

66 4155 201 4218 tiam,
228 4156 285 4208 in
321 4170 427 4225 qua
441 4154 696 4207 mundum
722 4152 875 4206 istum
904 4150 1093 4205 creavit
1119 4166 1136 4204 :
1162 4151 1255 4205 sed
1284 4151 1339 4205 in
1364 4149 1522 4205 Patre
1550 4166 1659 4205 esse

64 4247 202 4301 aliud
230 4247 506 4317 proprium
528 4287 544 4311 ,
577 4255 621 4301 et
664 4246 922 4317 peculiare
951 4242 1173 4297 Verbum
1199 4284 1213 4307 ,
1243 4244 1503 4313 aliamque
1539 4245 1660 4299 item

66 4343 323 4411 prapriam
366 4340 675 4410 sapientiam
698 4380 713 4403 ,
761 4337 814 4391 in
842 4353 945 4403 qua
973 4336 1226 4407 sapientia
1260 4337 1402 4390 istud
1435 4336 1659 4390 Verbum

65 4434 212 4502 fecit:
253 4443 410 4504 atque
443 4431 557 4486 ideo
600 4432 768 4499 ipsum
805 4428 1087 4482 Dominum
1127 4426 1384 4482 Christum
1426 4439 1660 4499 respectu

66 4526 415 4590 rationalium,
440 4538 554 4594 qua:
580 4508 740 4576 verbis
769 4530 986 4575 utuntur
1007 4560 1024 4586 ,
1061 4518 1288 4575 Verbum
1316 4536 1425 4575 esse
1462 4537 1663 4575 nuncu-

1748 538 2053 609 fragmento
2084 540 2343 596 historico
2384 558 2537 598 num.
2566 542 2669 599 26:
2718 540 3011 597 Tradebant
3037 551 3209 596 autem
3238 540 3352 595 Arii

1751 630 1880 685 talia
1908 648 1925 685 :
1954 629 2164 687 Patrem
2191 631 2359 687 Deum
2388 634 2691 690 instituendi
2716 633 2868 689 Orbis
2899 649 3087 700 causa,
3116 633 3352 704 genuisse

1755 721 1955 777 Filium
1982 765 1995 789 ,
2026 734 2075 779 et
2103 740 2198 794 pro
2220 734 2491 792 potestate,
2518 728 2599 781 sui
2634 743 2701 782 ea:
2735 727 2897 782 nihilo
2925 727 2978 781 in
3007 726 3350 780 substantiam

1748 833 1951 884 novant,
1985 828 2135 889 atque
2163 819 2400 883 alteram,
2438 817 2604 874 Deum
2626 836 2811 875 nasum
2838 820 3160 889 alterumque
3195 819 3347 889 fecis-

1746 928 1799 965 se
1821 927 1840 965 :
1890 911 2098 982 profani
2136 912 2191 967 in
2230 911 2443 968 Patrem
2478 929 2542 969 ea:
2583 913 2746 968 nihilo
2777 913 3048 984 opinantes
3073 913 3275 984 aliquid
3302 912 3349 966 ei

1747 1005 1917 1060 simile
1942 1007 2171 1077 potuisse
2195 1009 2481 1077 generari:
2523 1005 2809 1077 blasphemi
2854 1006 2909 1060 in
2952 1005 3216 1061 Christum
3258 1006 3344 1059 in-

1746 1098 1960 1167 ﬁnitatis
1984 1116 2100 1154 eum
2135 1099 2373 1155 Paterna:
2392 1101 2731 1172 generositate
2750 1099 3090 1168 expoliantes.
3126 1098 3182 1154 ln
3208 1098 3349 1154 libro

1747 1209 1822 1248 xu
1846 1192 1916 1249 de
1945 1192 2092 1249 Trin.
2128 1209 2279 1249 num.
2314 1194 2405 1260 45,
2434 1194 2577 1249 idem
2607 1193 2847 1249 llilarins
2873 1210 2886 1247 :
2911 1191 3011 1246 Aut
3041 1194 3177 1264 forte
3194 1192 3341 1256 velis,

1747 1286 1802 1341 id
1827 1287 1964 1357 quod
2014 1280 2066 1341 in
2097 1303 2251 1360 Opera
2282 1297 2487 1343 creatur
2519 1328 2534 1354 ,
2585 1286 2659 1340 ita
2695 1284 2916 1356 intelligi
2953 1293 3189 1355 oportere
3219 1325 3233 1349 ,
3292 1291 3348 1338 ut

1747 1390 1957 1452 propter
1980 1396 2135 1451 opera
2165 1383 2230 1435 sit
2250 1389 2503 1436 creatum.
2533 1377 2601 1434 Id
2628 1388 2703 1434 est
2729 1389 2784 1433 ut
2802 1376 3041 1435 Christus
3061 1392 3216 1432 causa
3243 1376 3351 1446 eﬂio

1747 1474 2051 1529 ciendorum
2078 1490 2293 1542 operum
2319 1475 2383 1529 sit
2412 1484 2612 1529 creatus
2634 1485 2687 1527 ut
2713 1473 2824 1543 ipse
2847 1488 3020 1528 servus
3055 1472 3226 1543 potius
3250 1512 3266 1538 ,
3299 1479 3345 1524 et

1748 1579 1986 1639 operator
2000 1569 2177 1624 mundi
2188 1580 2435 1635 maneret,
2454 1586 2555 1624 non
2571 1568 2824 1623 Dominus
2834 1568 3015 1641 gloria!
3030 1576 3179 1623 natus
3194 1574 3341 1621 esset.

1746 1660 1803 1716 S.
1840 1677 2054 1732 quoque
2079 1661 2374 1733 Gregorius
2411 1663 2777 1718 Nazianzenus
2802 1665 2821 1733 (
2848 1662 2996 1717 Orat.
3027 1660 3141 1733 46)
3190 1675 3352 1732 quar-

1750 1763 1857 1810 tam
1888 1755 2047 1821 hanc,
2072 1765 2126 1811 et
2155 1739 2476 1826 sequentem.
2502 1757 2743 1826 quintam
2786 1755 3073 1810 formulam
3112 1769 3350 1809 comme-

1675 1852 1717 1913 B
1745 1856 1959 1902 morat:
1992 1847 2161 1902 Filius
2192 1864 2389 1919 quoque
2408 1848 2480 1903 itit
2507 1848 2794 1904 credendus
2822 1858 2896 1905 est
2932 1848 3067 1920 (Arii
3099 1847 3349 1903 Incresim

1746 1940 1913 1997 refert
1944 1943 2111 2010 ipsius
2144 1942 2250 1998 Arii
2282 1957 2502 1997 sensum
2548 1942 2861 2012 exprimens
2887 1940 2909 2014 )
2934 1952 2989 1995 ut
3019 1958 3109 2012 per
3137 1938 3350 1996 Esaiam

1745 2033 1936 2102 populo
1964 2032 2159 2085 dictum
2186 2042 2282 2098 est,
2314 2031 2481 2087 Filios
2505 2034 2764 2104 generari,
2794 2042 2841 2089 et
2870 2034 3127 2100 exaltari;
3152 2041 3201 2087 et
3227 2031 3352 2088 alibi

1747 2122 1834 2180 Dii
1878 2127 2033 2188 estis,
2079 2135 2126 2180 et
2170 2125 2300 2181 Filii
2345 2126 2599 2183 Altissimi
2623 2144 2798 2183 omnes
2841 2128 3135 2195 vocamini;
3185 2127 3274 2181 sed
3302 2139 3349 2181 et

1745 2220 2120 2291 primogenitus
2167 2221 2241 2274 ita
2287 2219 2558 2275 habebitur
2585 2264 2599 2285 ,
2628 2224 2885 2291 quomodo
2912 2230 2959 2276 et
2983 2220 3154 2276 Israel
3180 2237 3213 2276 α
3243 2219 3350 2273 Deo

1746 2315 2115 2385 primogenitus
2142 2313 2313 2369 Filius
2340 2316 2631 2386 appellatus
2654 2325 2745 2380 est,
2777 2330 2869 2371 nec
2895 2331 2996 2370 non
3019 2324 3068 2369 et
3093 2314 3351 2387 primoge.

1746 2408 1885 2461 nitus
1916 2408 2068 2462 totius
2095 2419 2365 2475 creatum,
2393 2411 2538 2479 quasi
2566 2411 2619 2463 in
2650 2410 2828 2465 ordine
2859 2412 3114 2481 factorum
3158 2411 3351 2481 primo-

1744 2502 1943 2571 genitus
1970 2502 2250 2568 habeatur,
2302 2512 2353 2556 ut
2400 2519 2461 2557 ex
2495 2518 2554 2557 eo
2584 2505 2768 2558 seriem
2795 2502 3071 2573 quamdam
3114 2502 3349 2557 creandis

1748 2594 1925 2648 mundi
1954 2596 2102 2648 rebus
2126 2596 2410 2666 assignant.

1819 2685 2015 2753 Quinta
2044 2685 2319 2741 Farmnla.
2372 2685 2494 2740 Non
2520 2688 2654 2741 enim
2684 2697 2757 2742 est
2792 2685 2966 2742 Patris
2993 2686 3252 2759 proprius,
3300 2696 3349 2741 et

1748 2779 2003 2834 naturalis
2031 2783 2181 2850 [tutus
2216 2777 2434 2834 Verbum
2458 2822 2474 2846 ,
2524 2780 2625 2834 sed.
2656 2791 2705 2835 et
2734 2782 2904 2852 ipsum
2944 2781 3112 2854 gratia
3161 2780 3343 2834 extitit.

1751 2870 1953 2927 Eadem
2021 2871 2279 2941 exprimit
2324 2872 2383 2927 S.
2429 2871 2666 2927 Hilarius
2708 2874 2802 2928 lib.
2851 2889 2904 2929 tv
2976 2872 3045 2928 de
3083 2871 3350 2928 'l‘rinitatc

1750 2979 1902 3020 num.
1931 2965 1966 3020 5
1990 2981 2004 3018 :
2035 2964 2203 3023 Aiunt.
2228 2981 2446 3036 namque
2470 2965 2697 3021 hteretici
2717 2982 2817 3021 non
2841 2983 2903 3022 ea:
2933 2965 3044 3021 Deo
3068 2981 3177 3021 esse
3200 2963 3354 3021 Chri—

1747 3068 1905 3125 stum,
1945 3058 2001 3113 id
2022 3069 2097 3114 est
2128 3058 2325 3113 Filium
2355 3076 2456 3115 non
2483 3078 2545 3114 ex.
2572 3060 2730 3135 Patre
2759 3071 2933 3116 natum
2952 3103 2966 3127 ,
2993 3077 3153 3123 neque
3183 3057 3349 3114 Deum

1749 3170 1815 3208 ea:
1841 3164 2050 3219 natura,
2080 3154 2167 3208 sed
2193 3168 2256 3208 ea:
2280 3154 2645 3209 constitutione
2674 3170 2782 3208 esse
2801 3196 2815 3218 ,
2857 3156 3187 3222 adoptionem
3213 3154 3349 3207 scili-

1677 3243 1723 3306 C
1753 3258 1831 3304 cet
1857 3251 1972 3321 ejus
1996 3249 2047 3302 in
2089 3249 2294 3304 nomine
2316 3291 2330 3314 ,
2368 3249 2488 3318 quia
2513 3250 2645 3303 sicut
2676 3250 2847 3316 plures
2872 3246 2981 3303 Deo
3009 3247 3139 3303 Filii
3160 3290 3176 3315 ,
3205 3251 3277 3302 ita
3306 3257 3351 3302 et

1752 3340 1836 3412 hic
1881 3340 1923 3395 F
1929 3341 2051 3395 ilius
2086 3342 2194 3404 sit;
2237 3340 2424 3397 dehinc
2452 3341 2808 3396 liberalitatem
2840 3341 2894 3394 in
2922 3342 3203 3413 dignitate;
3231 3341 3353 3410 quia

1753 3434 1888 3489 sicut
1916 3434 2001 3490 Dii
2030 3436 2201 3506 plures
2230 3447 2369 3500 sunt,
2395 3437 2469 3489 ita
2494 3446 2541 3490 et
2565 3435 2648 3489 hic
2684 3434 2823 3489 Deus
2849 3436 2948 3490 sit:
2977 3435 3356 3506 indulgentiore

1756 3537 1925 3580 tamen
1958 3528 2010 3580 in
2036 3542 2095 3581 eo
2115 3568 2128 3588 ,
2161 3536 2207 3580 et
2245 3526 2541 3598 adoptionis
2567 3569 2579 3589 ,
2613 3536 2661 3581 et
2696 3527 3091 3596 nuncupationis
3120 3525 3309 3594 a/Iectu
3336 3567 3352 3592 ,

1757 3627 1830 3682 ut,
1861 3629 1908 3673 et
1936 3634 2044 3688 pra:
2072 3620 2267 3673 ueteris
2295 3620 2361 3674 sit
2390 3620 2669 3689 adoptatus
2688 3662 2702 3685 ,
2734 3629 2781 3673 et
2807 3620 3064 3690 adoptivis
3098 3620 3218 3673 aliis
3248 3633 3357 3671 ma-

1748 3713 1839 3785 jor
1859 3711 1969 3781 ipse
1998 3712 2061 3765 sit
2084 3709 2259 3765 Filius
2282 3753 2297 3777 ,
2328 3723 2375 3765 et
2398 3711 2726 3767 excellentius
2751 3713 2945 3767 cunctis
2975 3714 3173 3766 naturis
3210 3726 3357 3765 crea-

1760 3813 1869 3867 tus,
1906 3805 2156 3858 creaturis
2192 3804 2321 3876 ipsis
2352 3806 2549 3859 verteris
2579 3813 2807 3875 prastat.
2865 3805 3021 3858 Aiunt
3054 3805 3207 3858 etiam
3245 3802 3358 3873 qni-

1761 3897 1879 3949 dam
1915 3912 2110 3963 eorum,
2142 3896 2236 3951 Dei
2257 3896 2694 3969 Omnipotentiam
2714 3897 3012 3967 confitentes
3038 3898 3089 3951 in
3122 3896 3355 3950 similitu-

1762 3990 1932 4046 dinem
1986 4007 2100 4045 eum
2150 3990 2246 4045 Dei
2294 4004 2521 4048 creatum
2550 4034 2563 4056 ,
2593 4001 2640 4045 et
2688 4008 2753 4046 ea:
2782 3991 2968 4054 nihilo,
3002 4002 3056 4044 ut
3094 3999 3278 4044 ctetcra
3306 3989 3357 4041 in
3402 4062 3409 4067 '

1761 4087 1939 4141 teterni
1962 4085 2102 4140 illius
2129 4083 2390 4140 Creatoris
2412 4088 2494 4141 sui
2515 4087 2788 4158 imaginem
2817 4086 3174 4140 constituisse:
3199 4081 3361 4137 Verbo

1763 4177 1995 4234 videlicet
2020 4183 2082 4234 de
2111 4196 2214 4233 non
2243 4181 2533 4235 extantibus
2555 4181 2759 4251 jussum
2785 4195 2895 4233 esse
2928 4177 3222 4241 subsistere,
3250 4175 3359 4231 Deo

1766 4281 1967 4341 potente
1993 4273 2377 4329 similitudinem
2407 4274 2488 4327 sui
2512 4290 2577 4329 ea:
2605 4274 2766 4327 nihilo
2793 4286 3051 4341 coaptt.re.
3088 4271 3212 4326 "th
3229 4268 3363 4324 satis

1765 4380 1887 4422 esse
1929 4378 2158 4436 possunt
2210 4367 2275 4420 ad
2314 4368 2650 4422 innuendmn
2697 4366 2793 4422 SS.
2826 4366 3055 4429 Patres,
3104 4365 3195 4434 qui
3242 4370 3361 4433 post

1764 4458 1952 4513 Arium
1982 4460 2349 4530 scripserunt,
2390 4459 2496 4514 Arii
2529 4461 2776 4529 proprias
2809 4459 3044 4512 Ita-rosus
3081 4454 3363 4511 enuntias-

1765 4565 1847 4616 se,
1880 4566 1943 4605 ac
1973 4550 2241 4606 refutasse
2269 4566 2282 4607 :
2309 4548 2462 4618 Quod
2493 4552 2545 4604 in
2576 4550 2633 4606 S.
2660 4549 2897 4605 Zennnis
2918 4547 3259 4603 sermonibus
3282 4548 3363 4602 in-

68 4630 257 4684 patum.
293 4616 372 4671 Ita
401 4617 458 4672 ὃ.
486 4613 814 4670 Athanasius
844 4611 1053 4684 (Oratio
1077 4612 1236 4667 citata
1254 4614 1286 4667 5
1307 4622 1483 4666 contra
1504 4613 1657 4668 Aria-
1686 4645 1742 4707 Β
1768 4611 1938 4699 ve'niri
1963 4659 2068 4698 no"
2102 4653 2299 4714 ροιθει,

73 4710 201 4780 nos),
230 4720 289 4766 et
316 4708 388 4765 de
412 4708 694 4765 Sententia
729 4705 996 4777 Dyonisii.
1044 4706 1124 4758 Ad
1158 4716 1341 4759 caetera
1368 4706 1507 4760 mala
1537 4722 1654 4772 sua,

68 4814 111 4857 et
131 4805 261 4859 hanc
287 4819 492 4874 quoque
519 4801 894 4865 sententiolam,
926 4808 974 4853 rt
1004 4800 1355 4872 esterquilinio
1383 4802 1660 4873 depromp-

70 4909 164 4949 tam
186 4898 405 4970 adjecit.
434 4894 653 4950 Verbum
679 4908 780 4947 non
807 4907 916 4947 esse
935 4889 1085 4945 Patri
1112 4907 1263 4945 suum
1280 4908 1341 4945 ac
1365 4893 1656 4962 praprium,

69 4989 150 5042 sed
176 4990 398 5043 alterum
424 5003 533 5042 esse
577 4983 795 5038 Verbum
818 4985 871 5038 iu
904 4982 1057 5049 Deo;
1094 4982 1230 5037 hunc
1268 4992 1441 5037 autem
1475 4983 1656 5038 Domi—

72 5098 182 5134 num
227 5092 460 5136 nostrum
500 5090 609 5133 esse
654 5078 877 5131 alienum
907 5093 938 5131 a
970 5076 1146 5131 Patris
1187 5079 1513 5144 substantia,
1556 5078 1659 5133 dici

80 5172 290 5227 l'erbum
323 5172 687 5244 imaginarium
711 5209 728 5235 ,
774 5184 937 5238 neque
987 5186 1094 5225 esse
1138 5167 1446 5223 naturaliter
1486 5184 1661 5224 rerum

73 5264 159 5319 Dei
190 5265 404 5332 Filium,
445 5264 537 5320 sed
558 5262 832 5333 adoptione
858 5263 955 5316 hoc
984 5276 1166 5316 nomen
1188 5261 1467 5317 obtinuisse
1486 5272 1664 5330 utpote

72 5368 376 5414 creaturam.

138 5474 337 5543 Quarta
369 5472 481 5527 Arii
514 5468 744 5524 formula
769 5485 836 5524 ex
863 5469 1058 5525 eodem
1084 5469 1143 5525 S.
1170 5469 1494 5524 Athanasio:
1522 5469 1659 5525 Rur—

72 5583 153 5620 sus
180 5566 319 5619 idem
349 5565 423 5618 ait
449 5561 616 5616 Deum
646 5577 747 5615 non
778 5577 870 5616 nos
929 5572 1138 5635 propter
1176 5563 1323 5616 illum
1347 5601 1363 5628 ,
1393 5562 1484 5616 sed
1509 5563 1659 5617 illum

72 5669 273 5727 propter
290 5673 382 5711 nos
399 5654 717 5713 condidisse:
749 5672 768 5706 ι
791 5652 922 5709 Erat
951 5655 1106 5719 enim,
1121 5656 1311 5725 inquit,
1326 5654 1469 5710 solus
1492 5654 1654 5725 Deus,

73 5768 156 5805 nec
175 5760 284 5806 erat
314 5748 535 5805 Verbum
564 5763 676 5801 cum
702 5763 762 5803 eo
785 5763 803 5800 :
851 5746 1049 5802 Deinde
1089 5763 1204 5802 cum
1234 5748 1379 5802 vellet
1405 5764 1501 5802 nos
1530 5767 1654 5817 pra-

71 5858 235 5897 rrearc
253 5878 268 5905 .
298 5846 421 5897 tunc
457 5842 659 5909 quoque
680 5840 833 5896 istum
855 5841 1139 5908 procreavit
1165 5878 1179 5908 ,
1212 5851 1655 5912 quempbstquam

1764 4780 1792 4853 §
1824 4780 1946 4835 XX.
1983 4779 2202 4834 Nullum
2241 4792 2601 4856 argumentum
2622 4799 2686 4837 ex
2730 4798 2809 4848 eo,
2857 4782 2994 4851 quod
3045 4782 3097 4835 in
3127 4780 3366 4853 operibus

1836 4872 1945 4929 SS.
1989 4871 2207 4927 Patrum
2264 4875 2343 4929 vel
2387 4875 2686 4955 innituntur,
2729 4876 2806 4929 vel
2844 4875 3148 4946 refellantur
3195 4889 3367 4925 recen-

1835 4970 1988 5022 tiores
2025 4967 2264 5039 htereses,
2291 4970 2401 5023 erui
2432 4980 2618 5043 potest,
2639 4970 2707 5024 ad
2734 4972 2963 5044 ipsorum
2992 4966 3099 5025 SS.
3147 4966 3365 5021 Patrum

1838 5059 2102 5132 Epocham
2135 5062 2559 5117 constituendam.

1839 5196 1954 5252 Non
2004 5198 2188 5267 utique
2237 5197 2447 5253 inllcior
2490 5215 2556 5255 ex
2610 5202 2694 5265 iis,
2723 5215 2844 5270 quae
2877 5198 2936 5253 Ι).
2969 5196 3119 5254 Zeno
3159 5200 3272 5257 suis
3313 5200 3364 5254 in

1767 5290 2084 5347 tractatibus
2126 5291 2325 5347 dixerit
2353 5294 2632 5348 veritatem
2661 5293 2916 5348 omnibus
2948 5293 3058 5347 Arii
3092 5292 3367 5349 cru-nribus

1767 5384 2093 5439 contrariam
2119 5392 2310 5454 aperte
2348 5385 2709 5456 deprehendi;
2744 5402 2865 5440 nam
2898 5385 3088 5441 Filium
3124 5385 3366 5457 ejusdem

1769 5490 1888 5532 esse
1917 5476 2234 5531 substantias
2264 5491 2385 5531 cum
2415 5477 2575 5533 Patre
2605 5478 2946 5548 apertissime
2968 5493 3089 5532 cum
3113 5478 3365 5542 fateatur,

1768 5570 1979 5641 ipsique
2026 5570 2168 5625 Patri
2221 5571 2483 5641 aequalem
2514 5581 2985 5637 coaeternntnqnc;
3021 5568 3243 5639 perimit:
3285 5580 3369 5623 est

1766 5678 1830 5718 ac
1858 5662 2072 5717 Patrem
2095 5677 2310 5733 semper
2333 5661 2500 5717 fuisse
2530 5664 2737 5716 Patrth
2761 5673 3040 5727 asseretc;
3080 5660 3274 5714 Filium
3303 5676 3369 5715 rx

1767 5756 1939 5812 nihilo
1967 5772 2073 5811 non
2101 5755 2265 5811 fuisse
2296 5766 2571 5819 creatum;
2625 5768 2799 5822 neque
2848 5751 3061 5808 initium
3114 5752 3370 5808 habuisse
3410 5758 3413 5761 “

1766 5846 1927 5905 etiam
1957 5852 2084 5903 inte
2113 5849 2303 5904 omnes
2330 5857 2645 5911 creaturas,
2690 5855 2745 5898 nt
2793 5840 2979 5898 Ariani
3024 5838 3359 5907 delirabanl.
