3902 6324
237 301 315 355 [69
987 355 996 363 ,
1579 278 2052 351 υιεςεςητλτιο.

3479 127 3507 134 -‘

3352 269 3455 346 ἀπο

233 405 406 470 Zenonis
431 409 707 472 sententias,
735 425 847 462 cum
871 408 951 462 his
980 407 1291 482 temporibus
1321 410 1594 485 (vulgata:
1621 411 1765 468 seili—
1789 419 1839 480 Α
1869 408 2079 468 siniiles
2121 411 2349 484 repeﬁri
2393 407 2709 480 sentléiitias,
2757 425 2892 484 quas
2938 408 3028 466 hic
3065 399 3318 466 conferre
3351 400 3457 466 non

230 521 296 565 οσι
322 505 606 561 Αιιίιιηυτιιιιι
632 502 881 574 haeresis)
904 502 1118 557 historia
1142 505 1296 575 probe
1314 499 1617 576 congruere,
1635 505 1764 560 adeo

229 613 270 658 nt
288 592 394 655 nihil
416 596 570 652 simile
585 595 932 668 superioribus
961 599 1182 664 siccatis,
1205 597 1388 667 quibus
1407 599 1554 653 illum
1580 600 1766 654 vixisse

229 692 418 751 nonnulli
439 691 742 754 existimant,
767 688 947 758 afferri
975 700 1148 758 queat,
1173 692 1256 746 cui
1284 693 1393 748 illa:
1423 709 1658 766 pera'que
1685 710 1768 748 re-

226 785 474 858 spondeant.
513 781 587 838 lla
613 789 668 838 et
701 799 820 854 cap.
853 785 877 839 1
906 783 1310 840 Dissertationis
1339 787 1592 841 secundae
1621 785 1769 841 afﬁr-

224 889 343 935 mant
379 876 576 947 pariter.
625 873 790 930 Erant
817 877 1009 948 quippe
1033 878 1206 949 plures
1227 874 1382 932 Fidei
1403 878 1639 948 formula:
1661 889 1769 932 tum

225 972 344 1027 rariis
361 970 650 1024 Arianorum
670 980 717 1026 et
741 968 1182 1028 Semiariauorum
1215 970 1428 1043 synodis
1467 970 1641 1036 editae,
1660 980 1768 1024 tum

223 1081 312 1136 qua:
342 1083 370 1118 ιι
397 1061 690 1136 quibusdam
719 1063 973 1138 episcopis
1007 1067 1062 1119 in
1107 1081 1216 1120 sum
1241 1078 1391 1121 secta:
1419 1066 1768 1138 defensionem

223 1155 649 1230 promulgabantur.
705 1155 804 1212 Ha:
847 1157 1020 1229 itaque
1049 1168 1171 1213 sunt
1222 1177 1240 1210 ‹
1271 1159 1349 1213 llli
1383 1160 1536 1214 multi
1569 1167 1768 1215 tracta-

228 1269 244 1304 ι
274 1261 362 1314 tus,
390 1251 561 1306 multae
588 1251 768 1318 Fides,
813 1261 868 1306 et
910 1251 1128 1324 quidem
1182 1253 1432 1320 novellae,
1464 1264 1519 1310 et
1548 1253 1661 1310 litis
1691 1255 1768 1310 Ia-

225 1348 389 1410 rbore,
418 1353 468 1400 et
507 1344 692 1400 favore
732 1346 948 1401 nutritae
989 1367 1008 1400 ι
1051 1363 1180 1419 quas
1211 1347 1272 1405 S.
1298 1347 1438 1404 Zeno
1464 1364 1768 1406 eonunemo-

222 1449 302 1502 rat,
328 1448 461 1492 tract.
494 1453 530 1504 ι,
563 1455 707 1493 nam.
740 1441 791 1503 5,
827 1440 916 1495 lib.
946 1443 1099 1510 prim.

273 1529 400 1585 Nulla
430 1542 604 1587 tamen
650 1529 908 1590 incumbit
955 1537 1270 1602 necessitas,
1303 1534 1404 1592 lios
1446 1543 1706 1594 tractatus
1737 1553 1767 1594 a

217 1625 267 1679 1).
289 1623 481 1680 Zenone
505 1627 817 1682 enuntiatus
857 1629 926 1684 de
953 1627 1198 1686 formulis
1219 1630 1542 1686 Arianorum
1567 1630 1770 1687 intelli-

213 1725 341 1788 gere;
369 1718 501 1791 quod
524 1713 587 1774 ut
613 1722 954 1777 manitestum
982 1725 1072 1789 sit,
1098 1722 1634 1779 animadvertendum
1662 1733 1766 1791 est,

1869 504 2064 576 pigeat.

1939 577 2323 651 Tertiillianns.
2389 595 2465 650 Ea
2517 606 2614 662 est,
2671 593 2866 666 inquit;
2913 592 3129 651 materid
3178 585 3462 663 Stipientite

1867 689 2137 744 surcularis
2161 689 2430 742 temeraria
2475 689 2726 759 interpres
2755 686 2953 743 Divina:
2983 683 3226 753 Naturae,
3277 695 3326 740 et
3371 685 3463 742 Di-

1869 781 2190 854 spositionis,
2217 765 2411 854 quibus
2441 781 2782 839 Valentinum
2815 780 2990 852 carpit
3023 769 3258 837 subdens
3286 799 3298 836 :
3329 779 3464 836 Inde

1868 891 2047 942 conas,
2075 887 2124 932 et
2148 881 2326 950 fornae
2365 877 2532 932 nescio
2577 882 2710 949 quin,
2743 886 2788 933 et
2831 875 3036 932 trinitas
3083 869 3301 931 hominis
3324 875 3462 949 apud

1877 971 2230 1026 Valentinum.

1893 1081 1901 1088 ‘
1941 1064 1999 1121 8.
2029 1049 2172 1121 Zeno
2203 1066 2400 1137 (Serm.
2429 1065 2592 1136 prted.
2627 1081 2680 1120 n.
2713 1063 2771 1137 5)
2799 1083 2812 1120 :
2847 1063 2942 1122 Sin
2967 1079 3086 1120 vero
3130 1063 3267 1136 quod
3299 1061 3463 1134 magis

1870 1166 1968 1225 est,
1997 1159 2090 1213 sub
2121 1175 2246 1212 sono
2275 1159 2423 1229 legis,
2453 1176 2514 1214 ac
2547 1155 2702 1212 Fidei
2731 1157 2994 1214 saecularis
3039 1173 3215 1214 amore
3251 1161 3465 1232 jactan—

1871 1243 1958 1309 tia:
1981 1269 2225 1308 accensus
2257 1254 2511 1308 nascentis
2544 1251 2638 1307 Dei
2685 1251 2750 1308 de
2787 1251 2892 1306 Deo
2921 1247 3248 1325 Spiritnsque
3285 1253 3466 1308 Sancti

1871 1345 2299 1411 intestimabilem,
2331 1343 2998 1418 incomprehensibilemque
3025 1339 3324 1400 Divinitatt’s
3351 1360 3467 1415 per-

1873 1427 2169 1510 petuitatem
2203 1442 2326 1512 jure
2373 1437 2507 1512 ipsa,
2551 1421 2652 1509 quo
2694 1455 2760 1493 ea:
2792 1455 2900 1492 sese
2943 1448 3038 1502 est,
3079 1438 3392 1512 argumentis
3421 1445 3467 1492 te

1871 1548 2070 1604 cogere,
2125 1533 2440 1596 examinare,
2489 1531 2656 1588 metiri
2690 1547 2749 1586 ac
2779 1530 3066 1586 discernere
3090 1545 3241 1603 posse
3269 1539 3468 1600 pra‘su-

1873 1627 1990 1679 mis.
2025 1623 2122 1681 Illa
2149 1625 2350 1681 etenim
2387 1619 2547 1681 verba
2579 1625 2840 1680 stecnlaris
2864 1631 3037 1680 amore
3071 1625 3338 1698 jactantite
3380 1639 3468 1677 ac—

1873 1733 2050 1771 census
2099 1718 2411 1790 argumentis
2453 1727 2501 1774 te
2545 1734 2745 1791 cogere.
2793 1719 3122 1784 examinare,
3169 1709 3358 1782 metiri,
3407 1715 3468 1770 dc

217 1813 387 1868 erudite
409 1813 652 1884 quamvis
678 1814 838 1870 iidem
864 1811 1139 1870 Ballerinii
1161 1809 1442 1880 adnotent,
1473 1815 1771 1887 Expositio-
1799 1810 2128 1888 Bdiscuter‘e
2197 1809 2588 1884 philosophiam
2648 1806 2942 1870 Gentilium
2990 1808 3362 1882 reprehendit,
3413 1805 3469 1864 tit

214 1922 283 1960 nes
308 1903 464 1972 Fidei,
489 1923 581 1961 seu
611 1907 868 1978 formulas
893 1906 1046 1963 Fidei
1076 1910 1140 1963 ab
1171 1911 1424 1980 episcopis
1466 1911 1521 1965 in
1547 1911 1768 1965 concilio

215 1999 510 2054 tractantibus
529 1999 722 2066 editas,
746 2000 992 2055 lractatus
1013 1997 1188 2063 Fidei,
1207 2017 1296 2054 seu
1315 2002 1468 2055 etiam
1480 2003 1646 2057 solum
1665 2012 1769 2055 tra-

211 2100 348 2144 elatus
372 2091 622 2162 appellari
659 2093 842 2166 solere.
874 2091 1128 2148 Attamen
1157 2101 1416 2149 traetatus
1442 2107 1638 2148 nomen
1687 2094 1770 2150 his

211 2183 439 2252 fortnulis,
467 2187 558 2240 seu
591 2185 1026 2258 expositionibus
1056 2187 1206 2242 Fidei
1237 2205 1341 2241 non
1384 2188 1454 2242 ita
1483 2201 1603 2242 esse
1648 2204 1771 2256 prn-

207 2279 370 2348 prium,
401 2282 455 2332 ut
496 2281 662 2334 aliam
709 2281 953 2350 quamvis
991 2284 1365 2337 tractationem
1407 2292 1555 2336 extra
1587 2283 1772 2338 comi-

207 2369 312 2422 lium
353 2369 582 2426 habitam
632 2372 938 2441 signiﬁcare
967 2390 1072 2428 non
1110 2375 1310 2442 possit;
1341 2387 1534 2443 nempe
1560 2384 1612 2429 et
1641 2387 1771 2428 con-

203 2462 382 2517 cionem
403 2463 466 2516 ad
490 2465 750 2534 populum
775 2463 1100 2532 habitam,et
1123 2465 1489 2535 apologeticos
1514 2471 1773 2522 tractatus

207 2567 286 2623 pro
308 2555 446 2623 Fide,
477 2568 566 2611 aut
596 2568 820 2622 contra;
863 2555 962 2611 hoc
994 2556 1184 2612 iisdem
1217 2557 1274 2614 S.
1303 2556 1538 2613 Zenonis
1567 2574 1775 2612 sermo-

205 2650 338 2706 nibtis
357 2653 763 2720 comprobatur.
793 2652 882 2721 qtti
905 2651 1096 2712 omnes
1119 2661 1378 2707 tractatus
1403 2653 1557 2707 titulo
1583 2653 1776 2708 inscri-

205 2743 406 2809 buntur;
451 2762 624 2815 quare
664 2753 720 2800 ut
766 2744 926 2800 iidem
969 2753 1190 2800 rnonent
1233 2745 1453 2800 inferius
1484 2745 1774 2801 clarissimi

201 2837 287 2893 viri
310 2838 364 2895 S.
387 2839 530 2894 Zeno
559 2841 824 2895 tractatus
846 2839 1085 2904 nomine,
1102 2855 1202 2892 non
1221 2838 1478 2911 simplices
1492 2835 1646 2892 Fidei
1669 2840 1776 2908 for-

202 2935 372 3000 mulas,
403 2935 490 2988 sed
521 2931 745 3006 fusiores
771 2935 1112 3005 expositiones
1141 2930 1314 2998 Fidei,
1339 2933 1393 2987 in
1420 2932 1600 3003 quibus
1627 2947 1776 2986 suam

196 3029 380 3103 quisque
437 3029 597 3085 Fidei
653 3027 954 3084 sententiam
997 3030 1312 3102 argumentis
1371 3038 1421 3084 et
1462 3027 1774 3082 rationibus-

198 3123 430 3178 adstruere
451 3123 761 3191 conabatur,
809 3134 865 3178 ut
909 3139 974 3178 ea:
1011 3132 1251 3179 contextu
1293 3124 1615 3196 exploratum
1661 3133 1768 3189 est,

1875 1897 2261 1962 Tcrtullianus.
2306 1906 2389 1962 Ea
2411 1918 2488 1962 est
2537 1909 2750 1963 materia
2791 1908 3056 1980 sapientia:
3099 1897 3466 1962 iaculariste-

1873 1997 2095 2053 meraria
2133 1997 2383 2070 interpres
2431 1997 2634 2056 Divina?
2670 2010 2889 2056 natura).
2935 2000 3066 2056 Aliis
3106 2013 3234 2056 vero
3271 1999 3328 2056 8.
3356 1996 3469 2054 Ze-

1873 2092 2034 2146 nonis
2058 2109 2072 2145 :
2101 2091 2376 2149 Nascentis
2403 2090 2494 2149 Det
2525 2093 2588 2147 de
2601 2091 2710 2148 Deo
2741 2088 3069 2164 Spiritusque
3101 2083 3304 2158 Sancti,
3333 2081 3467 2160 etin,

1877 2185 2240 2244 Valentiniani
2288 2189 2605 2257 reprehensi
2635 2187 2910 2255 videntur,
2943 2185 3036 2258 qui
3085 2187 3308 2258 turpiter
3335 2187 3472 2242 adeo

1874 2279 2015 2335 circa
2047 2278 2141 2336 Dei
2173 2281 2363 2352 (verbo
2391 2278 2459 2336 sit
2485 2275 2664 2350 venia)
2705 2277 2964 2351 originem
3009 2277 3124 2335 Suis
3154 2279 3208 2334 in
3241 2277 3472 2333 eonibus

1874 2373 2194 2432 deliraruni.
2228 2371 2356 2432 Nam
2385 2372 2440 2432 et
2475 2371 2528 2430 in
2563 2363 2664 2430 line
2695 2375 2964 2432 sermonis
2995 2371 3239 2444 Apostoli
3267 2379 3473 2427 textum

1878 2469 1942 2524 D.
1973 2467 2121 2524 Pauli
2163 2469 2362 2540 allegat
2390 2463 2574 2524 noster
2601 2477 2813 2536 auctor,
2853 2485 2959 2540 quo
2991 2465 3375 2539 Genealogias,
3417 2474 3474 2523 et

1875 2559 2086 2618 fabulas
2113 2545 2284 2632 carpit
2309 2561 2365 2618 S.
2399 2559 2714 2632 Apostolus.

1947 2653 2400 2729 TertulliannsU.
2446 2673 2492 2710 c.
2521 2655 2972 2727 c.10).Cteterum
3016 2655 3060 2711 si
3089 2659 3231 2728 quia,
3277 2665 3323 2710 et
3367 2649 3475 2710 alia

1877 2761 2020 2806 tanta
2045 2755 2107 2806 ab
2138 2750 2256 2806 aliis
2301 2749 2421 2806 sunt
2463 2750 2716 2816 instituta,
2749 2748 3018 2824 propterea
3046 2749 3098 2805 in
3138 2758 3336 2806 tantum
3366 2765 3477 2804 cre-

1878 2843 1998 2897 dere
2017 2842 2280 2909 debemus,
2308 2843 2362 2898 itt
2387 2851 2634 2914 quantum
2676 2860 2948 2916 possumus
2987 2841 3234 2908 inuenire,
3279 2857 3478 2912 seraper

1877 2951 2182 3007 queremus,
2241 2947 2286 2990 et
2333 2953 2597 3010 nunquaut
2649 2935 2854 2991 omnino
2904 2935 3184 2991 credemus.
3239 2933 3339 2992 Ubi
3387 2935 3478 2990 erit

1878 3031 2000 3099 ﬁnis
2025 3031 2332 3099 quwrendi?
2365 3029 2463 3087 Ubi
2488 3031 2642 3086 statio
2673 3027 2954 3086 credendi?

1951 3122 2010 3180 S.
2041 3121 2220 3180 Zeno:
2255 3123 2414 3178 Video
2442 3135 2708 3196 pra'terea,
2737 3123 2868 3178 sicut
2899 3122 3223 3178 adsertorum
3247 3122 3480 3178 indicant

195 3218 397 3286 accepit.
433 3217 544 3273 Hoc
578 3232 748 3273 sensu
777 3225 834 3272 et
877 3217 1245 3272 'l'ertullianus
1278 3209 1774 3272 Valentinianorum
1803 3208 1848 3285 ζ]
1884 3217 2093 3271 nomina
2140 3215 2274 3289 (qua:
2322 3216 2364 3270 si
2418 3219 2628 3288 auferas
2677 3213 2822 3270 nulla
2871 3211 3109 3288 fortassis
3159 3223 3232 3269 est
3282 3217 3480 3286 pugna)

196 3316 241 3358 ιιι
272 3307 701 3364 Marcionitarnin
727 3351 740 3376 ,
787 3310 1124 3381 aliorumque
1158 3310 1532 3364 haereticorum
1586 3303 1775 3364 contra

194 3395 356 3455 Fidem
387 3401 794 3473 disputationes
821 3399 1127 3457 retracturus
1155 3401 1406 3472 appellat.
1432 3397 1640 3455 Eaedem
1659 3417 1776 3456 ma-

195 3493 314 3546 teria:
339 3495 477 3564 apud
509 3496 786 3566 haereticos
825 3503 876 3549 et
919 3493 1251 3568 philosophos
1295 3496 1609 3561 volutantur,
1641 3494 1778 3548 idem

190 3595 464 3644 rrtractutus
494 3589 859 3660 implicantur.
913 3581 1144 3646 Pra-cise
1171 3591 1331 3646 etiam
1365 3601 1610 3644 tractatus
1649 3589 1780 3644 dicit

191 3679 247 3734 de
273 3683 535 3738 inet'cticis
568 3685 802 3754 loquelis
828 3699 840 3737 :
864 3682 972 3740 Sed
1001 3699 1115 3736 cum
1137 3683 1422 3752 decipiendi
1449 3682 1614 3755 gratia
1639 3697 1778 3752 prcc-

189 3778 406 3848 tendunt,
438 3787 494 3834 Se
523 3783 708 3836 adhuc
747 3796 1008 3852 qumrere,
1039 3789 1092 3834 ut
1127 3779 1269 3833 nobis
1299 3789 1387 3844 per
1415 3777 1780 3832 sollicitudinis

189 3871 486 3942 injectionem
508 3883 768 3932 tractatus
793 3889 914 3928 suos
943 3874 1216 3928 insinuent.
1249 3871 1363 3927 Non
1414 3879 1620 3926 tantum
1651 3885 1781 3924 vero

187 3967 279 4032 agit
329 3969 715 4024 Tertullianus
771 3968 838 4024 de
900 3969 1272 4024 haereticorum
1327 3965 1780 4036 disputationibus

187 4057 308 4114 citet
341 4060 551 4130 Fidem,
583 4061 686 4118 sed
708 4071 762 4116 et
785 4058 1212 4119 Catholicorum.
1247 4058 1406 4114 Venio
1435 4058 1604 4126 itaque
1627 4056 1696 4110 ad
1715 4057 1784 4111 il-

185 4151 274 4205 lum
297 4155 608 4222 articulum;
640 4167 795 4224 quem
816 4159 861 4206 et
887 4153 1050 4207 nostri
1070 4149 1394 4224 praetendunt
1416 4149 1484 4204 ad
1505 4149 1780 4204 ineundum

184 4246 556 4312 curiositatem,
613 4255 667 4302 et
715 4243 941 4302 hteretici
985 4242 1247 4300 inculcant
1289 4243 1358 4297 ad
1403 4241 1785 4316 importandum

181 4340 456 4409 scrupulosi
460 4349 652 4395 tatem.

245 4431 469 4488 Sanctus
521 4433 754 4503 quoque
803 4430 950 4486 Zeno
988 4431 1042 4484 in
1092 4429 1196 4484 hoc
1241 4428 1506 4485 Sernion‘e
1533 4427 1602 4483 de
1653 4425 1785 4482 Fide

181 4537 537 4596 quosctnnque
593 4530 885 4590 tractatus,
931 4521 1126 4592 quibus
1165 4521 1232 4578 de
1278 4511 1410 4576 Fide
1439 4523 1616 4592 agitur
1670 4519 1786 4574 sive

1880 3313 2070 3366 multos
2099 3311 2260 3382 fuisse
2289 3319 2566 3377 tractatus,
2614 3310 2804 3364 multas
2839 3308 2989 3379 ﬁdes,
3041 3304 3086 3363 et
3132 3305 3340 3379 quidem
3388 3323 3482 3360 no-

1881 3405 2059 3472 oe’las,’
2113 3399 2160 3460 et
2210 3406 2315 3460 litis
2363 3405 2554 3470 labore,
2601 3419 2660 3457 ac
2707 3405 2880 3474 favore
2909 3402 3150 3468 nutritas,
3180 3415 3327 3470 quas,
3360 3401 3480 3468 quia

1880 3511 1998 3552 uera
2030 3499 2116 3552 vix
2141 3507 2304 3562 potest
2334 3497 2570 3562 inveniri,
2597 3494 2752 3550 credo
2781 3511 2844 3549 ne
2882 3493 3060 3566 populi
3092 3494 3310 3565 penuria
3332 3493 3482 3546 labo-

1883 3605 2060 3648 rarent
2106 3593 2306 3647 venales
2357 3607 2465 3646 esse
2511 3571 2822 3661 pi'dpositas.
2883 3581 3247 3642 Verumtamen
3295 3599 3359 3641 ea:
3404 3585 3486 3638 his

1885 3686 2117 3740 omnibus
2173 3679 2466 3756 eligendum
2513 3679 2638 3754 quid
2683 3683 2769 3747 sit,
2823 3675 2926 3736 non
2977 3687 3139 3750 potest
3181 3681 3342 3746 nasci,
3395 3689 3487 3734 aut

1885 3777 2270 3849 comprehendi,
2303 3775 2426 3847 quia
2454 3792 2555 3829 non
2583 3777 2681 3830 erit
2703 3775 2794 3829 nec
2823 3772 3114 3846 proprium,
3144 3787 3235 3827 nec
3257 3773 3484 3842 ﬁrmum,

1883 3869 2022 3942 quod
2055 3871 2200 3925 habet
2229 3879 2416 3925 statum
2443 3885 2642 3940 semper
2685 3869 2956 3932 incertum,
2985 3867 3175 3939 quippe
3195 3883 3312 3920 cum
3338 3867 3486 3920 unius

1885 3965 2066 4022 electio
2095 3965 2162 4020 sit
2207 3963 2422 4018 allerius
2454 3961 2768 4029 reprobatio.
2821 3953 2888 4015 Et
2934 3957 3250 4016 Tertulliani
3307 3957 3488 4026 itaque

1889 4059 2136 4130 tempore
2185 4057 2336 4114 multi
2379 4065 2534 4112 erant
2562 4055 2712 4111 Fidei
2743 4053 3064 4108 Tractatus:
3105 4044 3168 4104 Et
3208 4051 3314 4104 alia
3344 4056 3487 4104 tanta

1885 4149 1947 4206 ab
1977 4151 2094 4206 aliis
2121 4159 2235 4205 sunt
2259 4145 2520 4214 instituta;
2547 4149 2744 4219 quibus
2772 4144 3010 4202 concinit
3037 4141 3094 4198 S.
3125 4139 3274 4198 Zeno
3299 4157 3312 4194 :
3349 4137 3490 4194 Mitl-

1887 4245 1966 4299 toi
1996 4243 2159 4316 fuisse
2189 4237 2458 4308 tracllitit's,’
2510 4237 2697 4294 inultds
2741 4237 2870 4310 ﬁdes
2911 4247 2956 4290 et
2985 4233 3190 4308 quidem
3237 4231 3484 4288 novellas.

1889 4317 2128 4410 Uierque
2157 4334 2322 4393 etiam
2349 4333 2756 4406 ambiguitatem
2773 4339 3045 4387 causatur.
3074 4322 3446 4386 Tertullianus
3473 4343 3486 4380 :

1847 4443 1854 4450 ’
1891 4429 2103 4503 Scm‘per
2130 4425 2436 4502 quiereiititit,
2469 4435 2514 4480 et
2542 4423 2801 4495 nunquam
2829 4423 3035 4478 omnino
3063 4420 3346 4476 credemus.
3391 4417 3494 4474 Ubi

1888 4523 1982 4579 erit
2024 4521 2143 4594 [iiiis
2187 4515 2490 4594 querendi?
2535 4515 2634 4576 Ubi
2678 4515 2832 4572 statio
2878 4513 3160 4571 credendi?
3203 4511 3263 4570 8.
3299 4513 3488 4568 Zeno:

179 4612 582 4673 Catholicorurn
642 4616 761 4672 sive
807 4615 1206 4681 hereticorum,
1255 4615 1476 4670 nomine
1525 4609 1785 4672 tractatus
1815 4604 1863 4683 Ῐ)
1895 4617 2017 4674 Non
2047 4615 2143 4672 erit
2168 4631 2259 4670 nec
2287 4606 2575 4686 proprium,
2622 4628 2714 4667 nec
2753 4609 2982 4682 ﬁrmata,
3027 4606 3165 4680 quod
3209 4603 3360 4661 habet
3388 4616 3523 4660 sta-‘

178 4707 428 4783 intelligit,
465 4711 626 4784 quod
660 4725 728 4766 ex
773 4711 942 4780 ipsius
989 4705 1172 4766 verbis
1197 4709 1396 4780 percipi
1433 4715 1606 4780 potest
1648 4710 1788 4780 prie-

177 4806 314 4874 cipue
355 4823 512 4863 num.
549 4810 613 4862 ’2.
657 4805 954 4876 Disputatio
999 4807 1133 4861 enim
1161 4807 1294 4860 sicut
1343 4805 1528 4861 excolit
1571 4803 1784 4876 Fidem,

175 4898 236 4954 ita
258 4901 300 4956 si
325 4913 538 4959 versuta
571 4902 648 4956 sit
679 4901 910 4956 eradicet
936 4897 1148 4967 Fidem,
1179 4901 1299 4972 quia
1345 4897 1504 4956 Fides
1553 4900 1784 4972 profecto

176 5005 264 5044 non
305 5005 401 5061 est,
459 4996 553 5049 ubi
607 4993 867 5064 quwritur
911 4981 1093 5056 Fides,
1137 5001 1192 5048 et
1257 4992 1480 5048 inferius
1528 5009 1540 5046 :
1593 4992 1786 5049 Multos

174 5085 317 5153 fuisse
349 5095 651 5156 tractatus,
687 5087 873 5141 multas
909 5083 1085 5155 Fides,
1127 5101 1171 5142 et
1201 5086 1404 5156 quidem
1447 5087 1696 5155 novellas,
1738 5095 1786 5140 et

174 5177 266 5232 litis
293 5181 490 5248 labore;
527 5199 598 5236 ac
633 5185 815 5251 fauore
838 5181 1080 5235 nutritas.
1117 5181 1190 5236 De
1219 5175 1624 5236 catholicorum
1659 5189 1788 5236 vero

174 5272 642 5345 di~putati0nibus
692 5273 837 5330 circa
870 5274 1057 5330 Fidem
1101 5267 1217 5346 ι)οεὶ
1244 5273 1487 5346 ejusdem
1517 5270 1788 5330 sermonis

175 5367 391 5425 medium
421 5369 612 5426 addit.
665 5367 770 5424 Sed
801 5385 902 5422 non
939 5384 997 5422 eo
1047 5367 1242 5434 dicam,
1294 5377 1348 5422 ut
1395 5368 1655 5439 ingratum
1705 5367 1786 5437 fti-

169 5461 285 5517 ciam
313 5463 584 5520 doctrina:
613 5445 950 5532 beneﬁcium,
993 5451 1082 5516 sed
1128 5470 1182 5516 ut
1227 5463 1358 5517 sciat
1411 5445 1782 5534 unusquisque,

169 5559 299 5611 aliud
344 5577 458 5616 esse
507 5556 736 5624 Fiaem,
785 5557 931 5612 aliud
973 5573 1081 5614 esse
1122 5541 1416 5619 tractatum.
1469 5573 1561 5613 nec
1595 5552 1784 5612 Fidem

167 5667 248 5716 per
273 5663 564 5708 tractatum
593 5667 754 5722 posse
779 5652 858 5706 vel
885 5650 1024 5715 dari,
1056 5652 1133 5707 uel
1159 5653 1320 5718 nasci,
1352 5653 1428 5706 uel
1457 5648 1674 5708 destrui.

229 5743 357 5804 llldd
413 5747 654 5821 quoque
698 5747 988 5804 notan‘diim
1058 5743 1166 5816 est;
1223 5745 1530 5820 complures
1577 5759 1683 5804 tam
1729 5748 1784 5804 in

165 5840 522 5916 Tertulliaho,
561 5839 742 5918 quam
780 5843 835 5900 in‘
863 5841 968 5902 hoe
999 5839 1061 5900 D.
1092 5835 1326 5902 zemas
1356 5836 1624 5902 sermone
1653 5831 1785 5902 cori-

1893 4721 2001 4766 tum
2048 4713 2249 4777 semper
2290 4702 2564 4775 incertum,
2611 4706 2802 4778 quippe
2845 4703 2962 4758 cttu't
3003 4697 3154 4758 unius
3195 4697 3395 4766 electio,
3428 4699 3516 4775 sit,

1891 4802 2105 4860 alterius
2133 4785 2439 4872 reprobatio.
2650 4838 2657 4844 .

1963 4893 2332 4952 Tertulliatibs
2378 4899 2438 4964 (ι.
2473 4885 2520 4948 ἑ.
2549 4909 2596 4948 c.
2632 4889 2762 4964 H):
2795 4889 2863 4946 At
2892 4889 3023 4944 enim
3053 4885 3099 4941 si
3145 4885 3285 4958 quod
3334 4883 3494 4941 debui

1891 4992 2116 5056 credere,
2163 4987 2382 5057 credidi,
2432 4989 2480 5042 et
2523 4985 2669 5042 aliud
2717 4984 2885 5040 denuo
2935 4990 3058 5052 puto
3102 4977 3492 5052 requirendum,

1891 5087 2278 5159 spero_utique,
2317 5093 2362 5139 et
2403 5061 2548 5138 aliud
2590 5097 2696 5137 esse
2735 5075 3116 5142 inveniendum,
3164 5072 3308 5129 nullo
3338 5071 3494 5127 modo

1891 5157 2194 5255 sper'alitrtts
2243 5179 2404 5246 istud,
2437 5177 2537 5233 nisi
2567 5179 2707 5248 quia,
2758 5181 2850 5228 aut
2877 5183 2980 5225 non
3027 5165 3370 5232 credideram,
3403 5168 3492 5236 qui

1890 5276 2100 5334 videbar
2131 5268 2428 5332 credidisse.
2462 5271 2548 5328 Ita
2595 5267 2782 5324 Fidem
2820 5271 2983 5320 meatit
3023 5261 3284 5327 deserens,
3333 5271 3494 5330 nega.

1891 5380 1972 5426 tor
1997 5370 2217 5425 invenio.
2251 5363 2423 5424 Semel
2449 5361 2694 5422 dixerim.
2727 5357 2892 5415 Nemo
2921 5352 3104 5419 credit,
3129 5351 3228 5407 n‘isi
3257 5351 3367 5420 qui,
3402 5358 3493 5404 aut

1893 5482 1996 5522 non
2024 5442 2224 5532 habuit,
2255 5466 2347 5519 aut
2377 5456 2625 5534 perdidit;
2901 5529 2904 5533 λ

1967 5527 2578 5627 Pressius,parivlamen
2608 5551 2684 5616 vi,
2716 5529 2938 5627 s'anctiis
2963 5527 3144 5596 Zeno:
3175 5535 3337 5593 Fidei
3368 5545 3494 5602 pro-

1902 5647 2034 5724 fecto
2067 5666 2167 5706 non
2192 5661 2288 5715 est,
2320 5645 2406 5702 ubi
2432 5643 2676 5718 queritur
2704 5621 2886 5730 ides.
2995 5725 3008 5730 Δ
3164 5711 3169 5718 _
3359 5722 3373 5730 Δ
3436 5713 3444 5730 ι

1963 5731 2367 5802 Tertitllianus:
2399 5739 2464 5796 At
2506 5742 2624 5795 cum
2653 5725 2840 5790 tenenti
2883 5725 3109 5800 quidem,
3155 5731 3210 5780 ut
3254 5722 3489 5790 credunt,

1893 5829 2226 5921 qutéri‘iiddni
2267 5849 2435 5897 tamen
2505 5822 2710 5908 dicunt,
2758 5837 2809 5886 ut
2863 5813 3165 5902 delendtint.
3218 5830 3489 5892 antequam
