3902 6324
465 287 562 342 671

468 406 769 476 defendant,
804 414 1012 478 negant,
1044 404 1178 473 quod
1201 403 1416 458 credunt
1461 419 1479 458 :

471 497 594 552 dum
623 498 904 554 credidisse
929 496 1052 550 dum
1078 506 1333 565 quaerunt.

543 593 602 648 S.
655 587 1064 646 ZenozEdicat
1112 589 1237 642 mihi
1291 589 1576 660 perniciosa
1631 589 1728 644 ista
1777 587 2069 644 adinventio

471 695 716 741 tractatus
759 684 864 749 sui,
894 701 996 755 quo
1041 683 1244 754 proﬁcit
1285 685 1500 754 pugna?
1555 681 1639 740 Ne
1679 685 1829 754 ﬁdes,
1882 685 2067 755 inquit,

469 781 704 842 intereat,
754 793 870 831 cum
917 779 1052 831 male
1097 786 1188 830 aut
1237 777 1479 843 creditur,
1516 789 1602 831 aut
1647 777 1876 831 docetur.
1919 778 2070 844 Quod

472 875 666 928 malum
709 882 784 928 est
809 874 907 926 ista
955 873 1088 926 ratio
1136 889 1255 927 mox
1300 873 1604 928 videbimus.
1659 873 1896 928 Numero
1942 889 2072 928 vero

471 977 627 1020 sexto
668 965 748 1020 sic
775 964 975 1020 habet:
1013 964 1181 1035 Negat
1219 965 1619 1030 quodammodo
1655 965 1815 1021 Deum
1847 967 2072 1036 quisquis

472 1059 665 1114 adserit
709 1057 873 1114 Deum
920 1074 938 1112 :
988 1058 1218 1128 defensio
1265 1059 1399 1112 enim
1432 1061 1642 1114 nonnisi
1670 1060 1910 1114 imbecilli
1941 1076 2074 1130 pra:-

472 1162 659 1219 statur,
695 1169 786 1208 nec
827 1163 990 1220 potest
1034 1169 1146 1206 eum
1177 1153 1415 1211 revereri.
1460 1153 1548 1223 qui
1579 1154 1771 1224 ingenii
1800 1155 1880 1208 sui
1927 1164 2074 1225 putat

474 1262 604 1308 esse,
635 1245 774 1316 quod
804 1245 891 1300 ille
918 1245 1072 1316 fuerit
1097 1245 1403 1300 testintatus.

549 1338 956 1394 Tertullianus:
993 1336 1285 1392 Novissime
1345 1339 1584 1409 ignorare
1633 1339 1813 1393 ntelius
1866 1349 1962 1402 est,
2016 1355 2078 1394 ne

476 1431 612 1501 quod
660 1447 760 1485 non
787 1431 992 1496 debeas,
1024 1433 1184 1494 noris,
1216 1432 1359 1502 quia,
1388 1432 1524 1496 quod
1562 1431 1768 1498 debeas,
1801 1434 1956 1486 nosti.
1987 1432 2079 1486 Fi-

479 1525 576 1580 des
621 1526 782 1594 inquit
827 1533 914 1579 ttta
947 1533 998 1580 te
1039 1525 1244 1579 salvum
1290 1524 1432 1580 fecit.
1471 1523 1594 1579 Non
1625 1525 1919 1578 exercitatio
1950 1526 2078 1578 scri-

480 1628 772 1690 pturarum.
809 1615 972 1673 Fides
992 1619 1045 1672 in
1077 1619 1253 1689 regula
1281 1618 1447 1689 posita
1471 1628 1566 1672 est.
1604 1617 1774 1671 Habes
1820 1616 2000 1687 legem,
2031 1627 2076 1671 et

477 1713 696 1767 salutem
724 1712 788 1766 de
815 1713 1162 1766 observatione
1187 1713 1347 1782 legis;
1374 1713 1675 1765 exercitatio
1701 1722 1872 1764 autem
1904 1711 1955 1764 in
1989 1726 2078 1763 cu-

1531 286 1620 342 DE
1659 285 1905 341 SANCTI
1953 285 2250 344 ZENONIS
2294 287 2562 343 El‘OCIlA
3609 295 3690 348 67?.

1528 405 1826 474 conﬁtcntes
1856 420 1909 460 se
1936 420 2068 458 non-
2097 411 2145 468 Α
2174 405 2352 458 uitatis
2412 404 2784 476 pltilosOplticis
2848 406 3161 476 argumentis
3204 407 3458 462 exhaurire
3500 413 3696 466 conaris?

2175 501 2237 556 Si
2263 501 2498 570 peritiam
2526 502 2654 572 legis
2680 501 2944 555 ostendere
2970 503 3137 572 cupis,
3165 502 3420 555 lectionum
3447 505 3597 558 nubila
3621 507 3698 560 dis-

2172 611 2371 650 serena.
2421 593 2585 658 Doce,
2629 611 2739 648 eam
2785 595 2882 648 sibi
2928 613 3028 648 non
3077 611 3183 647 esse
3228 596 3514 648 contrariam
3553 612 3568 649 :
3604 597 3700 650 doce

2175 689 2368 753 omnia,
2401 703 2515 757 qua?
2545 687 2701 751 canit,
2731 703 2844 741 esse
2870 687 3144 740 credenda.
3170 686 3406 740 Cteterum
3433 687 3472 739 si
3495 691 3586 759 ejus
3607 705 3701 758 par-

2177 792 2277 835 tem
2299 780 2503 852 probes,
2533 780 2771 847 reprobes
2797 790 3018 848 partem,
3041 780 3290 847 quomodo
3313 796 3395 842 per
3415 777 3531 830 hanc
3554 775 3701 832 Fidem

2174 875 2384 945 quaeris,
2407 891 2559 943 quam
2587 874 2738 928 etiam
2761 874 2922 943 ipsam
2945 871 3268 941 inﬁdelttatis
3292 887 3422 924 ream
3445 871 3702 926 constituis?

2183 970 2342 1024 Vides
2373 971 2456 1025 hic
2483 971 2539 1026 8.
2573 970 2843 1024 Zenonem
2875 985 2970 1024 eos
3011 983 3255 1037 carpere,
3303 969 3387 1036 qui
3414 965 3526 1019 dolo
3553 965 3702 1021 lideles

2177 1061 2473 1130 decipiunt.
2521 1061 2658 1128 Quia
2685 1078 2828 1132 quem
2861 1071 3011 1130 putas
3058 1061 3134 1114 vel
3174 1060 3236 1112 de
3280 1059 3374 1114 tuis
3403 1057 3514 1127 ipsis
3553 1059 3702 1113 studiis

2179 1157 2558 1226 ﬁdelissimum,
2592 1155 2675 1207 hic
2726 1154 2953 1222 in/idelis
2985 1167 3076 1207 est.
3131 1153 3236 1208 llos
3265 1163 3318 1208 ct
3353 1154 3511 1223 carpit
3537 1153 3585 1206 S.
3615 1153 3704 1206 Ire-

2181 1266 2355 1304 nactts:
2389 1249 2648 1314 Quoniam
2677 1249 2911 1302 nonnulli
2939 1248 3211 1317 repudiata
3237 1247 3452 1313 veritate,
3473 1263 3706 1309 sermones,

2181 1354 2229 1396 et
2277 1343 2600 1412 genealogias
2641 1343 2811 1395 varias
2842 1340 3112 1404 inducunt,
3145 1357 3205 1392 ac
3248 1356 3334 1408 per
3363 1339 3709 1410 probabilitatem

2180 1434 2397 1487 subdole
2437 1443 2821 1502 comparatam,
2869 1433 3119 1486 seducunt
3162 1440 3348 1486 mentes
3393 1431 3706 1500 imperitarunt.

2180 1527 2541 1583 Commendat
2587 1526 2642 1581 S.
2675 1526 2823 1581 Zeno
2868 1541 2987 1590 eos,
3037 1526 3125 1595 qui
3167 1526 3219 1579 itt
3248 1524 3559 1594 esplicandis
3599 1523 3711 1578 SCl'l°

2185 1622 2359 1690 pluris
2402 1618 2801 1689 simplicitatem
2832 1629 3128 1680 sectantur,
3160 1627 3217 1672 et
3240 1627 3418 1670 contra
3449 1632 3534 1670 eos
3567 1631 3713 1685 reprc-

2185 1713 2395 1778 hendit,
2437 1715 2527 1783 qui
2559 1713 2870 1782 Scriptor-as
2907 1710 3326 1778 corrumpendo,
3374 1709 3509 1764 Fidei
3537 1719 3713 1763 contra-

478 1807 714 1860 riositate
759 1808 1010 1870 consistit,
1061 1805 1250 1860 habens
1294 1807 1516 1878 gloriam
1561 1805 1729 1860 solum
1775 1804 1839 1858 de
1883 1804 2080 1876 peritite
2111 1810 2158 1870 B
2185 1811 2388 1866 dicunt.
2420 1809 2546 1864 Cum
2573 1812 2738 1881 magis
2765 1812 2829 1864 sit
2863 1811 2951 1864 ille
2978 1809 3167 1879 ﬁdelis,
3197 1808 3282 1878 qui
3313 1824 3454 1860 sacra
3478 1808 3525 1858 in
3559 1805 3712 1876 pradi-

478 1899 673 1953 studio.
726 1897 884 1954 Cedat
931 1899 1205 1954 curiositas
1253 1898 1442 1961 Fidei;
1494 1897 1638 1951 cedat
1690 1897 1856 1968 gloria
1901 1897 2077 1950 saluti.

480 1990 627 2048 Certe
670 2001 759 2047 aut
809 2010 911 2048 non
959 1993 1275 2064 obstrepant,
1306 2003 1393 2046 aut
1434 1993 1696 2061 quiescant
1727 1991 1971 2046 adversus
2003 2005 2078 2043 re-

480 2085 675 2155 gulam.
712 2083 866 2138 Nihil
896 2085 1033 2138 ultra
1058 2085 1212 2148 scire,
1245 2086 1416 2139 omnia
1438 2086 1571 2139 scire
1599 2094 1692 2140 est.

553 2181 608 2233 S.
642 2179 787 2234 Zeno
815 2197 828 2233 :
864 2177 1344 2249 Manifestissimum
1373 2191 1520 2252 puto,
1569 2181 1721 2234 nimis
1766 2190 1935 2234 astuto
1961 2179 2084 2232 sint-

483 2274 668 2345 plicem
717 2273 1002 2339 meliorem,
1055 2275 1178 2343 quia
1227 2274 1448 2346 simplex
1489 2276 1725 2328 omnibus
1775 2272 1870 2328 Dei
1921 2275 2083 2328 uerbis

482 2367 783 2438 simpliciter
810 2367 1010 2431 credit;
1043 2377 1242 2422 astutus
1283 2377 1451 2421 autem
1477 2368 1635 2422 nimia
1668 2369 1918 2440 sapientia
1949 2368 2084 2439 infa-

486 2471 684 2528 tuatus,
715 2461 1130 2529 inquisitionibus
1158 2461 1303 2515 vanis
1333 2461 1658 2533 semetipsum
1688 2460 1980 2530 confundit.

556 2553 633 2608 En
655 2565 786 2622 quot
802 2554 1100 2609 uniformes
1130 2555 1416 2609 sententiae
1436 2553 1650 2608 diversa
1669 2553 1769 2608 sub
1792 2553 1970 2622 pltrasi
1997 2553 2082 2606 in-

485 2648 810 2704 cluduntur:
847 2649 1054 2704 etalias
1085 2649 1292 2704 similes
1323 2658 1511 2703 notare
1527 2648 1722 2719 cuique
1754 2648 1929 2702 liceat.
1956 2647 2082 2701 Mihi

483 2743 701 2799 interim
735 2759 1050 2814 persuasum
1085 2753 1190 2808 cst,
1219 2743 1360 2812 quod
1395 2752 1449 2798 et
1470 2744 1589 2798 aliis
1618 2759 1932 2811 persuasum
1969 2741 2083 2798 fore

482 2836 717 2902 confido,
769 2854 834 2892 ex
872 2836 954 2892 his
1001 2822 1316 2892 tractatibus
1345 2855 1440 2891 seu
1471 2835 1537 2890 de
1595 2836 1726 2890 Fide
1775 2836 2086 2904 disputatio-

485 2930 663 2994 nibus,
697 2929 842 2984 nullo
871 2939 1026 3000 pacto
1049 2930 1240 3000 conjici
1276 2945 1433 3000 posse
1467 2942 1708 2999 tempora
1742 2929 1890 2992 Ario,
1941 2929 2084 2996 ejus-

487 3039 592 3093 que
617 3024 862 3078 scctariis
894 3025 1216 3094 posteriora,
1247 3040 1366 3078 cum
1395 3032 1450 3078 et
1473 3023 1790 3078 Tertulliani
1838 3031 1995 3075 :etatc
2031 3021 2082 3074 hi

487 3118 663 3182 multi,
721 3127 772 3171 et
820 3117 1247 3181 CalliOliCOt‘lltn,
1303 3126 1357 3171 et
1410 3116 1789 3170 Itarreticorum
1823 3121 2083 3170 tractatus

2189 1909 2386 1961 ratione
2433 1925 2532 1961 non
2563 1909 2716 1972 ultra,
2750 1924 2901 1974 quam
2931 1906 3126 1960 licitum
3168 1914 3242 1959 est
3280 1906 3433 1958 aciem
3461 1920 3557 1956 sua:
3591 1913 3717 1955 teten-

2187 2002 2318 2055 derit
2365 2001 2585 2055 mentis:
2641 2017 2699 2056 eo
2748 2001 2878 2053 enim
2930 2016 3009 2054 res
3081 1998 3300 2051 deducta
3351 2006 3452 2059 est,
3503 2005 3549 2048 ut
3593 1993 3718 2047 Fides

2188 2104 2361 2148 nostra
2393 2110 2484 2161 per
2533 2093 2625 2146 Dei
2671 2095 2964 2162 requiratur
3011 2093 3351 2164 injuriam....
3399 2087 3516 2141 Cum
3540 2089 3631 2141 hac
3667 2087 3720 2138 ita

2186 2187 2307 2250 sint,
2344 2203 2438 2240 cur
2469 2186 2629 2256 legem
2659 2187 2767 2256 lege
2795 2186 3102 2256 distringis?
3131 2183 3240 2237 Cur
3262 2183 3352 2236 sub
3381 2182 3582 2252 imagine
3604 2178 3720 2232 Fidei

2192 2276 2374 2332 Fidem
2403 2279 2618 2348 deponis
2635 2279 2726 2333 Ξ)...
2760 2280 2803 2332 si
2856 2279 3093 2348 peritiam
3139 2277 3266 2348 legis
3309 2275 3553 2330 ostendere
3590 2273 3720 2343 cupis,

2188 2372 2461 2426 lectionum
2500 2372 2677 2426 nubila
2726 2373 3007 2426 disserena.
3034 2369 3177 2425 Doce
3228 2387 3339 2426 eam
3387 2370 3475 2423 sibi
3519 2385 3604 2421 non
3643 2381 3723 2418 esse

2187 2467 2591 2522 contrariam...
2627 2463 2877 2538 (Steterunt
2908 2467 2952 2519 si
2989 2469 3102 2539 ejus
3131 2475 3330 2537 partem
3361 2463 3544 2536 probes,
3582 2476 3722 2530 repro-

2189 2559 2273 2612 bes
2306 2571 2523 2627 partem,
2563 2561 2818 2628 quomodo
2845 2577 2936 2631 per
2983 2561 3114 2613 lianc
3144 2555 3335 2612 Fidem
3373 2558 3564 2625 quieris,
3605 2568 3724 2624 quam

2189 2653 2342 2705 etiam
2391 2653 2557 2724 ipsam
2606 2653 2928 2723 inﬁdelitatis
2976 2669 3116 2706 ream
3165 2650 3463 2705 constituis’
3505 2647 3625 2716 Quid
3665 2653 3725 2699 est

2187 2761 2432 2814 qna-rere
2457 2744 2641 2800 Fidem
2674 2761 2766 2814 per
2793 2745 2882 2799 Dei
2910 2745 3161 2814 injuriam
3185 2761 3200 2810 ;
3230 2745 3396 2814 legent
3421 2743 3528 2813 lege
3551 2739 3725 2794 distrin~

2187 2852 2350 2906 gere;
2395 2838 2496 2891 sub
2539 2837 2769 2907 imagine
2802 2837 2950 2892 Fidei
2982 2837 3260 2907 deponere
3307 2835 3522 2898 Fidem;
3567 2839 3726 2900 partem

2195 2930 2424 2999 probare
2451 2940 2507 2985 et
2557 2940 2760 2999 partem
2794 2931 2924 3000 legis
2957 2930 3290 3000 reprobare;
3338 2927 3513 2982 Fidem
3543 2920 3726 2977 inﬁdeli-

2195 3025 2320 3078 tatis
2368 3040 2514 3078 ream
2565 3026 2932 3080 constituere?
2979 3023 3080 3077 nisi
3127 3023 3399 3093 corruptis
3437 3017 3730 3084 adductisque

2191 3134 2472 3189 perperam
2501 3119 2791 3188 Scriptura:
2823 3117 3055 3174 testibus
3087 3119 3299 3174 veritati
3332 3115 3597 3171 Catholica:
3626 3125 3728 3164 con-

486 3218 889 3280 spargercntur,
939 3218 1126 3264 contra
1152 3226 1286 3280 quos
1318 3209 1486 3263 multa
1533 3209 1669 3264 adeo
1699 3209 1815 3279 ipse
1842 3206 2082 3263 disserit.
2116 3210 2161 3273 ί]
2196 3226 2277 3269 ira
2328 3216 2423 3268 ire.
2459 3213 2574 3269 Hoc
2605 3229 2709 3268 non
2763 3223 2908 3268 tanta
2931 3213 3148 3284 quidem
3183 3211 3450 3268 sermonis
3495 3205 3729 3275 elegantia,

483 3301 614 3368 Qum
660 3317 790 3356 vero
844 3302 1021 3357 allata:
1067 3311 1191 3356 sunt
1232 3303 1536 3365 sentcntize,
1588 3302 1639 3356 in
1672 3317 1869 3371 genere
1897 3311 2081 3355 contra

485 3394 851 3450 curiositatem
882 3395 933 3450 itt
956 3394 1104 3450 Fidei
1137 3395 1297 3450 rebus
1328 3395 1622 3450 tractandis
1647 3393 1921 3465 quibusxis
1947 3406 2080 3448 tent-

485 3489 707 3558 poribus
749 3490 920 3558 aptari
956 3499 1200 3560 possunt.

559 3581 629 3635 At
671 3597 770 3637 cur
819 3583 1192 3639 tantummodo
1221 3584 1289 3639 de
1320 3584 1656 3640 Tertulliano
1703 3598 1880 3654 agam,
1933 3583 2084 3652 quasi

489 3674 602 3740 ipse
633 3689 772 3728 unus
801 3673 870 3729 de
896 3676 1087 3731 eodem
1120 3676 1476 3745 tlisptttaverit
1507 3679 1866 3747 argumento?
1898 3676 2086 3730 Nonne

488 3776 545 3822 et
595 3767 662 3823 de
690 3769 785 3823 illo
815 3771 1150 3840 antiquiores
1181 3771 1408 3826 secundi
1437 3771 1621 3827 saeculi
1655 3771 1844 3826 P.-tres
1891 3781 2087 3826 tracta-

489 3864 669 3917 tiones
720 3863 996 3932 longiores
1043 3862 1415 3940 instituerunt?
1466 3864 1522 3920 8.
1574 3864 1806 3917 lrenwus
1843 3875 1994 3917 certe
2021 3864 2088 3918 de

495 3958 593 4012 hac
623 3947 784 4011 causa
811 3956 1052 4026 quinque
1080 3970 1211 4009 suos
1245 3967 1432 4010 eontra
1477 3955 1712 4010 haereses
1760 3956 1925 4010 libros
1955 3957 2089 4010 scri-

499 4049 669 4118 psisse
736 4048 1012 4118 praelatur.
1067 4045 1325 4112 Quoniam
1378 4047 1475 4119 (ita
1536 4047 1794 4119 Irenteus)
1855 4049 2089 4102 nonnulli

491 4143 763 4214 repudiata
807 4142 1018 4195 veritate
1063 4158 1338 4206 sermones,
1371 4151 1416 4195 et
1447 4142 1768 4212 genealogias
1811 4143 1979 4196 varias
2009 4144 2089 4194 in-

493 4235 709 4300 ducunt,
761 4251 876 4305 quia
922 4235 1125 4304 quidem
1157 4236 1459 4304 quiestiones
1487 4235 1679 4308 potius,
1714 4245 1767 4289 ut
1812 4234 2090 4307 Apostolus

491 4330 587 4394 ait,
634 4338 902 4401 prwstant,
946 4345 1099 4398 quant
1125 4330 1519 4400 aedificationem
1552 4329 1668 4394 Dei,
1700 4345 1814 4400 qua:
1856 4331 1910 4384 in
1955 4327 2089 4383 Fide

495 4431 565 4475 est
596 4437 613 4475 :
640 4437 702 4475 ac
731 4438 822 4493 per
851 4421 1264 4494 probabilitatem
1295 4421 1510 4476 subdole
1547 4432 1898 4494 comparatam
1936 4421 2091 4476 sedu-

493 4523 616 4567 cunt
645 4527 858 4569 mentem
886 4515 1259 4588 imperitorum,
1292 4533 1476 4586 eosque
1505 4515 1846 4587 depravandis
1869 4517 2090 4570 oraculis

2188 3308 2283 3364 sed
2313 3309 2483 3379 magis
2513 3308 2674 3362 obvio
2704 3323 2955 3362 sermone
2985 3308 3161 3377 arguit
3184 3307 3246 3362 S.
3281 3307 3542 3361 lrenarus:
3573 3297 3732 3367 Easque

2189 3399 2532 3470 depravandis
2565 3399 2789 3453 oraculis
2839 3399 3058 3458 Divinis.
3106 3399 3293 3469 iisque,
3337 3412 3448 3470 quae
3489 3403 3607 3447 recta
3629 3390 3731 3442 dif"!

2189 3503 2331 3558 sunt,
2365 3495 2500 3546 male
2544 3492 2860 3561 exponendis
2900 3493 3128 3563 captivos
3174 3492 3406 3545 trahunt.
3452 3479 3730 3546 Philosophi“

2190 3599 2282 3638 cas
2311 3584 2551 3653 argutias
2581 3585 2885 3637 detestatur
2921 3584 2979 3636 Ι).
3013 3583 3162 3637 Zeno
3194 3600 3208 3636 :
3236 3581 3344 3636 Cur
3373 3582 3531 3652 ipsum
3559 3572 3730 3626 Fontem

2195 3675 2490 3729 Divinitatis
2521 3675 2890 3747 pltilosOplticis
2919 3675 3236 3749 argumentis
3259 3673 3523 3739 exhaurire
3545 3663 3732 3722 conaris?

2197 3770 2504 3822 lietestatur
2530 3778 2580 3822 et
2615 3769 2672 3823 S.
2719 3768 2971 3822 lrena-us.
3026 3768 3328 3834 Sermones,
3375 3776 3421 3820 et
3462 3757 3732 3833 genealogias

2193 3863 2362 3914 varias
2409 3861 2683 3925 inducunt,
2733 3877 2848 3931 qua:
2893 3843 3097 3930 quidem
3142 3861 3450 3929 quwstiones
3495 3854 3655 3926 potius.
3694 3857 3732 3899 td

2196 3956 2473 4027 Apostolus
2522 3955 2616 4018 ait,
2663 3965 2928 4025 prwstant,
2973 3964 3077 4009 etc.
3111 3953 3514 4009 Aﬁectationem
3543 3943 3732 4001 scicntia

2194 4061 2447 4102 causatur
2483 4050 2540 4101 Ι).
2574 4047 2720 4100 Zeno
2752 4065 2763 4099 :
2801 4049 2861 4100 Si
2893 4049 3128 4119 peritiam
3155 4048 3287 4118 legis
3334 4043 3583 4100 ostendere
3605 4037 3730 4105 cupis.

2196 4139 2342 4194 ldem
2391 4149 2444 4192 et
2500 4140 2557 4193 S.
2609 4138 2862 4194 lreuzeus.
2918 4139 3256 4207 Scientiteque
3301 4145 3540 4209 prietequ
3590 4131 3734 4183 multos

2195 4245 2442 4287 evertunt.

2267 4328 2398 4395 Qua:
2423 4329 2527 4382 huc
2551 4343 2718 4399 usque
2744 4327 3063 4382 suntallata:
3099 4328 3159 4381 D.
3194 4326 3437 4382 Zenonis
3469 4318 3733 4382 sententiae.

2195 4421 2316 4491 quis
2344 4428 2495 4489 putet
2531 4418 2851 4474 Arianorum
2887 4432 3131 4490 tempora
3174 4421 3412 4490 sapere?
3436 4419 3498 4474 At
3541 4431 3627 4471 nec
3647 4424 3736 4481 qna‘.

2197 4529 2385 4568 sumus
2412 4513 2655 4574 allaturi.
2700 4529 2763 4567 ea
2795 4513 2921 4567 licet
2953 4525 3226 4582 tamquam
3263 4514 3483 4582 praecisa
3522 4508 3735 4564 adnuten—

496 4606 719 4674 Divinis,
750 4611 932 4678 iisque,
961 4627 1075 4679 quae
1104 4620 1238 4665 recta
1271 4611 1407 4664 dicta
1434 4621 1550 4664 sunt
1591 4612 1722 4664 male
1753 4609 2088 4682 exponendis,
2118 4613 2172 4672 1)
2199 4617 2287 4662 tur
2315 4651 2328 4672 ,
2361 4609 2689 4663 Arianorum
2721 4618 2963 4675 tempora
2997 4610 3271 4678 respicere
3297 4651 3313 4675 ,
3355 4606 3622 4664 dicendam
3656 4609 3736 4654 est.

495 4701 721 4772 captivos
743 4700 974 4766 trahunt,
1004 4704 1324 4773 scientiwque
1348 4713 1599 4774 praetextu
1626 4703 1814 4757 multos
1842 4714 2086 4756 evertunt.

571 4793 772 4849 Eodem
797 4809 961 4848 sensu
989 4795 1050 4850 D.
1085 4795 1233 4848 Zeno
1265 4797 1458 4863 (Serm.
1493 4812 1531 4858 ι.
1563 4813 1617 4850 n.
1649 4795 1706 4860 4,
1740 4796 1777 4849 Ι.
1813 4795 1850 4868 t)
1879 4814 1891 4848 :
1926 4794 2094 4866 Igitur

497 4904 613 4941 cum
642 4889 995 4961 possibilitatis
1024 4890 1264 4944 humanm
1289 4907 1391 4944 non
1413 4892 1477 4944 sit
1501 4889 1652 4944 Fidei
1673 4891 1843 4945 videre
1874 4899 2091 4952 secreta,

497 4998 773 5052 nusquam,
799 4979 1008 5048 Frater,
1047 4993 1133 5037 tua
1163 4984 1453 5046 curiositas,
1487 5001 1736 5054 nusquam
1765 4995 1852 5038 tua
1894 4984 2097 5055 proﬁcit

499 5090 704 5143 pugna;
731 5075 851 5144 quia
881 5092 1033 5144 quem
1061 5085 1209 5147 putas
1238 5076 1313 5128 vel
1343 5077 1406 5128 de
1435 5077 1537 5129 tuis
1581 5077 1704 5148 ipsis
1751 5077 1936 5130 studiis
1965 5076 2095 5145 ﬁde-

499 5164 769 5228 lissimum,
814 5167 894 5218 hic
939 5166 1202 5236 inﬁdelis;
1247 5176 1293 5221 et
1330 5184 1479 5237 quem
1509 5169 1765 5238 putaveris
1811 5169 2091 5238 infidelem,

501 5260 584 5313 ltic
609 5260 777 5326 ﬁdelis
803 5272 893 5316 est.
929 5259 1085 5315 Forte
1115 5264 1168 5314 in
1199 5278 1255 5316 eo
1278 5280 1331 5316 se
1361 5263 1476 5331 quis
1499 5264 1758 5317 existintat
1784 5263 2091 5332 ﬁdeliorem,

499 5357 544 5409 si
576 5357 814 5427 loquatur
843 5366 1046 5428 argute,
1094 5374 1210 5410 cum
1263 5357 1428 5425 magis
1473 5373 1620 5410 verus
1665 5358 1730 5409 sit
1771 5357 1859 5412 ille
1902 5359 2091 5427 fidelis,

501 5451 589 5520 qui
633 5466 729 5504 sua
775 5451 828 5503 in
876 5450 1245 5520 praedicatione
1284 5467 1385 5504 non
1430 5449 1566 5505 ultra
1592 5466 1744 5517 quam
1773 5450 1969 5504 licitum
1998 5461 2092 5514 est,

503 5543 665 5598 aciem
692 5559 800 5600 sua!
826 5544 1092 5598 tetenderit
1122 5545 1302 5598 mentis
1327 5561 1344 5597 :
1377 5560 1434 5596 eo
1461 5545 1595 5598 enim
1639 5561 1718 5597 res
1745 5543 1966 5597 deducta
1998 5555 2092 5610 est,

504 5646 560 5687 ut
605 5632 761 5689 Fides
809 5647 980 5690 nostra
1028 5653 1118 5709 per
1148 5636 1244 5691 Dei
1275 5634 1565 5704 requiratur
1596 5636 1936 5708 injuriam....
1969 5636 2098 5689 Cum

515 5729 620 5781 haec
665 5730 738 5781 ita
765 5729 868 5782 sint
899 5732 1179 5802 curlegem
1223 5733 1333 5802 lege
1360 5729 1666 5801 dislringis?
1706 5729 1810 5802 Cur
1848 5730 1941 5782 sub
1968 5731 2098 5804 ima-

513 5818 628 5884 gine
673 5814 824 5873 Fidei
869 5817 1049 5875 Fidem
1098 5823 1354 5892 deponis?
1384 5821 1488 5876 Car
1516 5823 1681 5884 ipsum
1719 5815 1932 5874 Fonteio
1962 5818 2099 5873 Divi»

2196 4701 2349 4770 Quod
2377 4702 2576 4771 etenim
2607 4701 2812 4756 dicitS.
2837 4701 3005 4755 Zeno.
3040 4701 3299 4758 Novellus
3322 4701 3474 4762 ﬁdes,
3498 4715 3585 4754 seu
3609 4695 3735 4750 Trac—

2198 4805 2343 4849 tatus
2373 4796 2575 4848 venales
2618 4810 2724 4850 esse
2762 4795 3052 4866 propositos
3080 4794 3149 4848 de
3183 4794 3552 4864 Iargitioaibus
3579 4807 3602 4842 a
3629 4788 3736 4839 tion-

2200 4889 2398 4944 stantio
2420 4888 2472 4941 in
2503 4903 2599 4940 eos
2644 4886 2828 4950 lactis,
2858 4888 2945 4957 qui
2978 4902 3074 4956 pro
3099 4886 3321 4942 Arianis
3348 4895 3576 4949 Starelll,
3604 4890 3736 4948 esp0°

2202 4997 2358 5047 nere,
2388 4995 2579 5034 sensus
2611 4996 2799 5035 eorum
2823 4981 3110 5034 vetborunt
3138 4997 3242 5033 non
3270 4981 3484 5050 patitur.
3514 4977 3624 5030 Htec
3643 4973 3738 5023 sum

2201 5074 2360 5128 verba
2390 5092 2401 5126 :
2438 5073 2578 5138 Quas
2597 5115 2611 5138 ,
2641 5073 2760 5143 quia
2791 5089 2909 5126 vera
2945 5074 3031 5127 vix
3065 5083 3228 5141 potest
3258 5072 3471 5126 inveniri
3490 5113 3504 5134 ,
3546 5065 3674 5123 credo
3695 5076 3739 5114 ηε

2201 5169 2379 5241 populi
2403 5169 2621 5240 penuria
2659 5168 2952 5222 laborarent
2981 5169 3183 5222 venales
3212 5184 3324 5222 esse
3349 5167 3634 5237 propositas.
3657 5157 3738 5212 0h-

2202 5261 2324 5314 vius
2349 5275 2540 5315 sensus
2571 5270 2655 5316 est
2687 5278 2700 5314 :
2732 5259 2809 5314 Ne
2839 5261 3045 5316 scilicet
3076 5262 3258 5331 populi
3295 5261 3512 5331 penuria
3541 5258 3740 5325 disputa.

2201 5354 2407 5409 tioaunt
2429 5394 2446 5419 ,
2475 5369 2568 5408 seu
2597 5362 2918 5408 tractatuum
2961 5353 3027 5408 de
3059 5353 3210 5417 Fide,
3252 5370 3413 5423 quam
3442 5353 3673 5407 novellam
3695 5345 3738 5398 5ο

2203 5447 2354 5501 Zeno
2384 5446 2545 5511 dicit,
2579 5447 2705 5516 quia
2732 5456 2920 5500 cmitra
2947 5446 3132 5500 Fident
3161 5447 3525 5511 Catholicam,
3547 5442 3650 5498 ideo
3669 5453 3739 5493 es"

2203 5541 2407 5610 positas
2433 5538 2484 5593 itt
2515 5539 2630 5593 loro
2661 5537 2851 5606 fuisse,
2884 5550 2940 5595 ut
2967 5542 3198 5596 curiosis
3233 5540 3561 5611 emptoribus
3587 5536 3742 5589 distra-

2203 5635 2482 5690 herentur.

2286 5729 2411 5783 licet:
2441 5742 2656 5805 quoque
2679 5729 2740 5782 Ι’).
2773 5729 3005 5784 Zenonis
3031 5731 3192 5786 verba
3226 5748 3239 5784 :
3279 5729 3325 5784 0
3353 5745 3501 5798 quam
3531 5726 3744 5805 indefensa

2213 5819 2418 5884 (Fides)
2449 5804 2562 5882 ante
2586 5837 2780 5886 retium,
2806 5821 3078 5888 indicum,
3113 5822 3345 5888 elicitam,
3376 5816 3624 5890 aliquoties
3640 5804 3744 5882 quod
