3902 6324
202 303 287 360 673
1544 297 2019 359 DISSERTATIO.

3336 305 3443 364 67‘

201 423 321 490 pejus
365 424 428 469 est
469 414 695 486 gentium
719 414 976 471 desiderat
1007 432 1096 486 per
1140 427 1397 473 momenta
1438 418 1741 489 patrocinia.
1773 418 1824 481 Α
1926 417 2163 488 Tempus
2182 418 2366 485 etiam,
2400 433 2509 492 quo
2538 420 2625 476 hic
2655 421 2717 476 D.
2743 420 2977 478 Zenonis
2997 421 3281 479 Tractatus
3308 423 3443 479 seri-

198 516 259 571 De
286 510 558 581 patrocinio
583 526 694 566 sua
737 510 978 581 ipsorum
1030 519 1194 567 secta:
1233 528 1263 566 a
1290 510 1645 577 Constantio,
1688 519 1745 567 et

198 605 389 664 Valente
403 645 418 671 ,
445 603 852 673 imperatoribus
880 603 948 659 ab
967 602 1185 659 Arianis
1206 612 1420 675 captato
1436 619 1710 675 esponere
1724 646 1741 673 ,

195 719 293 774 qua:
314 701 440 757 ratio
464 700 578 756 est?
599 699 730 755 Nam
759 710 813 756 et
841 713 963 772 post
987 702 1221 773 primum
1268 703 1526 760 Ecclesia:
1569 718 1745 760 θέρευ-

196 798 282 853 lum
304 794 723 866 imperatoribus,
745 809 810 851 ac
837 795 1084 851 Romano
1109 797 1321 853 senatui
1350 798 1565 853 oblatas
1585 797 1748 854 Chri-

193 892 449 946 stianorum
476 885 822 943 defensiones
851 886 1020 944 fuisse
1046 897 1297 955 constat;
1327 901 1383 946 et
1427 904 1455 944 a
1496 890 1558 946 S.
1600 890 1748 958 Qua-

196 984 327 1040 drato
373 979 695 1036 Athenarum
744 982 1037 1052 episcopo,
1078 991 1239 1053 atque
1284 982 1557 1050 Aristide,
1589 980 1750 1038 Chri-

182 1073 686 1145 stianoPhilosopbo,
714 1075 984 1131 Hadriano
1006 1076 1319 1148 imperatori
1347 1096 1360 1133 :
1389 1092 1419 1131 a
1443 1078 1498 1135 S.
1532 1077 1747 1135 Justino

198 1166 399 1244 marlyre
426 1171 654 1241 primum
684 1171 963 1227 Antonino
986 1171 1103 1239 Pio,
1139 1183 1250 1229 tum
1284 1173 1464 1229 Marco
1491 1175 1711 1229 Aurelio
1730 1215 1745 1239 ,

191 1273 233 1320 et
255 1265 399 1320 Lucio
425 1263 562 1320 Vero
588 1265 1029 1335 imperatoribus,
1060 1280 1124 1321 ac
1144 1266 1356 1321 senatui
1380 1265 1660 1330 Romano;
1691 1275 1748 1321 et

190 1375 213 1413 a
238 1359 464 1414 llelitone
487 1359 747 1428 episcopo
769 1358 1025 1414 Sardensi
1058 1359 1111 1413 in
1141 1359 1291 1424 Asia,
1321 1359 1500 1415 Marco
1522 1360 1747 1415 Aurelio

190 1451 464 1522 imperatori
493 1460 690 1519 :atqne
710 1451 780 1504 ab
802 1452 949 1518 aliis,
976 1466 1174 1522 nempe
1208 1451 1276 1505 ab
1295 1451 1592 1521 Apollinari
1624 1451 1746 1517 epi-

187 1557 324 1614 scopo
353 1542 769 1614 Herapolitano,
830 1558 857 1597 a
906 1545 1140 1601 Miltiade
1183 1544 1461 1617 theologo,
1504 1554 1558 1601 et
1602 1546 1745 1601 aliis.

187 1634 482 1690 Christianus
509 1650 643 1690 vero
675 1651 799 1692 esse
840 1652 935 1692 eos
964 1679 976 1699 .
1011 1640 1101 1707 qui
1138 1654 1328 1709 regum
1358 1640 1581 1695 nomine
1611 1656 1748 1693 nun-

188 1736 433 1797 eupantur,
463 1730 770 1798 excogitata
796 1729 1172 1800 interpretatio
1198 1740 1313 1796 est,
1348 1731 1493 1787 nulla
1531 1733 1614 1787 vel
1646 1732 1748 1787 levi

1851 520 1973 581 ptus
2000 510 2188 579 fuerit,
2218 513 2492 583 conjicere
2530 514 2632 571 sibi
2671 530 2829 585 posse
2874 515 3126 573 videntur
3151 516 3439 572 clarissimi

1848 602 2123 659 Ballerlnii
2157 605 2319 676 (Adit.
2360 602 2489 676 58):
2520 606 2671 672 Quod
2710 607 2755 661 si
2790 609 2873 663 cui
2904 608 3176 677 probetur,
3208 611 3326 683 jam
3358 607 3444 662 ltic

1848 700 2049 768 primus
2075 698 2347 754 Tractatus
2367 698 2665 755 lucubratus
2688 701 2870 773 fuisset
2896 711 3012 774 post
3039 702 3175 757 diem
3204 711 3444 773 quartam

1848 789 1977 846 Kal.
2009 790 2203 861 Aprilis
2236 807 2373 845 anno
2402 790 2508 847 564
2526 832 2541 855 ,
2569 808 2673 862 quo
2711 791 2896 848 Valens
2926 809 3142 866 regnare
3164 794 3335 863 coepit.
3365 793 3444 851 Ita

1848 884 1972 955 ipsi.
1995 882 2129 938 Cum
2160 900 2295 940 vero
2324 884 2558 941 alienam
2589 900 2779 941 eorum
2804 886 3098 944 viderimus
3120 887 3446 961 interpreta-

1850 978 2074 1045 tionem,
2107 977 2307 1034 excidit
2330 980 2643 1057 conjectura
2667 981 2952 1050 temporis.

1904 1072 1973 1129 .Si
2004 1088 2136 1129 vero
2162 1072 2497 1143 conjectnris
2528 1073 2806 1145 indulgere
2848 1074 3005 1130 liceat
3027 1117 3041 1142 ,
3094 1075 3293 1147 potiori
3320 1076 3445 1147 jure

1847 1176 1976 1220 ante
2014 1181 2216 1221 annum
2257 1166 2321 1222 (Σ.
2352 1164 2481 1231 254,
2513 1182 2620 1238 quo
2647 1166 2911 1237 Origenes
2937 1168 3138 1224 abiisse
3166 1170 3443 1238 creditur,

1847 1257 1933 1314 vel
1961 1268 2082 1329 post
2105 1258 2274 1328 ipsius
2301 1259 2547 1329 Origenis
2569 1260 2800 1327 obitum,
2834 1269 3117 1317 tractatum
3142 1260 3283 1318 hunc
3309 1263 3446 1318 scri-

1850 1360 1999 1420 ptum
2024 1350 2190 1406 fuisse
2210 1350 2496 1407 dicendum
2514 1352 2633 1408 erit.
2662 1350 3002 1425 Conjecturze
3024 1354 3186 1426 hujus
3205 1356 3445 1412 rationes

1846 1442 2278 1500 consideremus.

1924 1537 2101 1593 Prima
2126 1538 2266 1594 ratio
2297 1548 2410 1603 est,
2443 1539 2585 1610 quod
2629 1539 2717 1595 hic
2757 1540 3043 1597 Tractatus
3075 1542 3303 1611 epistola
3343 1557 3442 1613 po-

1847 1629 1955 1684 tius
1980 1628 2147 1686 l'uisse
2174 1630 2408 1698 videtur,
2440 1646 2598 1702 quam
2632 1632 2824 1688 concio
2850 1633 2915 1689 ad
2940 1633 3208 1704 Populum
3236 1634 3440 1690 habita.

1848 1723 1923 1779 Ita
1945 1724 2203 1780 adnota-nt
2232 1725 2451 1795 ipsimet
2484 1727 2866 1797 sapientiSsimi
2892 1728 3170 1784 Ballerinii
3214 1748 3228 1785 :
3267 1728 3444 1785 Unum

185 1820 458 1888 conjecull’a
489 1819 730 1874 suﬂ'ultu.
782 1820 987 1877 Sensus
1015 1823 1217 1892 quippe
1259 1824 1510 1894 proprius
1554 1825 1746 1879 allato-
1779 1809 1821 1869 Β
1850 1818 1983 1873 illud
2003 1820 2232 1874 movebat
2251 1861 2264 1883 ,
2295 1837 2357 1873 ne
2378 1819 2514 1874 hunc
2536 1821 2757 1890 primum
2784 1821 3098 1877 Zenonianis
3116 1821 3444 1879 Tractatibus

186 1927 283 1967 tum
310 1913 588 1968 verborum
618 1922 723 1969 est.
758 1915 1042 1972 Tractatus
1069 1915 1218 1972 Fidei
1242 1933 1399 1972 suum
1426 1918 1657 1987 pondus,
1691 1927 1748 1973 et

185 2005 306 2060 vices
330 2006 668 2062 emendicare
694 2023 725 2062 a
751 2009 991 2079 regibus,
1017 2024 1048 2063 a
1072 2009 1367 2080 jndicibus,
1401 2026 1431 2065 a
1463 2012 1746 2078 divitibus,

188 2109 230 2153 et
252 2099 374 2169 quod
404 2102 575 2173 magis
604 2109 780 2173 urget,
804 2103 872 2157 ab
921 2102 1031 2174 ipsa
1064 2105 1343 2174 gentilium
1367 2105 1707 2177 philosophia
1726 2150 1741 2175 ,

193 2206 327 2265 atque
346 2194 531 2251 fabulis
562 2206 877 2267 poetarum;
929 2197 1075 2268 quod
1117 2197 1314 2253 iactant
1370 2198 1536 2255 fuisse
1578 2200 1630 2254 in
1663 2215 1751 2255 re-

193 2290 382 2345 censitis
425 2304 520 2360 pro
553 2289 870 2345 cbristianis
918 2291 1185 2361 apolOgiis
1229 2292 1285 2346 in
1333 2290 1586 2348 confesso
1642 2301 1746 2347 est.

187 2380 284 2451 Ipse
307 2397 524 2453 namque
551 2383 614 2441 S.
640 2382 884 2438 Justinus
922 2390 1162 2456 martyr,
1193 2384 1373 2440 aiente
1408 2384 1641 2445 Edstehio
1672 2385 1745 2457 (Ι.

185 2488 225 2525 ιγ
249 2472 374 2529 Hist.
407 2492 451 2529 c.
486 2474 609 2547 18),
642 2473 1016 2531 defensionem
1042 2491 1142 2546 pro
1164 2474 1491 2531 Christianis
1513 2524 1525 2543 ,
1560 2477 1653 2532 ubi
1678 2476 1749 2533 de

182 2563 451 2622 Christiana
481 2567 624 2623 Fide
653 2567 844 2639 agitur,
880 2567 1003 2623 Non
1031 2568 1201 2623 solum
1222 2569 1440 2631 nostris,
1469 2569 1526 2623 id
1554 2578 1629 2624 est
1654 2568 1751 2623 Di-

178 2661 305 2722 sfnis,
332 2661 415 2716 sed
438 2663 599 2727 etiam
628 2662 899 2734 gentilium
946 2663 1149 2733 scriptis
1178 2663 1582 2731 conﬁrmaverit.
1622 2661 1751 2718 Haec

182 2751 229 2805 S.
249 2751 466 2809 Zenonis
496 2755 547 2809 in
578 2754 760 2810 allatis
787 2754 968 2810 verbis
1000 2757 1376 2826 interpretatio
1415 2754 1585 2826 ipsius
1622 2770 1752 2811 con-

182 2848 323 2902 textui
349 2858 616 2904 consonat
641 2892 656 2916 ,
680 2864 803 2905 cum
835 2848 939 2903 hoc
968 2849 1021 2902 in
1046 2849 1237 2904 eodem
1267 2864 1501 2905 numero
1529 2847 1597 2903 de
1622 2847 1753 2903 doc-

184 2941 302 2995 trina
327 2952 471 3012 agat,
504 2958 620 2997 non
665 2943 736 2998 de
766 2943 816 2997 vi
864 2957 961 3013 per
988 2942 1345 3012 imperatores
1365 2985 1379 3010 ,
1429 2941 1715 3010 prmfectos
1735 2983 1750 3008 ,

180 3035 247 3087 vel
265 3026 460 3102 jndices
480 3035 788 3091 Catltolicis
815 3035 1001 3090 inlata.
1041 3034 1197 3090 Nunc
1225 3036 1354 3090 scire
1375 3036 1557 3105 cupio,
1590 3034 1752 3088 Fides

183 3141 234 3177 es
253 3126 465 3182 doctrina
487 3138 726 3196 constet,
752 3146 820 3182 an
847 3145 910 3183 ex
931 3128 1237 3183 credulitate
1256 3171 1270 3193 ,
1300 3145 1365 3181 an
1406 3145 1469 3183 ex
1492 3139 1707 3198 utroque
1726 3129 1751 3181 ?

1849 1929 2251 1981 accenseremus,
2280 1915 2417 1985 quod
2448 1914 2661 1986 epistola
2687 1916 2861 1984 potius
2880 1916 2949 1970 ad
2970 1917 3262 1987 quentdam.
3294 1935 3444 1991 quem

1852 2007 2088 2064 Fratrem
2111 2009 2364 2081 appellat,
2392 2011 2581 2065 tradita
2599 2052 2612 2075 ,
2640 2024 2794 2081 quam
2821 2020 3067 2066 tractatus
3091 2013 3160 2066 ad
3182 2010 3446 2083 Populum

1855 2101 2060 2156 habitus
2085 2102 2353 2169 uideatur;
2382 2116 2501 2155 eum
2531 2102 2665 2155 enim
2695 2112 2938 2173 perpetuo
2978 2103 3284 2174 alloquitur,
3309 2103 3446 2158 mul-

1852 2197 2015 2265 tisque
2038 2196 2351 2268 argumentis
2380 2195 2444 2250 ab
2467 2195 2726 2274 ejusmodi
2749 2193 3088 2251 Tractatuum
3124 2198 3402 2268 scriptione
3424 2240 3439 2263 ,

1855 2304 1971 2358 qua:
1999 2286 2152 2359 plena
2178 2296 2284 2342 erat
2310 2286 2558 2358 periculi,
2585 2288 2855 2353 deterrere,
2879 2299 2927 2342 et
2958 2303 3193 2343 amouere
3210 2299 3444 2344 conatur.

1852 2380 2061 2437 Accedit
2081 2423 2093 2445 ,
2132 2380 2270 2450 quod
2303 2377 2490 2435 Petrus
2531 2378 2658 2434 Calo
2682 2421 2698 2447 ,
2733 2379 2949 2435 Ordinis
2996 2380 3405 2436 Prtedicatarum
3428 2422 3445 2449 ,

1852 2476 1941 2546 qui
1966 2476 2095 2529 vixit
2118 2475 2325 2529 ineunte
2348 2472 2536 2528 saeculo
2565 2489 2654 2527 xiv
2676 2514 2690 2538 ,
2714 2475 2769 2528 in
2803 2490 2928 2529 mss.
2961 2473 3284 2529 collectaneis
3307 2477 3449 2547 apud

1854 2566 2243 2622 Henschenium
2267 2577 2388 2621 tom.
2418 2582 2475 2631 ιι,
2518 2566 2717 2636 Aprilis
2743 2583 2863 2636 pag.
2898 2566 2999 2633 76,
3028 2583 3188 2637 opera
3228 2584 3449 2622 comme-

1854 2676 2061 2715 morans
2085 2658 2149 2714 S.
2193 2657 2450 2725 Zenonis,
2483 2674 2596 2730 qua
2636 2675 2691 2713 se
2714 2658 2902 2715 uidisse
2937 2661 3070 2713 τεὴν(
3118 2661 3172 2716 in
3202 2676 3304 2716 ms.
3338 2659 3452 2716 Mo-

1853 2752 2077 2808 nasterii
2109 2752 2167 2807 8.
2213 2750 2452 2807 Zenonis
2480 2751 2550 2808 de
2587 2752 2798 2808 Verona
2838 2771 2858 2805 ι
2897 2768 2999 2808 non
3042 2770 3063 2804 ι
3099 2751 3386 2810 Tmetatus
3424 2771 3444 2807 ι

1853 2848 2021 2903 solum
2057 2865 2076 2899 ι
2116 2847 2419 2918 octoginta,
2463 2865 2482 2899 ι
2517 2848 2607 2901 sed
2637 2857 2684 2902 et
2717 2865 2737 2899 ι
2770 2848 3032 2917 epistulas
3059 2866 3079 2900 ι
3110 2864 3166 2902 se
3208 2847 3262 2902 in
3287 2864 3345 2904 eo
3376 2849 3450 2904 le-

1855 2942 1989 3013 gisse
2016 2942 2252 3013 aﬂirmat.
2285 2942 2430 2996 Inter
2462 2942 2635 3014 Opera
2658 2958 2774 2997 vero
2801 2942 2861 2999 S.
2880 2942 3101 2998 Zenonis
3122 2942 3254 2998 nulli
3270 2942 3452 2998 melius

1855 3036 2086 3105 epistola:
2108 3051 2291 3090 nomen
2313 3078 2327 3099 ,
2357 3053 2514 3106 quam
2542 3038 2664 3091 huic
2704 3037 2947 3092 tractatui
2970 3037 3241 3093 convenire
3264 3045 3449 3108 potest.

1856 3128 1914 3184 Si
1944 3145 2072 3200 ergo
2118 3129 2205 3184 hic
2248 3129 2532 3186 Tractatus
2572 3132 2801 3202 epistola
2832 3132 3061 3189 dicenda
3092 3141 3208 3199 est,
3240 3131 3385 3204 quod
3421 3147 3454 3188 a

182 3219 388 3275 Sincera
408 3238 472 3275 ea:
490 3231 716 3292 utroque
734 3219 1164 3276 Patriarcltarum
1203 3236 1433 3276 semensa
1467 3218 1625 3275 Fides
1648 3231 1744 3288 est,
1777 3208 1823 3273 C
1854 3222 2148 3276 verosirflili
2201 3237 2304 3277 non
2338 3221 2620 3285 abhorret,
2676 3222 2798 3279 dico
2838 3223 2976 3279 hanc
3015 3224 3299 3293 epistolam
3334 3238 3365 3279 a
3392 3221 3453 3280 S.

181 3325 231 3362 se
254 3328 331 3376 per
365 3312 458 3367 hoc
487 3314 602 3369 illis
650 3313 1029 3368 constitutionis
1068 3322 1257 3368 nostra:
1290 3313 1597 3368 decernendi
1637 3321 1753 3370 sunt

183 3403 296 3467 libri,
318 3416 367 3459 ut
381 3408 579 3477 possint
605 3418 718 3461 esse
739 3407 975 3477 perfecti.
999 3405 1044 3460 0
1063 3422 1216 3476 quam
1245 3406 1433 3461 misera
1458 3416 1535 3461 est
1568 3405 1749 3472 Fides,

182 3510 310 3563 quam
333 3500 473 3552 uerba
501 3500 859 3554 concinnant!
897 3497 942 3553 0
971 3515 1129 3568 quam
1173 3497 1354 3553 debilis
1374 3540 1389 3564 ,
1436 3500 1588 3564 cuius
1627 3513 1757 3567 quo-

181 3591 283 3646 tidie
304 3593 628 3666 dissipantur
673 3594 829 3648 variis
857 3593 1388 3667 argutttentationibus
1410 3590 1675 3646 membra!
1707 3590 1752 3645 0

184 3700 308 3751 quam
326 3687 592 3757 indefensa
615 3727 631 3752 ,
653 3702 769 3758 qua:
796 3703 997 3760 regunt,
1021 3692 1128 3740 etc.
1164 3685 1469 3741 Doctrinam
1501 3726 1515 3751 ,
1545 3684 1715 3740 libros
1739 3727 1754 3750 ,

178 3781 347 3845 verba,
391 3780 900 3853 argumentationes
955 3778 1044 3834 hic
1082 3779 1355 3834 enuntiari
1416 3776 1600 3842 vides,
1651 3792 1756 3831 non

185 3886 339 3937 anna,
371 3891 477 3930 non
523 3874 730 3930 milites
752 3911 768 3936 ,
798 3872 931 3927 utin
963 3870 1061 3928 SS.
1102 3872 1320 3927 Patrum
1351 3871 1674 3928 testimoniis
1705 3871 1757 3927 in

178 3964 491 4024 adnotatione
517 3967 774 4023 adductis
809 3966 1128 4037 inspicitur,
1155 3964 1214 4021 8.
1242 3964 1522 4020 Ambrosii
1559 3983 1571 4018 :
1612 3964 1760 4021 Pone

185 4073 295 4112 nunc
320 4072 433 4116 ante
458 4071 794 4133 conspectum
822 4058 1154 4115 mcularibus
1193 4058 1415 4112 Arianos
1458 4058 1648 4113 studiis
1672 4059 1759 4112 inc

179 4160 345 4220 lentos,
384 4154 471 4222 qui
512 4154 834 4209 Societatem
871 4151 1108 4220 potentiae
1144 4149 1353 4223 Regalis
1383 4148 1667 4217 aﬂectant,
1708 4159 1761 4204 ut

180 4245 311 4298 armis
329 4246 635 4301 militaribus
657 4246 960 4316 impugnent
988 4242 1238 4298 Ecclesia:
1258 4243 1543 4307 veritatem;
1571 4241 1628 4298 S.
1663 4241 1757 4297 Hi-

183 4335 284 4393 larii
310 4357 323 4395 :
354 4339 533 4412 Neque
574 4351 758 4412 postea
801 4348 1149 4409 prtesumant,
1196 4345 1346 4407 atque
1390 4346 1680 4408 usurpant,
1714 4345 1764 4392 et

184 4443 333 4499 putent
375 4452 428 4490 se
469 4451 757 4491 consensus
783 4449 1088 4504 cognoscere
1114 4429 1430 4487 Clericorum
1452 4472 1468 4500 ,
1519 4441 1569 4486 et
1613 4432 1762 4487 inno-

178 4542 317 4585 centes
339 4530 576 4588 homines
606 4531 771 4587 uariis
791 4529 1242 4602 afﬂictationibus,
1271 4528 1447 4597 minis,
1480 4527 1763 4593 uiolentiis,

180 4625 426 4679 terroribus
451 4628 726 4699 frangere,
756 4630 909 4693 atque
937 4638 1141 4678 vexare.
1476 4620 1481 4625 ⁴

237 4716 287 4773 Si
309 4734 431 4775 vero
454 4720 684 4791 penitus
696 4716 873 4774 sancti
897 4716 1131 4773 Zenonis
1149 4730 1369 4772 sensum
1389 4714 1761 4787 inspiciamus,

179 4824 268 4866 non
296 4824 522 4883 possunt
556 4813 734 4885 ipsius
772 4813 933 4869 verba
960 4812 1081 4868 sine
1119 4810 1404 4867 manifesta
1451 4810 1765 4866 extorsione

180 4906 237 4963 de
261 4910 649 4979 imperatorum
675 4908 1000 4964 Arianorum
1024 4906 1368 4978 protectione
1390 4904 1505 4960 Arii
1540 4902 1765 4959 asseclis

181 5006 391 5069 prastita
436 5004 699 5074 intelligi.
749 5003 856 5074 Ipsi
898 5017 1132 5073 namque
1181 5002 1537 5071 imperatores
1576 4996 1764 5054 Fidem

180 5098 545 5168 oppugnabant
575 5114 592 5163 ;
630 5111 694 5151 ac
733 5095 804 5152 de
832 5109 901 5152 eo
925 5095 979 5149 in
1009 5091 1239 5149 laudatis
1266 5092 1510 5149 testibus
1537 5090 1767 5146 Ambro-

180 5184 305 5253 sius,
347 5199 401 5245 et
431 5191 680 5246 Hilarius
716 5198 1144 5261 conquerantur.
1188 5186 1246 5242 S.
1289 5194 1469 5242 autem
1520 5184 1671 5241 Zeno
1696 5184 1767 5242 de

180 5281 458 5348 patrocinio
487 5283 562 5339 ab
617 5282 1033 5349 imperatoribus
1074 5278 1384 5351 prmstando
1425 5279 1574 5350 agit,
1621 5278 1766 5348 quod

180 5375 464 5443 signiﬁcant
487 5378 586 5432 illa
620 5377 786 5433 verba
817 5393 832 5430 :
867 5374 1173 5431 Desiderant
1193 5392 1283 5447 per
1308 5382 1565 5429 momenta
1586 5382 1764 5446 patro-

179 5468 313 5523 t‘t'nia.
342 5470 397 5525 Id
419 5472 481 5528 S.
505 5471 846 5540 Quadratus,
888 5471 948 5529 S.
979 5470 1225 5526 Justinus
1253 5469 1456 5533 aliique
1483 5468 1767 5541 apologia-

180 5575 283 5617 rum
318 5567 636 5639 Scriptores
678 5567 746 5622 ab
783 5566 1237 5638 imperatoribus,
1268 5573 1323 5621 et
1359 5564 1561 5621 Senatu
1605 5578 1770 5634 expe-

180 5660 374 5724 tebant,
407 5671 467 5717 ut
502 5677 533 5715 a
591 5660 972 5731 persecutione
1011 5664 1326 5723 cessarent,
1365 5665 1422 5713 et
1452 5663 1771 5726 persecuto-

182 5750 310 5807 ribus
346 5754 628 5823 iudicibus
654 5796 668 5817 ,
714 5753 1037 5825 praesidibus
1059 5794 1074 5819 ,
1126 5751 1390 5808 ministris
1428 5749 1770 5807 Christianos

186 5842 364 5903 liberos
393 5862 522 5905 esse
549 5847 832 5920 juberent.

1856 3314 2072 3370 Zenone
2099 3315 2319 3385 Origeni
2351 3314 2516 3372 fuisse
2538 3315 2721 3370 datam
2751 3327 2871 3386 post
2897 3332 3096 3373 annum
3119 3317 3320 3372 Christi
3343 3318 3456 3373 252

1857 3406 2073 3477 quando
2100 3407 2333 3478 degente
2357 3407 2698 3464 Alexandria:
2722 3407 2956 3478 Origene
2997 3411 3164 3465 tantis
3194 3408 3294 3466 fuit
3321 3422 3456 3466 exa-

1857 3499 2056 3570 gitatus
2098 3497 2475 3555 vexationibus
2522 3512 2744 3571 pr0pter
2795 3516 3045 3567 errores,
3092 3502 3292 3572 quibus
3337 3503 3458 3575 ejus
3514 3570 3525 3581 _

1858 3591 2143 3647 scatebunt
2169 3591 2368 3662 scripta
2390 3633 2404 3657 ,
2434 3592 2703 3663 praecipue
2740 3607 2880 3679 opus
2910 3593 3043 3649 illud
3071 3595 3215 3664 quod
3244 3595 3459 3652 Periur-

1860 3681 2001 3738 chon
2051 3681 2395 3750 inscribitur,
2429 3697 2525 3738 seu
2569 3683 2636 3738 de
2686 3684 2974 3756 Principiis
3017 3704 3032 3741 :
3073 3701 3181 3757 quo
3221 3687 3275 3743 in
3320 3687 3459 3744 libro

1862 3777 2030 3832 multa
2060 3791 2088 3829 a
2117 3775 2468 3848 Philosophis
2514 3775 2763 3833 Ethnicis
2812 3777 3115 3844 mutuavit,
3165 3779 3462 3851 multisque

1862 3871 2091 3928 refertus
2117 3870 2396 3927 erroribus
2425 3885 2454 3925 a
2505 3869 2567 3927 S.
2603 3869 2940 3944 Hieronymo
2969 3870 3204 3929 nbtalur.
3245 3871 3300 3929 Si
3334 3888 3463 3931 vero

1864 3972 1985 4035 post
2005 3963 2256 4035 Origenis
2283 3976 2514 4019 mortem
2534 3964 2794 4033 scriptam
2821 3965 2988 4022 fuisse
3019 3965 3307 4036 epistolam
3337 3965 3461 4037 quis

1862 4057 2196 4127 opinaretur,
2226 4055 2388 4111 alicui
2417 4056 2668 4128 Origenis
2694 4057 2954 4113 sectatori
2996 4058 3218 4113 missam
3251 4058 3418 4115 fuisse
3444 4100 3459 4127 ,

1863 4149 2153 4206 dicendum
2182 4149 2308 4206 erit.
2333 4149 2409 4204 Ea
2434 4151 2580 4206 enim
2612 4150 2794 4206 omnia
2825 4167 2947 4222 qua:
2973 4160 3164 4207 contra
3189 4153 3292 4208 hos
3321 4163 3465 4210 trac-

1864 4252 2007 4301 tatus
2031 4247 2276 4323 congerit
2323 4244 2383 4302 S.
2414 4246 2617 4302 Doctor
2659 4248 2711 4301 in
2762 4246 2961 4303 librum
3008 4248 3336 4306 Periarchon
3365 4265 3465 4320 0p-

1865 4342 1995 4396 time
2023 4350 2281 4412 congesta
2319 4341 2605 4409 videntur,
2638 4341 2781 4413 quod
2819 4341 2922 4399 hac
2957 4343 3199 4401 secunda
3244 4345 3455 4402 ratione

1864 4436 2245 4492 confirmatur.

1937 4528 2144 4601 Nempe
2165 4538 2279 4587 toto
2310 4530 2365 4586 in
2395 4530 2589 4588 eodem
2621 4539 2852 4588 tractatu
2871 4573 2885 4599 ,
2914 4547 3013 4588 seu
3043 4533 3288 4602 Epistula
3334 4533 3466 4591 nihil

1784 4615 1839 4677 D
1862 4623 1933 4680 de
1973 4624 2245 4680 hmreticis
2293 4625 2615 4681 nominatim
2666 4626 2917 4681 meminit
2955 4625 3014 4682 S.
3045 4625 3195 4682 Zeno
3219 4668 3233 4693 ,
3288 4640 3466 4699 neque

1868 4733 2093 4789 usquam
2125 4728 2313 4775 contra
2356 4718 2575 4775 eosdem
2622 4717 2831 4775 invehit
2863 4736 2877 4774 :
2911 4732 3081 4790 quare
3108 4718 3323 4776 videtur
3366 4732 3466 4789 po-

1869 4809 1974 4865 tius
1999 4812 2051 4866 in
2086 4826 2153 4867 eo
2179 4854 2194 4877 ,
2227 4826 2386 4880 quem
2411 4810 2705 4883 alloquitur
2730 4810 2899 4868 fratre
2918 4810 3344 4883 reprehendere
3372 4825 3470 4867 cu-

1868 4904 2167 4960 riositatem
2207 4904 2538 4976 nimiamque
2565 4903 2920 4960 subtilitatem
2961 4902 3017 4958 in
3063 4902 3228 4959 rebus
3274 4901 3467 4987 Fidei,

1869 4997 2411 5071 pbilosophicamque
2444 4999 2708 5056 rationem
2731 5000 2885 5070 sequi
2916 5000 2980 5053 iis
3016 4997 3072 5053 in
3100 4997 3464 5068 explicandis.

1873 5092 1987 5149 Hoc
2030 5108 2097 5148 ex
2126 5091 2247 5159 his,
2278 5108 2402 5162 quae
2443 5091 2693 5163 superius
2737 5092 2915 5148 allatae
2952 5100 3079 5147 sunt
3122 5091 3186 5147 D.
3233 5091 3471 5150 Zenonis

1874 5187 2159 5245 sententiis
2181 5187 2526 5244 manifestum
2556 5196 2641 5244 est
2658 5228 2674 5255 ,
2705 5195 2870 5259 atque
2894 5193 3008 5243 toto
3033 5201 3102 5243 ex
3122 5185 3287 5258 hujus
3308 5186 3493 5243 Trae-~

1877 5292 2019 5340 tatus
2049 5290 2308 5339 contextu
2349 5281 2652 5338 evidentius
2694 5292 2865 5353 patet.
2913 5282 2971 5340 8.
3025 5283 3225 5340 etenim
3276 5283 3476 5338 Doctor

1876 5385 2023 5432 totus
2052 5377 2104 5432 in
2131 5391 2200 5433 eo
2227 5384 2343 5444 est,
2379 5383 2441 5433 ut
2476 5376 2730 5433 ostendat
2770 5376 2961 5434 Fidem
3004 5391 3112 5433 non
3139 5376 3371 5442 addici,
3416 5383 3478 5431 ut

1872 5478 2088 5527 caetera:
2107 5470 2436 5539 disciplima,
2469 5468 2702 5542 ideoque
2726 5469 2995 5526 internam
3022 5469 3154 5525 dicit
3183 5467 3339 5523 initio
3367 5468 3477 5525 illis

1874 5561 1928 5617 in
1957 5561 2143 5619 verbis
2168 5580 2181 5616 :
2213 5560 2524 5617 Christiana:
2564 5559 2864 5618 Fidelitatis
2887 5560 3112 5633 {elicitos
3140 5559 3371 5615 inanimo
3402 5570 3479 5617 est

1875 5654 2030 5711 Fidei
2055 5671 2202 5711 nosse
2228 5665 2491 5720 naturam,
2513 5670 2632 5727 quae
2651 5652 2771 5709 talis
2789 5693 2803 5718 ,
2846 5669 2906 5707 ac
2943 5660 3089 5707 tanta
3116 5662 3222 5720 est,
3252 5662 3309 5709 ut
3353 5654 3477 5709 uni-

1875 5756 2060 5825 cuique
2084 5752 2283 5809 homini
2334 5768 2434 5807 non
2470 5751 2533 5806 ab
2573 5751 2681 5806 alio
2719 5748 3106 5814 commodetur,
3152 5749 3244 5804 sed
3271 5766 3336 5806 ea:
3361 5750 3476 5820 ejus

1876 5846 2136 5901 voluntate
2158 5854 2419 5900 nascatur.
2451 5843 2637 5914 Neque
2666 5842 2760 5898 illo
2781 5840 2951 5899 verbo
2969 5840 3227 5898 voluntate
3246 5842 3477 5916 gratiam
