3902 6324
445 284 549 354 eis

1560 283 1646 339 DE
1700 281 1944 339 SANCTI
1991 283 2284 344 ZENthlS
2325 283 2596 342 EPi‘CllA

3584 300 3663 353 tr;
3737 324 3740 328 -

440 399 678 456 excludit
714 397 803 471 (nt
827 408 1130 469 opportune
1185 397 1446 452 adnatant
1477 400 1820 454 celeberrimi
1864 399 2038 455 Balle-
2069 405 2112 462 Α
2146 411 2264 456 sunt
2295 402 2587 455 contenti...
2614 401 2713 473 ipsi
2743 415 2942 472 quoque
2968 403 3270 456 conveniunt
3296 415 3338 459 et
3365 407 3420 461 de
3449 407 3559 463 Fide
3582 429 3664 465 sui.

438 491 600 563 riuii)
630 492 789 564 (adn.
815 493 872 556 5,
906 491 997 545 Tr.
1031 489 1107 562 i).
1145 491 1296 556 Quod
1327 507 1440 544 cum
1468 491 1528 546 S.
1555 490 1693 546 Zeno
1716 492 1881 555 dixit,
1906 490 2036 544 illud

440 602 600 666 unum
630 586 681 638 in
709 586 879 638 animo
916 584 1127 649 habuit,
1167 599 1268 636 non
1299 593 1350 637 ut
1372 583 1593 653 gratiam
1632 583 1941 646 excluderet,
1976 582 2038 635 de

438 697 541 746 (tua
596 690 702 732 tum
758 697 858 734 non
908 681 1190 750 agebatur,
1249 695 1499 748 quantque
1557 688 1603 733 et
1669 678 1826 748 paulo
1887 686 2032 746 post,

439 786 483 825 et
536 773 658 827 alibi
699 775 820 828 satis
871 773 1156 829 luculenter
1193 773 1458 835 adstruit,
1511 771 1599 828 sed
1649 781 1706 825 ut
1753 787 1836 824 eos
1883 769 2038 838 refel-

440 866 590 928 lrret,
623 867 711 936 qui
755 867 1101 936 argumentis,
1145 875 1188 919 et
1234 863 1531 918 tractatibus
1561 861 1748 917 Fidem
1785 876 2039 931 exponere

439 957 754 1011 conabantur
779 999 793 1023 ,
832 975 891 1011 ac
938 961 981 1012 si
1023 957 1274 1031 ejusmodi
1313 956 1567 1010 industria
1597 953 1752 1016 Fides
1794 952 2037 1006 cordibus

439 1053 722 1118 inseretur;
751 1051 1146 1122 Glossemaque
1177 1051 1306 1105 illud
1340 1051 1507 1105 textui
1546 1050 1607 1103 ι).
1642 1045 2036 1110 Ζυυοιιὶεόοιι-

441 1151 651 1198 ira-ms.
691 1144 975 1202 veritatem
1009 1145 1274 1197 intrusum
1309 1143 1504 1198 merito
1547 1141 1891 1204 abraserunt.
1927 1137 2040 1191 llo-

438 1237 562 1291 mini
601 1255 703 1290 non
733 1239 795 1290 ab
834 1237 937 1290 alio
960 1279 973 1301 ,
1001 1237 1091 1292 sed
1119 1240 1232 1308 ejus
1273 1253 1336 1291 ea:
1375 1236 1637 1290 voluntate
1657 1275 1672 1300 ,
1705 1232 2041 1302 pra'veniente

441 1329 674 1402 Spiritus
707 1329 886 1386 Sancti
913 1331 1269 1397 inspiratione,
1309 1340 1462 1397 atque
1493 1328 1604 1398 ejus
1633 1325 1895 1395 adjutorio
1919 1340 2040 1376 nus-

440 1436 608 1479 catur.
639 1424 910 1479 Iuternam
945 1425 1125 1494 itaque
1155 1424 1212 1478 S.
1246 1423 1395 1476 Zeno
1425 1437 1546 1476 esse
1575 1419 1760 1474 Fidem
1780 1418 2034 1479 allirmat,

440 1534 559 1588 qua:
607 1535 714 1572 non
738 1516 1050 1587 addiscimr
1071 1558 1085 1582 ,
1120 1514 1214 1572 sed
1244 1515 1585 1571 illuininante
1613 1513 1756 1576 Deo,
1789 1527 1852 1566 ac
1878 1525 2037 1566 rere-

441 1610 583 1666 lante
613 1610 946 1680 concipitur;
983 1626 1150 1679 quare
1178 1613 1458 1679 sequitur:
1489 1609 1740 1663 Ca'terum
1768 1607 1830 1659 sit
1855 1613 1904 1657 ut
1926 1603 2037 1673 qui-

440 1703 559 1755 dam
593 1712 773 1770 putant
799 1745 812 1766 ,
839 1704 1070 1758 docentis
1094 1707 1277 1773 pendet
1312 1718 1374 1756 ea:
1410 1717 1520 1766 ore,
1553 1697 1920 1768 proculdubio
1955 1713 2039 1750 co-

2141 505 2279 547 tuere
2307 494 2576 549 simulant.
2606 495 3081 549 Commemoratur
3120 497 3328 552 Nica'na
3367 507 3604 570 synodus,
3627 518 3672 561 et

2143 590 2469 642 Arianorum
2503 590 2952 660 pseudosynodns
3005 594 3055 643 in
3103 594 3333 647 secumlo
3376 595 3583 665 ejusdem
3623 602 3668 656 8.

2117 678 2422 735 Athana~ii
2467 691 2635 735 textu.
2679 679 3137 752 Disceptuntesque
3176 685 3408 740 adversus
3455 688 3676 748 Nicamam

2142 771 2433 841 Synodum,
2463 773 2649 828 inultas
2670 782 2717 826 et
2745 774 2848 841 ipsi
2877 774 3116 844 Sgaodos
3137 776 3455 832 celebrarunt.
3480 780 3534 834 Et
3564 783 3607 835 iu
3629 785 3675 838 S.

2141 865 2327 919 llilarii
2361 875 2506 922 textu
2535 867 2601 922 de
2629 869 2840 924 Nicabna
2890 870 3111 939 Synodo
3160 873 3355 928 mentio
3386 873 3468 940 fit,
3498 885 3545 930 et
3571 876 3679 932 lato-

2141 975 2256 1012 rum
2290 962 2341 1014 in
2375 959 2608 1032 Synodis
2638 961 3066 1018 anathematum.
3101 963 3302 1019 Conscii
3328 968 3452 1020 enim
3475 970 3680 1023 nobisin-

2137 1055 2295 1108 vicem
2316 1072 2523 1122 sumus,
2559 1066 2672 1124 post
2713 1055 2915 1111 Nieeeni
2956 1068 3233 1114 conventus
3276 1061 3544 1129 synodum,
3574 1064 3707 1116 niltil=

2141 1151 2316 1206 aliud.
2346 1167 2499 1220 quam
2534 1149 2717 1205 Fidem
2745 1152 2998 1206 scribi....
3031 1163 3320 1208 menstruas
3346 1155 3405 1208 de
3430 1154 3526 1209 Deo
3554 1150 3682 1220 Fides

2141 1243 2482 1306 decernimus,
2535 1245 2750 1298 decretis
2793 1246 3118 1314 pwnitemus,
3167 1248 3450 1314 paenitentes
3491 1249 3683 1320 defendi-

2141 1351 2275 1397 mus,
2321 1335 2558 1406 defensos
2586 1339 3100 1393 unatltentatizumus.
3152 1338 3394 1393 Profecto
3432 1341 3478 1393 in
3523 1342 3609 1396 hoc
3636 1342 3682 1397 S.

2142 1431 2378 1487 Zenonis
2409 1441 2637 1486 tractatu
2670 1433 2975 1501 hujusmodi
3022 1447 3111 1488 res
3141 1449 3208 1488 ne
3235 1435 3318 1488 vel
3345 1450 3433 1504 per
3457 1438 3682 1490 Somnium

2141 1524 2358 1589 qutdem
2408 1525 2528 1593 quis
2561 1526 2722 1593 leget.
2777 1526 2916 1580 Nihil
2973 1527 3037 1581 de
3089 1528 3241 1591 Ario,
3274 1544 3426 1598 quem
3468 1546 3684 1597 nusquam

2141 1620 2254 1670 Suis
2286 1617 2336 1669 iu
2369 1617 2710 1671 'l‘raetatibus
2756 1619 2840 1673 vel
2891 1620 3150 1689 implicito
3197 1622 3452 1674 nominat.
3487 1622 3607 1676 Nihil
3634 1623 3689 1676 tle

2143 1710 2358 1764 Nic-.ena
2405 1711 2658 1782 Synndo;
2708 1711 2850 1765 Nihil
2882 1713 2948 1766 de
2991 1712 3318 1770 Arianorum
3365 1714 3607 1785 Synotlis,
3635 1715 3689 1768 de

439 1797 552 1849 dent
582 1807 668 1849 aut
700 1809 952 1859 cessante,
985 1806 1073 1849 aut
1101 1797 1251 1848 aliter
1273 1794 1483 1847 docente
1503 1792 1844 1847 consumitur.
1891 1790 2032 1844 Pro:-

2151 1803 2574 1858 anathetnatibus
2600 1804 2754 1858 nihil.
2784 1805 2895 1871 Qua
2929 1821 3058 1874 ergo
3085 1807 3394 1876 conjectura
3419 1808 3470 1863 S.
3495 1805 3690 1860 Zenonis

439 1893 629 1960 cipuus
661 1892 842 1961 itaque
871 1889 1043 1945 saneti
1081 1890 1324 1944 boetoris
1348 1901 1542 1956 scopus
1570 1897 1651 1940 est
1675 1927 1689 1948 ,
1749 1883 2040 1937 ostendere

441 1999 546 2038 non
612 1983 843 2038 humana
914 1994 1030 2038 arte
1102 1997 1274 2051 neque
1341 1980 1621 2034 hominum
1696 1976 2034 2030 eruditorum

439 2076 665 2132 scientia
687 2119 700 2142 ,
739 2093 803 2133 ac
829 2080 1020 2148 peritia
1048 2119 1061 2140 ,
1109 2077 1269 2130 fidem
1301 2075 1523 2138 haberi,
1555 2089 1675 2126 cum
1719 2070 1891 2124 errori
1939 2069 2038 2122 hu-

440 2185 600 2225 mana
634 2185 786 2228 meus
830 2173 901 2232 sit
928 2170 1158 2225 obnoxia
1184 2210 1199 2234 ,
1233 2179 1320 2222 aut
1355 2168 1503 2222 aliter
1545 2167 1772 2219 docente.
1807 2162 1923 2218 Non
1955 2176 2039 2216 re-

440 2269 631 2338 probat
661 2267 878 2336 quidem
911 2265 1212 2320 doctrinam
1240 2281 1252 2315 :
1287 2261 1391 2318 Sed
1433 2277 1532 2316 non
1562 2277 1623 2314 eo
1665 2260 1779 2312 dico
1801 2302 1817 2325 ,
1863 2270 1915 2310 ut
1955 2260 2034 2308 in-

438 2373 645 2434 gratum
665 2362 856 2431 faciam
877 2360 1124 2414 doctrina:
1151 2359 1470 2428 beneficium.
1502 2356 1591 2410 sed
1633 2365 1686 2408 ut
1715 2355 1844 2413 sciat
1881 2368 2039 2404 unus-

439 2456 675 2522 quisaue,
703 2455 847 2509 aliud
871 2469 979 2508 esse
1001 2451 1206 2517 Fidem,
1239 2451 1386 2506 aliud
1413 2466 1518 2506 esse
1550 2447 1871 2502 Tractatum.
1902 2443 2035 2498 Nam

442 2548 604 2602 fidem
637 2562 801 2616 sopra
845 2556 1088 2600 naturam
1119 2549 1241 2601 esse
1271 2557 1460 2613 aperte
1491 2545 1673 2598 docet.
1720 2540 1889 2609 Igitur
1919 2555 2038 2592 eum

440 2640 794 2712 possibilitatis
818 2641 1053 2694 humana:
1076 2656 1178 2692 non
1204 2637 1269 2692 sit
1311 2635 1458 2690 Fidei
1486 2635 1656 2688 videre
1683 2643 1875 2700 secreta
1901 2671 1916 2697 ,
1942 2645 2039 2683 suo

442 2745 618 2792 tamen
649 2752 864 2806 semper
913 2743 1239 2804 argumento
1283 2731 1555 2787 inluereits
1579 2771 1594 2795 ,
1643 2727 1993 2782 Tractatuum
2024 2765 2037 2789 ,

439 2830 553 2897 sive
581 2829 1010 2898 disputationum
1055 2830 1196 2882 circa
1239 2825 1424 2880 Fidem
1466 2824 1650 2877 vitimn
1699 2823 1903 2890 optime
1951 2835 2040 2872 ar-

439 2926 584 2994 guit;
629 2921 846 2993 quando
893 2921 1142 2974 videlicet
1191 2915 1756 2988 argntiientalionilms
1801 2911 2041 2983 philoso-

441 3016 652 3086 phicis,
705 3026 757 3072 et
785 3015 1036 3069 humanis
1077 3011 1377 3066 rationibus
1400 3010 1519 3078 quis
1560 3007 1719 3060 niinis
1754 3003 2039 3072 indulget,

444 3111 771 3178 modumque
802 3109 866 3163 de
896 3106 1028 3162 Fide
1058 3105 1321 3161 tractandi
1355 3104 1502 3158 fratri
1527 3118 1682 3172 quem
1712 3099 2039 3170 alloquitur,

2145 1911 2425 1950 sennones
2455 1896 2782 1952 Arianorum
2832 1901 3169 1967 temporibus
3211 1899 3509 1954 conformes
3544 1910 3693 1956 osten-

2146 1990 2276 2044 dere
2323 1993 2444 2061 quis
2491 1991 2725 2060 poterit?
2773 1993 3182 2049 Evidentissinn
3229 1995 3484 2064 siquidem
3527 2010 3598 2048 esr
3630 1994 3694 2047 di-

2145 2101 2304 2140 versa
2332 2086 2603 2141 scribendi
2635 2088 2770 2142 ratio
2794 2089 2935 2142 inter
2960 2092 3017 2142 8.
3047 2088 3287 2144 Zenonis
3316 2089 3602 2151 Sermones,
3623 2089 3696 2142 ad-

2146 2177 2446 2247 ductosque
2474 2176 2786 2242 Athanasii,
2818 2189 2874 2234 et
2904 2180 3094 2236 llilarii
3127 2193 3340 2245 textus,
3375 2196 3522 2249 quam
3549 2190 3596 2234 et
3620 2182 3695 2234 ob-

2146 2270 2337 2325 levatis
2364 2272 2534 2324 oculis
2555 2271 2782 2340 quisque
2811 2273 3126 2342 conspicere
3155 2283 3354 2341 potest.
3390 2271 3698 2340 Fatentnrip-

2147 2361 2308 2416 simet
2340 2363 2683 2431 Veronenses
2712 2365 3171 2434 perspicaeissimi
3205 2367 3541 2420 adnotatores
3567 2364 3694 2436 (Adii.

2147 2453 2238 2517 56,
2272 2452 2334 2507 In
2365 2455 2480 2508 eod.
2521 2455 2606 2509 Tr.
2646 2471 2699 2520 ι,
2731 2455 2821 2509 lib.
2855 2457 2929 2525 ι),
2963 2455 3021 2511 8.
3057 2457 3334 2514 Zenonem
3367 2466 3601 2510 tractatus
3626 2471 3700 2509 no-

2148 2549 2291 2602 mine
2342 2563 2444 2602 n0n
2497 2550 2773 2617 accepisse
2820 2549 2968 2604 Fidei
3021 2549 3697 2620 formulas,seusynibola,

2147 2642 2235 2695 sed
2266 2645 2486 2713 fusiores
2527 2644 2869 2712 expositiones
2905 2642 3082 2704 Fidei,
3132 2645 3183 2698 in
3215 2643 3400 2714 quibus
3430 2660 3563 2696 suam
3589 2643 3700 2712 quis.

2147 2751 2244 2799 que
2298 2733 2449 2789 Fidei
2495 2738 2793 2790 sententiam
2841 2738 3176 2806 arguntentis,
3231 2745 3282 2791 et
3328 2736 3592 2790 rationibus
3626 2734 3701 2786 ad.

2146 2836 2341 2879 struere
2368 2837 2602 2890 conatur,
2633 2838 2687 2881 ut
2728 2845 2790 2882 ea:
2818 2838 3056 2883 contextu
3095 2829 3418 2898 exploratum
3445 2838 3531 2882 est.
3557 2826 3609 2881 lli
3635 2825 3704 2879 Fi-

2148 2919 2236 2972 dei
2289 2928 2581 2978 tractatus.
2618 2937 2712 2975 seu
2757 2921 3154 2989 disputationes
3197 2921 3272 2975 ab
3316 2936 3428 2974 aevo
3473 2918 3704 2974 nascentis

2148 3012 2411 3068 Ecclesia.-
2441 3015 2490 3067 in
2522 3028 2618 3068 usu
2651 3014 2830 3077 fuere;
2863 3014 2988 3084 quid
3019 3029 3146 3084 ergo
3173 3014 3227 3070 8.
3263 3013 3489 3068 Zenonis
3516 3020 3704 3067 senten-

2150 3107 2235 3160 tia:
2263 3107 2328 3160 ad
2379 3108 2522 3161 solas
2566 3109 2888 3162 Arianorum
2923 3107 3184 3164 formulas
3213 3107 3545 3163 coarctandte
3571 3112 3702 3165 sunt,

444 3203 764 3274 praescribit.
821 3201 955 3257 Vide
1006 3199 1258 3257 eumdem
1311 3197 1625 3252 Tractatum
1688 3192 1850 3248 circa-
1879 3192 2042 3245 linem
2074 3197 2118 3260 C
2150 3213 2270 3251 cum
2303 3199 2464 3252 nulla}
2494 3200 2544 3252 in
2575 3199 2640 3254 iis
2685 3200 3008 3254 Arianorum
3043 3208 3354 3268 temporum
3401 3201 3708 3255 circumstan-

441 3316 591 3354 num.
619 3300 654 3356 5
684 3311 734 3354 et
761 3298 813 3352 6.
842 3297 972 3364 Qllil}
1003 3294 1182 3349 omnia
1212 3309 1333 3350 cum
1373 3291 1694 3346 tractatibus
1721 3297 2002 3344 auctorum
2026 3330 2040 3353 ,

440 3409 577 3465 quos
602 3408 762 3463 supra
794 3389 1215 3448 memoravimus
1240 3385 1500 3449 secundo,
1524 3393 1578 3438 et
1607 3383 1764 3436 tertio
1789 3379 2043 3434 Ecclesia:

443 3489 644 3550 sarculo
682 3487 916 3542 exaratis
945 3484 1268 3539 conveniant
1290 3523 1302 3546 ,
1345 3481 1486 3534 nulla
1521 3478 1658 3532 ratio
1689 3485 1772 3530 est
1803 3474 1943 3528 hunc
1977 3473 2040 3527 D.

443 3581 678 3643 Zenonis
729 3579 1049 3635 Sermonem
1101 3575 1166 3631 ad
1220 3573 1369 3629 Fidei
1410 3570 1670 3626 formulas
1712 3569 1779 3621 ab
1830 3566 2045 3621 Arianis

444 3674 620 3731 editas
660 3672 968 3728 amandare.
997 3671 1134 3738 Quin
1169 3669 1336 3722 satius~
1365 3667 1575 3722 videtur
1602 3663 1750 3718 illum
1794 3661 2045 3730 ()rigenis

451 3776 699 3834 tempore
729 3764 990 3831 scriptum
1027 3760 1183 3815 fateri
1207 3802 1220 3824 ,
1257 3764 1336 3814 vel
1372 3760 1471 3827 ipsi
1513 3755 1728 3826 Origeni
1775 3752 2047 3809 transmis-

449 3875 604 3924 smn,
638 3858 728 3927 qui
763 3867 980 3926 propter
1013 3857 1234 3909 nimium
1276 3850 1632 3923 pillit)SOpiliIB
1674 3849 1933 3908 studium,
1971 3853 2048 3900 tot

449 3952 726 4008 erroribus
770 3965 869 4004 sua
913 3947 1170 4018 respersit
1202 3961 1386 4014 opera.
1441 3944 1647 4003 Potuit,
1681 3951 1732 3994 et
1786 3952 1905 4010 post
1935 3941 2048 3993 Uri-

450 4047 602 4114 genis
649 4052 875 4099 mortem
925 4040 1085 4096 alicui
1131 4038 1470 4108 Origeniana:
1520 4035 1779 4090 doctrina:
1830 4035 2046 4088 addicto

451 4140 615 4195 scribi
651 4138 719 4192 ad
749 4137 893 4191 illius
917 4137 1355 4189 instructionem.

523 4232 751 4288 Accedit
780 4230 936 4284 tertia
961 4269 976 4294 ,
1005 4238 1059 4283 et
1100 4227 1289 4286 ultima
1323 4224 1460 4280 ratio
1514 4240 1525 4276 :
1576 4221 1786 4277 Nullam
1843 4219 2052 4274 scilicet

451 4322 912 4382 cirrtttnstantiatn
944 4324 994 4375 in
1027 4320 1128 4374 hoc
1247 4317 1483 4372 Zenonis
1517 4324 1746 4370 tractatu
1780 4314 2044 4380 reperiri,

450 4436 622 4490 neque
647 4418 702 4473 in
732 4418 937 4483 aliis,ut
963 4422 1014 4470 in
1043 4415 1130 4474 iis.
1164 4431 1282 4484 quae
1305 4413 1563 4482 prolatnri
1589 4425 1797 4474 sumus,
1822 4410 2047 4480 patebit,

449 4531 570 4585 qua:
635 4514 945 4570 necessario
994 4510 1164 4580 aptari
1204 4507 1402 4565 debeat
1469 4504 1797 4561 Arianorum
1845 4513 2050 4573 tempo-

451 4609 620 4664 ribus.

525 4701 766 4771 [te-periri
798 4710 1019 4770 putant,
1052 4709 1105 4751 et
1133 4695 1350 4768 quidem
1383 4691 1780 4762 irrefragabiles
1815 4689 2054 4744 Adnota-

453 4812 600 4858 tores
625 4796 970 4856 solertissimi
1000 4793 1346 4855 Veronenses
1374 4789 1532 4859 (Adn.
1564 4790 1656 4848 55,
1705 4787 1818 4840 eod.
1859 4785 1944 4840 'l‘r.
1983 4800 2050 4848 ιι,

453 4898 489 4952 ι.
527 4894 588 4964 1).
630 4891 698 4948 Ut
743 4900 915 4946 autem
960 4887 1314 4959 intelligantur
1341 4900 1455 4949 qua:
1499 4883 1561 4937 de
1593 4900 1716 4954 vago
1764 4882 2056 4948 incertoque

456 4987 608 5042 Fidei
659 4987 972 5043 Arianorum
1037 4990 1173 5034 statu
1225 4979 1280 5032 id
1330 4979 1426 5031 loci
1467 4979 1763 5041 traduntur,
1804 4974 2057 5041 sl‘lnulque

455 5081 787 5147 conﬁrmetur
811 5075 1038 5130 dilucide
1065 5073 1217 5126 hasce
1243 5070 1303 5126 S.
1339 5069 1561 5125 Zenonis
1583 5069 1858 5124 sententias
1883 5108 1895 5131 ,
1939 5082 2052 5119 cum

457 5175 613 5246 hujus
636 5169 878 5242 temporis
907 5168 1121 5224 historia
1152 5164 1309 5235 probe
1339 5179 1648 5236 congruere,
1687 5161 1814 5216 adeo
1846 5168 1898 5213 ut
1925 5158 2054 5212 nihil

455 5267 622 5326 simile
652 5263 1005 5337 superioribus
1035 5259 1261 5328 steculis,
1295 5255 1478 5327 quibus
1510 5256 1656 5310 illum
1701 5255 1886 5310 vixisse
1920 5269 2054 5306 non-

455 5361 588 5417 nulli
617 5359 945 5420 existimant,
974 5353 1151 5420 afferri
1180 5360 1361 5420 queat,
1404 5351 1485 5406 cui
1529 5349 1636 5404 illte
1678 5363 1906 5418 perwque
1951 5362 2057 5400 res—

455 5455 715 5528 pondeant
735 5493 750 5517 ,
783 5447 1050 5504 recitando
1077 5456 1317 5518 puta-inus
1348 5444 1543 5514 aliquot
1586 5444 1809 5514 insignia
1838 5441 2057 5497 Patrum

457 5554 570 5606 loca
590 5592 603 5610 .
636 5565 752 5618 qua:
780 5561 893 5600 cunt
925 5541 1161 5612 praesenti
1190 5539 1411 5608 miriﬁce
1457 5537 1750 5591 eoueinunt.
1787 5537 1922 5590 Tum
1950 5535 2057 5591 duo

459 5645 697 5712 allegant
740 5640 799 5696 8.
831 5635 1111 5692 Athanasii
1145 5642 1348 5698 textus,
1396 5641 1449 5686 et
1473 5631 1530 5686 S.
1566 5628 1752 5684 Hilarii
1782 5645 1968 5682 nntnn.
2001 5627 2054 5681 In

459 5734 517 5790 S.
553 5730 832 5788 Athanasii
854 5729 1083 5786 adducto
1116 5734 1262 5782 textu
1293 5731 1791 5779 commemorantur
1818 5722 2055 5786 decreta,

465 5838 516 5884 et
547 5835 846 5886 conventus
875 5825 1215 5882 Arianorum.
1255 5819 1364 5874 Nec
1395 5828 1563 5874 tamen
1585 5817 1693 5872 suis
1723 5816 1938 5870 decretis
1959 5815 2060 5886 ipsi

2151 3296 2238 3346 tite
2267 3293 2495 3348 inveniri
2542 3293 2782 3362 possint?
2821 3295 2931 3348 lloc
2979 3295 3098 3350 sine
3143 3304 3337 3364 aperta
3379 3295 3431 3349 vi
3475 3293 3580 3347 ﬁeri
3622 3306 3706 3344 non

2151 3401 2309 3455 posse
2337 3387 2538 3441 dicam.
2567 3386 2987 3442 Circumstantia
3017 3402 3251 3458 namque
3297 3389 3386 3443 illa
3415 3387 3479 3444 dc
3504 3385 3708 3446 multitu-

2151 3480 2275 3534 dine
2304 3480 2660 3536 formularum
2694 3481 2882 3547 Fidei,
2926 3497 3226 3552 eorumque
3261 3482 3625 3536 contrarietate
3647 3480 3708 3531 in—

2152 3583 2233 3626 ter
2261 3574 2373 3629 Arii
2399 3586 2697 3628 sectatores
2727 3575 2799 3629 nil
2829 3573 3044 3643 quidem
3078 3575 3307 3630 revelat.
3353 3576 3482 3644 Cum
3509 3573 3562 3629 8.
3591 3571 3712 3624 Zeno

2152 3665 2284 3734 ipsis
2311 3665 2656 3732 opinantibus
2691 3666 2928 3720 horninis
2961 3666 3271 3721 Balleriuiis
3310 3683 3418 3722 non
3450 3665 3512 3719 de
3538 3665 3713 3717 brevio-

2152 3761 2300 3812 ribus
2347 3760 2591 3812 formulis
2632 3760 2699 3813 ad
2743 3759 2912 3813 instar
2947 3759 3217 3829 symboli,
3270 3761 3429 3815 sicuti
3461 3768 3603 3812 erant
3629 3758 3712 3808 lor-

2153 3853 2312 3906 mula:
2339 3852 2695 3917 Arianorum,
2726 3855 2823 3908 sed
2872 3851 3165 3909 fusiortbus
3213 3854 3369 3909 Fidei
3399 3849 3709 3922 expositioni-

2154 3945 2252 3997 bus
2279 3954 2420 4013 agat.
2453 3943 2657 4000 Horum
2695 3962 2824 4002 vero
2857 3955 3186 4000 tractatuum
3219 3949 3366 4002 circa
3402 3946 3574 4000 Fidem
3601 3942 3712 3995 nntl-

2156 4037 2437 4092 titudiuetn
2490 4053 2619 4092 sane
2651 4042 2912 4108 majorem
2963 4039 3106 4094 inter
3151 4039 3446 4095 Gnosticos
3484 4036 3647 4096 fuisse,
3673 4040 3715 4087 et

2157 4130 2564 4185 Valentinianos
2595 4133 2974 4188 Ecclesiastica
3026 4132 3260 4186 llistoria
3315 4140 3575 4186 recenset.
3600 4125 3716 4181 Satis

2157 4227 2335 4294 itaque
2378 4242 2650 4294 superque
2692 4227 2994 4282 ostendisse
3034 4228 3388 4289 arbitramur,
3445 4224 3624 4278 nullatn
3651 4220 3716 4271 in-

2155 4318 2413 4373 cumbere
2436 4321 2813 4375 necessitatem
2835 4321 2893 4376 8.
2919 4320 3155 4375 Zenonis
3185 4321 3485 4378 sententias
3507 4317 3567 4373 ad
3595 4315 3718 4370 Aria-

2157 4429 2346 4467 norum
2382 4420 2625 4482 tnmpora
2653 4415 2879 4482 rejicere
2904 4433 2916 4468 :
2946 4416 3084 4484 Quin
3115 4431 3237 4471 cum
3273 4413 3520 4484 Origenis
3547 4424 3718 4477 tempo-

2157 4507 2303 4562 ribus
2335 4510 2578 4576 apprime
2606 4512 2971 4572 conveniant,
3018 4510 3235 4578 Origeni
3276 4509 3454 4579 potius
3491 4507 3718 4561 directum

2082 4603 2136 4664 D
2165 4600 2306 4653 hunc
2341 4603 2571 4670 primum
2610 4602 2678 4656 de
2708 4602 2841 4657 Fide
2873 4603 3180 4660 Tractatum
3215 4603 3419 4658 saniori
3468 4595 3718 4668 utiquelu‘

2160 4693 2300 4747 dicio
2350 4693 2725 4748 allirmamlnm
2773 4705 2874 4750 est.
2927 4695 3021 4749 Cui
3075 4694 3205 4748 nihil
3250 4695 3307 4748 in
3361 4694 3464 4749 hoc
3505 4692 3718 4746 'l‘ractatu

2161 4786 2513 4851 discordans;
2552 4788 2680 4856 quin
2725 4789 2831 4842 imo
2871 4789 3067 4844 mirum
3106 4789 3160 4842 in
3199 4789 3423 4844 modum
3449 4781 3721 4842 ctmscnlire

2160 4882 2337 4935 omnia
2369 4896 2435 4935 ex
2463 4881 2524 4934 iis
2545 4922 2560 4947 ,
2593 4898 2713 4952 quas
2741 4881 2880 4936 dicta
2910 4892 3054 4945 sunt,
3081 4882 3237 4938 facile
3267 4893 3354 4939 est
3381 4877 3604 4952 Opinari.

2231 4975 2347 5027 Alia
2382 4975 2545 5028 multa
2582 4977 2823 5044 profecto
2847 4985 3003 5042 sunt,
3050 4993 3170 5046 qua:
3209 4988 3322 5034 tum
3378 4978 3428 5032 in
3473 4975 3593 5039 hoc,
3633 4979 3722 5024 tum

2162 5066 2214 5121 in
2242 5067 2463 5136 reliquis
2492 5065 2550 5123 S.
2586 5064 2822 5123 Zenonis
2860 5068 3204 5124 Tractatibus
3240 5067 3532 5124 clariSsimi
3576 5062 3726 5120 Adno-

2164 5171 2368 5215 tatores
2398 5160 2462 5214 ad
2497 5160 2723 5215 Arianos
2752 5164 2988 5224 tralmnt,
3021 5169 3076 5216 et
3097 5163 3341 5216 Secundo
3381 5166 3566 5220 horum
3591 5158 3720 5210 'fracv

2157 5264 2361 5310 tatuutn
2392 5255 2532 5310 libro
2574 5257 2783 5310 titulum
2817 5298 2830 5320 ,
2867 5256 3059 5314 Contra
3092 5257 3336 5320 Ariauos,
3389 5255 3494 5326 ipsi
3541 5250 3723 5309 conlin-

2159 5359 2312 5418 gunt.
2363 5350 2431 5402 At
2479 5349 2527 5402 in
2586 5349 2649 5402 iis
2691 5349 2946 5404 omnibus
2975 5349 3339 5409 eruditionem
3370 5348 3580 5418 quidem
3619 5341 3725 5398 satis

2163 5441 2521 5512 pra'cipnam;
2554 5441 2602 5494 in
2632 5442 3168 5511 interpretationibus
3194 5457 3327 5498 vero
3347 5485 3360 5506 ,
3392 5457 3508 5511 qua:
3538 5437 3637 5494 Arii
3657 5449 3726 5490 er-

2162 5551 2352 5602 rores,
2405 5553 2469 5590 ac
2521 5547 2760 5606 tempora
2808 5550 3142 5592 cuneornnnt
3191 5536 3478 5592 arbitrium
3534 5531 3723 5603 potius.

2163 5645 2320 5697 quam
2352 5630 2644 5700 genuinum
2678 5629 2741 5683 D.
2775 5629 3012 5694 Zenonis
3037 5646 3250 5686 sensum
3277 5626 3640 5701 deprehendet
3663 5629 3728 5675 at-

2163 5733 2339 5780 tentus
2371 5726 2557 5780 lector.

2166 5819 2191 5886 ἓ
2219 5815 2385 5872 XXII.
2423 5817 2497 5870 De
2524 5817 2746 5875 Zenonis
2772 5819 3028 5888 doctrina,
3064 5821 3210 5891 quasi
3238 5819 3584 5875 Arianisntum
3613 5814 3729 5870 olens
