3902 6324
483 244 593 302 679

1602 248 1691 304 DE
1730 249 1978 308 SANCTI
2016 249 2309 312 ZENONIS
2348 255 2620 313 EPOCIIA
3614 283 3689 340 680

500 363 676 429 deret,
709 365 798 419 sed
825 372 876 418 ut
905 365 1129 419 duorum
1157 381 1317 420 unum
1345 365 1639 423 Divinitatis
1661 411 1675 434 ,
1709 369 2088 441 Potestatisque
2116 375 2170 434 Α
2194 374 2557 434 distinctionis
2594 393 2756 436 causa
2799 379 2995 438 iterum
3027 381 3222 440 afferre
3247 399 3561 458 opportunum
3587 402 3695 458 vide.

500 475 607 515 esse
657 457 1094 526 Omnipotentiam
1125 476 1218 514 nos
1240 460 1462 516 doceret.
1508 462 1527 532 (
1553 461 1614 518 S.
1647 461 1808 520 Zeno.
1841 464 1896 517 d.
1941 464 1980 519 l.
2023 481 2056 518 ιι
2081 507 2093 528 ,

499 549 592 604 Tr.
624 567 717 616 vn,
748 567 892 604 num.
915 549 1000 622 2.)
1028 551 1298 607 Personas
1318 555 1564 624 agnoscit
1587 552 1745 625 duas,
1772 555 2014 622 Patrem,
2043 565 2100 611 et

501 647 694 703 Filium
730 649 784 702 in
815 663 922 702 una
955 648 1241 722 Originalis
1261 654 1616 724 perpetuitatis
1640 671 1700 708 ac
1726 651 1950 709 Deitatis
1975 655 2101 709 sub-

498 742 709 797 stantia.
739 741 1071 814 Origiualem
1103 743 1287 816 itaque
1316 749 1736 818 perpetuitatem
1770 757 1877 803 tam
1908 749 1961 804 in
1989 749 2100 804 dis-

499 837 760 893 tinctione
793 837 1151 896 Personarum
1175 882 1190 907 ,
1223 856 1385 911 quam
1429 841 1482 896 in
1528 843 1736 899 unitate
1779 844 2099 900 substantia:

497 929 698 986 fatetur
727 930 790 986 ι).
822 930 992 988 Zeno.

569 1027 639 1080 At
683 1025 812 1081 illud
847 1027 1117 1098 praecipue
1144 1027 1211 1082 ad
1241 1027 1297 1084 S.
1332 1029 1567 1085 Zenonis
1597 1029 1664 1084 de
1707 1028 1806 1086 SS.
1835 1028 2100 1084 Trinitate

497 1121 764 1176 sinceram
793 1122 1210 1179 discernendum
1242 1123 1547 1180 doctrinam
1594 1134 1680 1181 est
1720 1125 2054 1180 afferendum
2081 1166 2096 1190 ,

497 1213 638 1283 quod
678 1213 884 1283 profert
921 1224 1148 1270 tractatu
1186 1215 1363 1285 primo
1406 1216 1650 1286 ejusdem
1701 1216 1926 1273 secundi
1971 1215 2099 1271 libri

495 1305 566 1360 de
596 1307 906 1377 aequalitate
933 1307 1111 1364 Patris
1131 1351 1145 1374 ,
1178 1307 1300 1363 Filii
1329 1350 1342 1373 ,
1373 1318 1428 1364 et
1457 1309 1695 1380 Spiritus
1723 1310 1930 1366 Sancti.
1959 1308 2100 1364 Inte-

497 1415 652 1471 grum
709 1400 1092 1458 exscribimus.
1151 1405 1424 1474 Agnoscat
1475 1403 1648 1458 lector
1697 1404 1886 1474 primis
1934 1404 2097 1459 etiam

499 1493 762 1550 Ecclesize
793 1497 1127 1566 temporibus
1149 1496 1447 1566 perfectam
1471 1497 1540 1553 de
1569 1496 1827 1569 Mysterio
1851 1495 1946 1553 SS.
1974 1495 2066 1551 Tri
2083 1524 2098 1538 ο

499 1589 683 1644 uitatis
711 1588 961 1646 ﬂoruisse
1004 1590 1271 1646 notitiam.
1330 1589 1570 1644 Carnalis
1611 1591 1793 1645 mentis
1827 1589 2057 1644 homines
2082 1631 2096 1655 ,

498 1687 686 1756 fratres
723 1683 1078 1749 dilectissimi,
1127 1682 1434 1738 scandalum
1470 1682 1759 1755 patiuntur,
1795 1697 1898 1736 non
1927 1682 2098 1736 studio

2202 477 2305 523 tur.
2341 469 2689 540 Principium,
2719 472 2952 540 Fratres,
2986 475 3242 534 Dominus
3277 495 3427 538 noster
3452 487 3699 550 incontanter

2197 571 2269 614 est
2293 559 2526 618 Christus
2559 581 2577 618 :
2607 582 2754 636 quem
2775 577 2894 622 ante
2924 570 3098 624 omnia
3117 572 3303 626 saecula
3325 573 3464 631 Pater
3483 582 3618 637 adhuc
3636 597 3699 641 at-

2200 667 2418 720 cumque
2457 655 2508 708 in
2539 658 2810 730 semetipso
2842 658 2981 713 Deus
3000 702 3014 725 ,
3051 659 3227 718 Beata:
3252 670 3558 734 perpetuitatis
3581 676 3702 731 indis-

2201 754 2339 799 creta
2373 746 2607 816 Spiritus
2648 750 2997 818 plenitudine,
3037 755 3207 809 nescio
3242 773 3333 826 qua
3358 777 3442 813 sua
3465 767 3706 824 conscientia

2199 837 2443 904 relatum,
2473 837 2602 895 Filii
2633 859 2732 896 non
2755 845 2863 898 sine
2888 843 3100 912 affectu,
3132 847 3220 902 sed
3243 850 3344 905 sine
3361 851 3608 913 discrimine
3625 878 3705 913 ant-

2201 929 2532 999 plectebatur.
2578 933 2686 988 Sed
2715 937 3148 1008 excogitatarum,
3180 952 3233 995 ut
3263 944 3471 1000 ordinem
3499 948 3708 1008 instrueret

2200 1040 2372 1079 rerum
2397 1068 2410 1089 ,
2466 1027 2740 1095 ineﬂ'abilis
2780 1031 2873 1085 illa
2907 1031 3088 1088 Virtus
3113 1076 3126 1100 ,
3176 1035 3709 1116 incomprehensibilisque

2201 1116 2483 1172 substantia
2521 1135 2549 1173 e
2587 1122 2794 1192 regione
2831 1125 3001 1179 cordis
3040 1136 3234 1180 eructat
3272 1127 3490 1185 Verbum.
3517 1133 3709 1209 Omnipo-

2202 1211 2360 1264 tentia
2379 1227 2433 1266 se
2461 1225 2730 1286 propagat.
2766 1213 2842 1270 De
2860 1215 2969 1271 Deo
2990 1220 3220 1274 nascitur
3242 1219 3393 1289 Deus,
3419 1233 3558 1278 totum
3578 1226 3711 1284 Patris

2201 1301 2423 1368 habens,
2464 1305 2597 1361 nihil
2636 1308 2892 1382 deregans
2943 1309 3129 1379 Patri,
3172 1323 3277 1369 etc.
3320 1314 3559 1381 Quomodo
3589 1333 3715 1375 autem

2202 1414 2478 1476 generatus
2502 1406 2588 1472 sit,
2613 1408 2700 1477 qui
2723 1411 2990 1474 processit,
3017 1411 3265 1467 dementis
3285 1425 3355 1468 est
3373 1417 3566 1482 opinari.
3591 1415 3716 1470 Nam-

2201 1512 2298 1565 que
2325 1506 2572 1569 temperat
2594 1515 2646 1553 se
2668 1511 2877 1572 prapter
2905 1518 3074 1556 rerum
3103 1513 3341 1558 naturam
3368 1503 3540 1572 Filius,
3572 1526 3622 1562 ne
3640 1509 3719 1563 Αἰ-

2204 1599 2361 1644 ternte
2385 1589 2674 1666 Majestatis
2696 1592 2977 1648 Dominum
3001 1612 3099 1650 non
3121 1598 3280 1666 possit
3307 1598 3471 1652 mundi
3496 1599 3617 1654 istius
3639 1618 3720 1656 me-

2203 1681 2449 1736 diocritas
2490 1686 2762 1740 sustinere.
2805 1685 2934 1741 Cum
2988 1689 3208 1758 imperat
3246 1688 3402 1746 Pater
3435 1692 3579 1747 orbem
3612 1695 3720 1762 ﬁeri,

496 1774 786 1842 noscendae,
819 1774 910 1829 sed
949 1774 1265 1843 frustrandte
1297 1775 1547 1839 reritatis,
1587 1775 1785 1842 quoties
1819 1773 1959 1828 Deus
1998 1772 2100 1828 Dei
2131 1763 2176 1825 Β
2204 1793 2335 1847 Opus
2366 1794 2480 1830 cum
2511 1779 2647 1834 dicto
2676 1782 2960 1850 completur
2985 1798 3016 1836 a
3040 1780 3202 1838 Filio.
3266 1806 3276 1813 -

499 1868 702 1936 Filius,
739 1869 828 1940 qui
860 1868 1036 1926 Patris
1065 1873 1296 1925 maxime
1328 1879 1403 1925 est
1433 1872 1620 1944 gloria,
1656 1870 1869 1940 aequalis
1897 1868 2047 1923 Patri
2067 1888 2100 1924 a

497 1963 778 2020 Catholicis
805 2007 819 2032 ,
859 1965 1194 2035 prazdicatur.
1232 1963 1467 2036 Denique
1506 1965 1624 2019 inde
1658 1975 1753 2032 est,
1794 1965 1932 2036 quod
1975 1949 2099 2037 legis

497 2060 834 2129 fundamenta
863 2069 1174 2126 temnentes,
1214 2069 1414 2114 versuta
1452 2059 1837 2128 disputatione,
1884 2069 2102 2128 praster-

498 2153 652 2207 misso
681 2151 792 2206 Deo
821 2152 885 2206 de
920 2151 1034 2207 Deo
1058 2161 1279 2206 exeunte
1302 2191 1319 2219 ,
1348 2152 1416 2206 ad
1445 2153 1739 2206 communia
1767 2151 2102 2207 humanitatis

497 2246 730 2311 nomina,
756 2261 872 2316 qua:
894 2255 1105 2315 possunt
1131 2244 1447 2318 argumentis
1475 2245 1657 2319 attingi
1685 2243 1862 2299 Patris
1892 2255 1938 2298 et
1971 2243 2100 2298 Filii

499 2342 767 2413 festinant,
796 2357 888 2396 nec
909 2340 1228 2415 intelligunt,
1250 2340 1371 2410 quia
1397 2340 1451 2394 in
1473 2339 1684 2395 exordio
1716 2339 1960 2394 carminis
1991 2338 2096 2395 Sa-

499 2434 594 2500 cri,
626 2431 763 2489 Deus
786 2435 850 2488 de
875 2431 987 2488 Deo
1017 2449 1113 2487 sua
1140 2432 1236 2487 sibi
1259 2442 1303 2488 et
1328 2430 1631 2498 Divinitate,
1655 2443 1701 2486 et
1729 2433 1934 2486 nomine
1956 2448 2096 2486 com:

499 2537 710 2600 paratus
737 2569 752 2596 ,
786 2543 962 2583 omnes
1000 2525 1215 2582 humani
1255 2543 1434 2582 sensus
1475 2527 1798 2595 apinationes
1833 2526 2097 2592 excludit,

496 2624 689 2696 quippe
710 2639 825 2677 cum
853 2622 1025 2678 dicat:
1053 2639 1071 2672 ι
1095 2621 1382 2677 Faciamus
1409 2621 1684 2677 hominem
1711 2621 1777 2676 ad
1809 2621 2099 2691 imaginem

498 2727 554 2772 et
581 2717 992 2772 similitudinem
1013 2727 1314 2783 nostram,»
1353 2734 1455 2770 non
1475 2717 1666 2786 inquit,
1693 2713 1807 2769 Fac
1834 2717 1902 2770 ad
1932 2726 2096 2780 tuam,

496 2810 587 2864 sed
610 2811 682 2864 ait
720 2828 738 2862 ι
774 2808 1064 2864 Faciamus
1093 2809 1159 2864 ad
1183 2818 1445 2875 nostram,
1485 2829 1504 2862 ι
1540 2824 1602 2862 ne
1623 2825 1776 2879 quam
1806 2805 1854 2859 F
1858 2809 1976 2863 ilius
2003 2808 2099 2862 ho-

498 2905 686 2958 minem
713 2905 991 2959 induturus
1031 2904 1138 2972 pati
1165 2905 1427 2958 videretur
1475 2903 1725 2974 injuriam
1751 2942 1764 2955 .
1799 2901 2098 2968 Videtisne,

500 2997 716 3054 Fratres
739 2999 1091 3066 dilectissimi,
1119 2999 1242 3069 quia
1272 2999 1450 3053 nullus
1477 3007 1650 3053 exerte
1676 2999 1759 3052 hic
1779 2998 1933 3052 alteri
1953 2997 2101 3070 jubet

496 3093 549 3148 in
585 3108 770 3162 apere,
802 3092 979 3147 nullus
1020 3093 1213 3147 otiosus
1253 3101 1347 3146 est.
1386 3091 1430 3146 0
1468 3091 1662 3147 Sancta
1701 3092 1998 3160 aequalitas,
2037 3107 2099 3144 ac

2273 1869 2552 1926 Secundus
2579 1882 2758 1927 textus
2784 1889 2814 1927 a
2836 1873 3058 1929 Patavio
3089 1887 3324 1932 notatus.
3355 1877 3505 1946 Quem
3531 1877 3724 1948 (Filium)

2201 1973 2318 2017 ante
2361 1965 2534 2018 omnia
2570 1967 2759 2020 sarcula
2792 1965 2948 2021 Pater
2978 1968 3032 2022 in
3064 1969 3324 2039 profundo
3354 1986 3453 2024 sum
3485 1969 3636 2025 mentis
3662 1985 3726 2021 ar-

2200 2072 2327 2110 cano
2353 2057 2711 2130 insuspicabili
2748 2077 2808 2113 ac
2846 2061 2940 2114 sibi
2981 2061 3079 2114 soli
3117 2071 3238 2116 nota
3281 2064 3598 2127 conscientia,
3632 2060 3728 2115 Filii

2201 2162 2302 2201 non
2342 2148 2452 2202 sine
2483 2147 2693 2215 alfectu,
2733 2152 2824 2205 sed
2868 2151 2982 2206 sine
3021 2153 3332 2207 revelamine
3369 2152 3726 2224 amplectebatur.

2203 2235 2373 2309 Igitur
2425 2239 2708 2307 ine/fabilis
2734 2243 2829 2296 illa
2858 2244 3495 2317 incompreltensibilisque
3517 2239 3733 2317 Sapientia

2203 2331 2546 2404 Sapientiam,
2583 2333 2966 2406 Omnipoteutia
3023 2336 3460 2406 Omnipotentiam
3490 2348 3733 2409 propagat:

2206 2423 2283 2479 De
2316 2424 2429 2479 Deo
2464 2428 2694 2481 nascitur
2722 2425 2862 2482 Deus
2889 2447 2906 2495 ;
2950 2429 3024 2483 De
3063 2429 3310 2502 lngenito
3346 2430 3653 2502 Unigenitus;
3683 2429 3735 2484 De

2200 2519 2310 2573 solo
2348 2519 2521 2585 solus;
2555 2518 2629 2573 De
2656 2529 2760 2574 toto
2791 2530 2959 2587 totus;
2993 2520 3073 2576 De
3109 2539 3228 2577 vero
3257 2539 3433 2587 verus;
3461 2521 3530 2576 De
3559 2526 3736 2592 perferto

2203 2615 2458 2682 perfectus
2493 2628 2510 2665 :
2542 2611 2730 2666 Totum
2769 2612 2945 2668 Patris
2980 2615 3204 2680 habens,
3243 2615 3374 2670 nihil
3403 2615 3630 2686 derogans
3663 2611 3741 2667 Pa-

2203 2705 2290 2768 tri,
2320 2705 2548 2776 procedit
2579 2705 2631 2758 in
2656 2707 2989 2771 nativitatem,
3021 2707 3110 2776 qui
3130 2717 3244 2761 erat
3266 2717 3527 2775 antequam
3554 2719 3739 2758 nascere-

2203 2807 2288 2852 tur
2316 2798 2371 2851 in
2398 2797 2574 2851 Patre.
2600 2798 2808 2866 Quibus
2833 2799 3015 2855 verbis
3052 2800 3330 2856 subinfert
3355 2801 3583 2855 Petavius.
3603 2814 3613 2850 :
3637 2795 3742 2865 Ergo

2203 2888 2252 2942 F
2256 2890 2401 2944 ilium
2431 2901 2707 2962 antequam
2727 2909 2756 2945 a
2778 2891 2937 2946 Patre
2961 2892 3286 2965 gigneretur,
3317 2895 3370 2948 in
3401 2892 3546 2946 Patre
3563 2889 3744 2945 extitisse

2199 2985 2459 3057 signiﬁcat
2480 3001 2499 3038 :
2529 2986 2791 3057 generatio
2817 3001 2956 3050 vero,
2989 2994 3040 3039 et
3059 2987 3307 3042 nativitas
3339 2987 3434 3057 fuit
3457 3002 3561 3040 cum
3582 3000 3650 3039 res
3667 2997 3743 3036 om-

2204 3094 2291 3132 nes
2319 3094 2591 3147 procreare
2617 3079 2794 3146 voluit,
2829 3080 2966 3150 quod
2995 3080 3050 3132 in
3089 3082 3324 3135 secundo
3365 3095 3580 3136 sermone
3611 3076 3745 3130 deria.

495 3184 594 3240 sibi
619 3154 720 3240 soli
748 3154 1054 3260 dignissima
1083 3185 1365 3239 individua:
1396 3183 1657 3239 Deitatis!
1685 3154 1833 3239 uti.
1860 3154 2010 3236 homo
2035 3183 2102 3236 ad
2129 3154 2174 3218 Ο
2207 3181 2285 3226 rat
2314 3188 2332 3226 :
2361 3191 2379 3224 ι
2402 3171 2569 3243 Cujus
2605 3190 2670 3228 ex
2698 3187 2814 3239 ore.
2847 3184 2905 3228 ut
2935 3191 3121 3230 rerum
3151 3175 3384 3244 Natura.
3405 3190 3520 3247 (tum
3545 3189 3638 3229 non
3663 3178 3751 3226 ml

494 3279 717 3334 duorum
737 3280 1038 3353 imaginem,
1059 3289 1106 3333 et
1128 3277 1520 3333 similitudinem
1547 3279 1782 3350 ﬁngitur,
1817 3293 1907 3331 nec
1932 3285 2101 3331 tamen

493 3371 548 3426 in
571 3371 755 3442 ecquid
777 3374 927 3445 cujus
950 3372 1013 3426 sit
1033 3371 1310 3426 invenitur.
1339 3371 1400 3427 Si
1421 3371 1580 3445 igitur
1601 3371 1652 3423 in
1681 3385 1834 3440 opere
1858 3377 2101 3423 extraneo

497 3465 694 3535 paritas
724 3481 872 3520 sacra
895 3465 1144 3538 distingui
1163 3481 1265 3520 non
1295 3473 1482 3533 potest,
1517 3463 1656 3518 Deus
1683 3463 1736 3516 in
1762 3462 1869 3516 alio
1889 3478 1943 3516 se
1967 3462 2103 3532 infe—

498 3560 605 3615 rior
630 3577 740 3616 esse
762 3561 1194 3631 quemadmodum
1227 3559 1431 3630 potest?
1465 3558 1730 3628 Quidquid
1757 3558 1892 3613 enim
1923 3557 2010 3610 uni
2040 3572 2103 3611 es:

495 3652 696 3707 duobus
722 3653 999 3707 indiscrete
1022 3654 1078 3707 in
1104 3652 1339 3725 omnibus
1365 3651 1565 3707 sibimet
1602 3649 1968 3707 simulantibus
2006 3649 2100 3703 de-

494 3743 734 3808 traxeris,
767 3744 852 3798 cui
881 3743 1168 3799 detraxeris
1196 3744 1381 3799 nescis.

569 3837 636 3892 At
691 3837 781 3892 ille
836 3838 918 3892 cui
964 3839 1198 3910 jubetur,
1252 3847 1345 3902 est,
1396 3837 1586 3907 inquis,
1661 3838 1895 3908 inferior.
1957 3836 2101 3903 Quid

493 3932 633 4004 quod
661 3931 781 3986 inde
805 3949 908 3986 non
926 3948 1034 3988 esse
1059 3931 1378 4001 approbatur
1398 3931 1636 4001 inferior,
1667 3930 1791 3999 quia
1819 3929 1957 3983 unde
1982 3945 2103 4002 pro-

493 4027 644 4081 cessit
697 4024 911 4081 Paterni
958 4025 1129 4079 cordis
1176 4034 1251 4078 est
1301 4033 1582 4088 executor;
1614 4039 1718 4076 non
1757 4023 1890 4076 enim
1933 4024 2102 4077 minus

493 4129 572 4174 est
597 4124 767 4190 facere
798 4135 986 4192 magna
1007 4158 1024 4185 ,
1054 4134 1210 4189 quam
1239 4118 1432 4174 dicere.
1470 4116 1734 4184 Quamvis,
1763 4126 1809 4170 et
1831 4116 1968 4185 quod
1993 4116 2102 4170 dic-

496 4221 606 4266 tum
647 4223 721 4267 est
745 4230 778 4266 α
799 4212 989 4280 Patre,
1031 4212 1110 4266 vel
1137 4212 1241 4266 dici
1267 4221 1467 4283 potest,
1499 4219 1549 4265 et
1570 4209 1711 4282 quod
1749 4211 1942 4281 factum
1969 4220 2042 4264 est
2072 4229 2104 4264 a

496 4300 660 4368 Filio,
705 4304 784 4359 vel
809 4305 934 4373 fieri,
951 4313 1116 4375 potest
1143 4305 1253 4359 sine
1279 4304 1578 4378 dignatione
1608 4302 1839 4358 Paterna
1875 4321 1978 4359 non
2007 4313 2101 4373 est,

496 4401 618 4472 quia
643 4397 694 4454 F
694 4400 821 4456 ilius
843 4402 954 4456 sine
985 4399 1149 4455 Patre
1175 4417 1278 4456 non
1308 4411 1381 4455 est
1412 4400 1525 4472 ipso
1554 4399 1877 4455 dicente.....
1904 4399 1960 4455 Si
1994 4407 2100 4454 n‘on

493 4495 635 4552 facio
668 4497 803 4552 facta
838 4496 1013 4553 Patris
1046 4495 1172 4561 mei,
1209 4495 1378 4552 nolite
1427 4495 1556 4550 mihi
1587 4495 1815 4551 credere
1860 4511 1874 4548 :
1920 4493 2014 4549 sed
2055 4493 2100 4548 si

2207 3265 2521 3337 ﬁngeretur,
2551 3266 2786 3336 prodirit
2817 3267 3137 3338 Unigonitus
3163 3269 3342 3325 Filius
3366 3269 3536 3325 cordis
3559 3267 3657 3336 ejus
3681 3279 3750 3318 no-

2205 3359 2328 3414 bilis
2361 3359 2656 3430 inquilinus
2679 3403 2693 3427 ,
2738 3375 2803 3416 ex
2849 3361 2976 3417 inde
3003 3362 3240 3419 visibilis
3281 3364 3522 3429 effectus,
3548 3361 3654 3432 quia
3676 3357 3752 3412 hu-

2206 3467 2422 3507 manum
2449 3468 2621 3524 genus
2645 3453 2959 3510 visitaturus
2987 3466 3126 3523 erat,
3159 3467 3272 3514 etc.
3291 3478 3309 3511 ι

2281 3547 2529 3603 Petavius
2554 3547 2735 3617 itaque
2756 3548 2890 3605 duas
2918 3550 2968 3604 in
2992 3550 3209 3607 Christo
3245 3553 3472 3608 Domino
3491 3547 3752 3606 Nativitates

2207 3641 2265 3698 S.
2297 3641 2572 3698 Zenonem
2603 3644 2892 3714 agnovisse
2924 3644 3122 3700 fatetur
3155 3643 3441 3717 :‘primam
3469 3642 3684 3699 eumdem
3709 3639 3750 3694 S.

2208 3742 2494 3797 Ductorem
2528 3737 2850 3812 'assignasse
2881 3753 3032 3813 putat
3061 3760 3170 3799 non
3209 3755 3477 3801 aeternam
3499 3785 3513 3808 ,
3551 3741 3634 3798 sed
3663 3751 3754 3794 cum

2206 3850 2294 3892 res
2320 3852 2511 3893 omnes
2540 3853 2831 3907 procreare
2861 3839 3030 3893 voluit
3063 3857 3076 3892 :
3113 3840 3310 3911 sicque
3335 3840 3527 3896 Filium
3560 3853 3616 3892 ex
3652 3834 3756 3887 ωυιηὶ

2205 3931 2488 3986 (eternitate
2531 3931 2585 3986 in
2625 3931 2800 3987 Patris
2829 3933 2982 3998 sinu,
3019 3941 3066 3986 et
3095 3935 3326 3988 essentia
3365 3933 3515 3989 veluti
3553 3928 3757 3985 indiscre-

2207 4035 2333 4090 tum,
2368 4034 2414 4080 et
2441 4025 2661 4096 afﬁxam
2690 4026 2898 4080 hasisse
2929 4043 2945 4080 :
2977 4026 3342 4083 lndiscretum
3376 4024 3615 4081 videlicet
3636 4038 3660 4076 a
3685 4019 3760 4073 Pa«

2205 4122 2300 4174 tris
2325 4120 2564 4176 Persona
2593 4135 2698 4176 non
2722 4120 3056 4188 distinctum,
3092 4138 3273 4194 neque
3305 4121 3572 4195 propriam
3594 4117 3759 4188 hypos-

2205 4212 2361 4268 tasim
2400 4211 2652 4269 habuisse
2692 4221 2817 4268 ante
2841 4228 3023 4269 rerum
3070 4214 3438 4270 creationem.
3472 4213 3536 4268 At
3571 4210 3620 4266 S.
3646 4207 3761 4260 Zeno

2205 4307 2287 4379 (ut
2311 4307 2514 4375 optime
2546 4315 2814 4376 reponunt
2840 4306 3024 4362 eximii
3050 4306 3368 4377 Ballerinii)
3395 4306 3612 4379 primam
3638 4295 3762 4353 \‘crhi

2205 4401 2541 4456 nativitatem
2569 4410 2827 4456 :eternam
2860 4402 3078 4468 asserit,
3111 4401 3262 4473 quod
3296 4418 3367 4458 ex
3402 4401 3564 4472 ipsius
3590 4404 3764 4452 senten-

2205 4493 2277 4548 tia
2324 4493 2628 4549 luculenter
2670 4494 2995 4549 ostenditur.
3043 4494 3123 4550 En
3175 4495 3235 4551 S.
3294 4491 3544 4551 Doctoris
3584 4486 3764 4545 verba:

496 4587 628 4643 mihi
651 4589 887 4645 credere
903 4605 1011 4645 non
1037 4591 1221 4657 vultis,
1253 4589 1408 4643 factis
1431 4588 1658 4654 credite,
1687 4595 1742 4643 et
1764 4587 2097 4658 cognoscite,
2124 4557 2178 4616 D
2208 4585 2530 4657 Quapropter
2560 4587 2689 4640 duas
2727 4603 2834 4642 esse
2877 4588 3166 4642 nativitates
3197 4587 3420 4642 Domini
3464 4583 3634 4640 Nostri
3665 4577 3763 4633 Iesu

493 4681 619 4753 quia
653 4681 704 4736 in
737 4697 824 4738 me
851 4690 938 4738 est
974 4683 1157 4747 Pater,
1187 4693 1242 4738 et
1264 4697 1364 4753 ego
1405 4683 1458 4737 in
1489 4683 1702 4737 illo.....
1737 4681 1951 4736 Constat
1978 4698 2098 4754 ergo

493 4774 745 4849 aequalem
767 4792 896 4840 esse,
922 4777 1062 4847 quod
1085 4777 1300 4832 invicem
1321 4794 1376 4832 se
1395 4778 1537 4847 capit
1566 4777 1618 4830 in
1649 4777 1853 4848 Spiritu
1880 4777 2094 4832 Sancto.

566 4869 742 4924 Tanto
770 4867 1044 4924 rationum
1072 4869 1334 4938 pondere,
1363 4885 1427 4924 ac
1452 4870 1749 4939 Scriptura:
1774 4867 2097 4924 auctoritate

494 4964 859 5034 mqualitatem
885 4962 936 5018 in
971 4961 1156 5029 Patre,
1185 4969 1239 5016 et
1267 4960 1404 5017 Filio
1427 4961 1766 5018 demonstrat
1798 4961 1946 5017 Zeno
1981 4978 1993 5014 :
2024 4977 2092 5017 ex

493 5055 598 5112 hac
627 5057 935 5128 aequalitate
962 5055 1358 5121 demonstrata,
1393 5063 1448 5110 et
1477 5055 1848 5122 eozeteruitas,
1878 5063 1935 5112 et
1963 5055 2090 5110 sub-

493 5151 710 5206 stantia:
737 5149 946 5214 Uuitas,
976 5163 1189 5204 necnon
1220 5158 1275 5203 et
1303 5148 1665 5204 Personarum
1694 5147 1968 5203 distinctio
1999 5163 2094 5202 ne-

493 5245 734 5302 cessario
772 5243 1022 5315 emergit.
1067 5242 1239 5298 Nemo
1279 5242 1424 5298 enim
1460 5242 1563 5297 sibi
1592 5242 1817 5314 mqualis
1844 5251 1967 5310 est,
2000 5239 2096 5297 sed

493 5337 674 5395 alteri.

566 5433 848 5504 Esplicata
875 5431 1064 5503 itaque
1099 5431 1159 5485 D.
1194 5429 1428 5485 Zenonis
1473 5439 1656 5484 mente
1683 5429 1825 5485 circa
1859 5430 2098 5486 Sanctis-

493 5526 643 5582 simae
689 5526 974 5583 Trinitatis
1021 5523 1370 5598 Mysterium,
1423 5522 1654 5593 Filiique
1704 5523 2046 5579 Divinitatem
2077 5566 2093 5592 ,

496 5637 638 5676 nunc
669 5620 736 5675 ad
778 5635 1012 5676 examen
1045 5620 1081 5675 ii
1111 5625 1241 5674 sunt.
1266 5616 1556 5673 revocandi
1582 5624 1779 5683 textus,
1813 5616 2008 5686 quibus
2031 5617 2089 5674 S.

497 5712 654 5781 hujus
703 5713 951 5769 Doctoris
1001 5712 1269 5768 sententia
1319 5710 1507 5766 Arium
1557 5725 1749 5779 sapere
1790 5709 2088 5765 dubitatur.

502 5803 672 5861 Unum
713 5807 962 5877 superius
1004 5806 1321 5873 attulimus,
1365 5815 1418 5860 at
1451 5804 1700 5861 eumdem
1745 5802 1831 5860 hic
1864 5803 2085 5876 majoris

2205 4679 2404 4735 Christi
2435 4684 2718 4737 necessario
2748 4682 2880 4737 scire
2915 4683 3059 4738 debet
3101 4680 3350 4754 Populus
3383 4679 3768 4738 Christianitati?

2202 4790 2351 4845 quem
2383 4775 2609 4842 patiatur
2633 4791 2858 4829 errorem
2892 4791 2911 4829 :
2943 4793 3098 4830 unam
3126 4793 3228 4847 qua
3261 4787 3420 4830 natus
3448 4783 3554 4838 est,
3591 4773 3766 4823 alterunt

2201 4886 2304 4939 qua
2325 4880 2532 4923 renatus
2563 4885 2581 4923 :
2602 4869 2690 4923 sed
2711 4870 2843 4923 sicut
2865 4880 2936 4924 est
2962 4870 3273 4941 Spiritualis
3301 4871 3477 4942 prima
3495 4868 3600 4923 sine
3620 4871 3766 4924 matre,

2201 4961 2274 5015 ita
2301 4963 2414 5016 sine
2445 4961 2606 5018 Patre
2644 4964 2874 5018 secunda
2911 4965 3136 5020 carnalis
3164 4981 3183 5019 :
3212 4965 3332 5019 hac
3377 4960 3636 5023 miranda,
3685 4956 3769 5006 ine-

2201 5054 2481 5110 narrabilis
2518 5057 2649 5122 illa,
2699 5055 2963 5127 Propheta
3004 5057 3207 5112 dicente
3255 5074 3274 5112 :
3324 5056 3646 5112 Nativitatem
3685 5050 3771 5121 ej!“

2200 5151 2315 5218 quis
2344 5150 2660 5204 euarrabit?‘
2689 5148 2794 5202 Cur
2821 5160 2994 5203 autem
3026 5150 3092 5204 sit
3126 5151 3505 5205 inenarrabilis
3533 5146 3678 5202 Patre
3707 5142 3769 5194 lo-

2199 5251 2383 5313 quente
2421 5258 2717 5297 noscamus.
2766 5241 3018 5298 Dominus
3056 5247 3165 5314 ipse
3205 5260 3306 5299 nos
3341 5243 3514 5299 docet.
3549 5231 3772 5294 Eructarit

2201 5353 2289 5390 cor
2329 5352 2497 5390 meum
2549 5336 2765 5391 Verbum
2803 5337 3026 5404 bonum,
3056 5348 3162 5393 etc.
3198 5347 3249 5392 et
3293 5339 3446 5410 apud
3481 5334 3773 5393 Salomonem

2200 5429 2445 5485 hactenus
2493 5429 2667 5483 dicens
2703 5447 2716 5483 :
2763 5429 2871 5502 Ego
2913 5446 2976 5484 ex
3014 5446 3102 5485 ore
3143 5429 3415 5485 Altissimi
3457 5425 3647 5502 proclivi
3682 5427 3774 5475 ante

2203 5537 2402 5576 onmem
2445 5532 2754 5577 creaturam.
2798 5516 3152 5593 Prosequitur
3197 5522 3257 5579 S.
3315 5523 3470 5578 Zeno
3513 5522 3578 5576 de
3615 5514 3773 5573 eadem

2202 5617 2374 5686 prima
2397 5616 2768 5687 generatione,
2799 5629 2894 5670 seu
2924 5615 3203 5671 nativitate
3224 5613 3517 5672 disserens
3540 5613 3593 5670 in
3614 5609 3775 5665 eodem

2199 5709 2452 5766 Tractatu
2477 5708 2842 5763 :Admirabilis
2867 5709 3053 5780 gratia,
3086 5706 3310 5763 Fratres
3343 5704 3651 5766 rharissimi,
3679 5714 3780 5751 των·

2197 5804 2390 5873 spicuu:
2421 5805 2675 5871 veritatis,
2706 5818 2820 5874 qua:
2847 5801 2971 5856 dum
3005 5801 3197 5859 secerni
3241 5811 3450 5875 potest,
3492 5809 3649 5855 tamen
3680 5786 3778 5846 ἑοῖ·
