3798 6322
65 264 157 320 σενι-
1389 247 1862 308 υιδδειιτΑτιυ.
3198 261 3302 315 (532

59 387 142 431 met
167 386 348 428 externa
376 384 608 424 essenon
639 377 820 438 potest.
863 369 922 421 Si
964 371 1095 421 enim
1128 367 1342 422 l'erbunt
1377 369 1429 420 in
1463 366 1593 429 Deo.
1623 376 1674 432 Α
1703 365 1847 420 tione
1879 367 1937 420 D.
1971 367 2207 423 Zenonis
2235 367 2482 425 doctrina
2517 385 2530 435 ;
2559 369 2674 425 Non
2713 372 2910 426 ctenim
2941 374 3301 444 explicatione

56 482 95 528 et
117 470 237 525 Deus
261 477 327 521 est
361 463 613 530 Verbum,
643 473 688 517 et
714 464 809 518 hoc
850 473 922 517 est
949 464 1001 516 in
1038 480 1136 532 quo
1166 474 1273 527 est,
1302 463 1438 532 quod
1466 463 1596 516 illttd
1701 458 1903 529 indiget
1929 461 2071 528 quod
2114 459 2366 516 Tractatu
2397 477 2447 516 tx
2469 504 2483 528 ,
2525 477 2672 518 num.
2709 464 2767 534 2,
2799 467 3022 535 protulit
3055 466 3302 522 disertis-

53 575 133 630 est,
156 561 234 631 qui
258 562 400 622 inest,
430 558 622 625 duplex
651 573 893 627 persona,
925 557 1118 628 duplex
1145 555 1473 619 vocabulum,
1508 555 1596 611 sed
1701 550 1854 606 simis
1879 552 2059 607 verbis
2085 570 2096 604 :
2133 553 2178 606 0
2202 569 2330 608 nova
2351 556 2485 609 ratio
2509 555 2530 607 !
2556 557 2738 612 Amore
2759 560 2997 631 imaginis
3019 576 3126 615 sua:
3148 578 3301 615 coac-

53 655 283 733 originalis
304 652 671 726 perpetuitatis,
705 668 766 706 ac
792 649 1007 705 Deitatis
1042 661 1115 704 est
1142 665 1244 704 una
1273 650 1562 704 substantia
1579 689 1594 710 .
1701 645 1864 698 tnstin
1890 646 2140 714 infantem
2162 648 2297 718 vagit
2323 646 2482 702 Deus.
2519 647 2646 702 llwc
2672 660 2746 703 est
2773 653 2909 706 enim
2939 663 3159 722 potestas
3181 653 3302 719 Dei,

48 748 371 818 Dominoipsa
417 747 612 800 dicente
652 760 672 799 :
720 744 831 814 Ego
876 753 929 799 et
975 743 1134 798 Pater
1175 757 1338 796 unum
1387 755 1594 796 sumus.
1703 744 1756 790 ut
1801 737 1944 790 salvo
1979 737 2116 805 quod
2146 747 2256 803 est,
2291 740 2451 806 possit
2477 755 2585 794 esse
2613 742 2754 811 quod
2796 759 2896 798 non
2943 754 3036 799 est.
3089 743 3189 798 Hic
3232 755 3305 800 est

53 843 182 910 Quod
214 855 308 893 non
344 837 514 905 utique
573 836 646 890 sic
703 837 812 898 ait,
869 845 922 888 ut
958 834 1012 887 itt
1065 850 1220 887 unum
1269 833 1399 888 duos
1462 833 1597 886 redi-
1703 827 1846 885 Deus
1878 839 2072 896 noster,
2102 834 2284 886 teterni
2309 829 2410 886 Dei
2439 843 2724 888 ceteternus
2757 834 2947 891 Filius.

47 931 189 1008 gendo
225 927 588 1000 confunderet,
637 926 726 981 sed
778 936 831 980 ut
869 926 1091 981 duorum
1121 941 1277 979 unam
1309 923 1600 979 Divinitatis
1774 922 1895 992 Ipse
1920 923 2096 994 itaque
2128 939 2250 980 sese
2278 924 2513 995 explicat
2539 925 2598 981 S.
2630 926 2798 994 Zeno,
2856 929 2980 998 quid
3029 931 3311 987 intellexe-

48 1024 376 1096 potestatisque
409 1022 830 1092 omnipotentiam
855 1038 945 1076 nos
972 1021 1193 1074 doceret.

1822 1015 1874 1069 in
1907 1014 2134 1084 objectis
2173 1033 2201 1068 a
2237 1015 2461 1071 Petavin
2497 1016 2770 1082 testibus,
2829 1035 2951 1074 cum
2993 1022 3123 1077 dicit
3166 1024 3308 1092 quod

108 1117 172 1171 De
195 1115 389 1169 duabus
411 1112 559 1168 hisce
581 1113 966 1168 nativitatibus
993 1112 1103 1184 agit
1125 1113 1181 1167 S.
1216 1112 1416 1167 Doctor
1437 1113 1599 1165 etiam
1713 1107 1869 1162 Pater
1907 1109 2182 1164 indiscreta
2222 1109 2454 1178 Spiritus
2480 1111 2796 1182 plenitudine
2827 1155 2840 1168 .
2871 1116 3042 1166 nescio
3071 1131 3174 1183 qua
3222 1134 3316 1169 sua

47 1211 201 1266 Traet.
233 1223 339 1270 vttt,
374 1221 518 1260 num.
551 1207 574 1260 I
612 1224 623 1258 :
656 1204 826 1278 Igitur
852 1207 984 1260 duas
1026 1207 1315 1260 nativitates
1345 1223 1454 1260 esse
1490 1204 1600 1258 Do-
1707 1202 2016 1256 conscientia
2042 1204 2264 1257 velatum
2291 1202 2399 1256 sine
2443 1203 2744 1258 discrimine
2772 1207 3174 1273 amplectebatur
3203 1207 3314 1279 (FE-

45 1305 153 1358 mitti
173 1301 225 1356 Ι.
245 1299 300 1356 C.
327 1299 493 1366 rudis,
518 1309 608 1354 aut
634 1301 894 1372 negligens
921 1300 1061 1354 disce
1079 1299 1389 1363 Christiane,
1414 1316 1476 1353 ne
1503 1315 1603 1365 quo
1709 1293 1838 1348 lium
1864 1293 1905 1365 ).
1947 1295 2013 1349 Et
2051 1294 2103 1348 iu
2137 1294 2394 1350 Tractatu
2445 1312 2500 1350 ιιι
2549 1295 2642 1352 lib.
2677 1312 2716 1352 tt
2740 1314 2752 1349 :
2781 1299 2943 1365 Quem
2987 1309 3104 1353 ante
3147 1302 3319 1355 omnia

46 1395 290 1464 decipiaris
325 1409 509 1448 errore.
549 1391 719 1448 Unam
747 1409 902 1464 quam
943 1393 1034 1447 tibi
1063 1408 1163 1446 non
1198 1391 1314 1446 licet
1337 1407 1562 1461 quwrere
1588 1431 1602 1455 ,
1708 1388 1897 1444 saecula
1933 1387 2090 1444 Pater
2119 1390 2172 1442 in
2204 1391 2464 1459 profundo
2503 1406 2620 1455 suae.
2649 1393 2832 1446 mentis
2859 1409 3050 1448 arcano
3092 1395 3317 1464 insuspi-

45 1490 232 1543 alterum
259 1503 404 1556 quant
447 1487 671 1559 legitime
710 1487 754 1541 si
800 1486 1002 1554 possis,
1034 1485 1340 1553 permitteris
1383 1484 1601 1538 edoceri.
1710 1479 1888 1545 cabilt,
1913 1498 1973 1534 ac
2000 1480 2098 1536 soli
2143 1482 2238 1536 sibi
2281 1492 2406 1536 nota
2438 1483 2749 1538 conscientia
2789 1482 2919 1538 Filii
2952 1502 3055 1539 non
3080 1487 3192 1540 sine
3237 1491 3322 1559 af-

50 1581 206 1635 l’rinttt
249 1581 412 1650 itaque
450 1579 732 1632 nativitatis
774 1576 984 1632 Domini
1015 1575 1197 1632 Nostri
1226 1578 1279 1631 itt
1309 1575 1483 1631 Patris
1510 1618 1525 1644 ,
1559 1586 1606 1630 et
1711 1579 1871 1646 fectu,
1923 1575 2016 1630 sed
2053 1576 2164 1630 sine
2189 1577 2491 1631 revelamine
2533 1579 2953 1648 amplectebatur.
2995 1579 3136 1635 Nihil
3176 1581 3323 1638 aliud

45 1671 160 1727 Filii
185 1681 372 1725 tantum
391 1670 700 1724 conscientia
722 1680 914 1734 manet,
939 1685 1026 1724 nec
1047 1670 1323 1738 quidquam
1355 1667 1502 1722 liabet
1529 1669 1609 1720 in-
1712 1679 1862 1724 certe
1895 1684 2054 1740 quam
2086 1668 2381 1724 discrimen
2413 1679 2674 1725 atternam
2708 1671 2852 1725 inter
2872 1671 3040 1728 Verbi
3073 1673 3326 1728 nativita-

47 1769 303 1839 terjectunt,
330 1780 488 1833 neque
508 1765 795 1830 conscium,
820 1764 957 1834 quod
978 1779 1042 1817 ea:
1062 1760 1398 1816 Paternitatis
1419 1758 1609 1827 affectu
1640 1772 1684 1832 Β
1714 1772 1819 1818 tetn
1843 1805 1856 1826 ,
1888 1773 1943 1818 et
1991 1763 2345 1833 temporalem
2397 1764 2641 1834 ejusdem
2688 1763 2810 1819 Filii
2861 1766 2954 1820 Dei
2999 1766 3329 1822 incarnatio-

46 1858 268 1928 processit
294 1873 393 1911 uno
416 1872 685 1911 consensu.
716 1854 961 1911 Secunda
987 1871 1103 1909 vero
1129 1854 1353 1909 carnalis
1372 1852 1577 1924 prodita
1595 1893 1609 1917 ,
1718 1871 1866 1923 nem,
1897 1855 2200 1911 mirabilem
2233 1856 2373 1912 hanc
2394 1872 2516 1912 esse
2539 1857 2728 1912 dicens
2755 1877 2768 1913 :
2804 1858 3330 1928 itnperscrutabilem

47 1953 107 2006 ita
131 1951 398 2006 invenimus
423 1966 531 2004 esse
551 1948 883 2020 completam.
1720 1951 1863 2005 illam
1897 1951 2062 2007 variis
2091 1951 2669 2010 Cll’Clll‘lthCllliOﬂiDllS
2715 1969 2989 2009 asserens.
3017 1953 3164 2010 Duas
3209 1956 3329 2029 (ait)

110 2047 239 2100 Duas
262 2045 443 2114 itaque
484 2058 744 2114 personas
771 2042 831 2098 S.
864 2041 1010 2098 Zeno
1046 2040 1099 2095 in
1128 2040 1227 2095 hac
1261 2039 1432 2109 prima
1473 2038 1615 2092 nali-
1721 2048 2010 2101 nativitates
2049 2063 2157 2102 esse
2192 2044 2402 2101 Domini
2451 2046 2632 2102 Nostri
2654 2046 2710 2102 J.
2752 2048 2886 2102 (3....
2944 2063 3098 2103 unam
3123 2091 3138 2115 ,
3175 2067 3330 2121 quant

49 2141 195 2196 vitate
221 2139 444 2195 fatetur:
473 2139 536 2195 Si
573 2139 710 2193 enim
743 2136 963 2193 Verbum
989 2137 1043 2190 in
1069 2152 1168 2205 quo
1196 2145 1294 2198 est,
1325 2133 1460 2205 quod
1487 2130 1619 2186 illud
1723 2139 1814 2194 tibi
1843 2155 1945 2193 non
1971 2139 2084 2193 licet
2108 2155 2355 2209 qttterere,
2380 2139 2620 2207 alteram,
2652 2156 2806 2211 quant
2837 2140 3060 2212 legitime
3081 2142 3125 2195 si
3144 2144 3332 2212 possis,

48 2241 132 2296 est,
156 2233 238 2303 qui
261 2233 390 2287 inest
435 2231 630 2299 duplex
674 2247 922 2299 persona.
954 2229 1149 2298 ὀαριεπ
1192 2227 1494 2282 vocalium"!
1523 2241 1542 2291 ἱ
1568 2233 1621 2280 ει
1725 2233 2031 2306 permittcris
2056 2233 2287 2289 edocere.
2319 2233 2673 2302 Prosequitur
2698 2234 2890 2290 iisdem
2925 2235 3038 2291 lere
3066 2237 3245 2292 verbis
3271 2252 3336 2293 ac

48 2327 166 2380 duas
195 2328 350 2381 hasce
375 2339 638 2396 personas
663 2325 715 2378 in
739 2338 844 2378 una
874 2321 1178 2377 subswnlia
1203 2316 1480 2391 originalis
1501 2331 1624 2372 esse
1727 2329 1781 2385 in
1824 2328 2053 2400 objectis
2097 2331 2334 2386 textibus
2364 2348 2378 2385 :
2410 2329 2589 2386 Prittta
2624 2332 2799 2403 itaque
2842 2334 3081 2389 nativitas
3129 2335 3337 2390 Domini

51 2418 401 2489 perpetuitatis
430 2416 774 2488 apertissime
814 2415 1012 2471 asserit
1037 2433 1052 2470 :
1078 2413 1184 2470 Sed
1210 2409 1477 2482 originalis
1505 2425 1622 2480 per-
1729 2423 1891 2476 nostri
1920 2423 1973 2475 in
1997 2421 2194 2486 Patris,
2225 2435 2275 2478 et
2304 2421 2434 2476 Filii
2462 2434 2662 2478 tantum
2693 2427 3013 2481 conscientia
3040 2439 3206 2483 manet
3230 2471 3245 2495 ,
3276 2444 3338 2485 ac

51 2512 288 2582 petuitatis
310 2553 324 2579 ,
352 2528 413 2566 ac
455 2509 672 2566 Deitatis
697 2522 773 2565 est
800 2525 904 2563 una
945 2507 1264 2574 substantia;
1285 2519 1486 2575 easque
1516 2519 1624 2558 non
1730 2512 1958 2584 proinde
1984 2512 2390 2569 inscrutabilem
2414 2515 2664 2584 superius
2693 2517 2848 2572 dixit.
2889 2515 3079 2574 Nescio
3102 2538 3203 2590 qua
3244 2539 3337 2575 sua

49 2605 284 2659 confusas
321 2605 569 2660 absolute
595 2603 757 2669 dicit,
802 2601 1144 2673 prosequitur
1191 2597 1390 2670 quippe
1433 2597 1549 2652 imtr

1845 2606 1958 2679 tris)
1993 2608 2306 2662 conscientia
2336 2609 2572 2664 velatum.
2620 2609 2719 2666 Hic
2768 2611 2820 2665 in
2870 2611 3045 2668 Patris
3069 2656 3086 2680 ,
3137 2625 3181 2670 et
3216 2615 3345 2672 Filii

48 2700 179 2757 diate
205 2718 218 2730 ·
250 2700 474 2756 Domino
499 2701 612 2772 ipso
637 2700 836 2754 dicente
861 2741 876 2765 ,
914 2697 1028 2768 Ego
1053 2705 1110 2753 et
1134 2695 1299 2751 Pater
1342 2709 1507 2749 unum
1535 2707 1628 2748 su-
1734 2709 1933 2754 tantum
1966 2702 2278 2755 conscientia
2317 2713 2508 2770 manet,
2557 2705 2701 2771 quod
2735 2706 2785 2760 in
2831 2705 2974 2762 idem
3020 2708 3234 2778 recidit,
3275 2711 3339 2765 ad

50 2810 179 2860 mus;
204 2795 337 2866 quod
365 2811 472 2849 non
499 2795 675 2863 utique
714 2793 789 2847 sic
817 2792 924 2858 ait,
955 2799 1011 2844 ut
1052 2791 1104 2843 itt
1135 2804 1294 2843 unum
1323 2790 1455 2842 duos
1491 2786 1630 2841 redi-
1735 2794 2150 2862 exprimendam
2183 2797 2425 2867 mysterii
2460 2798 2883 2865 profunditatem
2927 2802 3349 2876 incomprehen-

50 2889 201 2960 gendo
241 2889 622 2962 confunderet,
653 2887 744 2943 sed
790 2898 846 2942 ut
881 2886 1102 2942 duornnt
1130 2900 1289 2939 unam
1337 2881 1636 2938 Divinitatis
1739 2886 2182 2958 sibilitatemque.
2207 2887 2323 2943 Non
2347 2889 2589 2949 excludit
2609 2900 2789 2948 tamen
2811 2893 3008 2950 Filium
3032 2897 3100 2950 ab
3122 2895 3222 2951 hac
3246 2913 3339 2968 ge-

51 2985 396 3055 potestatisque
442 2999 554 3039 esse
603 2981 1026 3053 omnipotentiam
1079 2995 1172 3032 nos
1218 2977 1440 3032 doceret.
1497 2973 1637 3045 Quid
1742 2980 2043 3036 nerationis
2070 2981 2256 3036 notitia
2274 2998 2397 3037 cum
2421 2985 2658 3055 utrique,
2679 2994 2735 3040 et
2758 2985 2916 3042 Pater
2937 2999 2991 3043 et
3017 2988 3186 3044 Filius
3203 2991 3346 3059 ejus-

49 3077 234 3134 clarius
261 3078 371 3136 dici
408 3087 593 3151 potest
621 3075 689 3132 ad
730 3073 1139 3149 exprimendam
1171 3081 1430 3128 aeternam
1464 3071 1640 3126 unita-
1741 3072 1865 3128 dem
1888 3074 2277 3142 generationis,
2301 3084 2360 3131 ut
2383 3076 2498 3146 ipse
2517 3079 2622 3146 ait,
2650 3079 2758 3134 sint
2776 3081 2978 3136 conscii
3004 3083 3057 3136 in
3080 3081 3278 3147 Patris,
3302 3094 3347 3139 et

54 3178 148 3226 tem
177 3172 378 3228 Divina:
422 3169 778 3236 substantiae;
819 3169 1326 3237 distinctionetnque
1368 3180 1625 3238 persona-
1663 3171 1710 3236 (ζ
1742 3163 1871 3220 Filii
1887 3175 2083 3222 tantunt
2105 3169 2414 3223 conscientia
2432 3181 2620 3224 manet.
2642 3171 2776 3226 lllud
2794 3187 2942 3241 vero,
2962 3190 3056 3227 nec
3071 3176 3348 3246 quidquam

49 3279 178 3319 runt.
214 3265 573 3323 Coaternitas
611 3263 812 3320 etenim
853 3261 1103 3318 distincte
1147 3261 1468 3332 exprimitur
1511 3274 1635 3315 cum
1742 3258 1890 3314 habet
1910 3260 2253 3328 interjectttm.
2290 3261 2432 3316 idem
2464 3262 2734 3334 signiﬁcat
2763 3280 2825 3320 ac
2857 3266 2958 3320 alia
2989 3267 3150 3322 verba
3183 3269 3352 3323 indis-

51 3355 167 3414 dicit
196 3376 212 3414 :
241 3358 348 3416 Sed
377 3359 652 3431 originalis
679 3357 1030 3427 perpetuitatis
1050 3397 1065 3422 ,
1096 3372 1158 3409 ac
1189 3354 1506 3432 Deitatisqest
1534 3370 1639 3408 una
1742 3362 1880 3405 creta
1902 3351 2132 3422 Spiritus
2157 3353 2488 3421 plenitudine.
2510 3353 2642 3410 Cum
2671 3355 2842 3413 Filius
2869 3373 2969 3412 una
2998 3359 3070 3414 sit
3098 3362 3353 3417 substan—

49 3450 337 3507 substantia.
370 3451 469 3506 Hae
512 3451 691 3520 itaque
727 3450 788 3505 D.
830 3449 1064 3505 Zenonis
1108 3447 1393 3504 sententia:
1426 3446 1640 3517 penitus
1744 3443 1815 3497 tia
1845 3458 1966 3497 cum
1997 3443 2190 3511 Patre,
2219 3460 2282 3500 ea
2313 3446 2514 3501 etenim
2542 3446 2716 3502 Verba
2745 3447 2972 3521 Spiritus
3005 3452 3348 3519 plenitudine,

50 3542 330 3598 excludunt
360 3543 571 3599 Petavii
603 3543 1139 3613 interpretationem,
1171 3555 1276 3610 qua
1307 3539 1422 3595 vult
1447 3540 1504 3594 S.
1533 3542 1644 3596 An—
1744 3538 2039 3593 essentiam
2087 3553 2182 3593 seu
2219 3538 2576 3595 substantiam
2605 3540 2851 3596 Divinam
2879 3544 3203 3614 exprimunt.
3252 3547 3354 3602 Eo-

51 3634 258 3692 tistitem
310 3635 688 3693 Veronensem
745 3633 1042 3692 asseruisse
1090 3649 1104 3686 :
1161 3631 1384 3688 Verbum
1428 3631 1528 3687 Dei
1581 3647 1644 3686 ex
1745 3631 1868 3687 dem
1887 3647 2046 3688 sensu
2070 3633 2477 3706 intelligendum
2499 3644 2583 3691 est
2601 3637 3084 3710 illud,Nescioqua
3104 3657 3356 3696 suacons.

52 3730 177 3782 omni
200 3731 491 3786 vetet-nitate
533 3731 586 3784 in
618 3728 791 3784 Patris
825 3730 942 3784 sinu
966 3770 982 3796 ,
1005 3737 1054 3783 et
1080 3729 1300 3783 essentia
1325 3726 1460 3782 velut
1481 3727 1644 3781 indis-
1746 3724 1932 3778 cientia
1969 3725 2222 3794 velatum,
2277 3742 2473 3798 nempe
2513 3729 2996 3801 imperceptibiletn
3042 3747 3163 3788 esse
3189 3733 3350 3790 Verbi

51 3835 227 3879 cretum
270 3826 367 3897 (in
414 3839 652 3899 persona
678 3828 696 3896 )
721 3833 767 3878 et
799 3824 1010 3896 afﬁxam
1034 3823 1241 3900 laesisse
1263 3863 1277 3887 ,
1302 3832 1477 3895 postea
1527 3837 1643 3876 vero
1745 3819 2173 3886 generationem.
2227 3817 2302 3874 Ea
2338 3835 2469 3876 vero
2505 3836 2627 3892 qua:
2659 3833 2980 3892 sequuntur,
3014 3825 3141 3881 Sine
3170 3826 3356 3880 discri-

52 3933 156 3970 cttm
181 3919 512 3992 designatum
535 3936 568 3973 a
587 3935 642 3974 se
668 3935 841 3974 rerum
871 3918 1247 3973 universitatem
1273 3917 1443 3972 tnoliri
1465 3915 1642 3983 vellet,
1746 3910 1882 3964 mine
1903 3911 2247 3983 nequidquam
2287 3912 2435 3968 habet
2463 3914 2785 3989 interjectum
2808 3961 2822 3983 ,
2860 3918 3120 3974 unitatem
3163 3934 3353 3976 essen-

50 4027 156 4066 eum
179 4013 349 4085 ipsum
379 4031 447 4071 ea:
473 4029 580 4069 seu
609 4029 923 4086 propagasse
947 4054 962 4077 ,
985 4028 1045 4066 ac
1073 4013 1327 4084 genuisse.
1353 4009 1470 4067 Non
1499 4010 1644 4066 enim
1751 4003 1839 4059 tiae
1858 4005 2193 4075 exprimunt.
2218 4005 2344 4063 Haec
2367 4018 2556 4064 contra
2583 4008 2847 4065 Valentini
2875 4009 3081 4067 Eonas
3109 4013 3352 4084 apprime

53 4115 184 4160 esset
224 4107 484 4164 absolute
508 4122 723 4172 verum,
751 4105 896 4178 quod
937 4105 1078 4162 idem
1120 4105 1179 4161 S.
1232 4105 1431 4161 Doctor
1474 4104 1650 4160 mani-
1750 4102 1982 4171 iaciunt,
2014 4103 2210 4175 quibus
2240 4119 2498 4176 perverse
2527 4106 2664 4163 adeo
2692 4117 2949 4163 aeternam
2982 4108 3145 4166 Verbi
3189 4126 3356 4182 geneu

53 4198 180 4255 festo
205 4199 367 4259 docet
395 4219 408 4256 :
445 4201 596 4268 Quod
623 4217 727 4256 non
757 4201 928 4272 utique
951 4201 1026 4256 sic
1055 4201 1222 4266 ait,ut
1251 4200 1305 4254 in
1333 4216 1492 4254 unum
1519 4199 1651 4255 duos
1751 4195 2016 4253 rationem
2041 4198 2377 4254 confundere
2405 4199 2628 4254 molitus
2653 4199 2950 4272 estitnpius
2969 4202 3352 4259 ltzcresiareha.

54 4293 347 4363 redigenda,
379 4294 743 4364 confunderet.
775 4293 984 4365 Quippe
1010 4293 1054 4348 si
1093 4302 1384 4362 antequam
1411 4291 1652 4365 designa-
1826 4290 2028 4346 Eodem
2053 4307 2215 4347 sensu
2249 4291 2306 4348 S.
2331 4291 2476 4347 Zeno
2498 4291 2751 4348 Tractatu
2798 4309 2866 4349 vn
2893 4294 3012 4350 libri
3041 4311 3100 4362 tt,
3129 4295 3198 4352 de
3221 4296 3355 4352 dua-

52 4396 148 4442 tam
185 4406 216 4443 a
253 4407 307 4446 se
345 4406 530 4445 revera
584 4389 960 4444 universitatem
1003 4387 1171 4442 utoliri
1212 4386 1356 4442 vellet
1387 4427 1404 4452 ,
1429 4386 1546 4440 licet
1590 4400 1654 4439 ea:
1753 4382 1852 4438 bus
1879 4382 2081 4438 Christi
2114 4381 2488 4438 nativitatibus
2519 4398 2718 4452 agens,
2749 4394 3008 4441 :etcrnam
3053 4387 3216 4443 Verbi
3254 4405 3349 4460 ge-

53 4483 182 4534 otnni
215 4483 508 4538 a'ternitate
529 4482 582 4536 in
615 4481 789 4536 Patris
813 4481 958 4546 sinu,
989 4490 1038 4535 ct
1065 4479 1284 4534 essentia
1312 4477 1448 4533 velut
1491 4479 1654 4534 indis—
1757 4478 2094 4534 nerationem
2145 4477 2540 4532 inenarrabilem
2583 4477 2756 4544 dicit,
2813 4481 3166 4549 temporalem
3222 4498 3355 4539 vero

52 4585 236 4630 cretum
264 4576 343 4650 (in
379 4578 636 4648 persona)
663 4586 708 4630 et
737 4575 945 4646 animum
972 4573 1167 4628 Filium
1192 4573 1421 4639 htesissc,
1454 4572 1651 4627 intelli-
1678 4567 1730 4628 D
1755 4569 2062 4625 mirabilem.
2087 4569 2211 4625 Haec
2234 4569 2486 4624 mirabilis
2511 4570 2847 4639 (temporalis
2873 4572 3125 4644 scilicet),
3153 4576 3362 4631 inenar-

53 4684 256 4739 gamus,
291 4673 488 4742 utique
512 4671 618 4726 duo
649 4671 780 4741 (eos
811 4670 863 4723 in
893 4683 1056 4724 unum
1090 4666 1381 4738 redigenda
1402 4667 1420 4737 ἢ
1443 4665 1654 4722 confusi
1753 4665 1932 4722 rabilis
1979 4664 2091 4729 illa,
2123 4662 2383 4735 Propheta
2429 4664 2627 4717 dicente
2652 4679 2671 4716 :
2723 4662 3058 4721 Nativitatem
3095 4670 3208 4741 ejus
3245 4671 3364 4741 quis

54 4763 300 4834 fuissent,
333 4767 534 4823 saltem
557 4774 844 4836 antequam
874 4763 1192 4835 designatum
1213 4780 1245 4816 a
1265 4779 1318 4816 se
1339 4777 1510 4816 rerum
1531 4761 1652 4816 uni-
1756 4757 2054 4816 enarrabit?
2085 4757 2265 4825 anue
2310 4755 2522 4811 ratione
2560 4755 2982 4814 inenarrabilem
3027 4759 3178 4823 dicit,
3214 4761 3359 4832 quod

54 4860 335 4915 versitatem
376 4858 588 4931 (Pater)
633 4858 805 4912 moliri
842 4856 1013 4914 vellet.
1045 4859 1163 4923 Quo
1193 4855 1328 4911 nihil
1369 4855 1538 4926 magis
1562 4853 1655 4908 ab-
1758 4867 1854 4908 cor
1881 4851 2122 4907 divinum
2154 4848 2487 4907 eructaverit
2520 4851 2744 4906 verbum
2774 4851 2972 4906 bonum
2997 4895 3011 4916 ,
3043 4862 3096 4908 et
3127 4869 3222 4909 ore
3270 4855 3356 4909 Al-

54 4965 239 5009 sonum
262 4970 293 5010 a
316 4954 564 5012 Zenonis
594 4952 865 5008 sententia
886 4950 1060 5007 asseri
1089 4958 1290 5020 potest.
1762 4944 1957 5001 tissimi
2007 4943 2272 5013 prodierit
2290 4952 2556 4998 aeternum
2586 4942 2859 5010 Verbum;
2889 4960 3118 5014 nempe,
3148 4955 3208 5000 ut
3233 4949 3361 5005 alibi

121 5044 212 5102 Illa
241 5061 472 5118 quoque
503 5047 560 5100 ι).
589 5043 825 5102 Zenonis
853 5044 1124 5100 sententia
1155 5042 1222 5097 de
1264 5039 1455 5098 eadem
1487 5040 1658 5111 prima
1761 5038 1873 5106 ait,
1902 5037 2044 5109 quod
2061 5037 2342 5109 generatio
2375 5036 2540 5093 Verbi
2585 5037 2639 5092 in
2672 5037 2848 5094 Patris
2872 5079 2886 5104 ,
2918 5047 2975 5095 et
3001 5039 3125 5096 Filii
3153 5050 3361 5099 tantum

56 5140 333 5198 nativitate
362 5140 571 5196 Christi
601 5139 844 5203 Domini,
877 5135 1083 5193 Petavii
1114 5151 1333 5191 sensum
1380 5151 1486 5190 non
1517 5133 1660 5205 pati-
1765 5133 2094 5190 conscientia
2127 5141 2374 5198 maneat,
2405 5146 2500 5188 sua
2538 5132 2868 5188 conscientia
2907 5133 3165 5191 velatum.
3215 5136 3362 5205 Qua-

59 5245 157 5289 tur.
203 5234 398 5290 Prima
430 5234 602 5305 itaque
639 5233 880 5287 nativitas
914 5230 1121 5285 Domini
1151 5227 1336 5284 Nostri
1363 5230 1416 5283 in
1445 5225 1619 5282 Patris
1644 5267 1660 5294 ,
1766 5235 1988 5298 promer
2008 5234 2195 5280 contra
2222 5223 2429 5280 Divinas
2451 5222 2745 5294 Majestatis
2766 5234 3044 5282 scrutores
3071 5229 3366 5282 vehemen-

55 5337 101 5384 et
122 5327 249 5385 Filii
273 5338 490 5384 tantum
512 5327 820 5382 conscientia
847 5333 1014 5379 manet
1039 5364 1054 5389 ,
1084 5338 1176 5378 nec
1213 5320 1491 5392 quidquam
1515 5319 1664 5374 habet
1768 5318 1874 5374 tius
1902 5317 2106 5374 invehit
2138 5335 2151 5371 :
2182 5314 2466 5372 Dementia:
2495 5333 2653 5389 genus
2679 5327 2751 5374 est
2775 5319 3046 5374 invisibilis
3079 5321 3370 5390 incompre-

56 5420 380 5495 interjectum
405 5462 421 5484 ,
454 5436 614 5494 neque
638 5419 901 5474 conscium
921 5459 936 5485 ,
960 5416 1097 5489 quod
1137 5431 1201 5470 ea:
1226 5413 1439 5468 Paterni
1461 5414 1565 5468 oris
1588 5415 1668 5484 af-
1770 5409 2130 5481 hensibilisqae
2150 5409 2276 5465 velle
2291 5411 2494 5481 opinari
2515 5420 2784 5474 secretum,
2813 5415 3023 5483 ejusque
3047 5413 3248 5465 interna
3262 5412 3370 5467 dis-

57 5515 190 5584 fectu
223 5514 483 5585 processit
512 5530 617 5570 uno
645 5527 920 5568 consensu.
951 5509 1134 5566 Prima
1175 5508 1427 5564 nativitas
1457 5505 1671 5562 Domini
1774 5514 1964 5571 cutere,
2001 5505 2153 5574 cujus
2180 5501 2406 5559 extraria
2430 5513 2642 5572 nequeat
2670 5503 2940 5572 suspicari.
2969 5501 3044 5556 Ita
3078 5504 3130 5557 iu
3175 5505 3370 5559 eodem

59 5612 227 5667 nostri
255 5613 302 5666 si
337 5609 481 5666 nihil
526 5609 690 5675 habet
725 5606 1064 5674 interjectutn
1084 5647 1099 5672 ,
1125 5618 1256 5674 ergo
1303 5617 1477 5674 neque
1505 5601 1673 5656 inter-
1777 5599 2028 5654 Tractatu
2056 5613 2160 5665 vn,
2189 5597 2370 5668 ibique
2397 5597 2462 5651 ad
2487 5598 2628 5652 idem
2657 5603 3032 5665 argumentum
3061 5597 3233 5665 plura.
3260 5597 3377 5653 Cte-

60 5706 212 5763 cedet
241 5707 400 5778 prius
423 5749 440 5774 ,
489 5719 588 5761 nec
612 5710 732 5773 post
766 5719 780 5756 :
813 5699 1043 5758 IEterna
1081 5700 1263 5770 itaque
1287 5705 1391 5754 est.
1432 5695 1506 5751 At
1547 5693 1675 5765 quid
1777 5699 1938 5747 terum
1969 5690 2279 5764 providentis
2312 5687 2408 5742 Dei
2437 5687 2502 5741 de
2547 5685 2658 5742 Deo
2685 5686 3209 5756 argumentationibus
3233 5693 3378 5748 vanis

60 5801 478 5862 immorandum
508 5799 559 5854 in
605 5809 710 5849 tam
750 5795 896 5850 clara
945 5793 1013 5848 de
1041 5801 1245 5850 aeterna
1287 5789 1407 5849 Filii
1446 5802 1677 5861 genera-
1779 5787 1983 5861 opinari
2023 5784 2149 5842 velle
2194 5782 2500 5859 dispositum
2552 5797 2654 5839 non
2690 5781 2922 5843 colentis,
2980 5779 3070 5835 sed
3111 5780 3380 5844 dementis.

564 5893 841 5954 Ρηιιοι..
911 5887 1023 5954 XI.
2794 5873 2874 5937 22
