3902 6324
467 225 573 283 683

1594 216 1682 277 DE
1736 216 1984 276 SANCTI
2024 210 2315 278 ZENONIS
2343 219 2617 280 EPOCHA

3604 226 3690 291 εει

464 342 594 399 ll:rc
641 348 693 397 et
736 340 863 408 alia,
909 339 978 396 de
1023 337 1212 395 eadem
1257 344 1459 393 acterna
1509 334 1675 408 Verbi
1718 335 2067 408 generatione
2095 339 2141 399 Α
2172 336 2291 393 bum
2318 338 2627 395 immediate
2670 338 2839 395 dicit:
2880 338 3173 409 Ineﬂ'abilis
3208 340 3299 398 illa
3327 339 3510 411 Virtus,
3538 343 3695 402 incont-

463 437 646 495 Tract.
679 451 791 502 vtn,
813 449 962 490 num.
999 432 1022 488 l
1052 476 1066 501 ,
1092 431 1289 504 quibus
1319 446 1439 487 cum
1474 429 1711 487 Verbum
1745 432 1983 487 velatum
2016 432 2070 488 in

465 532 623 600 sinu',
656 530 740 585 vel
767 528 1102 605 conscientia
1130 525 1311 583 Patris
1340 524 1537 581 dicitur
1565 541 1594 597 a
1632 524 1690 582 8.
1724 524 1961 592 Zenone,
1995 525 2070 581 nil

464 622 786 696 exprimitur
806 620 974 689 aliud,
1001 634 1160 693 quam
1186 618 1772 692 incomprehensibilis,
1798 629 1851 675 et
1873 633 2071 675 arcana

463 720 672 776 Eterni
699 718 860 774 Verbi
891 716 1189 789 generatio.
1224 714 1464 771 Verbum
1494 730 1524 770 a
1555 713 1715 770 Putre
1746 715 1800 768 in
1830 727 2070 785 persona

462 813 781 871 distinctum
810 825 934 869 esse
958 812 1011 866 in
1033 810 1212 866 allatis
1243 824 1405 880 supra
1428 807 1473 864 D
1518 808 1756 864 Zenonis
1784 805 2075 864 sententiis

467 904 909 962 manifestissime
932 911 1099 975 patet.
1132 900 1371 958 Verbum
1400 911 1578 956 autem
1609 900 1988 969 indiscretum,
2018 906 2074 955 et

464 1000 584 1057 sine
609 998 925 1055 discrimine
961 996 1018 1053 in
1049 996 1170 1052 sinu
1208 994 1384 1052 Patris
1426 993 1751 1051 delitescens
1790 1007 2069 1062 asserere,

465 1091 608 1149 idem
642 1101 728 1149 est
752 1108 815 1147 ac
844 1106 1005 1147 unam
1028 1090 1386 1147 substantiam
1420 1090 1472 1144 in
1500 1089 1658 1145 Patre
1681 1131 1695 1155 ,
1731 1097 1784 1145 et
1824 1087 1964 1143 Filio
1996 1085 2076 1144 la-

469 1185 592 1250 teri,
626 1183 1345 1256 incompreltensibilemque
1369 1181 1612 1254 ejusdem
1639 1180 1804 1239 Verbi
1842 1196 2076 1254 genera-

470 1278 698 1336 tionem.

543 1372 771 1445 Reliqua
798 1386 928 1429 vero
955 1372 1121 1428 verba
1144 1380 1275 1428 sunt
1300 1414 1314 1438 ,
1343 1386 1463 1442 quae
1496 1371 1755 1441 majorem
1787 1369 2077 1426 difﬁculta-

469 1475 578 1523 tem
601 1466 845 1538 parittnt:
868 1465 975 1522 Sed
996 1467 1418 1537 excogitatarum,
1443 1474 1497 1519 ut
1519 1463 1750 1519 ordinem
1770 1463 2074 1532 instrueret,

470 1574 646 1614 rerum
668 1555 951 1625 ine/rabilis
982 1559 1076 1613 illa
1112 1557 1314 1624 Virtus,
1346 1556 1970 1628 incomprehensibilisque
1992 1574 2077 1611 sa-

468 1653 665 1724 pientia
696 1669 723 1708 e
748 1653 959 1729 regione
994 1652 1164 1707 cordis
1193 1660 1384 1707 eructat
1406 1653 1611 1707 verbum
1645 1649 2076 1722 :Omnipotentia

2171 426 2625 503 prehensibilisque
2669 432 2922 500 sapientia
2960 448 2988 487 e
3014 433 3219 505 regione
3242 434 3402 489 cordis
3426 445 3591 491 eructat
3608 453 3697 493 tier-

2174 520 2311 588 bum,
2352 521 2557 578 addens
2589 541 2602 577 :
2639 522 2825 579 Totum
2876 524 3049 582 Patris
3084 526 3272 582 habens
3295 568 3310 595 ,
3349 528 3467 585 nihil
3492 529 3700 603 derogans

2173 610 2347 682 Patri,
2375 624 2430 671 ut
2451 615 2785 688 signiﬁcaret
2813 634 2878 673 ex
2908 619 3087 691 plena,
3112 635 3177 676 ac
3204 620 3431 692 perlecta
3457 621 3607 680 Patris
3628 638 3702 680 co-

2171 709 2416 781 gnitione
2443 717 2553 765 tum
2584 709 2789 768 Divina:
2819 713 3135 770 substantia:
3155 754 3173 783 ,
3206 728 3268 770 ac
3306 714 3586 773 Divinarum
3603 716 3704 775 Pes-

2173 818 2453 872 sonarum,
2481 822 2641 877 quam
2683 816 3052 864 creaturarum
3084 808 3342 873 omnium,
3364 818 3419 867 et
3454 810 3611 881 quoad
3633 827 3707 867 aa-

2175 906 2371 965 turam,
2403 906 2458 955 et
2483 898 2660 968 quoad
2700 901 3045 958 existentiam
3083 902 3146 957 D.
3178 900 3337 958 Verbi
3359 902 3708 975 generationem

2175 989 2526 1061 processisse.
2572 991 2777 1050 Eodem
2829 1010 2996 1051 sensu
3047 994 3183 1051 dixit
3226 994 3355 1052 alibi
3404 993 3507 1069 (lib.
3552 1011 3587 1052 tt
3634 994 3707 1053 Tr.

2174 1078 2291 1153 tv):
2319 1081 2470 1137 Sicut
2511 1099 2659 1138 sacra
2685 1084 2957 1157 Scriptura
3000 1094 3252 1154 testatur,
3295 1093 3401 1142 erat
3436 1097 3541 1143 ante
3576 1089 3714 1143 omnia

2175 1188 2408 1242 manens,
2436 1190 2568 1229 unus
2597 1187 2644 1231 et
2683 1175 2818 1231 idem
2848 1177 2977 1232 alter
3001 1177 3149 1249 (nota
3174 1176 3555 1233 distinctionem
3588 1187 3715 1235 teter-

2176 1282 2300 1322 nam
2329 1283 2686 1340 personarum
2713 1271 2913 1339 Patris,
2944 1281 3000 1329 et
3037 1270 3186 1345 Filii)
3211 1288 3274 1328 ea:
3314 1273 3563 1346 semetipso
3584 1274 3628 1329 in
3650 1290 3715 1330 se-

2177 1362 2446 1435 metipsum
2474 1358 2636 1433 Deus,
2661 1367 2839 1422 secreti
2854 1365 2932 1423 sui
2953 1366 3094 1422 solus
3115 1367 3370 1435 conscius,
3391 1370 3528 1441 cuius
3544 1382 3599 1422 ea;
3620 1382 3716 1435 ore,

2178 1462 2234 1508 ut
2254 1472 2425 1510 rerum
2446 1467 2652 1525 natura,
2676 1474 2792 1530 qua:
2810 1476 2909 1514 non
2930 1470 3060 1530 erat,
3082 1462 3380 1533 fingeretur,
3404 1462 3603 1532 procidit
3618 1460 3721 1517 Uni-

2176 1549 2378 1622 genitus
2412 1548 2604 1619 Filius,
2629 1553 2798 1608 cordis
2836 1557 2949 1623 eius
2987 1556 3175 1610 nobilis
3222 1556 3529 1627 inquilinus,
3554 1573 3607 1611 ea:
3627 1556 3721 1611 inde

2178 1641 2389 1699 visibilis
2420 1647 2708 1701 necessario
2733 1646 2945 1715 effectus
2964 1689 2979 1714 ,
3011 1649 3135 1719 quia
3158 1648 3331 1705 orbem
3364 1656 3504 1704 terra:
3526 1657 3620 1705 erat
3639 1652 3723 1721 ipse

463 1762 524 1800 ac
547 1755 836 1819 propagat;
879 1746 942 1800 de
991 1744 1098 1800 Deo
1127 1745 1354 1800 nascitur
1393 1744 1529 1800 Deus
1555 1762 1574 1813 ;
1601 1753 1759 1799 totum
1782 1742 1957 1799 Patris
1984 1741 2075 1799 Ita-

2182 1737 2444 1808 facturus,
2471 1736 3168 1812 Ituntanumquevisitaturus
3194 1742 3527 1814 genus,alias
3550 1743 3723 1813 Qualis

468 1842 588 1895 beris
612 1881 628 1909 ,
654 1839 785 1897 nihil
812 1840 1065 1913 deregans
1115 1840 1263 1895 Patri
1287 1848 1390 1895 etc.
1425 1839 1693 1906 Quomodo
1733 1848 1901 1894 autem
1926 1854 2079 1910 gene-

466 1942 611 1988 ratus
638 1934 724 2002 sit,
753 1934 841 2005 qui
885 1933 1163 2006 processit,
1196 1942 1271 1988 est
1309 1932 1556 1987 dementis
1580 1933 1806 2003 apinari.
1842 1928 2079 2003 Namque

464 2036 717 2099 temperat
741 2044 796 2082 se
828 2035 1035 2099 propter
1071 2041 1243 2081 rerum
1288 2034 1525 2080 naturam
1554 2022 1725 2079 Filius
1745 2066 1759 2090 ,
1783 2039 1847 2079 ne
1873 2034 2079 2080 interna:

471 2120 763 2192 Maiestatis
795 2119 1075 2173 Dominum
1105 2135 1207 2173 non
1237 2119 1398 2189 possit
1424 2117 1603 2172 mundi
1626 2117 1779 2189 hujus
1806 2115 2079 2170 mediocri-

470 2225 548 2269 tas
593 2213 866 2268 sustinere.
908 2211 1040 2268 Cum
1093 2211 1311 2279 imperat
1360 2209 1517 2265 Pater
1569 2210 1738 2266 orbem
1782 2211 1918 2280 ﬁeri,
1951 2226 2080 2283 Opus

470 2322 589 2362 cum
626 2306 765 2361 dicto
808 2307 1091 2378 completur
1122 2324 1153 2361 a
1182 2303 1345 2360 Filio.
1375 2304 1445 2361 Et
1485 2305 1741 2361 Tractatu
1772 2322 1832 2363 nt
1870 2304 1963 2363 lib.
1998 2320 2074 2361 n:

468 2399 644 2475 Igitur
690 2399 974 2469 ineffabilia
1012 2400 1127 2466 illa,
1152 2399 1781 2472 incomprehensibilisque
1810 2399 2081 2472 Sapientia

472 2494 800 2566 Sapientiam
827 2536 842 2560 ,
889 2493 1273 2566 Omnipotentia
1320 2492 1760 2566 Omnipotentiam
1801 2502 2073 2565 prapagat.

470 2588 552 2645 De
584 2588 697 2644 Deo
734 2588 968 2644 nascitur
1014 2587 1191 2655 Deus;
1223 2589 1286 2643 de
1330 2585 1569 2660 Ingenito
1626 2587 1975 2662 Unigenitus;
2016 2588 2081 2645 de

474 2683 586 2739 solo
630 2683 807 2749 solus;
856 2683 921 2737 de
973 2691 1076 2739 toto
1106 2692 1284 2748 totus;
1338 2681 1400 2737 de
1446 2699 1563 2739 vero
1613 2700 1802 2751 verus;
1850 2683 1913 2739 de
1956 2699 2078 2755 per-

468 2780 602 2847 fecto
644 2776 947 2848 perfectus;
980 2785 1139 2831 totum
1165 2775 1345 2831 Patris
1376 2775 1568 2831 habens
1595 2792 1611 2843 ;
1648 2775 1800 2832 Nihil
1826 2777 2080 2850 derogans

471 2868 622 2925 Patri
647 2886 665 2923 :
723 2869 952 2939 procedit
977 2869 1032 2923 in
1053 2869 1368 2923 nativitatem
1402 2870 1489 2940 qui
1516 2878 1626 2924 erat
1651 2880 1927 2942 antequam
1958 2886 2081 2924 nas-

478 2974 696 3019 seretur.
731 2962 957 3018 Demum
1006 2962 1261 3018 Tractattt
1290 2958 1347 3018 tv
1377 2961 1619 3034 ejusdem
1650 2962 1773 3020 libri
1810 2980 1849 3018 ιι
1876 2982 1887 3018 :
1918 2962 2079 3035 Cujus

470 3072 535 3111 ea:
563 3072 667 3122 ore,
697 3064 751 3110 ut
774 3070 947 3110 rerum
967 3065 1175 3124 natura,
1207 3071 1323 3127 qute
1347 3072 1448 3111 non
1475 3065 1603 3121 erat,
1632 3056 1933 3128 fingeretur,
1964 3072 2083 3127 pro-

2179 1829 2233 1883 in
2260 1830 2494 1885 omnibus
2517 1829 2688 1886 Patri.
2718 1831 2812 1888 Illa
2841 1832 3007 1892 verba
3050 1834 3288 1891 notanda
3316 1844 3474 1903 sunt,
3497 1853 3554 1893 es
3583 1844 3727 1892 sentu-

2179 1922 2292 1994 ipso
2319 1922 2372 1976 in
2399 1926 2723 1990 semetipsum
2749 1924 2914 1995 Deus,
2942 1942 3063 2000 qua
3092 1929 3493 2002 processioneln
3524 1928 3728 1987 Verbis!

2179 2018 2489 2088 cognitione
2537 2017 2743 2075 Divina:
2792 2022 3043 2078 essentia:
3091 2022 3418 2095 signiﬁcant.
3465 2022 3586 2080 Tum
3611 2022 3726 2079 alia:

2181 2107 2345 2182 Cuius
2376 2128 2437 2166 ex
2452 2128 2541 2168 ore
2563 2122 2619 2167 ut
2640 2103 2811 2170 rerum
2836 2128 3044 2183 natura,
3063 2134 3178 2190 qua:
3196 2134 3303 2175 non
3328 2129 3456 2186 erat,
3478 2118 3728 2191 Meretur,

2181 2203 2402 2277 pradivit
2429 2203 2734 2279 Unigenitus
2753 2206 2948 2278 Filius,
2965 2217 3070 2267 etc.
3086 2226 3207 2283 qua:
3228 2211 3606 2282 proccssionetn
3618 2210 3733 2282 ejus-

2182 2296 2305 2353 dem
2335 2296 2496 2357 Verbi
2531 2317 2595 2357 ex
2626 2302 2814 2359 Divina
2838 2305 3145 2377 cognitione
3180 2317 3545 2375 creaturarum
3572 2306 3733 2377 pariter

2181 2388 2521 2464 signiﬁcant,
2552 2397 2714 2453 unico
2745 2398 2951 2457 Divina:
2977 2402 3177 2458 mentis
3225 2410 3355 2459 actu
3385 2418 3489 2459 non
3515 2409 3616 2458 tum
3637 2415 3732 2456 can

2182 2495 2382 2541 creata:
2411 2497 2539 2543 sunt
2561 2528 2577 2556 ,
2607 2489 2704 2546 sed
2728 2490 2799 2547 ab
2824 2494 3162 2563 aeternitate;
3192 2510 3381 2553 rerum
3402 2495 3588 2553 etenim
3614 2503 3735 2550 natu-

2183 2592 2297 2632 ram
2340 2580 2576 2639 nondum
2603 2598 2763 2651 esse,
2810 2583 3151 2659 futuramque
3190 2589 3523 2645 creationem
3557 2588 3734 2643 asserit.

2188 2668 2255 2725 Ut
2283 2689 2451 2728 rerum
2498 2685 2721 2746 natura,
2773 2694 2891 2750 qut:
2937 2695 3040 2735 non
3079 2690 3187 2735 erat
3240 2682 3534 2753 ﬁngeretur.
3583 2678 3737 2735 Orbe!

2184 2772 2335 2819 terrw
2359 2776 2469 2822 erat
2498 2768 2607 2840 ipse
2640 2769 2891 2840 facturus.
2932 2773 3063 2841 Quae
3082 2775 3272 2831 omnia
3300 2775 3477 2832 verbis
3502 2774 3599 2831 illis
3630 2787 3737 2831 wn-

2183 2856 2503 2915 cluduntnr:
2540 2860 2682 2919 Alias
2711 2864 2925 2934 (aqualis
2952 2867 3007 2921 in
3031 2867 3274 2924 omnibus
3301 2866 3469 2925 Patri.
3502 2868 3557 2927 Si
3576 2869 3624 2925 in
3648 2882 3741 2923 om-

2185 2947 2343 3005 nibus
2366 2952 2608 3022 mqnalis.
2634 2970 2762 3028 ergo
2789 2967 2843 3013 et
2864 2959 2917 3013 in
2947 2960 3280 3018 aeternitate.

2256 3042 2831 3119 lianc'gencrationem
2855 3050 3185 3109 itiell‘abilem
3211 3054 3498 3124 praedicat:
3515 3051 3740 3124 Quotnodo

472 3147 605 3203 cedit
631 3145 965 3221 Unigenitus,
995 3146 1165 3202 Filius
1189 3147 1358 3203 cordis
1399 3150 1510 3223 ejus
1540 3147 1723 3203 nobilis
1759 3149 2075 3222 inquilinus,

2184 3146 2352 3191 autem
2375 3140 2581 3211 genitus
2610 3141 2709 3210 sit,
2739 3144 2828 3213 qui
2859 3141 3107 3214 procéssit
3128 3187 3146 3216 ,
3178 3146 3432 3205 denwuis
3450 3156 3527 3205 est
3550 3143 3739 3219 opineri-

471 3239 658 3296 exinde
685 3240 900 3297 visibilis
938 3239 1171 3311 e/Tectus,
1191 3241 1315 3313 quia
1344 3240 1629 3296 humanum
1659 3258 1819 3312 genus
1848 3242 2080 3296 visitatu-

476 3347 567 3387 rus
594 3342 725 3389 erat.

542 3427 659 3497 lite,
696 3428 940 3501 inquam,
972 3427 1031 3486 S.
1062 3427 1301 3486 Zenonis
1346 3429 1630 3486 sententiae
1659 3428 1795 3485 nihil
1835 3427 1982 3485 aliud
2008 3430 2081 3485 si-

468 3521 747 3591 gniﬁcant,
781 3524 884 3579 nisi
917 3520 1123 3579 .Eterni
1148 3522 1309 3580 Verbi
1336 3522 1748 3595 productionem
1786 3524 2081 3597 procedere

469 3628 579 3669 non
605 3622 812 3669 tantum
840 3630 907 3671 ex
954 3616 1264 3687 eognitidne
1289 3615 1500 3672 Divinzn
1529 3618 1816 3687 essentiae,
1842 3634 1907 3673 ac
1937 3617 2083 3673 Divi-

471 3721 663 3762 narum
694 3720 1053 3779 personarum
1072 3752 1087 3777 ,
1116 3710 1213 3765 sed
1238 3713 1401 3766 etiam
1430 3728 1498 3767 ex
1525 3712 1835 3785 cognitione
1866 3723 2083 3769 creatu-

473 3810 806 3868 rarum,tum
832 3801 1008 3873 quoad
1031 3805 1345 3871 essentiam,
1370 3814 1483 3862 tum
1505 3808 1681 3878 quoad
1709 3807 2078 3878 existentiam,

472 3910 574 3951 nec
611 3910 720 3952 non
749 3910 815 3952 ex
858 3894 1171 3967 cognitione
1203 3910 1382 3955 rerum
1434 3898 1775 3972 possibilium
1800 3944 1814 3969 ,
1846 3918 2079 3973 quorum

473 3988 716 4045 omnium
767 4004 871 4045 una
912 3990 1147 4062 cognitio
1188 3991 1239 4046 in
1270 3991 1432 4049 Patre
1461 4005 1564 4049 est.
1624 3991 1763 4049 Deus
1794 3990 1953 4050 Pater
1978 4012 2082 4052 non

471 4081 682 4154 integre,
729 4082 1045 4155 perfecteque
1074 4085 1296 4156 seipsum
1338 4085 1584 4154 dixisset,
1627 4088 1673 4142 si
1712 4088 1911 4158 aliquid
1951 4098 2081 4144 esset

474 4176 643 4231 minus
665 4176 718 4229 in
750 4175 934 4240 Verbo,
960 4193 1112 4246 quam
1132 4178 1257 4233 inse
1284 4178 1395 4251 ipso
1414 4221 1428 4247 ,
1460 4190 1518 4235 ut
1540 4181 1599 4236 S.
1626 4182 1961 4253 Augustinus
1983 4183 2082 4238 do-

471 4278 577 4324 eet.
602 4268 689 4339 (S.
723 4268 859 4341 Aug.
885 4270 925 4325 ι.
966 4285 1035 4326 xv
1065 4271 1128 4325 de
1154 4268 1305 4327 Trin.
1330 4289 1376 4326 c.
1412 4272 1524 4347 14.)
1546 4270 1695 4331 Idem
1741 4279 2081 4348 apertissime

474 4364 781 4431 exprimam
832 4363 919 4417 illa
968 4363 1030 4419 D.
1089 4362 1326 4422 Zenonis
1373 4366 1533 4424 verba
1594 4366 1755 4440 (Zeno
1804 4368 1974 4427 Tract.
2010 4389 2078 4443 ν,

2185 3230 2348 3304 Cujus
2378 3232 2666 3291 inetfabili‘s
2689 3240 3062 3310 generationis
3087 3255 3355 3300 arcanum
3387 3241 3738 3304 absconditum,

2184 3334 2243 3381 ut
2270 3328 2484 3399 probet,
2516 3327 2700 3387 subdit
2725 3330 2997 3405 :Namque
3016 3343 3276 3408 temperat
3301 3354 3359 3394 se
3382 3346 3581 3409 propter
3603 3346 3743 3391 rem"

2183 3430 2425 3476 naturam
2467 3417 2643 3482 Filius
2665 3467 2681 3494 ,
2724 3444 2787 3482 ne
2813 3436 3020 3487 (eterna:
3050 3429 3355 3506 Hajestatis
3378 3429 3742 3489 Dominarum

2184 3515 2345 3585 possit
2370 3516 2550 3572 mundi
2579 3519 2728 3576 istius
2752 3521 3077 3579 mediocritas
3097 3525 3383 3582 sustinere.
3411 3525 3575 3583 Simul
3590 3522 3744 3592 nlice-

2186 3607 2389 3664 tioncm
2423 3610 2568 3667 illam
2611 3623 2984 3685 praeverteris,
3013 3616 3157 3689 quod
3186 3632 3261 3673 ex
3307 3616 3394 3675 itis
3428 3614 3667 3674 creaturis
3697 3613 3743 3669 in

2196 3698 2295 3757 Dei
2326 3705 2691 3776 cognitionem
2715 3690 3035 3766 ascendere.
3063 3709 3195 3766 Nam
3231 3712 3365 3768 licet
3382 3727 3456 3769 cx
3478 3707 3744 3782 omnium

2184 3795 2359 3851 Divini
2383 3797 2689 3858 intellectus
2710 3802 2855 3858 circa
2887 3818 2975 3860 res
3000 3814 3214 3861 creatas
3242 3804 3482 3863 Verbum
3506 3816 3745 3875 processe-

2183 3888 2256 3943 rit
2285 3929 2301 3955 ,
2335 3897 2573 3947 attamen
2603 3908 2725 3949 cum
2756 3893 2839 3951 lia:
2866 3895 3033 3952 ﬁnita:
3063 3896 3196 3963 sint,
3229 3913 3342 3956 non
3366 3884 3572 3970 plenam
3593 3892 3743 3950 Virtu-

2186 3988 2293 4040 tem
2330 3982 2427 4056 (ut
2454 4000 2553 4056 pro
2580 3999 2742 4059 captu
2770 4000 2960 4046 nostro
2993 3991 3330 4064 loquamur)
3361 3992 3586 4049 Verbum
3605 3985 3746 4045 exerit

2183 4093 2336 4133 suam
2370 4072 2487 4135 illas
2510 4081 2770 4150 creando,
2796 4083 2885 4139 sed
2907 4093 3156 4157 temperat
3181 4102 3241 4141 se
3260 4095 3476 4157 propter
3490 4098 3648 4139 rerum
3670 4094 3748 4135 stt-

2185 4181 2353 4225 turam
2389 4170 2630 4245 (ﬁnitam
2661 4175 2909 4249 scilicet)
2938 4175 3142 4247 Filius;
3173 4178 3253 4235 ita
3285 4188 3347 4236 ut
3388 4194 3498 4238 non
3520 4177 3747 4250 possimus

2182 4279 2248 4320 ex
2278 4263 2468 4319 harum
2504 4283 2686 4322 rerum
2728 4271 3039 4342 cognitione
3087 4280 3360 4330 aiternant
3401 4271 3572 4328 Divini
3615 4265 3746 4324 Verbi

2180 4360 2585 4431 generationem
2612 4362 2900 4436 attingere.
2928 4366 3277 4438 Quapropter
3308 4382 3435 4424 cum
3482 4363 3604 4423 alibi
3637 4360 3749 4417 dixit

473 4452 565 4506 lib.
591 4452 689 4527 tt):
724 4454 831 4510 Sed
855 4458 1262 4528 excogitatarum
1284 4501 1298 4526 ,
1324 4470 1378 4514 ut
1415 4461 1650 4517 ordinem
1677 4463 1967 4532 instrueret,
1998 4483 2075 4522 re-

2182 4451 2245 4513 S.
2269 4452 2456 4509 Zeno:
2489 4453 2733 4510 Procedit
2770 4458 2827 4512 in
2848 4458 3206 4526 nativitatem,
3242 4461 3335 4530 qui
3371 4469 3478 4515 erat
3518 4467 3749 4527 ωιηωι

467 4561 586 4599 rum
622 4547 899 4615 ine/rabilis
940 4551 1034 4606 illa
1084 4552 1259 4608 Virtus
1280 4597 1293 4621 ,
1323 4555 1951 4628 incomprehensibiliqu
1993 4578 2077 4615 sa-
2103 4531 2157 4593 Β
2184 4558 2482 4603 "Murem"
2506 4547 2527 4623 (
2553 4547 2642 4604 ΤΥ·
2670 4552 2729 4606 ¹Ῑ¹
2748 4592 2763 4619 ν
2795 4549 2887 4607 “b-
2914 4567 2984 4620 “s
3013 4552 3153 4607 Αάη·
3186 4553 3241 4620 7a
3266 4554 3343 4609 σά
3367 4554 3543 4610 eam
3563 4548 3743 4617 πάθ’

468 4638 663 4710 ρίεκιία
688 4658 717 4695 e
738 4644 943 4714 regione
988 4646 1156 4701 cordis
1200 4657 1392 4703 eructat
1419 4652 1647 4705 verbum.
1692 4650 2077 4724 Omnipotentia

468 4747 523 4787 se
549 4741 821 4803 propagat,
853 4734 916 4788 de
956 4735 1065 4789 Deo
1107 4739 1333 4794 nascitur
1354 4738 1493 4796 Deus
1519 4784 1535 4810 ,
1566 4752 1726 4798 totum
1778 4740 1949 4800 Patris
1980 4746 2076 4800 Ita-

468 4824 612 4892 bene,
641 4824 771 4881 nihil
798 4827 1051 4899 derogans
1078 4828 1243 4895 Patri,
1266 4844 1371 4888 etc.
1410 4835 1681 4903 Quomodo
1707 4848 1876 4894 autem
1918 4858 2073 4912 gene-

465 4929 608 4973 ratus
637 4920 723 4985 sit,
749 4921 836 4991 qui
857 4924 1128 4993 processit,
1160 4923 1404 4981 dementis
1449 4938 1519 4983 est
1547 4933 1754 4997 opinari
1787 4951 1800 4987 :
1831 4932 2074 5007 Namque

467 5019 717 5081 temperat
739 5029 795 5067 se
817 5024 1024 5084 propter
1048 5026 1218 5070 rerum
1248 5028 1489 5075 naturam
1526 5019 1699 5077 Filius
1726 5068 1740 5093 ,
1780 5043 1843 5080 ne
1865 5037 2074 5084 (eterna:

468 5102 760 5176 Majestatis
790 5105 1065 5163 Dominum
1096 5124 1199 5166 non
1223 5113 1383 5183 possit
1409 5116 1588 5171 mundi
1618 5119 1767 5174 istius
1796 5123 2073 5176 mediocri-

467 5203 546 5249 tas
570 5197 836 5253 sustinere.
863 5198 1293 5271 Exeogitatarum
1327 5222 1504 5263 rer-tm
1528 5210 1777 5268 ordinem
1817 5214 1972 5281 dixit,
2014 5225 2074 5271 ut

466 5297 723 5345 intentam
755 5290 930 5348 Patris
959 5296 1320 5365 cognitionem
1346 5301 1677 5373 signiﬁcaret
1702 5346 1717 5372 ,
1749 5316 1858 5362 tum
1880 5307 2066 5364 addit:

469 5378 850 5454 Omnipotentia
888 5402 942 5438 se
970 5398 1246 5460 propagat,
1298 5402 1355 5447 ut
1391 5409 1569 5449 rerum
1614 5407 1766 5453 extra
1818 5394 2066 5457 Divinam

461 5477 752 5530 essentiam
783 5478 1115 5534 creationem
1155 5480 1387 5539 futuram
1416 5486 1766 5558 signiﬁcaret.
1807 5492 2066 5566 Omnipo-

462 5569 628 5622 tentia
678 5570 948 5640 siquidem
994 5572 1185 5631 Divina
1226 5589 1377 5633 extra
1437 5596 1497 5637 se
1550 5580 1722 5654 ipsam
1768 5601 1855 5641 res
1906 5584 2069 5660 hujus

462 5661 644 5717 mandi
677 5677 870 5721 creatis
901 5677 1181 5738 operatur.
1219 5670 1327 5727 llac
1350 5674 1660 5745 cognitione
1686 5693 1885 5749 nempe
1909 5697 2055 5736 exco-

456 5754 755 5825 gitatarum,
788 5768 843 5814 ut
870 5760 1102 5818 ordinem
1141 5765 1410 5823 instrueret
1437 5784 1607 5825 rerum
1637 5812 1651 5841 ,
1686 5771 1901 5842 produci
1938 5773 2062 5830 Ver-

2182 4641 2297 4697 haec
2326 4642 2577 4697 nativitas
2620 4658 2727 4699 non
2763 4643 2834 4700 de
2872 4656 3075 4701 interna
3116 4648 3483 4718 generatione
3525 4644 3669 4708 Filii,
3703 4646 3750 4695 at

2183 4732 2529 4794 Veronenses
2556 4737 2919 4795 Adnotatorcs
2946 4740 3261 4813 explicant,
3298 4741 3401 4798 sed
3446 4740 3515 4798 de
3550 4734 3747 4795 secunda

2178 4831 2497 4900 nativitate,
2547 4848 2643 4890 seu
2692 4832 3068 4892 lncarnatione
3105 4844 3234 4895 sunt
3280 4833 3656 4907 intelligenda,
3694 4842 3751 4884 Io

2179 4928 2396 4983 tertiam
2439 4927 2623 4984 Divini
2662 4928 2827 4986 Verbi
2854 4929 3191 4986 nativitatem
3220 4938 3421 4986 contra
3452 4930 3509 4986 S.
3541 4922 3751 4983 [lectoris

2178 5033 2414 5078 mentem
2439 5064 2453 5091 ,
2485 5032 2543 5078 ut
2587 5038 2748 5095 supra
2795 5023 3222 5081 demonstratum
3248 5035 3376 5093 est,
3402 5034 3645 5097 cogamus
3669 5014 3748 5071 Il-

2180 5115 2414 5172 mittere.
2450 5116 2845 5173 Scltolasticam
2881 5133 3114 5191 namque
3163 5117 3315 5174 illam
3348 5116 3750 5174 distinctionem.

2177 5211 2389 5267 scilicet
2412 5211 2469 5267 8.
2497 5210 2771 5268 Zenonem
2802 5212 3135 5270 intellexisse
3163 5213 3365 5269 Filium
3394 5226 3518 5271 esse
3540 5208 3749 5283 εθιιίωω

2180 5318 2211 5356 a
2238 5303 2419 5372 Patre,
2453 5313 2742 5376 antequam
2770 5304 3052 5362 decretum
3079 5304 3246 5362 ferret
3269 5304 3500 5363 creandi
3534 5305 3662 5360 banc
3680 5311 3753 5353 ιιι

2178 5413 2296 5453 rum
2318 5400 2746 5465 universitatem,
2768 5416 2871 5457 non
2892 5400 3159 5472 prioritate
3181 5401 3461 5473 temporis,
3483 5398 3570 5457 sed
3588 5392 3751 5468 ρήοτίο

2176 5502 2281 5548 tate
2308 5494 2526 5550 rationis
2560 5494 2953 5555 exsufﬂattdam
2982 5510 3219 5561 censeo,
3252 5504 3451 5566 utpote
3474 5488 3754 5553 lenoniam

2177 5588 2411 5659 tempori
2443 5589 2668 5644 minime
2694 5589 3134 5647 convenientem.
3167 5588 3437 5659 Quamvis
3458 5586 3601 5644 enim
3627 5583 3675 5639 in
3695 5591 3752 5636 eo

2173 5696 2426 5738 sermone
2468 5683 2524 5740 S.
2575 5683 2777 5741 Doctor
2825 5682 2894 5740 de
2945 5693 3152 5741 aeterna
3194 5682 3364 5741 Verbi
3432 5681 3752 5757 generatione

2176 5776 2548 5849 principaliter
2598 5791 2760 5853 agat;
2792 5779 2870 5837 nil
2914 5778 3081 5837 ofﬁcit
3107 5820 3124 5848 ,
3169 5780 3318 5853 quod
3365 5780 3655 5839 incidentet
3693 5771 3751 5828 d8
