3798 6322
15 289 113 344 885

1396 277 1875 342 DISSEBTA'HO.

3185 289 3293 346 686

15 404 383 462 Incarnatione
431 419 597 473 pauca
630 405 719 461 illa
769 404 930 461 verba
958 403 1187 468 inserat,
1214 399 1410 473 quibus
1435 406 1594 454 :eter-
1621 396 1675 457 Α
1706 416 1723 450 ι
1775 397 1985 462 metiri,
2019 412 2083 455 ac
2109 399 2420 457 discernere
2445 415 2605 470 posse
2629 404 2932 472 praesumis.
2965 422 2984 456 ι
3019 404 3087 459 Et
3114 418 3302 460 contra

15 516 129 556 nam
153 505 558 572 generationem
589 516 617 555 a
663 499 944 570 temporali
978 497 1252 553 nativitate
1275 494 1589 565 distinguat.

15 594 122 648 lZoc
162 593 396 664 genuino
420 593 483 647 D.
516 591 750 648 Zenonis
774 591 1063 648 verborum
1091 604 1253 645 sensu
1278 587 1452 642 omnis
1479 601 1594 640 am-

15 688 278 759 biguitas,
309 687 684 759 Arianicmque
713 687 879 760 pestis
901 686 1187 758 imaginata
1226 682 1465 755 suspicio
1491 696 1593 739 ex-

15 782 242 837 cluditur
268 781 498 850 penitus.

77 873 494 930 Concedendum
552 881 730 929 tamen
785 871 1006 928 Petavio
1034 878 1140 937 est,
1202 869 1259 926 8.
1319 868 1591 924 Zenonem

15 969 63 1022 in
95 967 282 1022 ultimo
321 965 510 1022 relatis
539 964 825 1022 sententiis
873 979 979 1020 non
1021 964 1090 1018 ita
1127 962 1381 1018 distincte
1429 959 1597 1016 fuisse

15 1064 246 1117 locutum
303 1070 524 1132 propter
576 1061 691 1116 Arii
751 1073 994 1116 errorem
1040 1075 1054 1112 :
1101 1055 1336 1112 Verbum
1385 1055 1597 1110 scilicet

15 1156 178 1210 solum
210 1171 241 1211 a
268 1154 424 1212 Patre
451 1163 578 1210 ante
626 1153 804 1208 omnia
845 1152 1042 1210 saecula
1091 1160 1364 1215 creatum,
1408 1163 1598 1206 omnes

15 1249 140 1304 alias
177 1263 262 1304 res
302 1249 475 1318 ipsum
511 1247 744 1303 Verbum
772 1261 1007 1302 creasse.
1048 1244 1102 1302 ιιι
1133 1253 1188 1300 et
1214 1244 1315 1314 ipsi
1346 1242 1596 1298 latebun-

16 1353 96 1397 tur
121 1340 423 1397 doctissimi
442 1340 725 1397 Ballerinii
768 1341 858 1412 qui
884 1349 1032 1395 tanto
1060 1338 1261 1403 studio,
1291 1337 1598 1394 eruditione

16 1444 179 1499 tanta,
205 1449 269 1490 ac
288 1433 531 1490 doctrina
563 1434 621 1491 S.
645 1433 920 1489 Zenonem
952 1433 1021 1488 ab
1045 1433 1237 1490 eodem
1266 1448 1452 1487 errore
1481 1431 1598 1486 vin-

16 1531 187 1585 dicare
217 1530 460 1585 nituntur
493 1537 607 1584 toto
646 1529 762 1584 fere
789 1528 963 1598 capite
996 1528 1167 1597 primo
1195 1525 1449 1583 secundae
1490 1525 1600 1580 dis-

16 1619 333 1677 sertationis.
362 1617 582 1676 Petavio
611 1630 788 1675 tamen
817 1635 922 1676 non
955 1617 1355 1674 assentiendum
1378 1656 1395 1681 ,
1425 1615 1514 1688 qui
1542 1631 1601 1672 re

17 1732 114 1773 non
133 1715 368 1771 discussa
405 1729 527 1770 cum
548 1716 755 1772 sentire
783 1715 848 1770 iis
865 1713 1094 1781 videtur,
1116 1713 1206 1784 qui
1234 1713 1295 1768 D.
1323 1712 1599 1768 Zenonem

1697 490 1791 544 hos
1819 489 2049 558 Spiritus
2064 492 2229 545 sancti
2262 493 2546 562 (equalitati
2570 495 2968 566 prtcjudicantes
2989 495 3168 553 Tract.
3196 498 3285 564 l5,

1699 599 1841 638 num.
1877 583 1928 648 l,
1953 583 2040 637 lib.
2078 599 2114 638 ιι
2141 625 2156 650 ,
2199 586 2509 654 praeclaram
2547 588 2693 643 illam
2732 593 3107 663 professionem
3134 593 3298 648 edidit

1698 675 1935 746 Spiritus
1972 685 2290 734 sanctus...
2323 680 2531 737 habens
2563 698 2721 738 unam
2754 685 3151 753 substantiam,
3179 688 3294 744 vir-

1700 779 1892 835 tutem,
1919 770 2198 838 deitatem,
2231 773 2597 844 majestatem,
2625 777 3068 850 voluntatemque
3094 781 3294 847 Patris,

1698 873 1753 918 et
1779 860 1923 919 Filii.
1961 864 2061 932 Qui
2088 875 2260 920 autent
2288 883 2351 921 ea:
2377 869 2754 939 antiquioribus
2785 873 3041 929 ha'reticis
3071 876 3298 944 Spiritui

1699 969 1875 1013 sancto
1914 958 2243 1016 detraherent
2267 1002 2282 1027 ,
2319 971 2470 1032 atque
2496 964 2824 1035 decerperent
2846 985 2950 1023 una
2969 983 3085 1023 cum
3117 969 3256 1024 Filio
3277 1013 3292 1035 ,

1702 1061 1758 1104 ut
1785 1051 2013 1105 auctoris
2037 1060 2205 1107 textus
2231 1056 2363 1123 fert,
2398 1071 2546 1109 nemo
2571 1074 2704 1112 unus
2727 1068 2804 1112 est
2825 1061 3074 1115 omnium.
3110 1059 3299 1117 Poste-

1700 1145 1862 1198 riores
1897 1147 2066 1200 solani
2097 1146 2314 1212 Ariani,
2353 1163 2444 1205 seu
2474 1151 2645 1221 potius
2674 1150 2989 1209 Sentiariani
3031 1155 3087 1209 id
3111 1157 3302 1210 erroris

1699 1240 1956 1295 invexere.
1996 1240 2107 1297 Hoc
2149 1242 2435 1299 Sozomeni
2463 1247 2792 1302 auctoritate
2819 1249 3299 1322 conlirmant(So—

1701 1347 1834 1387 zona.
1869 1332 1905 1388 l.
1942 1349 2018 1400 vr,
2049 1351 2096 1389 c.
2128 1334 2256 1406 '25).
2292 1335 2508 1406 Utrique
2537 1337 2556 1411 (
2581 1338 2867 1394 Anomiani
2912 1340 3160 1405 scilicet,
3205 1357 3304 1397 seu

1703 1426 1822 1496 puri
1848 1427 2035 1483 Ariani
2062 1469 2077 1494 ,
2109 1438 2165 1484 et
2211 1429 2566 1502 Semiariani)
2605 1434 2742 1488 enim
2769 1433 3030 1506 Spiritum
3063 1446 3298 1490 sanctum

1704 1519 1995 1574 ministrum
2040 1537 2181 1589 esse,
2214 1533 2262 1577 et
2292 1524 2474 1578 ordine
2499 1567 2515 1591 ,
2566 1537 2720 1598 atque
2764 1527 2956 1584 honore
2995 1529 3220 1598 tertium,
3253 1539 3302 1587 et

1702 1615 1988 1670 substantia
2017 1617 2236 1673 similem
2265 1621 2648 1677 asseverabant.

1778 1707 1834 1764 In
1864 1709 2045 1769 allatis
2078 1712 2258 1769 verbis
2286 1713 2344 1769 S.
2370 1712 2609 1771 Zenonis
2640 1716 2824 1773 Tract.
2849 1719 3026 1788 primo
3059 1733 3206 1778 num.
3233 1719 3268 1776 ὅ
3287 1762 3304 1786 ,

27 1812 235 1866 Νίςςιξηο
283 1811 514 1866 condno
559 1811 914 1882 posteriorem
948 1810 1154 1865 νοιυηι,
1189 1809 1269 1865 Ex
1305 1824 1370 1865 eo
1399 1809 1600 1880 quippe
1629 1801 1677 1862 Β
1708 1801 1800 1856 lib.
1835 1804 2030 1873 primo,
2053 1805 2187 1860 nihil
2211 1807 2278 1862 de
2306 1806 2513 1878 Spiritu
2535 1821 2725 1868 saneto
2749 1812 2874 1883 lego
2890 1814 2956 1870 ad
2979 1814 3304 1887 impugnan-

21 1903 291 1959 cvidenter
311 1913 555 1969 .constat,
589 1904 760 1958 multo
787 1912 913 1959 ante
941 1903 1081 1958 idem
1112 1902 1399 1958 concilium
1428 1900 1600 1971 scrip-

21 1997 148 2052 sisse
171 2038 186 2062 ,
235 1996 374 2067 quod
407 2011 514 2052 non
547 1997 616 2050 ita
649 1995 900 2051 distincte
945 2005 1132 2051 contra
1166 1995 1440 2066 proprium
1488 1993 1600 2048 Arii

25 2106 251 2146 errorem
282 2090 558 2154 disseruit,
588 2099 771 2160 utpote
791 2090 893 2145 sibi
924 2090 1160 2161 ignotum
1179 2129 1194 2156 ,
1216 2103 1394 2159 neque
1424 2087 1601 2142 adhuc

24 2189 300 2242 inventum.
327 2185 383 2243 Si
405 2185 605 2241 etenim
635 2200 913 2242 sermones
939 2194 1061 2256 post
1098 2183 1284 2240 Arium
1323 2191 1612 2257 exaras.~et

24 2295 142 2334 Suos
163 2323 176 2344 ,
209 2295 367 2351 tutam
396 2279 703 2334 luculenter
733 2279 976 2350 profecto
1004 2272 1119 2332 Arii
1153 2277 1349 2348 impios
1379 2291 1599 2332 errores

28 2380 293 2435 evertisset
315 2421 330 2447 ,
361 2380 451 2449 qui
507 2387 654 2432 tanta
687 2378 734 2432 vi
776 2387 829 2432 et
857 2376 1161 2444 eloquentia
1194 2373 1329 2430 alios
1375 2375 1442 2428 ab
1469 2372 1601 2427 Ario

24 2474 286 2543 adeptatos
315 2488 530 2528 errores
549 2514 562 2538 ,
595 2480 649 2526 et
679 2480 803 2526 ante
831 2471 1004 2541 ipsum
1031 2469 1274 2538 vulgatos
1298 2467 1599 2535 disiecerit,

24 2581 77 2619 ac
122 2564 502 2635 proﬂigavcrit.
560 2563 688 2619 Haac
737 2579 868 2619 sane
917 2563 1136 2633 propria
1189 2570 1273 2616 est
1315 2559 1600 2615 catholicae

25 2658 75 2714 8.
107 2656 331 2713 Zenonis
382 2656 641 2712 doctrinae
691 2654 1091 2726 prOpngnandae
1136 2655 1294 2709 ratio.
1324 2652 1455 2707 Nam
1481 2668 1602 2722 qua)

26 2750 265 2805 hactenus
287 2749 703 2820 disputavimus,
735 2747 1049 2810 ostendunt,
1085 2746 1289 2801 nullum
1324 2743 1438 2798 Arii
1469 2757 1599 2813 pro-

28 2843 186 2914 prium
209 2858 449 2897 errorem
479 2857 510 2896 a
538 2841 603 2896 D.
639 2841 858 2896 Zenone
890 2840 1188 2910 impetitum
1219 2837 1413 2893 fuisse:
1447 2836 1602 2906 quin-

29 2936 175 2992 immo
199 2936 368 3010 (quod
395 2945 450 2992 et
488 2935 609 2990 aliis
646 2935 998 2990 antenicamis
1041 2933 1288 2989 Patribus
1315 2929 1598 3001 contingit)

27 3029 248 3099 quaedam
291 3030 345 3084 in
398 3028 569 3100 ipsius
607 3029 947 3084 sermonibus
971 3027 1229 3096 reperiri,
1255 3041 1375 3094 quae
1401 3025 1597 3079 verbo-

30 3138 131 3175 rum
155 3123 351 3178 cortice
373 3138 468 3192 pro
489 3121 621 3177 Ario
641 3122 820 3177 facere
843 3121 1156 3186 videantur;
1187 3135 1307 3174 t’lllll
1331 3117 1453 3172 aliis
1470 3132 1600 3171 vero

1703 1897 1828 1954 dum
1857 1913 2045 1956 eorum
2073 1917 2344 1970 errorem,
2372 1906 2463 1975 qui
2487 1907 2736 1964 dicerent
2755 1908 3019 1979 Spiritum
3055 1922 3303 1967 sanctum

1704 1992 2009 2048 ministrum
2050 2009 2172 2051 esse
2197 1995 2390 2053 ordine
2409 2039 2424 2067 ,
2449 2008 2506 2055 et
2532 1997 2742 2057 honore
2770 2003 2985 2058 tertium
3007 2041 3022 2070 ,
3055 2019 3119 2060 ac
3143 2006 3302 2060 subs.

1705 2088 1874 2142 tantia
1899 2104 1930 2142 a
1959 2088 2118 2145 Patre
2139 2131 2154 2156 ,
2183 2099 2238 2146 et
2267 2091 2407 2147 Filio
2435 2091 2782 2151 dissimilem.
2813 2095 2925 2151 Eos
2947 2098 3305 2165 reprehendit

1705 2180 1762 2236 8.
1796 2181 2022 2249 Doctor,
2054 2184 2142 2254 qui
2179 2184 2568 2257 philosophicis
2597 2190 2932 2258 argumentis
2957 2189 3302 2247 divinitatem

1703 2272 1846 2339 Filii,
1878 2285 1935 2331 et
1961 2275 2196 2346 Spiritus
2218 2277 2400 2334 Sancti
2433 2281 2762 2349 perscrutari
2796 2292 3151 2353 praesumunt.
3185 2285 3302 2340 Sa:-

1703 2369 1895 2423 cularis
1924 2386 2098 2424 amore
2121 2370 2218 2442 (ita
2251 2371 2311 2427 8.
2336 2370 2511 2443 Zeno)
2526 2375 2801 2443 jactantite
2816 2391 3062 2430 accensus
3093 2393 3308 2432 nascen-

1705 2464 1769 2516 tis
1793 2463 1888 2517 Dei
1915 2464 1977 2519 de
1997 2462 2132 2530 Deo,
2159 2464 2488 2536 Spiritusgue
2521 2469 2686 2522 sancti
2711 2469 3124 2524 inaestimabilem
3155 2467 3305 2525 Divi—

1704 2555 1877 2609 nitatis
1905 2556 2290 2624 perpetuitatem
2310 2560 2435 2630 jure
2459 2558 2602 2627 ipso,
2635 2575 2741 2629 quo
2767 2575 2832 2614 ea:
2860 2576 2968 2615 sese
2993 2572 3068 2616 est
3089 2601 3105 2628 ,
3134 2577 3298 2632 argu-

1705 2647 1886 2700 mentis
1910 2657 1958 2700 te
1977 2663 2156 2718 cegere
2180 2689 2193 2712 ,
2224 2651 2540 2714 examinare,
2560 2652 2747 2718 metiri,
2773 2668 2834 2706 ac
2850 2652 3136 2708 discernere
3158 2670 3308 2723 posse

1708 2742 2004 2811 prtesumis?
2035 2740 2198 2796 Verba
2213 2743 2358 2811 illa,t
2387 2745 2509 2814 jure
2531 2746 2665 2814 ipso,
2689 2763 2789 2815 quo
2813 2763 2997 2802 essese
3013 2757 3106 2814 est,
3123 2767 3142 2802 ι
3165 2749 3302 2804 Per-

1707 2853 1894 2891 narum
1934 2836 2337 2894 distinctionem
2370 2855 2478 2895 non
2527 2843 2828 2913 recipiunt,
2877 2859 2978 2899 nec
3009 2844 3306 2901 relationes

1706 2930 1848 2986 inter
1871 2929 2093 2986 easdem
2125 2930 2393 2987 Personas
2421 2942 2668 2989 naturam
2699 2935 2936 2992 divinam
2960 2938 3273 3008 exprimunt
3295 2980 3312 3007 ,

1706 3044 1827 3100 quae
1858 3045 1921 3084 ea:
1949 3046 2058 3084 sese
2095 3040 2187 3085 est.
2216 3030 2453 3086 Persona
2476 3048 2607 3088 vero
2640 3033 2761 3090 Filii
2790 3049 2820 3089 a
2851 3035 3012 3092 Patre
3041 3035 3308 3107 procedit,

1707 3131 1764 3176 et
1785 3120 2020 3192 Spiritus
2043 3125 2216 3178 sancti
2250 3139 2480 3194 persona
2509 3142 2536 3180 a
2571 3127 2751 3193 Patre,
2774 3137 2831 3184 et
2853 3128 3014 3184 Filio.
3034 3131 3316 3186 Scrutato-

34 3213 181 3284 ipsius
208 3216 490 3270 sententiis
520 3215 712 3270 collata
732 3257 745 3281 ,
778 3213 1100 3270 catholicam
1122 3214 1448 3283 sententiam
1475 3226 1606 3266 con-
1638 3198 1684 3261 C
1715 3229 1804 3270 res
1831 3230 1964 3287 ergo
1983 3216 2188 3272 divina:
2214 3219 2490 3287 essentiaz,
2516 3235 2579 3276 ac
2599 3221 2899 3293 Maiestatis
2929 3226 3106 3296 arguit
3131 3226 3190 3282 S.
3213 3225 3316 3283 Ze.

37 3311 189 3364 tmere
216 3318 601 3381 agnoscuntur.
643 3309 695 3364 ld
726 3309 948 3380 perinde
973 3317 1055 3364 est
1086 3323 1147 3362 ac
1175 3307 1416 3363 insiditus
1449 3323 1607 3362 ever-

40 3417 142 3456 sam
173 3418 358 3458 eorum
390 3404 699 3472 Opinionem
730 3402 1037 3467 ostendere,
1063 3404 1150 3471 qui
1178 3417 1244 3455 ex
1275 3414 1608 3455 commemo-

43 3496 154 3550 ratis
177 3538 194 3562 ,
235 3508 287 3552 et
313 3495 608 3552 confutatis
643 3511 674 3551 a
714 3495 772 3550 8.
806 3494 1022 3550 Zenone
1065 3494 1181 3549 Arii
1204 3493 1486 3548 erroribus
1508 3534 1522 3557 ,
1553 3500 1611 3546 ut

37 3590 152 3645 lalso
179 3600 444 3660 astruunt,
470 3591 527 3646 8.
557 3591 806 3647 eumdem
832 3591 1108 3647 doctorem
1147 3606 1176 3643 a
1208 3588 1369 3644 tertio
1397 3586 1605 3643 saeculo

39 3689 370 3743 amovendum
399 3728 417 3756 ,
450 3697 504 3746 et
526 3687 592 3743 ad
621 3696 872 3759 quartum
907 3686 1248 3743 referendum
1282 3685 1432 3742 inani
1459 3692 1609 3741 certe

41 3792 210 3838 conatu
234 3782 588 3839 contendunt.

638 3895 868 3953 CAPUT
909 3895 974 3950 ll.

43 4021 188 4066 PLUBA
209 4027 240 4067 Ε
260 4025 590 4069 εειιῑοιςιιιυθ
610 4026 650 4066 8.
678 4026 896 4069 κεκομιε
913 4027 1227 4068 ARGUMENTA
1252 4024 1458 4066 PETUNT
1476 4023 1600 4063 βοε-

103 4121 272 4162 TlSSlll
304 4123 621 4167 .BALLERI‘NII
648 4153 661 4176 ,
697 4123 765 4163 UT
815 4122 1046 4163 EJUSDE“
1096 4121 1340 4161 EPOCBA)!
1393 4118 1606 4169 QUARTO

103 4215 299 4258 εδει]ιο
319 4218 628 4260 ASTRUANTI
659 4214 888 4257 POTIORA
912 4217 1068 4257 CIRCA
1099 4214 1403 4255 ANANORUM
1433 4213 1602 4253 ERRO-

103 4311 187 4352 llES
221 4313 377 4356 PRDlO
417 4315 610 4354 CAPITE
639 4311 1127 4360 CONFIDERAV'IMUS,
1172 4311 1289 4350 Λιιλ
1322 4307 1566 4348 ΒΕ8ΤΔΝΤ
1589 4332 1602 4355 ,

105 4403 208 4452 ΟΜΖ
238 4403 691 4456 ευιιςεριιειστιιιοε
735 4403 1100 4448 PARAGBAPHIS
1141 4405 1206 4444 AD
1237 4404 1447 4444 LANCEM
1489 4401 1605 4442 SUS-

105 4499 343 4543 PEXDIIIIS
371 4503 740 4544 PONDERANDA.

1709 3323 1811 3374 no,
1845 3325 2022 3380 neque
2041 3309 2110 3366 de
2136 3311 2445 3381 equalitate
2472 3312 2671 3380 Patris,
2705 3323 2761 3370 et
2800 3315 2958 3382 Filii,
2986 3327 3039 3372 et
3071 3317 3308 3387 Spiritus

1710 3403 1882 3457 sancti
1924 3404 2073 3472 agit,
2116 3418 2278 3473 quam
2306 3403 2628 3459 Semiariani
2659 3406 3065 3478 impugnabant.
3101 3408 3201 3465 Hic
3227 3420 3314 3466 est

1711 3493 1869 3563 hujus
1918 3505 2180 3551 tractatus
2227 3498 2281 3552 S.
2318 3496 2555 3553 Zenonis
2587 3515 2821 3572 scopas,
2856 3512 3110 3574 totusque
3142 3505 3196 3560 in
3233 3522 3302 3561 eo

1709 3597 1793 3641 est
1839 3597 1896 3641 ut
1925 3589 2182 3644 ostendat
2203 3605 2266 3646 ea
2290 3631 2305 3658 ,
2337 3607 2461 3662 quae
2490 3592 2614 3648 tidei
2647 3604 2772 3649 sunt
2795 3638 2809 3662 ,
2839 3592 3092 3654 immanis
3139 3600 3309 3654 ratio-

1711 3681 1868 3737 nibus
1917 3697 2024 3737 non
2071 3699 2196 3741 esse
2256 3686 2617 3757 inquirenda,
2665 3697 2727 3744 ut
2774 3689 2969 3761 legenti
3023 3702 3310 3750 tractatum

1714 3776 1858 3832 hunc
1899 3780 2182 3835 evidenter
2220 3791 2408 3850 patet,
2452 3799 2684 3840 numero
2731 3789 2919 3857 quinto
2972 3791 3314 3861 potissimum

1710 3869 1764 3923 in
1810 3870 1915 3926 illis
1944 3873 2169 3928 verbis:
2214 3873 2321 3929 Cur
2349 3877 2513 3946 legem
2551 3880 2660 3949 lege
2706 3880 3017 3954 distringis.’
3065 3884 3168 3940 Cur
3213 3887 3310 3940 sub

1707 3962 1933 4035 imagine
1982 3966 2136 4032 ﬁdei,
2201 3969 2354 4036 ﬁdem
2411 3970 2666 4039 deponis?
2732 3973 2838 4028 Cur
2901 3978 3072 4049 ipsum
3114 3979 3308 4049 fontem

1709 4051 2009 4110 Divinitatis
2032 4059 2401 4130 philosOphicis
2430 4066 2747 4134 argumentis
2779 4069 3049 4124 exhaurire
3073 4072 3317 4128 conaris?

1787 4155 1924 4210 Aliis
1965 4156 2017 4210 in
2051 4143 2235 4213 verbis
2266 4167 2526 4216 tractatus
2574 4177 2667 4218 xm
2711 4163 2807 4220 lib.
2851 4181 2910 4233 ιι,
2961 4183 3114 4222 num.
3140 4169 3193 4237 l,
3220 4185 3311 4228 su-

1711 4261 1807 4318 pra
1858 4249 2046 4304 relatis
2093 4250 2150 4304 S.
2203 4250 2351 4307 Zeno
2400 4253 2560 4309 [idem
2618 4271 2723 4311 non
2763 4260 3086 4330 proﬁtetur,
3132 4278 3312 4334 neque

1710 4351 1898 4395 contra
1933 4344 2166 4399 Inereses
2195 4345 2298 4414 agit
2322 4361 2335 4411 ;
2366 4347 2605 4416 explicat
2625 4359 2804 4404 autem
2828 4355 3146 4425 mysterium
3172 4372 3316 4413 som-

1713 4433 1786 4487 nii
1819 4433 2008 4498 Jacob,
2054 4437 2098 4490 is
2147 4439 2290 4492 enim
2324 4448 2409 4494 est
2447 4443 2720 4496 sermonis
2750 4445 2936 4500 titulus
2966 4463 2978 4499 :
3009 4448 3085 4503 De
3113 4453 3312 4506 somnio

1712 4522 1875 4580 Iacob
1904 4543 1922 4581 .'
1977 4527 2042 4582 de
2067 4544 2175 4600 quo
2212 4531 2282 4584 ita
2315 4532 2371 4587 S.
2402 4531 2550 4586 Zeno
2583 4532 2782 4589 :Jacob
2832 4537 2982 4592 habet
3033 4541 3312 4614 imaginem

49 4592 86 4663 ᾗ.
107 4593 138 4649 1.
177 4597 250 4654 De
268 4601 382 4656 aliis
413 4601 691 4658 haresibus
719 4611 900 4673 quarto
928 4598 1115 4654 alecula
1140 4598 1325 4653 exortis
1355 4613 1458 4650 non
1501 4593 1607 4666 agit

1782 4620 1910 4673 tristi
1935 4661 1950 4687 ,
1977 4622 2066 4676 sed
2088 4631 2132 4675 et
2152 4621 2286 4693 lapis
2308 4624 2439 4695 ipse,
2465 4642 2614 4696 quem
2641 4629 2708 4680 ad
2729 4639 2882 4701 caput
2909 4647 3060 4687 suum
3083 4592 3316 4707 poasuisse

681 4696 743 4752 S.
773 4694 933 4751 Zeno.

108 4805 356 4872 Quasdam
396 4811 636 4869 haereses
685 4821 880 4882 quarto
930 4809 1257 4866 decurrente
1300 4806 1502 4863 saeculo
1556 4807 1607 4861 in

52 4895 276 4959 Ecclesiae
322 4919 450 4977 agro
496 4905 766 4962 veneﬁcas
817 4904 985 4960 veluti
1042 4903 1238 4959 herbas
1288 4912 1610 4958 enascentes

53 4985 101 5040 ὃ.
121 4988 381 5053 Zenonem
411 4997 673 5054 radicitus
703 4998 814 5053 suis
840 4997 1118 5052 eradicare
1153 4995 1496 5050 sermonibus
1524 5008 1617 5047 vo-

60 5080 464 5147 luisse'asserunt
486 5092 670 5148 eximii
693 5091 966 5147 Ballerinii
988 5089 1231 5162 (Dissert.
1259 5105 1296 5146 ι.
1321 5105 1370 5142 c.
1395 5088 1451 5151 2,
1477 5087 1504 5158 §
1542 5089 1618 5152 5):

62 5196 77 5227 ι
103 5177 320 5239 Primum
341 5185 577 5252 Tract.l,
609 5202 753 5241 nam.
778 5186 832 5252 5,
859 5185 986 5240 lilm
1016 5193 1205 5257 pratter
1232 5199 1315 5238 eos
1336 5183 1425 5254 qui
1449 5184 1499 5235 in
1524 5179 1620 5235 Dei

57 5271 228 5330 Filiam
277 5297 473 5335 errores
518 5276 821 5353 sparserunt
849 5321 864 5346 ,
910 5279 1030 5335 illos
1088 5282 1243 5333 etiam
1291 5275 1618 5348 reprehendit

57 5367 138 5431 (δι
166 5370 322 5438 Zeno,
346 5385 404 5430 ut
430 5377 529 5446 ipsi
563 5374 794 5447 putant)
819 5375 906 5445 qui
932 5377 987 5430 in
1027 5374 1254 5446 Spiritus
1284 5373 1448 5429 sancti
1473 5371 1619 5425 Divi-

60 5464 242 5521 nitatem
280 5471 512 5527 subtilius
559 5471 922 5526 ratiocinantes
964 5470 1310 5544 peccabant...
1346 5469 1447 5524 sub
1478 5481 1615 5521 sono

64 5552 176 5624 lctis
209 5579 225 5611 ι
266 5562 428 5633 signa:
461 5584 480 5616 ι
509 5577 570 5620 ac
598 5564 749 5619 Fidei
777 5565 1054 5619 saecularis
1103 5578 1291 5618 amore
1335 5560 1616 5633 iactantia:

68 5667 83 5698 ι
121 5665 379 5724 accursus,
409 5658 678 5715 nascentis
703 5659 797 5713 Dei
819 5659 886 5714 de
906 5659 1040 5726 Deo,
1067 5659 1408 5729 Spiritusque
1449 5655 1622 5710 sancti

68 5757 83 5789 ι
123 5742 528 5808 inaestimabilem
553 5753 860 5807 Divinitatis
877 5752 1446 5822 perpetuitatem,jure
1473 5751 1618 5820 ipso,

71 5850 88 5881 ‘
126 5850 221 5904 ‘luo
240 5855 302 5896 ex
332 5855 449 5900 sese
479 5852 581 5912 est,
609 5845 941 5916 argumentis
965 5854 1016 5902 te
1046 5859 1265 5916 cogere,
1292 5842 1626 5911 examinare,

1718 4715 2043 4786 cognoscitur
2071 4730 2089 4770 :
2114 4718 2354 4786 quoniam
2389 4728 2545 4788 caput
2568 4720 2664 4773 viri
2692 4719 2928 4778 Christus
2953 4769 2968 4793 ,
2997 4729 3087 4798 qui
3113 4732 3314 4801 aliqua-

1719 4813 1810 4865 ties
1859 4810 1991 4882 lapis
2025 4820 2095 4862 est
2141 4819 2488 4879 nuncupatus.
2525 4811 2684 4868 Scala
2705 4827 2873 4871 autem
2895 4819 2997 4875 duo
3019 4832 3318 4877 testamenta

1717 4906 1976 4978 signiﬁcat
1993 4947 2007 4969 ,
2027 4921 2140 4975 qua:
2159 4914 2205 4958 et
2237 4905 2564 4979 Evangelicis
2586 4909 2785 4965 intexta
2813 4917 3080 4986 praceptis
3105 4918 3320 4972 creden-

1719 5011 1790 5055 tes
1825 5001 2054 5054 homines
2081 5041 2094 5063 ,
2127 5001 2540 5072 voluntatemque
2584 5003 2682 5058 Dei
2729 5007 3010 5077 facientes;
3051 5014 3198 5083 quasi
3230 5031 3323 5084 per

1720 5093 1968 5164 quosdam
1994 5093 2328 5148 observantur
2358 5096 2552 5166 gradus
2593 5099 2643 5152 in
2686 5098 2869 5155 caelum
2903 5104 3074 5159 levare
3097 5123 3321 5163 consue—

1724 5195 1920 5242 verunt.
1959 5185 2112 5240 Hanc
2139 5186 2196 5241 in
2228 5187 2546 5260 Apocalypsi
2586 5189 2816 5248 Joannes
2847 5194 2922 5251 bis
2961 5210 3167 5255 acutum
3208 5205 3322 5275 gla-

1723 5284 1864 5337 dium
1891 5298 2006 5336 cum
2038 5299 2140 5336 uno
2171 5286 2358 5354 capulo
2387 5289 2728 5359 nuncupavit,
2754 5305 2905 5359 quem
2933 5309 2996 5348 ex
3023 5311 3109 5349 ore
3136 5294 3323 5351 Darni-

1725 5375 1777 5429 ni
1821 5376 2030 5444 prodire
2075 5375 2365 5446 descripsit.
2406 5373 2625 5433 Gladius
2675 5383 2807 5436 enim
2851 5384 3080 5456 Spiritus
3115 5401 3328 5444 sanctus

1721 5479 1795 5524 est
1838 5486 1994 5523 unum
2028 5470 2273 5539 capulum
2325 5470 2514 5526 habens
2539 5515 2553 5537 ,
2586 5473 2640 5527 id
2665 5485 2737 5530 est
2767 5491 2922 5531 unam
2950 5481 3320 5550 substantiam,

1722 5564 1994 5626 virtutem,
2051 5562 2324 5630 deitatem,
2373 5567 2732 5636 majestatem,
2774 5568 3183 5640 voluntatemque
3213 5570 3324 5628 Ρα-

1726 5655 1840 5719 tris,
1863 5662 1909 5708 et
1928 5652 2080 5718 Filii,
2125 5663 2418 5708 contestans
2463 5654 2593 5709 duas
2623 5658 2780 5722 acies,
2804 5657 2974 5724 idest,
3020 5661 3125 5714 duo
3169 5671 3322 5720 testa-

1730 5757 1900 5802 menta
1923 5763 2121 5820 gerens,
2146 5761 2362 5817 quorum
2393 5745 2650 5817 regalibus
2679 5748 2903 5816 monitis,
2931 5759 2977 5806 et
2999 5753 3214 5821 creduli,
3239 5758 3328 5814 de.

1741 5842 1944 5912 votique
1975 5849 2262 5907 servantur,
2291 5849 2339 5895 et
2367 5838 2618 5895 increduli
2639 5837 3022 5916 desertoresque
3042 5846 3327 5914 puniuntur
