3902 6324
507 277 611 331 687

1696 268 1785 324 DE
1825 265 2074 327 SANC’II
2111 270 2405 332 ZENONIS
2442 274 2718 332 EPOCHA
3625 287 3703 343 688

509 396 683 452 Verba
727 394 814 450 illa
850 409 863 445 :
918 391 1087 447 Unam
1117 388 1490 453 substantiam,
1523 387 1790 453 virtutem,
1823 389 2101 458 deitatem,
2133 402 2182 462 Α
2211 393 2381 448 sateni
2420 394 2622 450 sacculo
2655 393 2817 449 tertio
2847 391 3199 448 scribentium
3232 394 3440 460 potuerit
3467 397 3600 450 etiam
3626 415 3708 453 ma-

509 492 824 558 majestatem
846 530 859 552 ,
900 487 1308 554 voluntatemque
1336 483 1510 537 Patris
1554 491 1601 536 et
1631 480 1778 549 Filii,
1835 483 2109 553 explicant

516 583 677 654 gladii
715 577 1164 641 similitudinem;
1189 592 1356 646 quare
1384 573 1644 647 prtrmisit
1669 574 1728 630 8.
1760 574 1910 631 Zeno
1937 594 1948 628 :
1982 575 2108 630 Cla-

507 675 624 729 dius
645 674 778 728 enim
807 671 1038 742 Spiritus
1068 678 1277 723 sanctus
1317 678 1414 732 est,
1434 683 1594 722 unum
1618 668 1863 738 capulum
1891 666 2106 733 habens,

449 809 456 813 .
505 767 562 822 id
590 775 664 821 est
685 781 839 819 unam
866 749 1349 827 substantiam,etc.
1378 761 1493 827 Qua
1514 760 1821 823 occasione,
1849 768 1904 815 et
1924 759 2106 814 since-

511 875 694 916 ceram
746 855 1180 932 catholicamque
1217 852 1518 908 doctrinam
1569 852 1637 908 de
1665 851 1874 922 Spiritu
1916 859 2106 906 sancto

511 951 696 1008 tradit.
757 949 888 1005 Nam
920 939 975 1004 et
1004 957 1129 1002 ante
1151 945 1520 1003 Semiarianos
1546 944 1780 1014 Spiritus
1815 944 1990 999 sancti
2019 943 2105 998 di-

505 1047 707 1102 vinitas
731 1089 745 1114 ,
773 1055 829 1101 et
872 1058 995 1100 cum
1023 1043 1216 1109 Patre,
1246 1050 1300 1098 et
1329 1039 1468 1094 Filio
1496 1039 1780 1110 aequalitas
1811 1050 1936 1093 nota
1963 1045 2103 1093 erat.

506 1142 698 1199 Mirum
714 1141 894 1210 itaque
913 1153 1018 1193 non
1037 1144 1140 1204 est,
1163 1143 1408 1190 sanctum
1426 1132 1698 1188 Zenonem
1718 1132 1770 1186 in
1785 1129 2108 1200 explicando

507 1234 724 1292 somnio
747 1215 938 1298 Jacob,
964 1230 1224 1302 praedicta
1252 1229 1321 1284 de
1351 1227 1587 1299 Spiritus
1623 1225 1797 1281 sancti
1823 1225 2106 1281 divinitate

508 1328 820 1398 scripsisse,
848 1339 969 1396 qua:
994 1325 1121 1380 licet
1137 1321 1487 1380 Semiarianis
1508 1320 1886 1382 adversentur,
1918 1318 1974 1373 8.
2005 1315 2108 1371 Ze-

511 1440 710 1481 nonem
737 1421 823 1478 vel
852 1435 1116 1483 coaevum,
1138 1418 1222 1473 vel
1252 1417 1604 1488 posteriorem
1625 1412 1974 1469 Semiarianis
1999 1427 2105 1466 non

511 1519 737 1576 faciunt.
790 1517 967 1588 Lege,
1005 1530 1124 1586 qua:
1164 1512 1418 1568 Petavius
1464 1509 1710 1580 congerit
1749 1507 1847 1563 SS.
1882 1505 2105 1561 Patrum

506 1611 804 1668 sententias
853 1616 1044 1665 contra
1085 1619 1300 1661 errores
1346 1605 1399 1659 in
1445 1602 1706 1673 Spiritum
1746 1610 1994 1655 sanctum
2039 1598 2107 1654 ab

506 1705 781 1761 barreticis
811 1700 1204 1772 posterioribus
1236 1699 1477 1770 prolatos
1504 1695 1688 1751 Tract.
1753 1711 1789 1750 ιι
1834 1693 2100 1763 Tlteolog.

511 1802 704 1872 Dogm.
737 1798 831 1854 lib.
859 1813 957 1862 vn,
983 1810 1108 1866 'cap.
1140 1793 1195 1849 8.

583 1896 648 1947 At
676 1892 822 1947 enim
851 1903 978 1944 vero
1006 1902 1113 1942 non
1141 1887 1240 1941 soli
1272 1885 1459 1942 Ariani
1491 1897 1708 1939 errores
1731 1892 1922 1938 contra
1976 1879 2106 1951 Spi-

509 1987 674 2042 ritum
702 1994 950 2040 sanctum
984 1981 1294 2050 vulgarunt.
1323 1979 1562 2032 Primum
1593 1975 1759 2032 fuisse
1787 1974 2102 2045 Origenem,

507 2081 600 2150 qui
629 2086 819 2135 contra
847 2076 1084 2146 Spiritus
1106 2072 1278 2128 sancti
1307 2071 1674 2141 :equalitatcm
1693 2083 1817 2124 cum
1844 2067 2027 2127 Patre,
2051 2074 2107 2121 et

507 2174 646 2230 Filio
671 2165 1322 2241 obloquereturPetavius
1345 2163 1678 2219 demonstrat
1709 2161 1802 2216 lib.
1825 2176 1838 2213 ι
1862 2159 1932 2215 de
1951 2158 2102 2214 Trin.

505 2283 628 2337 cap.
661 2265 747 2328 14.
767 2263 950 2318 Tract.
971 2278 1007 2316 ιι
1029 2260 1292 2330 'l‘heolog.
1320 2259 1533 2326 Dogm.,
1561 2272 1707 2311 num.
1735 2256 1786 2311 8.
1811 2254 2108 2325 Ell'ugium-

507 2374 616 2430 que
671 2355 802 2412 illud
847 2353 1231 2409 nonnullorum
1281 2350 1572 2422 Origenem
1623 2347 2101 2419 patrocinantium,

505 2451 652 2526 quod
677 2452 744 2508 ab
767 2450 985 2508 Arianis
1013 2457 1262 2517 corrupta
1289 2445 1489 2501 fuerint
1513 2444 1632 2514 ejus
1657 2443 1858 2512 scripta
1881 2440 2106 2496 eviden-

508 2555 590 2602 ter
619 2543 870 2600 revincit.
897 2540 1006 2596 Nos
1025 2539 1277 2610 Origenis
1299 2546 1528 2601 textum,
1559 2536 1613 2590 in
1636 2550 1744 2604 quo
1769 2544 1956 2590 contra
1983 2533 2105 2602 Spi-

508 2643 672 2698 ritum
715 2647 961 2696 sanctum
1015 2636 1160 2708 agit,
1211 2648 1374 2704 supra
1401 2631 1687 2687 retulimus
1719 2628 1790 2701 (c.
1845 2629 1899 2695 1,
1948 2627 1976 2699 §
2012 2627 2100 2694 l8,

507 2735 680 2807 Epist.
730 2736 830 2799 41,
875 2733 1015 2801 apud
1079 2729 1194 2783 Pet.
1249 2743 1332 2783 n.-
1370 2724 1499 2796 l3).
1568 2723 1826 2792 Ejusdem
1900 2722 2103 2778 erroris

457 2897 468 2900 _
514 2829 639 2882 labe
688 2825 831 2880 circa
885 2822 1118 2894 Spiritus
1167 2819 1338 2874 sancti
1395 2831 1682 2888 personam
1743 2815 1802 2870 8.
1859 2812 2101 2900 Dionysii

503 2917 864 2979 Alexandrini
889 2917 1087 2984 scripta
1116 2913 1282 2968 fuisse
1309 2924 1560 2980 respersa
1589 2917 1740 2963 notat
1767 2908 1826 2963 8.
1853 2887 2099 2961 Basilius.

504 3013 763 3082 Quamvis
790 3011 974 3081 itaque
1007 3008 1067 3064 S.
1091 3007 1238 3062 Zeno
1268 3018 1524 3073 expresse
1563 3011 1752 3057 contra
1780 2999 2104 3070 impugnan-

508 3114 591 3161 tes
613 3106 670 3162 8.
699 3101 936 3175 Spiritus
966 3101 1306 3156 divinitatem
1330 3104 1638 3159 tractasset,
1672 3095 1817 3149 nulla
1845 3093 1970 3149 inde
2008 3109 2097 3147 ra-

2213 488 2506 544 thctnatico
2538 505 2699 545 sensu
2723 499 2944 559 accepto
2977 498 3217 559 tempore
3243 488 3490 547 afﬁrmare
3514 493 3562 548 8.
3581 494 3710 560 Zeno,

2210 588 2263 632 ut
2290 580 2500 650 quidam
2532 591 2732 650 putant.
2766 580 2900 636 Vide
2930 597 3049 651 qua:
3078 581 3306 638 diximus
3335 598 3444 654 cap.
3472 585 3516 651 l,
3548 586 3570 657 ᾗ
3595 587 3658 642 l5.

2281 673 2513 730 Andium
2538 690 2691 741 vero,
2715 675 2797 729 vel
2822 673 3084 734 Andreum
3123 692 3152 729 a
3179 692 3281 747 quo
3310 675 3717 749 Antropuphormi-

2212 774 2383 820 tarum
2415 765 2637 822 hmresis
2664 767 2843 838 erupit
2885 766 2943 822 8.
2981 767 3256 824 Zenonem
3297 769 3569 826 conlutasse
3609 773 3719 829 nulla

2210 858 2423 914 ratione
2469 869 2700 914 constat.
2739 858 2796 914 In
2840 860 3057 915 laudato
3097 861 3293 932 quippe
3330 870 3534 917 tractatu
3562 881 3659 931 xu,
3683 876 3722 921 ct

2211 949 2262 1004 in
2297 961 2526 1006 tractatu
2558 969 2627 1007 xx
2665 952 2762 1007 lib.
2813 969 2881 1019 tt,
2917 953 3152 1023 explicat
3192 953 3278 1009 illa
3325 954 3472 1010 verba
3508 956 3721 1014 Genesis:

2210 1046 2491 1102 Faciamus
2513 1047 2771 1102 hominem
2788 1045 2857 1100 ad
2878 1046 3174 1117 imaginem,
3201 1056 3244 1099 et
3267 1045 3614 1101 similitudinem
3637 1066 3723 1102 uos-

2211 1149 2361 1194 tram.
2394 1139 2464 1194 Et
2519 1138 2659 1194 hanc
2690 1139 2980 1210 imaginem
3019 1154 3127 1192 non
3167 1140 3217 1193 in
3253 1152 3469 1208 corpore
3492 1141 3726 1197 consistere

2209 1233 2404 1286 aSserit
2449 1249 2461 1285 :
2507 1229 2628 1286 Non
2663 1249 2784 1305 ergo
2819 1233 3030 1286 carnale
3055 1231 3151 1286 hoc
3176 1231 3479 1285 domicilium
3516 1233 3727 1308 imaginem

2211 1323 2308 1379 Dei
2333 1325 2570 1381 debemus
2598 1325 2849 1396 accipere,
2874 1326 2964 1379 sed
2986 1327 3205 1380 caelestis
3229 1325 3438 1379 hominis
3465 1326 3698 1394 spiritalem
3715 1371 3727 1394 ,

2209 1434 2363 1491 quam
2382 1419 2433 1471 in
2462 1435 2516 1472 se
2541 1419 2865 1473 credentibus
2895 1418 3150 1473 Dominus
3175 1417 3389 1472 retherea
3415 1420 3642 1474 nativitate
3671 1438 3730 1474 re-

2211 1513 2426 1576 novatis,
2455 1511 2791 1583 plenitudinis
2822 1529 2931 1567 sua:
2956 1513 3042 1582 pio
3065 1513 3128 1567 de
3150 1517 3291 1583 fonte
3330 1512 3544 1584 largitur.
3563 1512 3730 1568 Nullum

2209 1607 2467 1662 contrarii
2514 1606 2716 1662 erroris
2762 1615 3091 1663 assertorem
3130 1607 3354 1671 indicat,
3384 1606 3563 1661 nullum
3592 1587 3731 1678 repre-

2211 1700 2416 1755 ltendit.
2447 1699 2503 1755 Si
2529 1715 2656 1754 vero
2687 1701 2848 1756 tacite
2878 1701 3105 1755 velimus
3145 1699 3201 1755 S.
3247 1699 3516 1755 Doctorem
3553 1699 3732 1768 aliquem

2135 1804 2182 1864 Β
2209 1808 2449 1850 errorem
2506 1793 2850 1864 coarguisse,
2909 1792 3231 1848 Tertulliani
3275 1793 3550 1848 sententias
3590 1801 3733 1847 notare

2212 1889 2407 1958 potuit,
2431 1887 2522 1957 qui
2554 1887 2842 1958 imaginem
2878 1887 2971 1942 Dei
3003 1887 3058 1942 in
3097 1886 3336 1942 hominis
3389 1901 3592 1956 corpore
3617 1903 3736 1953 τινος

2211 1984 2370 2036 nebat
2393 1992 2588 2051 putans
2616 1980 2888 2036 hominem
2911 1992 3152 2036 creatum
3175 1979 3242 2035 ad
3272 1980 3540 2051 imaginem
3561 1980 3733 2034 Christi.

2208 2075 2387 2130 Limus
2408 2075 2496 2129 ille
2513 2076 2627 2146 jam
2643 2085 2764 2129 tunc
2799 2075 3071 2145 imaginem
3102 2075 3319 2128 indutus
3348 2072 3526 2129 Christi
3546 2072 3737 2145 (Tertull.

2209 2169 2297 2224 lib.
2335 2170 2399 2224 de
2427 2185 2592 2224 resur.
2619 2167 2802 2222 Carnis
2842 2185 2955 2237 cap.
2988 2169 3020 2223 6
3054 2170 3093 2237 ).
3132 2167 3288 2234 Quod
3335 2167 3460 2222 etin
3502 2167 3551 2222 S.
3578 2165 3737 2221 lreamo

2210 2272 2446 2328 notatur,
2489 2264 2640 2335 quasi
2667 2263 2954 2333 imaginem
2987 2262 3080 2316 Dei
3110 2260 3161 2314 in
3188 2276 3418 2332 corpore
3439 2257 3737 2314 constituerit.

2210 2357 2342 2413 Vide
2363 2357 2638 2412 Petavium
2665 2355 2845 2410 Tract.
2874 2371 2952 2422 ιιι,
2977 2353 3243 2426 Theolog.
3276 2355 3455 2425 Dogm.
3481 2353 3542 2408 de
3563 2351 3740 2423 Opiﬁcio

2209 2450 2303 2506 Dei
2338 2451 2430 2505 lib.
2466 2467 2525 2515 ιι,
2560 2465 2679 2520 Cap.
2711 2450 2766 2515 2,
2799 2466 2948 2505 num.
2979 2451 3034 2506 '5.

2280 2544 2427 2600 ldem
2473 2542 2758 2598 dicendum
2801 2552 2887 2598 est
2931 2543 3000 2598 de
3043 2542 3295 2600 formulis
3333 2542 3471 2610 illis,
3507 2555 3623 2611 quas
3655 2540 3741 2593 cla-

2207 2637 2405 2692 riSsinii
2464 2637 2732 2693 Ballerinii
2793 2638 3036 2708 precisas
3082 2647 3317 2704 vocant;
3371 2651 3550 2706 nempe
3592 2643 3744 2689 tracta-

2210 2739 2297 2784 ttts
2329 2746 2361 2784 v
2410 2731 2501 2784 lib.
2535 2747 2572 2794 ι,
2599 2731 2684 2785 ubi
2715 2731 2773 2786 8.
2797 2729 2946 2785 Zeno
2973 2731 3050 2785 sic
3079 2731 3276 2785 habet:
3309 2731 3413 2786 Sed
3432 2731 3553 2784 dicet
3576 2727 3741 2796 aliquis,

2208 2823 2378 2878 Etiam
2408 2823 2580 2877 Maria
2617 2821 2790 2894 Virgo,
2842 2833 2889 2878 et
2928 2825 3122 2895 nupsit,
3159 2833 3210 2878 et
3263 2824 3471 2896 peperit.
3516 2821 3588 2876 Sit
3612 2820 3745 2890 aliqua

2208 2919 2357 2981 talis,
2391 2928 2437 2971 et
2462 2919 2626 2982 cedo;
2664 2928 2900 2972 ceterum
2923 2919 3016 2972 illa
3045 2919 3142 2988 fuit
3169 2919 3316 2992 uirgo
3343 2927 3451 2990 post
3472 2916 3740 2977 connubium,

2206 3011 2348 3082 virgo
2402 3021 2515 3081 post
2544 3020 2866 3080 conceptum,
2916 3011 3060 3082 uirgo
3087 3021 3201 3081 post
3233 3009 3448 3066 Filium.
3487 3009 3548 3065 Et
3572 3008 3748 3064 Trama-

2209 3112 2294 3159 tus
2327 3119 2362 3158 tt
2409 3103 2502 3158 lib.
2558 3120 2594 3159 tt
2629 3121 2641 3156 :
2677 3103 2849 3160 Maria
2887 3104 3033 3176 uirgo
3063 3104 3365 3178 incorrupta
3404 3103 3629 3174 concepit,
3664 3109 3749 3168 post

503 3199 610 3265 ῑίοι
657 3199 832 3268 ipsum
889 3193 1257 3250 semiarianos
1287 3189 1624 3258 “593335599
1658 3202 1781 3242 cum
1813 3195 1870 3241 ει
1897 3185 2096 3241 επευιο
2122 3197 2168 3260 C
2201 3207 2500 3267 conceptum
2540 3198 2682 3269 virgo
2711 3199 2925 3268 peperit,
2978 3207 3090 3269 post
3116 3208 3329 3265 partum
3347 3198 3482 3270 virgo
3499 3193 3748 3267 permansit.

505 3291 668 3347 tertio
699 3298 755 3344 et
781 3288 1068 3359 Origenes,
1100 3295 1155 3342 et
1183 3284 1240 3340 S.
1274 3283 1565 3354 Dionysius
1585 3281 1707 3336 'bac
1734 3279 1854 3335 labe
1883 3294 2103 3350 compe-

507 3384 715 3440 riantur
741 3381 948 3438 infecti.

572 3475 631 3531 S.
659 3476 947 3530 Doctorem
985 3480 1230 3528 nostrum
1274 3466 1626 3524 Photinianos
1672 3480 1782 3521 non
1808 3463 2101 3536 reprehen-

504 3569 654 3625 disse
674 3567 930 3623 'fractatu
961 3566 1013 3632 7,
1069 3565 1106 3619 Ι.
1151 3580 1211 3629 ιι,
1241 3563 1306 3619 iis
1351 3562 1402 3616 in
1442 3560 1623 3616 verbis
1672 3558 1838 3615 :Una
1884 3558 2101 3628 denique

499 3662 686 3716 asserit
753 3659 933 3715 Jesunt
988 3657 1253 3712 Christum
1328 3656 1391 3710 ab
1449 3664 1594 3709 utero
1635 3652 1864 3724 Virginis
1917 3650 2102 3706 Maria:

499 3755 782 3826 sumpsisse
836 3753 1166 3824 principium,
1217 3750 1478 3820 Deumque
1524 3749 1708 3803 exinde
1749 3747 1809 3802 ob
1847 3747 2102 3814 iustitiam

505 3854 702 3922 factum
725 3862 953 3901 essenon
983 3857 1175 3908 natum,
1204 3843 1698 3898 demonstravimus
1719 3854 1881 3910 supra
1923 3838 1943 3909 (
1965 3854 2012 3891 c.
2047 3839 2099 3903 1,

505 3942 534 4013 §
563 3941 656 3996 25.
685 3943 742 4010 ),
769 3939 858 3995 ubi
885 3946 940 3994 et
960 3936 1364 3992 adnotationem
1395 3933 1604 3988 tertiam
1637 3931 2015 4002 expendimus,
2047 3929 2100 3985 in

499 4049 607 4106 qua
656 4033 818 4088 iidem
858 4029 1045 4087 eximii
1099 4027 1465 4084 Adnotatores
1510 4023 1758 4096 Origenis
1797 4033 2002 4080 textum
2025 4022 2104 4078 al-

504 4126 708 4196 legant,
732 4141 840 4196 quo
865 4133 920 4179 et
946 4121 1152 4178 sacculo
1179 4120 1338 4176 tertio
1361 4119 1502 4174 hunc
1533 4117 1828 4173 invaluisse
1857 4132 2098 4172 errorem

504 4219 768 4290 probatur
809 4217 1048 4287 (Butler.
1082 4216 1135 4268 d.
1164 4213 1252 4268 Tr.
1305 4229 1401 4278 vn,
1434 4211 1470 4266 l.
1524 4228 1582 4278 ιι,
1625 4211 1802 4265 aduot.
1850 4211 1902 4277 ’5,
1949 4209 2096 4280 Orig.

506 4313 544 4366 l.
581 4310 731 4381 vm).
774 4308 1030 4363 Virtutum
1064 4323 1276 4362 suarum
1321 4305 1500 4359 nterito
1547 4305 1721 4357 anima
1750 4302 1944 4357 Christi
1984 4317 2100 4355 cum

513 4405 676 4461 Verbo
694 4403 792 4458 Dei
813 4419 970 4457 unum
985 4403 1230 4475 efﬁcitur.
1260 4400 1335 4454 lta
1357 4399 1616 4470 Origenes
1645 4397 1846 4454 ibidem
1875 4395 2096 4452 relatus.

571 4499 758 4567 Neque
799 4498 886 4552 illa
915 4497 1077 4552 verba
1120 4495 1406 4550 Tractatus
1429 4509 1480 4548 vt
1531 4493 1773 4562 ejusdem
1816 4491 1934 4546 libri
1963 4507 2056 4544 vnt
2081 4533 2095 4554 ,

2205 3292 2262 3347 1ιι
2295 3292 2376 3346 his
2405 3291 2651 3349 formulis
2676 3291 2898 3346 Mariam
2927 3303 3044 3346 ante
3071 3303 3302 3364 partum,
3327 3293 3385 3346 in
3417 3300 3574 3362 partit,
3602 3299 3641 3342 et
3664 3295 3750 3356 post

2207 3397 2408 3456 partum
2455 3386 2699 3457 virginem
2725 3385 2854 3451 dici,
2889 3385 3049 3442 iidem
3095 3386 3465 3441 Adnotatores
3508 3385 3680 3456 legunt.
3706 3380 3749 3436 In

2206 3481 2381 3552 primo
2406 3480 2576 3537 Textu
2607 3482 2665 3538 8.
2697 3481 2842 3536 Zeno
2863 3480 3226 3552 objectionem
3258 3481 3459 3536 refellit
3484 3496 3579 3534 non
3608 3479 3748 3534 haere-

2207 3575 2457 3639 ticorum,
2499 3575 2594 3631 sed
2635 3589 2846 3640 eorum,
2882 3574 2971 3646 qui
3016 3575 3249 3629 nubunt.
3303 3574 3362 3630 In
3391 3571 3614 3630 secundo
3651 3569 3753 3626 satis

2206 3670 2565 3740 eloquenter,
2615 3679 2671 3724 ut
2719 3669 2880 3735 solet,
2933 3669 3270 3740 singularem
3304 3669 3536 3740 Virginis
3586 3675 3749 3737 partum

2206 3762 2446 3817 oratorio
2473 3777 2623 3817 more
2639 3759 2922 3825 describit,
2957 3776 3128 3833 neque
3157 3761 3226 3816 de
3257 3762 3370 3816 ullo
3398 3775 3575 3815 errore
3599 3755 3752 3813 memi-

2206 3855 2316 3920 nit,
2351 3869 2458 3923 quo
2498 3855 2679 3910 Mariae
2723 3853 3002 3925 virginitas
3042 3853 3095 3908 in
3130 3852 3524 3908 dubitationem
3567 3849 3752 3905 adduce-

2207 3957 2377 4005 retur.
2410 3947 2564 4015 Quod
2595 3963 2722 4003 vero
2749 3962 2842 4004 eas
2870 3946 3128 4002 formulas
3170 3948 3401 4019 reperire
3429 3964 3526 4002 non
3563 3944 3686 3998 liceat
3715 3941 3754 3993 in

2205 4043 2478 4113 quopiam,
2528 4050 2802 4114 antequam
2838 4040 2902 4095 Β.
2959 4041 3143 4096 Marite
3179 4042 3449 4112 uirginitas
3483 4047 3647 4110 quarto
3681 4050 3753 4089 sa:-

2205 4135 2323 4189 culo
2344 4145 2745 4208 Oppugnaretur,
2769 4150 2899 4190 num
2923 4133 2974 4190 id
2992 4134 3163 4190 asseri
3191 4135 3389 4205 possit,
3412 4117 3529 4189 cum
3558 4146 3650 4186 non
3665 4143 3754 4183 aut.

2206 4228 2294 4282 nia
2325 4225 2421 4283 SS.
2447 4227 2667 4281 Patrum
2691 4240 2878 4297 opera,
2897 4241 3020 4297 quae
3040 4226 3242 4297 primo,
3279 4224 3516 4282 secundo
3563 4233 3610 4277 et
3631 4219 3754 4275 tertio

2203 4322 2404 4377 smculo
2432 4321 2575 4377 edita
2617 4329 2744 4376 sunt
2774 4319 3088 4387 habeamus,
3138 4321 3262 4376 aliis
3286 4317 3624 4391 judicandum
3663 4328 3755 4384 per-

2203 4412 2488 4468 mittimus.
2525 4412 2655 4467 Illud
2682 4428 2810 4467 vero
2835 4428 2932 4483 pro
2961 4420 3116 4468 certo
3150 4413 3448 4468 tenendum
3483 4419 3579 4472 est.
3615 4403 3755 4461 Maria:

2207 4503 2596 4575 virginitatem,
2626 4513 2682 4558 et
2726 4505 2902 4574 primo
2946 4504 3149 4559 saeculo
3176 4520 3205 4558 a
3236 4504 3501 4561 Cerintho
3529 4510 3577 4558 et
3595 4498 3757 4566 Carpo-

501 4606 700 4662 nempe
742 4592 786 4644 si
837 4591 1096 4645 hominem
1129 4587 1332 4653 solum,
1371 4587 1521 4640 sicuti
1559 4585 1770 4656 quidam
1814 4593 1994 4654 putant
2035 4585 2098 4637 ab

2205 4616 2291 4655 cra
2321 4600 2641 4667 traductam,
2658 4600 2890 4671 aliisque
2907 4599 3204 4667 haereticis,
3228 4601 3321 4671 qui
3339 4597 3603 4654 Christum
3615 4590 3756 4648 Domi-

499 4699 647 4742 utero
679 4685 906 4756 Virginis
942 4700 1052 4739 eum
1074 4683 1349 4754 sumpsisse
1366 4681 2096 4753 principium,qurespes,elc.

499 4781 858 4840 Photinianos
881 4777 1184 4848 designant.
1233 4773 1554 4844 Coujectura
1583 4774 1780 4844 quippe
1806 4772 1894 4826 illa
1922 4787 1990 4829 ex
2019 4769 2102 4825 his

497 4874 686 4932 verbis
710 4881 928 4941 accepta
955 4887 969 4923 :
1005 4869 1152 4923 Sicut
1179 4867 1386 4938 quidam
1435 4875 1637 4936 putant,
1679 4864 1828 4937 quasi
1857 4865 1993 4918 hunc
2021 4880 2102 4916 er-

497 4987 670 5026 rorem
691 4983 832 5036 teque
861 4983 923 5020 ac
951 4964 1203 5018 Arianum
1229 4969 1528 5031 prementem
1554 4960 1800 5021 indicent,
1850 4969 1906 5013 ttt
1932 4959 2098 5013 iidem

499 5061 867 5118 Adnotatores
933 5055 1453 5111 animadverterunt.
1515 5050 1820 5106 Photiniani
1869 5051 2098 5104 omnium

498 5153 786 5217 nouissimi,
811 5166 936 5218 quos
973 5149 1072 5220 ipsi
1108 5147 1290 5201 Ariani
1333 5145 1761 5208 condemnarunt,
1804 5144 1899 5198 ltoc
1926 5145 2036 5198 loco
2067 5161 2098 5196 a

502 5246 567 5303 S.
585 5244 792 5300 Zenone
823 5241 1054 5295 indicare
1069 5239 1301 5293 videntur
1319 5253 1384 5292 ex
1411 5254 1468 5291 ea
1494 5238 1776 5305 prtesertim
1799 5235 2096 5306 formula...

499 5354 560 5399 ut
585 5339 801 5412 quidam
834 5343 1097 5408 putant...
1128 5333 1201 5388 nil
1227 5332 1438 5402 probat.
1481 5329 1612 5384 Nam
1646 5330 1864 5398 ipsimct
1887 5327 2098 5384 erudite

499 5433 792 5492 admodum
819 5429 1009 5485 eadem
1039 5425 1391 5482 adnotatione
1424 5422 1581 5478 tertia
1611 5438 1638 5475 a
1667 5420 1915 5493 pluribus
1957 5419 2098 5474 anti-

495 5527 774 5599 quioribus
813 5521 1083 5577 limreticis
1113 5517 1365 5574 eumdem
1400 5529 1641 5571 errorem
1682 5513 2092 5568 disseminatum

496 5619 666 5676 fuisse
696 5625 920 5682 notant;
957 5623 1034 5672 tot
1062 5628 1194 5669 vero
1241 5612 1383 5666 inter
1411 5608 1700 5674 ltrereticos
1742 5605 2094 5661 Photinianos

497 5721 703 5766 tantum
729 5711 1040 5766 discernere
1061 5707 1181 5778 quis
1207 5703 1448 5761 audeat?
1493 5701 1798 5757 Praesertim
1845 5715 2000 5768 cum,
2041 5709 2095 5755 et

497 5803 566 5861 de
595 5804 842 5876 Origenis
872 5800 1226 5874 temporibus,
1255 5812 1319 5856 ac
1344 5795 1592 5866 Sabellii,
1624 5803 1679 5854 et
1708 5791 1865 5855 Pauli
1893 5791 2085 5852 Samo-

2205 4710 2331 4750 num
2355 4709 2419 4750 ex
2475 4703 2704 4766 utroque
2749 4709 2884 4750 sexu
2929 4703 3113 4749 natum
3140 4682 3758 4766 obloquebantur.'l‘ertio

2204 4797 2383 4842 autem
2412 4788 2632 4852 saeculo,
2657 4787 3025 4842 Tertullianus
3046 4786 3116 4842 de
3145 4787 3461 4858 virginitate
3483 4783 3644 4840 Mariae
3665 4785 3758 4848 post

2207 4887 2416 4950 partum
2445 4894 2724 4949 perperam
2749 4879 2937 4935 sensit.
2966 4877 3033 4932 Et
3059 4877 3325 4933 Christum
3353 4874 3569 4951 (inquit)
3592 4869 3761 4944 quidem

2212 4973 2371 5046 Virgo
2398 4975 2552 5028 enixa
2569 4984 2660 5041 est,
2687 4973 2842 5028 semel
2866 4983 3091 5040 nuptura
3114 4982 3230 5042 post
3255 4981 3487 5043 partum,
3516 4979 3568 5023 ut
3589 4975 3762 5030 uterque

2205 5069 2388 5124 titulus
2417 5069 2704 5123 sanctitatis
2751 5070 2806 5122 in
2839 5064 3028 5122 Christi
3078 5083 3237 5121 censu
3289 5066 3668 5136 dispungeretttr
3691 5068 3759 5127 per

2206 5160 2432 5216 Matrem
2475 5162 2743 5234 virginem,
2791 5170 2840 5216 et
2869 5161 3143 5215 univiram.
3191 5158 3460 5230 Origenes
3503 5158 3651 5212 etiam
3685 5161 3760 5203 sua

2202 5262 2360 5308 aetate
2390 5252 2572 5308 Mariae
2599 5253 2964 5324 virginitatem
3007 5251 3311 5320 impetitam
3351 5257 3603 5311 testatur,
3630 5253 3759 5315 quem

2200 5359 2444 5401 errorem
2473 5343 2776 5414 redarguit:
2795 5342 2864 5398 In
2890 5353 3084 5399 tantam
3113 5344 3312 5414 quippe
3339 5340 3512 5396 nescio
3537 5339 3642 5406 quis
3664 5345 3762 5401 pro.

2200 5438 2340 5509 rupit
2377 5438 2656 5502 insaniant,
2691 5447 2744 5490 ut
2781 5446 3028 5492 assereret
3056 5447 3292 5508 negatam
3333 5435 3492 5506 fuisse
3516 5429 3714 5485 Mar-iatn
3735 5439 3762 5475 ιι

2203 5530 2496 5597 Saluatore,
2528 5548 2586 5585 eo
2614 5531 2753 5602 quod
2779 5541 2894 5600 post
2923 5532 3237 5586 nativitatem
3264 5530 3414 5585 illius
3431 5531 3611 5601 juncta
3633 5517 3762 5592 fuerit

2197 5623 2416 5694 Ioseph.
2450 5625 2773 5682 Tertulliani
2795 5627 3165 5682 testimonium
3188 5624 3253 5680 ad
3288 5623 3475 5680 Maria:
3517 5615 3759 5690 virginita-

2199 5729 2307 5775 tem
2336 5719 2754 5792 impugnandam
2780 5719 3079 5776 adducebat
3123 5718 3433 5781 Helvidius;
3463 5716 3546 5770 cui
3581 5704 3762 5779 reponit

2196 5814 2256 5872 8.
2285 5813 2649 5886 Hieronymus
2681 5832 2693 5868 ι
2724 5812 3108 5873 Tertulliuuum
3143 5815 3198 5873 in
3243 5812 3585 5870 testiinonium
3607 5809 3759 5867 vocat,
