3902 6324
130 299 213 359 689
1492 303 1725 363 DlSSEll

1833 305 1966 363 ΊΊΟ.
3286 312 3394 372 690

129 434 163 477 et
188 419 428 477 Victorini
444 416 790 477 Pictaviensis
832 421 1061 494 episcopi
1083 422 1232 477 verba
1260 420 1523 494 proponit.
1545 421 1614 477 Et
1636 422 1702 478 de
1728 426 1780 486 Α
1803 420 2099 479 mandavit.
2120 421 2312 480 Plures
2332 439 2463 495 ergo
2481 434 2607 483 ante
2627 425 3043 485 Constantinum
3065 426 3401 486 Diocletiano

130 512 425 568 Tertulliano
449 512 654 583 quidem
686 513 818 568 nihil
859 514 1082 583 amplius
1108 515 1244 579 dico,
1272 530 1424 586 quam
1457 512 1701 570 Ecclesia:
1803 515 2158 587 posteriorem
2176 533 2206 572 a
2222 515 2548 574 Christianis
2567 503 2899 577 conatructre
2926 520 3401 579 luerantecclesize

130 608 356 661 hominem
396 624 498 660 non
536 608 762 679 fuisse...
800 606 989 662 Verum
1019 625 1186 681 nugas
1212 609 1443 675 terimus,
1486 618 1534 665 et
1561 613 1701 679 fonte
1801 608 2052 679 publica},
2083 617 2140 666 et
2168 609 2384 679 quidem
2415 612 2627 683 amplae.

129 699 324 754 veritatis
344 699 532 754 omisso
545 699 803 771 opinionis
822 699 1014 755 rivulos
1035 710 1407 756 consectamur.
1434 698 1702 773 Numquid
1873 700 2250 773 Antiquiorem
2295 703 2627 774 publicarum
2654 707 3007 765 ecclesiarum
3062 710 3203 766 inter
3244 707 3404 765 Chri-

130 810 212 848 ηοω
256 808 465 865 possum
513 793 601 847 tibi
650 802 807 848 totam
868 804 1094 849 veterum
1145 792 1474 864 Scriptorum
1520 796 1702 850 seriem
1802 794 2011 852 stianos
2052 793 2464 853 aediﬁcationem
2492 800 2647 870 ponit
2674 798 3058 857 Tillemontius
3080 801 3403 859 auctoritate

127 901 412 942 commovere
433 928 450 952 ,
485 884 1158 960 lgnatium,Polgcnrpum,
1212 886 1493 953 Irenteum,
1524 885 1700 943 Justi-
1802 886 2055 959 Origeuis
2083 888 2301 956 ductus,
2322 890 2411 960 qui
2435 890 2750 950 combustae
2782 894 3042 951 ecclesias
3068 908 3403 951 commemo~

128 995 231 1034 nam
249 985 529 1050 martyrem
559 977 849 1050 multosque
867 980 998 1033 alios
1027 980 1357 1052 apostolicos,
1390 988 1436 1033 et
1462 980 1704 1049 eloquen-
1802 988 1909 1048 rat,
1935 979 2079 1051 quod
2112 982 2164 1036 in
2188 981 2569 1052 persecutione
2606 984 2821 1041 Maximi
2850 986 3046 1043 factum
3072 989 3236 1044 variis
3274 1002 3409 1045 con-

129 1083 189 1128 tes
210 1075 354 1139 siros,
378 1072 468 1144 qui
495 1072 741 1128 adversus
771 1071 1074 1139 Hebionem,
1106 1082 1152 1127 et
1173 1071 1494 1128 Theodotum
1518 1071 1702 1127 Biaan-
1799 1076 2025 1146 jecturis
2050 1087 2454 1148 argumentatur
2475 1078 2709 1151 (Tillem.
2733 1079 2827 1136 Tr.
2851 1082 2908 1146 3,
2928 1081 3078 1139 Mors.
3111 1082 3313 1139 Eccles.
3340 1083 3406 1139 de

131 1168 269 1220 tinum
311 1166 419 1221 haec
461 1164 642 1221 eadem
671 1167 944 1221 sentientes
972 1166 1127 1237 plena
1156 1167 1420 1236 sapientia:
1446 1166 1705 1220 volumina
1804 1180 2057 1239 persecat.
2093 1168 2340 1238 Alexim,
2366 1170 2483 1226 Art.
2514 1170 2592 1242 6).
2629 1172 2699 1228 Et
2735 1174 3027 1237 Alexandri
3057 1176 3404 1247 imperatoris

130 1261 519 1330 conscripserunt
548 1257 714 1315 ?Non
746 1273 887 1314 uitus
922 1260 1105 1328 itaque
1132 1258 1188 1314 S.
1212 1257 1361 1314 Zeno
1383 1258 1567 1313 Mariae
1590 1266 1705 1313 tue-
1807 1272 2051 1334 tempore
2070 1260 2396 1320 Christianis
2427 1266 2753 1335 permissum
2787 1268 3046 1324 ecclesias
3086 1277 3405 1326 construere

132 1365 201 1409 tur
226 1352 623 1424 virginitatem,
659 1354 704 1408 si
733 1363 787 1407 et
811 1351 999 1422 primis
1030 1352 1289 1407 Ecclesia:
1333 1352 1545 1407 sacculis
1575 1360 1703 1409 ante
1807 1354 2037 1425 prohat:
2069 1353 2185 1427 ipse
2229 1370 2462 1428 namque
2502 1357 2799 1428 imperator
2838 1358 3149 1416 Alexander
3186 1358 3408 1416 Christo

130 1450 283 1521 ipsum
313 1447 591 1505 Zenonem
629 1455 713 1503 tot
742 1446 927 1503 Patres
961 1445 1288 1518 virginitatis
1318 1446 1499 1502 Mariae
1523 1460 1704 1503 asser~
1804 1448 2065 1520 templum
2097 1460 2416 1507 construere
2445 1452 2722 1523 cogitavit,
2762 1450 3193 1525 Christianisque
3221 1455 3402 1510 locum

131 1554 255 1598 tores
273 1543 340 1597 ab
361 1541 700 1614 Hieronymo
726 1540 1118 1612 producuntur.
1144 1538 1331 1611 Neque
1359 1546 1551 1611 quarto
1582 1547 1702 1594 lan-
1806 1544 2095 1616 quemdam
2128 1544 2423 1615 publicum,
2446 1561 2605 1617 quem
2636 1546 2741 1603 sibi
2780 1546 3078 1616 adjudicari
3128 1548 3400 1620 popinarii

131 1644 227 1689 tum
272 1632 480 1689 saeculo
525 1633 811 1705 virginitas
850 1633 1032 1687 Maria:
1060 1631 1241 1703 impiis
1267 1632 1441 1703 patuit
1487 1630 1705 1687 ha-reti-
1805 1637 2227 1703 contendebant,
2279 1641 2553 1696 concessi;
2608 1648 2746 1697 ιθειθ
2800 1639 3155 1711 Lampridio,
3205 1641 3404 1697 melius

128 1741 293 1782 corum
319 1724 633 1782 calumniis.
659 1724 802 1781 Nihil
835 1739 966 1795 ergo
985 1725 1260 1780 convincit
1281 1719 1511 1779 adducta
1537 1723 1700 1793 ratio,
1806 1747 1929 1789 esse
1957 1733 2178 1801 dicens,
2221 1744 2279 1789 ut
2316 1734 2822 1808 quomodocumque
2851 1736 2962 1793 illic
3011 1737 3155 1793 Deus
3199 1736 3406 1793 colere.

133 1832 174 1875 ut
197 1823 311 1892 quis
356 1829 527 1891 putet,
571 1821 630 1876 8.
668 1819 939 1875 Zenonem
980 1818 1306 1889 redarguere
1340 1817 1577 1873 voluisse
1600 1817 1705 1872 Eu-

1833 1846 1895 1886 ur
1922 1846 2082 1901 quam
2110 1830 2231 1887 dari
2269 1831 2601 1903 popinariis;
2631 1832 2814 1904 ibique
2852 1831 3195 1889 Christianos
3236 1832 3411 1888 eccle-

131 1917 343 1972 nomium
370 1958 383 1981 ,
415 1916 506 1987 qui
556 1914 779 1970 Mariam
824 1930 858 1968 a
899 1913 1131 1985 Josepho
1172 1922 1284 1985 post
1334 1910 1510 1966 Divini
1553 1910 1704 1966 Verbi

131 2022 310 2081 portum
360 2011 620 2082 cognitam
664 2025 758 2081 pro
799 2009 1043 2063 concione
1083 2006 1385 2079 afﬁrmavit.
1419 2007 1595 2072 Quare
1637 2019 1705 2061 ex

128 2105 292 2160 eadem
326 2103 541 2159 ratione
569 2116 599 2157 a
633 2103 796 2158 tertio
834 2101 1036 2165 smculo
1067 2114 1174 2155 non
1199 2107 1285 2155 est
1309 2096 1664 2169 expellendus
1687 2139 1703 2161 ,

129 2198 235 2268 quin
279 2198 516 2254 velimus
556 2195 624 2251 ad
672 2206 926 2267 quartum
977 2194 1240 2250 saeculum
1287 2192 1605 2255 amandare,
1653 2199 1710 2248 et

128 2292 374 2364 lgnatium
404 2300 720 2365 martyrem,
752 2299 808 2345 et
835 2289 1219 2362 Polycarpum,
1249 2294 1307 2343 et
1326 2285 1592 2342 lrenmum
1615 2299 1711 2355 pa-

131 2387 245 2442 riter
262 2397 588 2459 martyrem,
618 2385 855 2457 aliosque
880 2381 1191 2453 apostolicos
1211 2424 1226 2448 ,
1250 2381 1542 2453 eloquentes
1573 2380 1710 2435 viros

127 2482 200 2551 qui
224 2481 469 2535 adversus
502 2478 808 2544 Ilebionem,
836 2488 883 2532 et
921 2474 1243 2531 Theodotum
1262 2473 1599 2529 Bizantinum
1620 2516 1635 2541 ,
1664 2483 1712 2530 et

136 2574 450 2631 Valentinum
477 2574 587 2629 haec
606 2573 784 2628 eadem
797 2575 1068 2628 sentientes
1093 2572 1243 2644 plura
1271 2571 1422 2642 plena
1444 2571 1715 2643 sapientia:

130 2672 375 2726 columina
402 2671 837 2742 conscripserunt.

129 2808 236 2879 §ll.
269 2809 549 2864 Tractatus
585 2824 677 2865 xlv
731 2808 823 2864 lib.
874 2824 931 2875 ι,
971 2807 1243 2863 occasione
1282 2822 1427 2862 nocte
1469 2804 1718 2863 Ecclesia

195 2903 413 2958 Veronae
452 2911 762 2959 constructa
797 2918 830 2956 a
871 2900 944 2958 ι).
968 2899 1178 2957 Zenone
1227 2900 1450 2965 habitus,
1477 2908 1717 2969 quartum

191 2997 444 3053 stzculum
469 3012 573 3052 non
601 2996 816 3051 indicat.

192 3131 375 3189 Tribus
401 3132 585 3203 primis
622 3129 1087 3216 Ecclesitesteculis
1114 3128 1417 3200 quibusdam
1438 3129 1720 3196 privatisin

1810 1925 1947 1979 siam
1978 1923 2278 1980 aediﬁcasse
2300 1932 2452 1980 recte
2479 1924 2732 1995 opinatur
2758 1925 3051 1981 cardinalis
3069 1924 3240 1982 Bona.
3272 1924 3409 1994 Quia

1808 2026 1863 2073 et
1895 2017 2269 2086 apostolorum
2296 2026 2458 2073 aetate
2487 2018 2732 2088 publicas
2762 2017 2931 2075 fuisse
2958 2017 3286 2077 Christianis
3325 2035 3415 2076 ec-

1808 2112 2003 2168 clesias
2051 2127 2119 2169 ex
2178 2113 2239 2168 D.
2291 2111 2503 2168 Joanne
2550 2112 2941 2186 Cbrysostomo
2990 2121 3241 2179 constat;
3296 2113 3416 2184 ipse

1810 2221 2043 2277 namque
2070 2206 2376 2264 Antiochia:
2406 2206 2698 2264 ecclesiam
2728 2207 2798 2263 ab
2825 2206 2956 2276 ipsis
2989 2205 3254 2278 apostolis
3294 2206 3417 2262 lun-

1811 2300 1990 2356 datam
2015 2301 2180 2358 luisse
2205 2302 2357 2368 dicit,
2386 2316 2550 2372 quam
2576 2316 2641 2359 ea
2671 2300 2741 2357 de
2763 2315 2927 2357 causa
2956 2300 3200 2357 omnium
3240 2300 3419 2356 eccle-

1812 2393 2016 2449 siarum
2043 2403 2271 2450 matrem
2295 2394 2567 2465 appellat;
2600 2393 2716 2464 ipsa
2745 2391 2948 2463 pluries
2968 2392 3147 2448 diruta
3197 2407 3417 2464 semper

1814 2486 2141 2544 retedilicata
2188 2487 2308 2544 luit.
2355 2487 2413 2544 S.
2447 2502 2663 2559 quoque
2692 2486 3024 2558 Augustinus
3066 2494 3319 2552 testatur,
3354 2486 3414 2542 S.

1816 2581 2081 2651 Stephani
2117 2580 2445 2651 cappellam,
2469 2595 2589 2655 quae
2613 2580 2730 2636 suis
2749 2579 3085 2650 temporibus
3107 2579 3418 2650 conspicie-

1762 2731 1768 2737 ,
1816 2674 1976 2729 batur
2002 2688 2035 2728 a
2067 2672 2405 2743 temporibus
2433 2671 2827 2744 apostolorum,
2868 2669 2943 2725 ibi
2974 2668 3317 2726 aediﬁcatam.
3347 2669 3418 2726 Et

1816 2764 2005 2820 Romm
2032 2763 2320 2820 ecclesiam
2348 2764 2406 2820 S.
2433 2762 2582 2820 Petri
2605 2762 2674 2818 ad
2698 2760 2918 2817 Vincula
2942 2760 3011 2817 ab
3041 2761 3162 2831 ipso
3183 2759 3420 2817 S.Petro

1817 2864 2196 2913 consecratam
2212 2897 2227 2923 ,
2261 2856 2643 2913 vetustissimis
2664 2852 3034 2910 monumentis
3060 2853 3257 2924 probat
3279 2853 3417 2910 emi-

1819 2947 2171 3004 nentissimus
2204 2948 2662 3006 Bona.Ecclesias
2683 2960 2897 3018 quoque
2926 2944 3224 3002 aediﬁcatus
3250 2945 3419 3002 fuisse

1820 3040 1873 3097 in
1907 3040 2062 3105 locis,
2096 3041 2185 3097 ubi
2216 3040 2275 3097 S.
2318 3040 2511 3098 Petrus
2536 3082 2552 3106 ,
2585 3054 2649 3096 ac
2685 3038 2744 3095 8.
2776 3036 2974 3094 Paulus
3012 3039 3243 3109 apostoli
3272 3054 3420 3094 mar-

1823 3132 1962 3205 tyrio
1989 3131 2167 3188 allecti
2193 3142 2342 3200 sunt,
2387 3148 2455 3188 ex
2481 3134 2714 3205 quodam
2743 3136 2873 3193 Caio
2896 3134 3071 3193 refert
3095 3131 3380 3189 Eusebius.

129 3224 244 3280 locis
269 3241 450 3281 sacros
476 3234 635 3281 caelus
663 3223 946 3279 habuerunt
993 3222 1012 3296 (
1037 3219 1374 3292 Christiani)
1405 3240 1528 3294 quos
1553 3224 1718 3279 eccle-
1747 3218 1793 3283 C
1894 3227 2036 3282 Ante
2061 3226 2201 3282 Decii
2234 3228 2688 3297 persecutionem,
2716 3229 2897 3285 aiente
2921 3228 2980 3285 8.
3013 3223 3277 3297 Gregorio
3301 3222 3424 3279 Nis-

128 3319 240 3383 sias,
267 3319 550 3386 vocabant,
580 3334 739 3374 novas
767 3325 954 3385 tamen,
988 3315 1317 3387 publicasque
1343 3317 1397 3370 in
1424 3331 1537 3369 eum
1572 3332 1721 3369 usum

129 3411 252 3465 cdes
276 3411 547 3482 aediﬁcare
568 3410 674 3465 illis
692 3426 799 3466 non
820 3410 983 3465 licuit.
1013 3408 1198 3466 Solum
1219 3425 1310 3480 per
1330 3407 1721 3464 Constantinum

129 3504 499 3576 imperatorem,
533 3504 622 3577 qui
641 3502 847 3559 Christo
867 3519 1052 3557 nomen
1083 3502 1251 3567 dedit,
1284 3500 1608 3575 publicarum
1640 3516 1723 3555 ec-

128 3599 386 3654 clesiarum
420 3596 884 3653 constrttendarum
904 3595 1126 3668 facultas
1147 3604 1333 3667 quarto
1373 3595 1595 3666 primum
1621 3609 1721 3648 sa:-

129 3692 233 3747 culo
265 3694 411 3762 facta
453 3692 554 3765 fuit
585 3709 605 3748 :
634 3708 694 3746 ac
732 3690 947 3762 proinde
974 3700 1232 3746 auctorem
1269 3690 1333 3746 de
1362 3705 1493 3744 nova
1520 3687 1724 3758 publica

130 3785 355 3843 Ecclesia
400 3764 506 3842 tam
540 3788 805 3859 wplorate
839 3786 1179 3841 disserentem
1227 3794 1343 3840 ante
1379 3783 1435 3838 id
1480 3764 1724 3839 steculum

126 3881 305 3936 risisse
333 3896 613 3953 perperam
648 3880 863 3936 dixeris.
904 3878 982 3932 Ita
1019 3878 1226 3933 domini
1261 3874 1554 3932 Ballerinii.
1590 3873 1726 3930 Huic

129 3981 296 4029 tamen
332 3986 448 4029 tam
492 3973 737 4042 prmciszn
786 3971 1112 4035 assertioni,
1145 3968 1481 4026 Christianos
1520 3966 1728 4022 scilicet

126 4075 243 4123 ante
268 4066 693 4123 Constantinum
736 4063 982 4136 publicas
1014 4079 1121 4119 non
1153 4062 1405 4118 habuisse
1440 4059 1724 4126 ecclesias,

126 4160 415 4218 manifesto
442 4169 710 4233 repugnat
738 4157 1124 4215 Ecclesiastica
1166 4155 1416 4210 his'oria.

190 4251 381 4309 Tertio
420 4267 659 4323 namque
706 4251 905 4307 smculo
950 4249 1192 4321 publicas
1248 4248 1667 4318 capacioresque
1698 4261 1727 4301 a

124 4342 452 4401 Christianis
482 4355 759 4400 extructas
787 4342 952 4399 luisse
979 4341 1266 4405 ecclesias,
1301 4349 1531 4396 testatur
1559 4340 1728 4395 Euse-

124 4439 235 4495 bius
264 4442 284 4513 (
314 4441 469 4496 Hist.
501 4439 669 4506 Eccl.,
700 4438 788 4495 lib.
816 4454 931 4503 vm,
967 4456 1014 4492 c.
1048 4436 1141 4509 1);
1175 4434 1452 4502 Similiter,
1481 4445 1531 4491 et
1558 4435 1734 4508 singu-

124 4532 183 4586 lis
207 4536 557 4589 ecclesiarum
589 4533 900 4587 antistitibus
943 4546 1194 4586 summum
1216 4531 1493 4592 honorem,
1536 4527 1731 4581 cultant

1823 3334 1979 3386 seno,
2007 3319 2206 3390 ubique
2235 3335 2263 3374 a
2288 3318 2614 3377 Christianis
2642 3322 2842 3393 templa
2882 3321 3134 3386 excitata,
3167 3326 3223 3374 et
3251 3317 3427 3373 idolo-

1823 3428 1942 3468 rum
1996 3412 2113 3467 lana
2163 3413 2331 3469 fuisse
2385 3413 2600 3484 diruta,
2648 3422 2812 3486 atque
2857 3428 3049 3471 eversa
3088 3410 3424 3481 comperilur

1826 3504 2005 3580 (Greg.
2043 3505 2255 3561 Nissen.
2286 3508 2341 3562 in
2371 3505 2488 3563 Vita
2512 3506 2576 3563 S.
2596 3507 2814 3581 Gregor.
2851 3506 3134 3577 Thasum):
3161 3504 3291 3561 Cum
3307 3507 3425 3577 jam

1824 3600 1877 3654 in
1908 3616 2083 3655 omnes
2109 3610 2282 3670 partes
2309 3601 2472 3658 diuini
2504 3601 2662 3657 Verbi
2687 3601 2991 3674 praedicatio
3032 3600 3300 3671 diuulgata
3344 3614 3425 3653 es-

1826 3701 1921 3757 set,
1968 3702 2015 3747 et
2066 3710 2240 3748 omnes
2288 3704 2394 3749 tam
2442 3695 2532 3763 qui
2547 3690 2738 3750 'urbem
2783 3695 3108 3761 habitarent,
3148 3708 3305 3760 quam
3339 3692 3429 3763 qui

1827 3803 2009 3858 agrum
2035 3788 2258 3843 vicinum
2288 3789 2571 3844 incolerent
2604 3788 2675 3844 ad
2696 3790 2840 3861 piam
2859 3788 3108 3844 doctrina:
3136 3785 3292 3855 [idem
3317 3792 3428 3839 tra-

1829 3879 1974 3934 ducti
2001 3884 2187 3947 essent,
2214 3880 2484 3947 altaribus,
2516 3890 2669 3951 atque
2696 3880 2955 3947 delubris,
3002 3894 3118 3951 quin
3152 3876 3282 3933 inibi
3316 3876 3432 3930 ine-

1829 3984 1947 4028 rant
1971 3974 2261 4029 simulacris
2287 3976 2544 4030 eversis...
2567 4014 2583 4038 ,
2615 3975 2854 4030 omnibus
2893 3976 3014 4030 item
3055 3974 3110 4029 in
3148 3971 3288 4027 omni
3317 3970 3430 4024 loco

1831 4067 2018 4138 templa
2045 4065 2115 4119 ad
2141 4067 2396 4121 orandum
2442 4068 2534 4122 sub
2578 4068 2783 4122 nomine
2823 4065 3015 4123 Christi
3044 4064 3278 4120 studiose
3313 4077 3432 4117 exs-

1834 4156 2139 4221 truentibus,
2171 4160 2318 4230 {uror
2341 4158 2586 4229 quidam,
2633 4170 2788 4231 atque
2830 4156 3028 4213 invidia
3056 4154 3245 4211 inuasit
3270 4168 3386 4209 eum
3408 4190 3430 4220 ,

1833 4249 1921 4320 qui
1952 4258 2073 4305 tunc
2095 4259 2314 4318 praeerat
2338 4250 2558 4323 imperio
2582 4249 2961 4309 Romanorum.

1908 4343 2033 4399 Hmc
2054 4358 2082 4397 a
2108 4343 2458 4399 Tillemontio
2492 4343 2850 4413 colliguntur;
2897 4351 2955 4399 at
2994 4357 3104 4401 non
3133 4354 3302 4412 pauca
3333 4338 3435 4394 du-

1834 4436 2072 4492 bitanter
2100 4436 2313 4493 videtur
2351 4436 2567 4492 all‘erre.
2610 4436 2744 4491 Nam
2774 4435 2840 4491 ad
2885 4450 2973 4501 ea,
3017 4450 3140 4506 quae
3165 4449 3232 4489 ex
3260 4430 3437 4488 cardi-

1837 4529 1945 4585 nali
1970 4528 2117 4584 Bona
2144 4527 2333 4597 refert,
2366 4545 2471 4583 non
2499 4528 2602 4585 sibi
2623 4543 2819 4585 vacare
2846 4527 2975 4584 dicit
3003 4527 3093 4583 illa
3110 4524 3178 4605 ad
3204 4538 3434 4581 examen

124 4643 181 4679 ac
198 4627 616 4682 benevolentiam
658 4627 721 4680 ab
753 4627 990 4680 omnibus
1019 4635 1121 4679 tam
1144 4624 1357 4696 privatis
1376 4665 1390 4689 ,
1422 4637 1577 4690 quam
1615 4637 1735 4691 pro-
1759 4622 1812 4683 D
1838 4628 2119 4689 revocare,
2138 4630 2196 4677 ut
2225 4620 2523 4690 diiudicare
2546 4620 2744 4686 valeat,
2773 4619 2900 4692 quid
2926 4620 2996 4674 sit
3018 4619 3086 4675 de
3108 4618 3175 4674 iis
3198 4618 3442 4674 sentien-

124 4721 411 4777 rinciarnm
460 4720 747 4775 rectoribus
787 4720 978 4791 deferri
1015 4718 1247 4773 uidisses.
1310 4715 1432 4770 Jam
1469 4731 1585 4770 vero
1623 4716 1735 4785 quis

125 4814 568 4870 innumerabilem
594 4813 862 4867 hominum
883 4811 1080 4882 quaties
1109 4809 1177 4863 ad
1207 4808 1363 4880 ﬁdem
1390 4806 1737 4863 Christianam

125 4911 529 4982 confugentium
562 4906 783 4973 turbam,
832 4906 948 4977 quis
990 4917 1261 4959 numerum
1308 4900 1639 4957 ecclesiarum
1685 4901 1738 4954 in

125 5004 343 5072 singulis
384 5003 605 5058 urbibus
628 5044 643 5068 ,
674 5001 930 5072 spatiosas
972 5000 1035 5054 ab
1084 4998 1216 5067 ipsis
1258 4994 1606 5069 fundamentis
1649 5010 1737 5049 ea:-

127 5107 354 5156 trtterent
381 5098 650 5154 ecclesias.
699 5097 861 5167 Atque
904 5095 1014 5150 lucc
1044 5107 1315 5164 progressu
1363 5087 1608 5158 temporis
1644 5087 1735 5175 in-

126 5194 436 5255 crescentia,
470 5200 518 5245 et
547 5188 773 5259 quotidie
809 5189 862 5242 in
886 5190 1075 5262 majus,
1107 5196 1154 5239 et
1186 5183 1367 5238 melius
1396 5180 1741 5254 proﬁcientia,

128 5303 216 5341 nec
239 5287 382 5342 livor
414 5285 563 5340 ullus
590 5292 843 5347 atterere,
874 5298 965 5336 nec
995 5280 1293 5350 malignitas
1311 5276 1559 5332 damtonis
1590 5275 1747 5347 fasci-

129 5397 269 5446 nare,
303 5395 407 5435 nec
441 5378 711 5432 hominum
752 5375 955 5429 insidia:
982 5373 1253 5446 prohibere
1299 5386 1542 5440 umquam
1570 5380 1749 5442 potue-

131 5484 299 5545 runt,
355 5472 617 5544 quamdiu
683 5468 1045 5539 omnipotentis
1094 5465 1186 5521 Dei
1240 5466 1448 5520 dextera
1501 5462 1748 5536 pupulum

128 5584 303 5635 suum,
335 5575 529 5635 utpote
558 5563 652 5618 tali
676 5562 891 5634 dignum
928 5558 1174 5632 prwsidio
1211 5558 1354 5625 teazit,
1399 5567 1549 5627 atque
1575 5562 1747 5607 custo-

134 5664 285 5719 dirit.
326 5660 471 5717 Hmc
501 5654 763 5712 Eusebius
792 5655 860 5709 de
899 5652 1156 5708 Ecclesiae
1200 5657 1343 5704 statu
1387 5660 1511 5704 ante
1540 5647 1751 5701 Diocle-

1838 4714 1987 4769 dum.
2019 4713 2097 4770 De
2128 4715 2413 4785 triumphis
2440 4724 2640 4781 autem,
2675 4729 2810 4783 quos
2840 4712 3108 4770 Eusebius
3151 4709 3264 4768 Caii
3313 4721 3443 4764 auc-

1840 4809 2058 4863 toritate
2085 4816 2300 4863 erectus
2322 4806 2484 4875 dicit,
2518 4808 2607 4862 ubi
2638 4807 2956 4879 martyrium
3013 4804 3114 4863 SS.
3150 4803 3344 4859 Petrus
3385 4807 3443 4855 et

1841 4898 2039 4955 Paulus
2094 4897 2237 4968 passi
2269 4906 2417 4964 sunt,
2456 4896 2733 4969 probabile
2762 4896 3145 4953 Tillemontius
3189 4899 3342 4962 putat
3368 4887 3439 4944 ad

1842 5001 2141 5048 conventus
2173 4992 2236 5046 ha
2248 4991 2452 5048 bendos
2481 4992 2596 5047 loca
2624 5008 2654 5046 a
2688 4988 3012 5046 Christianis
3043 4987 3244 5044 ibidem
3268 4984 3443 5041 destio

1845 5095 1968 5140 nata
2001 5103 2014 5138 :
2042 5086 2416 5140 auctoritatem
2450 5083 2843 5155 veroGregorii
2868 5081 3215 5155 Nisseni,qui
3246 5079 3447 5149 ubique

1846 5180 1899 5235 in
1929 5179 2128 5236 Christi
2154 5179 2416 5236 honorem
2449 5180 2645 5249 templa
2669 5193 2699 5233 a
2720 5176 3045 5233 Christianis
3073 5186 3256 5233 erecta
3279 5183 3449 5228 teSta-

1849 5282 1935 5328 tur
1958 5273 2055 5327 bac
2073 5269 2683 5334 restrictioueadmittit,
2705 5269 2751 5326 si
2764 5269 2831 5324 ad
2848 5269 3082 5324 litteram
3097 5268 3446 5339 intelligatur.

1925 5367 1968 5420 A
1996 5364 2231 5420 Barouio
2245 5374 2425 5421 autem
2454 5362 2732 5431 dissentit,
2751 5363 2839 5434 qui
2866 5361 3189 5433 pontiﬁcalis
3206 5358 3447 5425 Damasi,

1855 5467 1915 5515 ut
1946 5469 2309 5528 nuncupatur,
2338 5458 2688 5523 auctoritate;
2716 5455 2984 5513 Calixtum
3018 5468 3286 5508 summum
3310 5467 3449 5521 pon-

1863 5553 2060 5610 tilicem
2119 5552 2402 5608 ecclesiam
2463 5550 2514 5607 in
2571 5550 2833 5606 honorem
2889 5547 3216 5603 beatissimae
3269 5543 3452 5600 Mariae

1857 5643 2099 5715 Virginis
2149 5652 2298 5700 trans
2351 5642 2591 5699 Tiberim
2635 5641 2823 5696 Romae
2885 5638 3079 5694 asserit
3131 5635 3452 5692 aediﬁcasse.

130 5758 264 5812 tiaui
319 5750 816 5827 persecutionem:
874 5746 1017 5818 quod
1072 5758 1126 5801 et
1179 5745 1531 5801 continuatur
1584 5743 1754 5812 ipsius
1857 5736 2096 5794 Barouio
2136 5736 2253 5793 haec
2283 5736 2500 5806 objicit;
2534 5745 2733 5789 tantam
2763 5748 2877 5787 rem
2928 5730 3059 5827 solis
3103 5729 3456 5827 coniecturis,

140 5812 338 5907 Edictd
362 5840 720 5903 Diocletiani,
743 5852 853 5911 quo
875 5812 1308 5896 Christianorum
1336 5836 1595 5892 ecclesias
1618 5831 1757 5889 dirtii
1863 5838 1926 5888 ac
1965 5838 2072 5887 tam
2105 5829 2249 5900 parii
2297 5826 2559 5885 molliculi
2612 5814 2977 5891 auctoritate,
3025 5820 3086 5879 ut
3139 5812 3463 5913 pontiﬁcalis
