3902 6324
503 372 602 428 691

1627 363 1717 420 DE
1770 357 2018 418 SANCTI
2055 357 2349 416 ZENONIS
2390 357 2661 417 EPOCHA

3648 365 3724 421 (illi

505 488 718 546 Damasi
750 495 861 553 est;
909 493 1018 556 quo
1049 483 1100 537 in
1133 482 1272 538 lihro
1316 480 1452 536 falsa
1482 522 1495 542 ,
1553 489 1713 550 atque
1759 479 1963 533 incerta
1996 489 2102 530 non
2131 475 2184 537 Α
2283 475 2505 530 Constat
2533 475 2695 545 igitur
2723 489 2789 531 ex
2817 473 2901 530 his
2930 492 3047 548 qu;t:
3071 472 3327 530 hactenus
3346 473 3661 531 disseruimus
3680 476 3728 534 ah

505 595 675 653 pauca
713 578 1060 646 reperiuntur
1087 573 1396 630 conllrmari
1427 585 1533 626 non
1560 586 1744 642 posse.
1793 569 1833 624 l.
1869 569 1925 624 ln
1964 569 2108 624 Pon-

505 673 689 730 tiﬁcali
718 670 935 746 Damasi
960 684 991 723 a
1015 667 1281 724 Bollando
1311 665 1483 730 edito,
1518 664 1605 719 ubi
1635 661 1952 734 pontiﬁcum
1983 660 2108 716 vitae

503 779 676 836 usque
708 765 774 818 ad
805 751 1041 818 Felicem
1070 759 1139 814 lV
1187 759 1526 830 digeruntur,
1555 756 1670 813 hare
1692 757 1917 811 minime
1952 770 2109 826 repe-

502 857 621 913 riri.
659 853 1096 910 Dubitationibus
1136 851 1303 922 igitur
1327 848 1665 905 Tillemontii
1692 846 1942 915 omissis,
1990 861 2110 918 qua:

499 951 763 1009 cardinali
793 951 979 1013 Bonae,
1011 947 1247 1003 Eusebio
1271 988 1285 1012 ,
1313 960 1376 1001 ac
1402 945 1665 1016 Gregorio
1695 942 1926 998 Nisseno
1951 957 2110 1013 agge-

502 1046 575 1103 rit
638 1043 787 1099 nulla
835 1041 1237 1097 dubitationum
1291 1053 1512 1092 suarum
1569 1035 1801 1090 adducta
1855 1035 2107 1100 ratione,

500 1154 624 1212 quas
644 1147 837 1194 contra
860 1135 1122 1190 Ecclesiae
1138 1131 1552 1188 aedificationem
1571 1145 1597 1183 a
1616 1127 1826 1184 Calixto
1849 1136 2000 1183 trans
2019 1127 2113 1183 Ti-

499 1232 676 1289 berim
706 1229 894 1284 Romae
921 1228 1116 1282 laetam
1145 1225 1368 1295 obiecit,
1389 1223 1651 1280 attentius
1679 1220 2108 1276 consideremus.

578 1326 656 1380 De
704 1320 1040 1385 Pontiﬁeali,
1093 1330 1151 1374 ut
1190 1318 1518 1389 perhibent,
1581 1316 1835 1383 Damasi,
1884 1314 2111 1387 ejusque

499 1417 826 1474 auctoritate
870 1415 1016 1469 varia
1061 1421 1146 1468 est
1172 1411 1499 1467 Tillemontii
1549 1409 1852 1474 sententia;
1902 1407 1956 1464 id
2013 1411 2112 1467 ob—

505 1517 687 1566 servat
717 1507 1027 1563 Honoratus
1050 1518 1078 1557 a
1101 1501 1161 1558 S.
1190 1501 1380 1570 Maria,
1404 1501 1488 1557 vir
1507 1501 1577 1558 de
1603 1517 1665 1557 re
1694 1499 1884 1556 critica
1908 1501 2112 1572 optime

506 1603 754 1666 meritus,
787 1597 1223 1665 Carmelitarnm,
1271 1611 1409 1667 quos
1434 1594 1779 1651 excalceatus
1811 1595 2108 1666 appellant,

501 1695 772 1750 alumnus.
811 1691 1194 1747 Tillemontius
1223 1688 1492 1760 siquidem
1518 1703 1642 1743 cum
1659 1687 1990 1744 Pontiﬁcalis
2018 1702 2111 1742 au-

498 1789 751 1844 ctoritate
781 1786 1024 1857 indiget,
1073 1799 1200 1841 suas
1230 1783 1297 1838 ad
1324 1781 1686 1837 adstruendas
1716 1783 2002 1851 opiniones
2049 1781 2114 1836 il-

501 1882 595 1938 lud
621 1880 1002 1943 commendat;
1035 1877 1082 1933 si
1124 1890 1256 1932 vero
1294 1876 1618 1931 adversetur
1670 1877 1900 1945 spernit.
1959 1873 2002 1928 Τ
2004 1875 2114 1929 illc-
2147 1880 2195 1940 B

503 1975 726 2030 intentius
794 1973 895 2046 (ita
945 1969 1192 2027 laudatus
1239 1968 1456 2039 auctor)
1512 1967 1698 2023 Indice
1748 1970 1845 2023 hoc
1886 1969 1954 2022 ad
1982 1969 2116 2023 diem

507 2071 676 2125 obitus
701 2066 1057 2140 apostolorum
1083 2064 1504 2120 constituendum
1535 2079 1667 2134 opus
1695 2063 1884 2117 habens
1907 2104 1920 2127 ,
1966 2063 2119 2117 illum

509 2182 615 2222 non
639 2165 750 2218 sine
776 2163 931 2218 (aride
970 2163 1223 2214 nominat.
1252 2157 1362 2218 Sed
1393 2173 1515 2213 cum
1551 2157 1696 2212 idem
1742 2158 1812 2212 ab
1853 2157 1970 2228 ejus
1999 2159 2118 2228 cpi,

511 2260 676 2316 nione
721 2256 994 2312 dissentiat
1024 2255 1089 2307 dc
1129 2268 1266 2306 anno
1313 2252 1482 2306 exitus
1525 2251 1882 2321 apostolorum
1906 2292 1920 2315 ,
1973 2266 2122 2319 quem

510 2349 876 2406 Tillemontius
922 2349 976 2401 in
1021 2361 1214 2400 annum
1239 2343 1313 2400 66
1333 2383 1349 2410 ,
1381 2342 1670 2398 Bttchcrius
1712 2345 1767 2397 in
1791 2360 1986 2398 annum
2010 2342 2080 2399 65
2104 2387 2118 2410 ,

513 2445 757 2500 incidisse
796 2441 1028 2497 tradunt.
1070 2449 1284 2505 tum...,
1351 2453 1543 2509 parum
1601 2436 1770 2493 refert
1817 2436 2120 2508 (subiicit)

515 2537 645 2609 quid
677 2536 842 2591 Index
871 2534 960 2590 hic
986 2541 1188 2600 narret,
1223 2539 1429 2588 tenere.
1465 2528 1637 2584 Totus
1662 2529 1806 2584 enim
1840 2529 1893 2583 in
1937 2543 2125 2585 errore

517 2632 586 2686 ad
633 2630 896 2687 Atherum
926 2641 1097 2700 usque
1137 2635 1486 2691 versatur...,
1535 2622 1795 2678 Baronius
1826 2623 1982 2695 hujus
2009 2619 2124 2674 Da-

525 2725 657 2779 masi
686 2721 1016 2793 Pontiﬁcalis
1040 2722 1349 2775 auctoritate
1373 2720 1684 2788 conﬁrmare
1710 2721 1890 2775 nititur
1910 2760 1926 2785 ,
1949 2717 2123 2775 Catia:-

525 2834 637 2880 tum
684 2817 980 2890 pontiﬁcem
1028 2815 1188 2871 tedam
1229 2813 1405 2871 Beata:
1453 2814 1655 2890 Virgini
1724 2827 1865 2872 trans
1900 2814 2127 2872 Tiberim

524 2919 922 2976 construendum
950 2933 1178 2973 curasse.
1229 2917 1293 2970 At
1333 2914 1692 2970 Tillemontius
1730 2914 1950 2978 ueritus,
1983 2927 2048 2966 ne
2072 2911 2130 2965 id

533 3016 798 3071 sententia:
825 3031 934 3069 suo:
962 3013 1026 3069 de
1055 3012 1227 3067 Maria
1259 3011 1470 3084 Virgine
1502 3010 1695 3080 Ephesi
1721 3010 2006 3082 quiescente
2041 3007 2128 3062 tle-

525 3110 766 3165 trimento
792 3117 946 3174 esset,
994 3111 1142 3181 cujus
1165 3122 1268 3160 non
1300 3102 1460 3159 levius
1487 3113 1874 3158 monumentum
1903 3112 2010 3171 est,
2060 3100 2130 3154 ibi

526 3206 686 3275 fuisse
714 3202 959 3272 templum
989 3199 1233 3273 Deiparaa
1264 3207 1614 3255 consecratum
1641 3242 1654 3264 ,
1687 3200 1827 3271 quod
1854 3217 2013 3253 unum
2040 3217 2130 3273 per

2207 586 2325 625 mvo
2355 570 2748 641 apostolorum,
2801 585 2865 626 ac
2899 570 3139 626 secundo
3176 567 3414 625 ecclesia:
3451 571 3638 638 smculo,
3667 590 3732 643 po-

2210 663 2478 720 tissimum
2536 680 2665 719 vero
2717 665 2875 720 tertio
2915 663 3186 736 publicas,
3245 677 3308 718 ac
3359 661 3629 734 frequentes
3659 667 3730 722 lia-

2210 755 2392 813 buisse
2424 756 2760 812 Christianos
2798 756 3076 821 ecclesias,
3123 753 3386 826 praecipue
3402 771 3519 813 vero
3547 757 3731 814 Alexan-

2209 848 2310 904 dro
2341 864 2402 904 ac
2448 847 2716 922 Philippis
2757 850 3171 922 imperantibus.
3213 849 3270 905 S.
3304 849 3472 921 itaque
3516 850 3733 914 Zenonem

2211 944 2499 1000 occasione
2539 960 2693 999 novae
2721 953 3049 1000 constructae
3095 944 3337 1000 ecclesia:
3371 959 3640 1004 sermunem
3666 945 3736 1000 ha-

2213 1041 2430 1096 bentem
2458 1083 2471 1108 ,
2525 1051 2776 1113 quartum
2817 1041 3074 1097 smculum
3113 1040 3358 1112 attigisse
3385 1040 3585 1094 minime
3615 1055 3734 1111 repu-

2215 1133 2436 1189 tandnm
2493 1145 2620 1198 est,
2682 1149 2803 1189 cum
2856 1132 3212 1200 ecclesiarum
3274 1131 3661 1190 constructiones
3693 1148 3738 1187 ea

2213 1239 2406 1298 aetate,
2444 1245 2547 1302 qua
2587 1229 2894 1286 Veronensi
2935 1226 3200 1288 Ecclesia:
3249 1236 3504 1298 prmerat,
3535 1225 3682 1300 plures
3701 1226 3739 1282 in

2211 1321 2593 1378 Ecclesiastica
2637 1321 2869 1377 historia
2911 1330 3319 1377 recenseantur.

2286 1458 2450 1515 Multa
2467 1466 2766 1522 congerunt
2780 1459 2987 1514 Domini
3005 1459 3304 1526 Balleriuii,
3319 1466 3371 1514 et
3382 1473 3569 1514 summa
3581 1459 3742 1530 quidem

2215 1554 2525 1610 eruditione
2578 1555 2632 1608 in
2682 1554 2975 1609 Baronium
2995 1595 3008 1617 ,
3035 1555 3314 1610 Perettum
3340 1565 3395 1613 et
3420 1555 3681 1626 Bagattam,
3705 1565 3746 1611 ut

2217 1647 2503 1703 ecclesiam
2565 1648 2796 1706 Veronae
2843 1648 3163 1703 aedificatam
3194 1648 3257 1703 D.
3293 1648 3514 1704 Zenonis
3559 1659 3746 1720 tempore

2217 1740 2491 1811 publicam
2545 1740 2737 1806 fuisse,
2791 1740 3168 1798 demonstrent
3221 1741 3319 1814 (ά.
3352 1741 3612 1809 Dissert.t,
3652 1743 3744 1804 αἳ,

2224 1833 2274 1906 §.
2306 1835 2336 1889 4
2363 1845 2414 1888 et
2447 1834 2528 1904 5).
2557 1833 2667 1889 Nos
2691 1835 2802 1905 jam
2845 1846 2897 1889 et
2927 1836 2980 1889 in
3012 1835 3266 1890 universa
3313 1834 3539 1890 Ecclesia
3566 1834 3748 1904 publicas

2223 1942 2284 1983 ac
2300 1927 2614 1998 frequentes
2637 1914 3342 1986 fuisse'demonstravimus.
3367 1931 3432 1984 At
3456 1943 3549 1984 non
3573 1937 3672 1998 post
3694 1929 3745 1982 ia-

2224 2022 2481 2077 cultatem
2524 2038 2551 2075 a
2603 2022 2958 2078 Constantino
2999 2021 3331 2093 imperatore
3375 2020 3655 2076 Christianis
3683 2021 3749 2074 da-

2225 2123 2334 2170 tam
2372 2115 2634 2172 ecclesias
2681 2114 3018 2182 aedilicandi,
3067 2127 3123 2171 ut
3162 2117 3267 2188 ipsi
3322 2115 3650 2178 contendunt,
3683 2115 3750 2168 sed

2225 2217 2280 2265 et
2312 2210 2476 2265 tertio
2506 2209 2868 2279 potissimmm
2898 2210 3101 2265 saeculo
3126 2226 3140 2275 ;
3184 2225 3354 2281 quare
3391 2225 3453 2264 ex
3483 2209 3664 2280 publica
3691 2222 3751 2263 ec-

2225 2303 2392 2359 clesia
2436 2304 2506 2359 de
2534 2318 2638 2374 qua
2670 2305 2908 2374 loquitur
2952 2304 3010 2361 S.
3042 2303 3188 2360 Zeno
3236 2304 3420 2362 inferri
3463 2320 3557 2360 non
3592 2313 3749 2376 potest,

2226 2407 2419 2468 quarto
2433 2397 2630 2454 saeculo
2647 2412 2956 2453 sermonem
2985 2396 3129 2454 hunc
3143 2398 3204 2454 S.
3237 2396 3520 2454 Praesulem
3541 2395 3750 2451 habuisse.

2301 2536 2502 2594 Contra
2541 2539 2833 2598 Baronium
2864 2548 3046 2594 autem
3095 2550 3322 2612 agentes
3354 2540 3505 2600 iidem
3531 2539 3754 2598 clarissimi

2229 2633 2333 2688 viri
2375 2649 2494 2689 eam
2537 2634 2879 2705 putissimum
2930 2633 3199 2689 rationem
3260 2644 3487 2708 urgent,
3534 2633 3754 2692 Baronium

2232 2729 2440 2786 scilicet
2466 2745 2533 2784 ex
2577 2729 2661 2784 his
2712 2728 2771 2784 S.
2805 2728 3042 2786 Zenonis
3083 2730 3430 2786 verbiszAut
3475 2729 3670 2793 nullum,
3696 2737 3756 2781 aut

2241 2839 2515 2896 perrarum
2561 2832 2638 2878 est
2665 2839 2755 2893 per
2783 2839 2983 2876 omnem
3010 2822 3308 2878 Ecclesium
3353 2823 3443 2877 Dei
3468 2824 3676 2877 orationis
3692 2819 3759 2872 loci

2238 2921 2544 2988 membrum,
2575 2920 2720 2990 quod
2751 2921 2911 2991 possit
2935 2922 3116 2992 quavis
3141 2922 3299 2975 ruina
3342 2922 3395 2975 in
3425 2935 3474 2974 se
3496 2917 3760 2991 mergentibus

2234 3013 2546 3068 idolotatrire
2570 3013 2765 3068 aedibus
2799 3030 2934 3066 nunc
2973 3031 3130 3084 usque
3155 3014 3477 3082 aliquatenus
3504 3009 3754 3082 comparari,

2235 3107 2520 3176 collegisse
2547 3106 2604 3162 S.
2631 3106 2907 3162 Zenonem
2935 3104 3096 3176 hujus
3135 3107 3411 3174 sermonis
3433 3115 3660 3164 auctorem
3679 3111 3760 3153 ante

2236 3199 2560 3256 Constantini
2587 3211 2817 3271 tempora
2849 3200 3096 3256 claruisse
3116 3241 3133 3268 ,
3165 3201 3361 3274 quippe
3391 3199 3518 3271 quod
3544 3201 3671 3271 hujus
3692 3196 3761 3248 iut-

525 3314 586 3352 ea
613 3305 843 3369 tempora
870 3296 1036 3366 ipsius
1057 3309 1242 3349 nomen
1272 3308 1380 3364 pra:
1403 3309 1458 3347 se
1487 3295 1680 3360 ferret:
1708 3291 1810 3346 hoc
1843 3301 1997 3362 pacto
2028 3290 2124 3345 ka-
2154 3282 2200 3345 C
2237 3297 2490 3367 peratoris
2521 3311 2698 3366 Opera,
2731 3292 2910 3352 Romae
2956 3294 3242 3365 pi'azsertiiri
3274 3292 3625 3366 augustissima:
3653 3286 3760 3342 Bas-tl

526 3389 756 3447 lendarii
789 3388 949 3459 hujus
977 3387 1172 3457 accipit
1204 3386 1572 3442 testimonium
1602 3400 1688 3440 res
1713 3393 1890 3448 tanta,
1925 3386 2129 3442 minnta

527 3486 662 3540 adeo
689 3485 1044 3548 auctoritate,
1080 3482 1256 3556 qualis
1300 3487 1384 3536 est
1427 3479 1762 3536 Pontiﬁcalis
1806 3479 2127 3547 Damasi...,

527 3577 848 3642 auctoritas,
879 3574 1053 3630 fulciri
1078 3590 1184 3628 non
1213 3571 1396 3629 debet.

599 3667 971 3724 Pontlllcalem
1019 3665 1215 3722 librum
1266 3682 1374 3721 non
1423 3667 1560 3721 adeo
1610 3674 1992 3735 contempsere
2033 3665 2133 3719 viri

534 3762 712 3831 magni
740 3761 791 3814 in
826 3760 1087 3814 litteraria
1130 3759 1409 3830 republica
1439 3759 1700 3824 nominis,
1745 3740 2129 3825 Blanchinius:

529 3866 692 3926 atque
721 3853 1131 3920 Schelstratius,
1175 3861 1235 3910 ut
1261 3855 1514 3926 antiquos
1541 3855 1818 3922 omittam;
1857 3866 2021 3926 atque
2067 3871 2133 3910 ex

531 3949 886 4006 heterodoxis
918 3949 1049 4020 ipsis
1072 3963 1180 4004 non
1219 3963 1439 4020 paucos,
1473 3964 1610 4018 quos
1651 3949 1793 4005 inter
1823 3949 2136 4006 Blondellus

532 4045 730 4102 merito
760 4040 1169 4107 numerandus;
1203 4040 1298 4096 sed
1329 4041 1474 4113 quod
1502 4052 1712 4112 spectat
1741 4042 1808 4096 ad
1848 4044 2135 4098 ecclesiam

533 4138 592 4194 S.
617 4137 798 4192 Mariae
830 4145 978 4190 trans
1025 4133 1268 4190 Tiberim
1301 4134 1486 4189 Romae
1515 4149 1543 4187 a
1576 4133 1784 4189 Calixto
1810 4135 1866 4192 S.
1903 4133 1965 4191 Ρ.
1997 4145 2137 4190 tern-

536 4245 673 4309 pore
721 4227 1013 4285 Alexandri
1065 4227 1414 4298 imperatoris
1453 4237 1822 4286 constructam
1853 4270 1868 4296 ,
1917 4227 2138 4301 conjec-

537 4333 677 4379 turae
706 4337 897 4378 omnes
923 4319 1197 4377 historiam
1237 4321 1395 4392 hujus
1420 4322 1744 4393 pontiﬁcalis
1772 4322 2138 4380 narrationem

536 4417 884 4474 conﬁrmant.
936 4415 1157 4472 Summa
1211 4413 1434 4470 libertas
1478 4416 1546 4470 ab
1575 4414 1767 4471 eodem
1813 4415 2142 4486 imperatore

537 4509 862 4568 Christianis
891 4523 1152 4565 concessa
1175 4508 1319 4564 circa
1346 4508 1626 4582 religionis
1643 4507 2142 4580 exercitium,quod

538 4614 596 4662 et
642 4603 1024 4660 Tillemontius
1059 4603 1176 4676 ipse
1215 4601 1434 4659 fatetur.
1478 4604 1654 4660 Locus
1700 4611 1853 4659 trans
1900 4602 2141 4660 Tiberim

2238 3390 2350 3444 lira:
2399 3399 2580 3444 erecta:
2621 3394 2848 3461 fuerunt.
2912 3387 3120 3457 Optime
3169 3389 3380 3460 quidem
3409 3385 3761 3459 (prosequuntur

2236 3482 2335 3554 ipsi
2363 3481 2444 3553 )si
2471 3482 2674 3542 nullum
2708 3490 2914 3538 tantum
2943 3482 3202 3536 orationis
3229 3481 3430 3546 locum,
3455 3478 3760 3536 cuntidolarum

2238 3576 2434 3632 wdibns
2485 3577 2776 3648 comparari
2815 3593 2965 3648 posse
2993 3585 3170 3634 auctor
3225 3578 3534 3649 aﬂirmasset,
3562 3589 3645 3629 non
3679 3586 3760 3626 vita

2237 3688 2355 3726 cum
2409 3672 2491 3727 vel
2523 3687 2838 3743 perrarum,
2869 3671 3072 3732 addidit
3101 3687 3119 3726 :
3147 3670 3272 3726 hinc
3315 3673 3449 3730 enim
3482 3671 3673 3739 aliquam
3695 3665 3761 3720 ali-

2240 3764 2357 3819 cubi
2413 3764 2702 3824 Ecclesium
2758 3765 3288 3838 magniﬁcentissimis
3337 3765 3573 3820 idolorum
3615 3760 3761 3830 lmplli

2239 3874 2559 3929 nequaquam
2591 3856 2770 3913 cedere
2801 3859 2925 3912 satis
2972 3858 3239 3930 intelligit.
3293 3861 3359 3918 At
3391 3855 3514 3914 illud
3553 3851 3761 3926 praecipit

2241 3949 2715 4006 animadversione
2749 3949 2800 4006 in
2832 3949 2936 4005 hoc
2960 3961 3043 4005 est
3073 3950 3475 4012 observandum
3500 3944 3642 4022 (qttod
3672 3941 3764 4013 ipsi-

2243 4053 2356 4099 met
2382 4041 2668 4116 adnotant)
2700 4044 2867 4098 verba
2904 4042 2993 4098 illa
3022 4045 3198 4114 quavis
3228 4045 3383 4100 ruina
3407 4043 3460 4096 in
3486 4057 3534 4106 se
3566 4035 3765 4109 mergent-

2245 4137 2336 4191 bus
2365 4135 2675 4190 idolotatria:
2693 4133 2892 4191 aedibus
2917 4136 3380 4206 comparationem
3402 4133 3650 4194 instituere
3665 4128 3765 4182 inter

2241 4229 2668 4286 Christianorum
2718 4228 3018 4298 ecclesias,
3068 4238 3124 4285 et
3164 4227 3436 4286 idolorum
3486 4223 3656 4296 templa
3689 4233 3764 4274 non

2246 4323 2477 4395 integra,
2510 4319 2606 4378 sed
2636 4322 2809 4378 ruinis
2852 4320 3034 4378 diruta
3058 4362 3074 4388 ,
3107 4321 3180 4376 ita
3226 4331 3286 4376 ut
3329 4320 3572 4377 Ecclesiae
3598 4328 3682 4371 non
3705 4326 3766 4366 es-

2245 4427 2368 4474 sent
2406 4416 2821 4487 comparandae,
2867 4433 2930 4472 ne
2960 4418 3084 4474 dum
3126 4433 3244 4472 cum
3295 4417 3532 4472 stantibus
3574 4410 3766 4466 idolorum

2247 4512 2470 4586 templis,
2496 4511 2584 4568 sed
2603 4528 2666 4568 ne
2697 4525 2812 4570 cum
2842 4511 3065 4566 ruinosis
3103 4510 3315 4580 quidem
3339 4525 3359 4566 :
3384 4510 3480 4567 hoc
3506 4521 3614 4564 vero
3649 4513 3765 4558 sensu

2247 4607 2369 4678 quis
2396 4621 2503 4664 non
2531 4605 2714 4671 dicat,
2763 4620 2864 4660 nos
2900 4606 2953 4660 in
2996 4605 3178 4677 scirpo
3220 4605 3424 4662 nodum
3469 4613 3701 4675 querere.
3735 4591 3766 4646 si

539 4699 607 4756 ad
636 4699 756 4771 ipso
796 4697 1106 4754 Alexandro
1147 4700 1478 4770 imperatore
1507 4698 1829 4755 Christianis
1878 4713 2142 4754 concesso
2169 4683 2222 4746 D
2249 4699 2483 4756 Baronio
2533 4711 2948 4754 succenseamus
2979 4740 2995 4766 ,
3052 4699 3144 4770 qui
3203 4699 3325 4754 Ιιωο
3369 4697 3519 4754 verba
3569 4687 3764 4760 tempori-

538 4808 605 4848 ex
640 4789 935 4861 Lampridii
969 4791 1299 4856 testimonio,
1340 4799 1398 4845 ut
1427 4791 1625 4847 ibidem
1658 4791 1755 4847 Dei
1783 4792 1960 4847 cultus
1986 4807 2144 4848 exer-

541 4896 776 4946 ceretur.
807 4885 970 4941 Certe
1004 4884 1136 4940 nulli
1176 4886 1268 4940 alii
1307 4886 1425 4941 usui
1455 4901 1576 4942 esse
1605 4896 1815 4957 poterat
1849 4885 2002 4942 locus
2031 4887 2141 4955 ille,

544 4983 646 5036 nisi
677 4979 743 5034 ad
776 4975 1049 5050 publicam
1081 4965 1370 5032 ecclesiam
1409 4977 1783 5033 aediﬁcandam
1811 4994 1825 5044 ;
1857 4978 1904 5033 si
1944 4977 2142 5034 etenim

547 5075 773 5148 privatis
821 5070 1181 5126 conventibus
1220 5069 1390 5124 Deum
1437 5070 1619 5126 colere
1646 5070 1945 5130 voluissent
1983 5069 2144 5126 Chri-

545 5163 730 5230 stiani,
778 5162 912 5234 ipsis
959 5170 1016 5218 ut
1046 5171 1194 5218 recte
1244 5160 1478 5217 advertit
1535 5162 1818 5230 Baronius,
1878 5165 2149 5236 complura

546 5257 746 5329 privata
776 5255 890 5310 loca
930 5257 996 5309 ad
1025 5253 1080 5308 id
1109 5271 1236 5326 Opus
1265 5254 1440 5308 deesse
1465 5270 1566 5308 non
1607 5255 1908 5324 potuissent.
1940 5255 2021 5309 Ad
2053 5270 2150 5325 pu-

547 5352 749 5407 l)licam
779 5349 960 5420 itaque
997 5345 1350 5403 extruendum
1387 5346 1674 5403 ecclesiam
1695 5347 1870 5403 locum
1894 5347 1997 5406 sibi
2027 5365 2152 5403 con-

549 5444 669 5500 cedi
711 5443 1010 5514 petierunt,
1062 5447 1120 5495 ut
1161 5438 1236 5495 ibi
1273 5439 1614 5511 potissimum
1656 5437 1900 5512 Deiparae
1946 5439 2152 5513 Virgini

552 5535 838 5592 ecclesiam
870 5535 1204 5604 excitarent,
1251 5535 1484 5608 ubi_olei
1523 5535 1646 5592 fons
1672 5535 1738 5591 ad
1763 5544 1973 5609 partum
2003 5540 2150 5608 ejus-

553 5633 678 5690 dem
706 5630 1098 5704 designandum
1128 5629 1389 5694 divinitus
1421 5640 1686 5694 manarat.
1729 5630 1847 5696 Non
1879 5632 2022 5694 enim
2047 5648 2149 5703 po—

555 5733 736 5778 terant
755 5727 808 5782 in
835 5740 902 5779 eo
929 5725 1050 5781 loco
1089 5726 1456 5781 cremeterium
1486 5736 1762 5793 extruere,
1786 5739 1908 5786 cum
1930 5740 1998 5782 ex
2019 5725 2155 5780 duo-

559 5811 735 5868 decim
756 5813 1084 5872 Tabularum
1105 5818 1423 5892 praescripto
1441 5815 1633 5875 Romae
1655 5825 1899 5888 mortuos
1923 5817 2156 5894 sepelire

559 5909 784 5967 vetitum
807 5921 972 5968 esset.

2252 4794 2353 4850 bus
2404 4800 2532 4848 ante
2558 4791 2980 4848 Constantinum
3023 4792 3320 4849 convenire
3369 4791 3486 4862 jure
3522 4804 3578 4844 ac
3623 4782 3766 4840 merito

2254 4893 2424 4956 putat.
2454 4883 2588 4940 Nam
2621 4885 2664 4942 si
2716 4893 2838 4955 post
2859 4885 3196 4942 Consmntini
3249 4895 3486 4956 tempora
3531 4876 3767 4948 scripsisset

2254 4978 2422 5048 Zeno,
2477 4993 2657 5038 nonne
2709 4978 2811 5043 hac
2862 4979 3151 5036 occasione
3203 4977 3531 5040 Constantini
3574 4975 3765 5044 pietatem

2255 5072 2621 5139 celebrasset,
2678 5070 2771 5142 qui
2834 5070 3100 5144 dejectam
3149 5070 3348 5127 Christi
3401 5068 3678 5140 religionem
3715 5063 3767 5112 ιυι

2252 5165 2599 5236 amplissimis
2654 5164 2869 5235 templis
2914 5164 3231 5222 decoravit?
3284 5165 3349 5222 Et
3394 5181 3494 5236 qno
3520 5169 3653 5234 pasto
3685 5156 3768 5207 sine

2253 5259 2473 5318 invidiae
2508 5271 2632 5320 nata
2680 5258 2943 5330 potuisset
2971 5257 3030 5318 S.
3089 5259 3327 5318 Antistes
3379 5250 3669 5314 Veronensis
3707 5260 3768 5300 as-

2253 5367 2459 5418 serere,
2512 5351 2772 5408 ecclesias
2827 5349 3259 5412 Christianorum
3314 5361 3433 5424 post
3479 5349 3706 5405 dilatatam
3746 5351 3767 5388 I

2255 5445 2613 5508 Constantino
2641 5444 2988 5520 religionem,
3019 5462 3090 5502 ne
3135 5447 3367 5502 ruinosis
3388 5443 3586 5516 quidem
3606 5445 3767 5504 ωηιξη·

2251 5539 2451 5596 randas
2477 5554 2602 5598 esse
2635 5539 2906 5600 idolorum
2933 5540 3194 5611 templis?
3235 5540 3415 5610 Neque
3440 5531 3674 5594 alluciuatt'
3698 5527 3768 5586 Pe'

2253 5642 2451 5699 rettus,
2504 5641 2560 5688 et
2613 5631 2835 5705 Bagatta
2879 5633 3099 5703 dicendi
3129 5641 3275 5701 sunt,
3306 5633 3483 5703 quies
3513 5629 3564 5685 S.
3591 5615 3768 5682 Zenonas

2256 5725 2560 5783 assertione
2593 5743 2608 5782 :
2646 5724 2787 5781 Tunc
2817 5742 2918 5782 non
2947 5727 3107 5799 fuisse
3143 5728 3258 5797 jam
3302 5724 3482 5795 teutpla
3522 5714 3769 5793 (collidiicua

2255 5820 2467 5880 scilicet
2495 5821 2743 5895 aulilicia)
2777 5822 3086 5884 Christianis
3115 5831 3403 5882 constructa
3427 5813 3608 5890 opinati
3641 5814 3767 5869 sunt.

2271 5920 2463 5978 eadem
2509 5919 2719 5978 ratione
2762 5934 2868 5992 qua
2911 5920 2971 5979 S.
3024 5919 3173 5980 Zeno
3217 5933 3316 5980 suo
3341 5932 3453 5975 aevo
3474 5908 3692 5975 ecclesias
3723 5911 3770 5954 ne
