3902 6324
170 365 267 421 695

1591 362 2070 429 DISSERTATIO.

3365 373 3472 432 094

163 495 275 535 cum
327 477 526 536 dirutis
563 478 784 553 quidem
835 476 1107 535 idolorum
1159 476 1375 551 templis
1402 475 1761 535 conferendas
1788 478 1839 541 Α
1865 476 2132 549 Gentiles,
2165 479 2365 554 quibus
2394 482 2554 541 tertio
2592 484 2793 543 saeculo
2826 476 3081 551 extruere
3108 486 3310 560 templa
3338 488 3470 547 libe-

162 590 276 635 esse
304 573 616 633 afllrmavit.

228 669 505 727 Adnotant
548 671 769 741 insuper
806 666 1014 731 domini
1060 665 1339 723 Ballerinii
1375 667 1540 725 verba
1577 666 1673 725 illa
1698 667 1757 725 S.

161 762 391 820 Zenonis
419 805 435 829 ,
472 761 670 832 Quauis
711 760 867 816 ruina
892 761 948 816 in
985 777 1040 816 se
1067 759 1415 837 mergentibus
1448 759 1761 819 idololatriae

160 858 374 924 adibus,
427 874 535 913 non
580 856 900 928 accipienda
930 871 1053 913 esse
1081 853 1151 913 de
1181 857 1359 922 ruina,
1411 873 1566 926 quam
1593 857 1757 929 impe-

158 961 354 1008 ratores
388 949 586 1025 legibus
631 950 874 1017 intulere,
917 967 1032 1005 cum
1076 949 1337 1005 idolorum
1369 950 1564 1019 templa
1602 949 1762 1005 deleri

152 1050 416 1123 jusserunt
464 1045 567 1117 (ά.
625 1043 762 1122 tida.
796 1042 870 1116 5)
900 1062 913 1099 :
942 1045 1031 1101 cui
1064 1043 1399 1101 aduotationi
1451 1044 1627 1100 libens
1674 1059 1763 1100 as-

159 1138 387 1198 sentior.
424 1137 497 1195 At
521 1136 668 1209 quod
704 1136 1061 1210 intelligenda
1094 1138 1197 1193 sint
1243 1137 1359 1205 illa,
1390 1154 1545 1209 quam
1571 1137 1763 1193 credent

158 1232 289 1289 ades
340 1231 520 1303 quouis
559 1246 705 1298 casu,
754 1238 845 1285 aut
878 1239 1127 1286 vetustate
1174 1245 1398 1285 corrosa:
1428 1228 1762 1284 minabantur

158 1326 391 1383 alienum
436 1341 467 1381 a
491 1334 674 1385 mente
716 1322 777 1383 S.
807 1323 1047 1382 Zenonis
1075 1333 1225 1397 puto.
1255 1324 1442 1381 Potius
1476 1325 1632 1383 ruina
1669 1326 1761 1381 illa

158 1419 384 1477 indicari
399 1418 617 1475 videtur
642 1416 872 1491 Philippi
891 1418 1235 1491 imperatoris
1257 1428 1526 1490 tempore,
1544 1419 1762 1491 quando

157 1514 332 1571 fuerat
397 1511 719 1571 Christianis
774 1513 996 1587 impune
1056 1511 1331 1568 idolorum
1388 1512 1588 1584 templa
1636 1512 1761 1570 des-

157 1620 363 1679 truere,
403 1621 462 1667 ut
493 1625 657 1682 supra
683 1626 750 1666 ex
778 1608 839 1668 S.
887 1609 1151 1682 Gregorio
1177 1610 1407 1668 Nisseno
1444 1611 1757 1679 retulimus;

157 1719 320 1776 quare
362 1703 562 1759 mirum
613 1717 723 1759 non
764 1712 867 1771 est,
918 1712 974 1759 et
1017 1701 1344 1781 cbristianas
1390 1704 1648 1760 mulieres
1692 1704 1762 1761 ad

156 1794 445 1853 ecclesiam
475 1794 802 1852 accedentes
839 1795 1164 1867 reprehendi
1191 1811 1220 1852 a
1249 1796 1315 1854 D.
1345 1794 1587 1864 Zenone,
1613 1796 1759 1868 quod

1863 586 1986 628 rum
2042 582 2179 630 erat.
2247 574 2448 633 Judaeis
2504 593 2634 636 vero
2687 594 2981 651 numquam
3031 579 3162 655 sine,
3207 582 3469 657 principis

1863 666 2186 724 auctoritate
2222 682 2523 742 synagogas
2552 679 2804 739 extruere
2832 672 3007 739 licuit,
3037 682 3227 745 utpote
3251 676 3345 747 qui
3372 676 3469 735 ad-

1864 776 2041 830 venae,
2071 770 2126 818 et
2171 771 2423 823 extorres
2452 764 2505 820 in
2552 764 2731 824 alieno
2768 765 2886 822 solo
2931 765 3257 827 habitarent.
3308 768 3472 827 Teste

1863 856 2064 911 etenim
2114 853 2353 928 Josepho
2376 856 2770 928 Autiquitatutu
2800 858 3149 917 Judaicarum
3195 861 3290 920 lib.
3338 878 3464 928 xxv,

1864 964 1984 1020 cap.
2038 949 2141 1018 17,
2197 949 2490 1022 aliquando
2535 951 2701 1007 etiam
2745 952 2797 1007 in
2837 951 2967 1009 Asia
3001 968 3034 1009 a
3066 955 3468 1023 provinciarum

1865 1046 2209 1117 praesidibus,
2256 1055 2312 1103 et
2337 1047 2747 1121 magistratibus
2787 1048 3006 1109 Judaaos
3033 1048 3206 1107 fuisse
3229 1051 3474 1122 prohibi-

1866 1145 1950 1194 tos
1980 1153 2076 1195 sua
2108 1153 2261 1196 sacra
2290 1155 2550 1198 exercere
2586 1139 2949 1199 indubitatum
2989 1151 3095 1210 est,
3144 1143 3337 1215 eisque
3364 1143 3470 1201 im-

1865 1240 2176 1304 peratorum
2213 1231 2411 1304 placito
2454 1233 2623 1290 fuisse
2654 1234 3000 1307 permissum,
3050 1250 3250 1308 nempe
3275 1252 3306 1293 a
3349 1238 3470 1294 Ca:-

1863 1336 2139 1397 sare'post
2165 1338 2472 1397 reparatam
2499 1344 2529 1383 a
2561 1328 2824 1402 Pompeio
2846 1332 3128 1387 victoriam
3153 1348 3169 1398 ;
3197 1340 3255 1389 et
3290 1332 3478 1390 Marco

1864 1418 2125 1488 Antonio,
2169 1428 2224 1475 et
2252 1419 2314 1476 P.
2366 1420 2667 1479 Dolabella.
2695 1422 2841 1491 Alia,
2871 1439 2994 1495 quae
3023 1424 3107 1481 his
3137 1424 3353 1483 duobus
3378 1441 3475 1498 pa.
3540 1446 3555 1463 ο

1862 1511 2148 1583 ragraphis
2194 1523 2389 1584 quarto
2436 1529 2633 1586 nempe
2665 1522 2722 1570 et
2764 1517 2956 1587 quinto
3001 1516 3240 1576 atterunt
3265 1518 3473 1576 domini

1864 1603 2140 1660 Ballerinii
2180 1607 2563 1678 opportuniori
2591 1608 2711 1665 loco
2739 1608 3111 1665 tractabimus.

1938 1697 2335 1756 Eruditissimis
2387 1701 2697 1759 Balleriniis
2766 1702 3008 1759 concinit
3075 1713 3473 1763 conterraneus

1864 1806 2018 1847 meus
2060 1790 2316 1859 dominus
2353 1794 2645 1864 Cajetanus
2688 1792 2932 1852 Cennius
2961 1807 3352 1861 sacro-sancta:
3379 1798 3477 1855 ba-

155 1906 282 1948 auro
314 1890 589 1964 fulgentes
629 1890 815 1965 (totum
852 1892 1108 1948 inaurata:
1146 1907 1335 1965 corpus
1365 1894 1385 1965 )
1418 1892 1755 1961 incederent,
1788 1888 1837 1949 Β
1866 1885 2036 1942 silica:
2081 1884 2357 1943 Vaticana:
2386 1888 2669 1962 presbyter
2698 1888 3074 1946 beneficiatus.
3123 1889 3198 1949 At
3243 1889 3475 1949 ﬁdenter

155 1995 205 2041 et
229 1985 380 2056 quod
411 1983 667 2057 gentiles,
697 1985 740 2039 si
773 1999 872 2056 pro
902 1984 1034 2040 viris
1061 1982 1235 2040 doctis
1275 1984 1377 2058 ipsi
1404 1985 1640 2056 gentiles
1669 1985 1755 2040 in-

156 2076 433 2149 telligendi
462 2077 593 2145 sint,
625 2086 682 2132 ut
707 2076 985 2149 esplicant
1012 2074 1174 2132 iidem
1203 2076 1505 2145 Ballerinii,
1535 2077 1759 2135 concio-

154 2170 309 2227 nibus
343 2171 407 2229 S.
439 2169 674 2229 Zenonis
700 2168 984 2239 adessent;
1020 2182 1181 2243 atque
1220 2174 1530 2245 complures
1575 2174 1759 2243 cujus-

154 2282 253 2336 que
274 2265 541 2339 generis,
568 2267 768 2333 aatatis,
801 2280 990 2334 sexus,
1020 2267 1382 2335 conditionis,
1418 2266 1549 2335 imo,
1578 2276 1632 2322 et
1663 2280 1760 2323 na-

154 2361 316 2420 tionis
344 2357 776 2416 catechumenos
804 2374 965 2416 sacro
1007 2359 1334 2432 baptismate
1362 2358 1598 2425 ablutos,
1634 2374 1758 2416 cum

153 2469 364 2509 summa
414 2450 598 2525 quiete
641 2450 911 2510 frueretur
938 2453 1208 2511 Ecclesia.
1256 2452 1350 2508 lite
1380 2451 1599 2525 quidem
1630 2467 1762 2509 con-

82 2546 87 2551 “
149 2548 379 2618 jeclttrze
410 2546 672 2604 saeculum
704 2556 956 2618 quartum
980 2563 1086 2607 non
1116 2548 1381 2613 indicant,
1409 2548 1542 2607 Nam
1575 2557 1631 2603 et
1654 2547 1761 2605 Va-

152 2640 374 2710 leriani,
408 2656 471 2696 ac
494 2638 727 2698 Gallieni
753 2642 1133 2713 persecutione
1161 2642 1219 2697 S.
1253 2641 1510 2715 Cypriani
1537 2639 1763 2699 Cartha-

154 2734 422 2807 giniensis
446 2733 689 2807 episcopi
707 2735 968 2809 martyrio
991 2735 1167 2793 allecti
1194 2750 1397 2807 corpus
1415 2752 1610 2807 magno
1636 2750 1761 2793 cum

156 2829 387 2896 honore,
421 2843 485 2885 ac
513 2829 744 2885 solemni
777 2830 989 2901 publica
1024 2846 1220 2903 pompa
1244 2830 1536 2902 sepultura:
1580 2830 1764 2893 tradi-

155 2931 261 2978 tum
288 2920 395 2978 fuit
418 2920 440 2997 (
461 2920 668 2993 Spond.
695 2922 765 2977 ad
793 2939 887 2988 an,
912 2922 1044 2991 261,
1081 2924 1170 2992 Η,
1200 2920 1300 2996 4).

225 3015 391 3072 Aliud
434 3024 840 3087 argumentum,
881 3031 990 3088 quo
1036 3016 1140 3073 hoc
1178 3016 1232 3072 in
1271 3017 1465 3074 eodem
1508 3032 1764 3075 sermone

156 3120 411 3181 quartum
452 3108 713 3165 saeculum
762 3108 994 3165 indicari
1029 3109 1284 3182 probent,
1328 3126 1394 3166 ex
1432 3110 1555 3169 aliis
1583 3110 1765 3167 verbis

159 3202 217 3257 D.
240 3201 491 3259 Zenonis
525 3209 717 3271 petunt
746 3200 1096 3259 eruditissimi
1122 3201 1256 3269 viri;
1293 3201 1423 3258 illud
1459 3201 1653 3258 iisdem
1677 3204 1765 3273 ip-

1862 1980 1993 2036 satis
2017 1995 2171 2036 suam
2193 1981 2504 2053 opinionem
2543 1998 2868 2054 promovere
2907 1992 3162 2056 satagens
3192 1984 3261 2041 ab
3296 1986 3470 2057 impo-

1861 2072 2104 2129 storibus
2146 2072 2427 2146 deceptos,
2471 2076 2809 2133 etEeelesiae
2858 2091 3047 2133 rerum
3088 2076 3269 2135 adhuc
3307 2076 3477 2135 rudes

1862 2176 2106 2224 autumat
2136 2183 2250 2238 eos,
2295 2171 2543 2241 quiante
2586 2170 3006 2227 Constantinum
3048 2171 3299 2243 publicas
3324 2173 3467 2228 exti-

1865 2261 1998 2318 tisse
2023 2260 2460 2319 Christianorum
2498 2263 2761 2321 ecclesias
2781 2262 3075 2321 afﬁrmant.
3111 2262 3307 2321 Videat
3335 2279 3475 2336 quos

1863 2364 2053 2428 carpat
2094 2366 2381 2423 auctores;
2434 2358 2895 2417 eminentissimos
2941 2374 3139 2432 nempe
3179 2358 3471 2416 Baronium

1865 2460 1920 2508 et
1944 2450 2175 2517 Bonam,
2202 2461 2259 2508 et
2281 2468 2443 2524 quem
2466 2453 2601 2511 tanti
2626 2452 2753 2515 facit
2777 2452 3224 2520 'l‘illemontium;
3274 2453 3470 2524 praci-

1866 2558 1971 2614 pue
2000 2558 2129 2598 vero
2160 2543 2499 2608 Benciniuui,
2531 2552 2589 2603 et
2614 2543 3003 2605 Thomasinum
3033 2544 3177 2599 inani
3204 2558 3338 2607 sane
3377 2560 3471 2599 co-

1864 2644 1998 2691 natu
2043 2634 2373 2707 perstringit.
2420 2633 2722 2695 Clarissimi
2760 2651 2892 2691 vero
2936 2635 3182 2695 Bencinii
3222 2635 3475 2693 reformi-

1864 2726 2002 2783 dans
2017 2725 2278 2794 rationes,
2302 2726 2630 2800 Eusebiique
2652 2727 2912 2798 pracisos
2933 2734 3138 2795 textus,
3162 2742 3299 2798 quos
3324 2727 3470 2785 idem

1866 2819 2158 2876 Bencinius
2199 2817 2358 2874 all‘ert
2397 2819 2452 2874 in
2476 2818 2699 2875 Oriente
2739 2818 2982 2891 publicas
3023 2827 3303 2877 extructas
3340 2828 3471 2885 ante

1867 2910 2282 2967 Constantinum
2310 2910 2579 2968 ecclesias
2604 2909 2828 2979 fatetur,
2860 2911 2928 2966 .in
2956 2910 3250 2968 Occidente
3278 2920 3471 2985 negat,

1869 3005 2062 3073 Atqua
2100 3002 2311 3057 ratione
2348 3002 2716 3073 inspiciamus.
2768 3000 3003 3059 Gallieni
3035 3002 3268 3060 edictum
3296 3002 3465 3062 relert

1870 3095 2045 3165 primo
2080 3094 2317 3150 eximius
2342 3093 2637 3157 Bencinius
2682 3096 2942 3169 Dionysio
2970 3111 3184 3153 summo
3222 3097 3468 3168 pontifici

1870 3186 2158 3248 directum,
2200 3187 2430 3258 aliisque
2460 3187 2753 3261 episcopis,
2781 3202 2892 3268 quo
2923 3204 3015 3260 per
3044 3188 3339 3247 universum
3382 3203 3474 3243 or-
3568 3226 3575 3237 .

157 3310 335 3351 sorum
372 3292 559 3350 verbis
584 3292 779 3350 all'erre
810 3293 945 3350 libet
973 3313 985 3349 :
1015 3292 1368 3367 Postquam...
1397 3293 1538 3351 haud
1566 3296 1761 3367 praeci-

1873 3282 1980 3336 bem
2006 3279 2229 3337 mandat
2260 3279 2469 3337 restitui
2520 3278 2845 3339 Christianis
2888 3280 3145 3354 religiosa
3191 3281 3333 3348 loca,
3367 3295 3475 3354 qua

160 3407 396 3463 puum...
433 3405 546 3444 esse
573 3390 705 3446 dixit
747 3385 830 3462 (S.
855 3387 1027 3463 Zeno)
1054 3391 1116 3445 de
1155 3406 1299 3446 nocte
1331 3388 1579 3447 Ecclesia:
1599 3391 1766 3461 cedi/i-

158 3486 433 3541 catione...
480 3481 734 3540 laudibus
794 3484 1141 3555 geminare...
1198 3484 1467 3556 quippe...
1519 3484 1663 3556 quod
1709 3483 1764 3540 id

159 3593 272 3635 cum
300 3579 591 3653 gentibus,
643 3577 735 3634 vel
761 3576 964 3633 ludaeis
1008 3587 1189 3650 potest
1233 3592 1357 3636 esse
1399 3593 1762 3636 commune...

162 3670 287 3725 hanc
308 3669 475 3745 hujus
501 3677 771 3743 postrema:
797 3670 1062 3725 sententia:
1090 3671 1341 3727 rationem
1357 3670 1531 3727 subdit
1556 3687 1573 3728 :
1600 3671 1764 3727 «Nam

166 3778 184 3813 ι
212 3771 266 3818 et
292 3762 407 3818 illis
438 3761 484 3816 si
519 3762 701 3829 liceat,
736 3761 817 3817 vel
840 3764 885 3818 si
914 3762 1081 3818 velint
1112 3762 1357 3821 fortassis
1380 3764 1579 3822 cultius
1606 3780 1768 3839 syna-

166 3872 183 3905 ι
216 3868 389 3927 gogas
438 3852 745 3922 aedificant,
796 3853 995 3911 cultius
1040 3856 1256 3926 erigant
1282 3858 1555 3931 capitolia.
1587 3877 1607 3912 ι
1662 3858 1767 3917 Ubi

160 3947 421 4018 capitolia
461 3948 722 4020 scriptum
756 3963 852 4019 pro
876 3949 1074 4021 templa
1105 3950 1388 4021 adnatant,
1438 3963 1547 4007 tum
1582 3968 1769 4024 prose-

160 4049 438 4112 quuntur:
466 4038 625 4097 Nunc
647 4040 861 4099 adverte
880 4042 1013 4099 duas
1038 4045 1315 4100 sententias
1343 4046 1653 4121 disjunctive
1676 4065 1768 4120 po-

160 4135 350 4192 sitas...
384 4134 437 4191 si
467 4134 646 4204 liceat,
677 4134 834 4193 vel...
864 4135 1103 4194 velint...
1134 4154 1355 4209 quarum
1380 4141 1548 4211 prima
1571 4141 1640 4196 ad
1662 4140 1767 4196 Ju-

161 4229 294 4286 dteos
336 4228 605 4298 pertinere
640 4230 851 4287 minime
890 4239 1074 4302 potest,
1116 4231 1161 4287 si
1191 4231 1410 4305 quidem
1456 4232 1768 4291 Iudaeorum

163 4331 305 4378 secta
360 4320 515 4377 nulla
564 4321 685 4395 lege
729 4322 1073 4394 prohibita...
1130 4325 1353 4380 traditur
1391 4344 1424 4382 a
1476 4324 1768 4384 Theodosio

163 4415 261 4490 leg.
284 4416 353 4471 de
391 4414 625 4482 Judteis,
650 4432 741 4472 an.
771 4415 915 4484 593;
943 4424 993 4472 et
1010 4415 1178 4473 solum
1200 4433 1337 4473 anno
1362 4417 1493 4486 42L
1527 4418 1627 4493 leg.
1655 4418 1728 4473 22
1750 4461 1766 4487 ,

162 4512 397 4585 ejusdem
444 4508 580 4565 tituli
607 4523 813 4566 cautum
857 4512 980 4585 fuit,
1028 4527 1095 4569 ne
1126 4511 1382 4587 deinceps
1412 4513 1587 4568 nullas
1628 4514 1771 4570 facc—

162 4615 280 4663 rent
306 4605 481 4664 condi
507 4622 880 4685 synagogas...
914 4608 1052 4680 quod
1091 4608 1264 4675 ipsum
1294 4609 1653 4677 conﬁrmatum
1688 4608 1765 4664 leo

1868 3377 1937 3430 de
1966 3390 2025 3431 re
2064 3373 2419 3430 confirmatur
2464 3373 2590 3429 libri
2638 3372 2958 3444 pontiﬁcalis
2999 3373 3231 3431 assertio
3268 3372 3325 3429 in
3352 3370 3476 3429 Vita

1869 3466 2137 3540 Dionysii.
2170 3464 2276 3520 Hic
2304 3464 2644 3541 (Dionysius)
2690 3466 2999 3539 presbyteris
3040 3467 3281 3527 ecclesias
3336 3466 3471 3521 divi-

1867 3563 1958 3630 sit,
1984 3572 2031 3616 et
2060 3562 2363 3629 ctemeteria,
2396 3571 2443 3617 et
2488 3559 2775 3615 Parachias
2817 3559 3058 3618 diatceses
3087 3556 3328 3615 instituit.
3357 3559 3468 3635 Op-

1872 3657 2002 3711 time
2030 3656 2209 3728 itaque
2239 3654 2406 3713 infert
2432 3655 2723 3713 Bencinius
2746 3672 2765 3710 :
2807 3654 2992 3716 Potius
3021 3643 3304 3728 Dionysius
3344 3653 3474 3710 Gal-

1871 3752 1993 3808 lieni
2025 3752 2348 3825 indulgentia
2375 3767 2549 3807 omnes
2580 3749 2996 3806 Christianorum
3021 3749 3264 3806 ecclesias
3294 3748 3348 3813 in
3371 3747 3477 3803 Dc-

1871 3848 2021 3903 ciana
2065 3847 2415 3921 persecutione
2452 3845 2682 3916 direptas
2711 3846 3000 3912 restituere,
3046 3842 3298 3909 dividere,
3330 3851 3378 3898 et
3407 3842 3477 3896 ad

1873 3941 2096 4011 priorem
2136 3944 2359 4013 formam
2398 3939 2704 4011 reformare.
2750 3937 2892 4007 Quid
2929 3936 2995 3992 ad
3027 3937 3144 3993 haec
3189 3934 3478 3993 Cennius?

1871 4031 1981 4088 Per
2016 4033 2312 4087 universum
2342 4031 2512 4087 orbem
2544 4047 2835 4085 concessam
2881 4031 3177 4102 facultatem
3206 4028 3275 4082 ad
3304 4027 3473 4083 solum

1876 4130 2135 4186 Orientem
2181 4129 2492 4203 restringet?
2521 4126 2661 4183 Tum
2703 4126 2979 4183 Valeriani
3018 4126 3084 4182 ad
3112 4132 3361 4189 senatum
3409 4126 3480 4181 de

1871 4220 2182 4297 aperiendis
2229 4222 2381 4277 libris
2406 4220 2688 4294 Sybillinis
2719 4217 2936 4275 allatum
2989 4217 3224 4274 adducat
3270 4233 3340 4275 ex
3369 4215 3479 4274 Vo-

1875 4318 2025 4390 pisco
2043 4318 2156 4389 ipse
2173 4316 2487 4379 Bencinius.
2515 4313 2684 4369 Miror
2705 4329 2815 4381 vos,
2844 4310 2912 4367 P.
2938 4310 3024 4377 C.,
3049 4312 3247 4367 tamdiu
3265 4311 3328 4366 de
3357 4327 3482 4376 ape-

1873 4411 2066 4468 riendis
2108 4410 2256 4467 libris
2299 4410 2573 4484 Sybillinis
2619 4408 2903 4477 dubitasse,
2944 4408 3094 4479 quasi
3138 4408 3194 4462 in
3242 4403 3482 4464 Ecclesia

1874 4505 2306 4569 Christianorum,
2335 4521 2439 4559 non
2472 4504 2529 4559 in
2556 4503 2746 4575 templo
2770 4502 2999 4557 omnium
3035 4507 3249 4558 deorum
3289 4511 3483 4567 tracta-

1873 4602 2018 4657 retis.
2061 4598 2255 4657 Subdit
2283 4596 2593 4655 Bencinius.
2628 4595 2919 4653 Ecclesium
2949 4592 3361 4650 Christianorum
3388 4612 3483 4671 op-

162 4702 298 4775 gitur
338 4714 486 4755 anno
511 4697 643 4768 ηδ,
685 4699 785 4772 leg.
812 4699 883 4754 25
911 4710 957 4755 et
993 4699 1293 4774 27.1taqt‘te
1320 4700 1533 4757 Judceos
1559 4704 1768 4777 respicit
1794 4695 1849 4757 D
1873 4700 2017 4771 ponit
2056 4695 2340 4752 Gentilium
2386 4693 2612 4765 templo,
2644 4702 2692 4749 et
2727 4692 2856 4749 adeo
2886 4707 2920 4746 a
2951 4688 3263 4747 Christianis
3311 4689 3481 4745 larunt

162 4798 394 4854 secunda
443 4796 763 4859 sententia...
794 4796 838 4851 si
873 4796 1107 4853 velint...
1142 4799 1311 4871 prima
1337 4808 1578 4855 autem...
1628 4799 1673 4855 si
1706 4799 1767 4854 li«

164 4903 352 4947 ceat...
388 4872 569 4966 palam
595 4891 813 4963 pertinet
842 4889 908 4947 ad
932 4887 1180 4958 Gentiles,
1203 4889 1384 4959 quibus
1412 4890 1630 4962 proinde
1650 4898 1776 4946 tem-

164 4984 251 5055 pla
288 4984 564 5057 ludiﬁcare
608 4984 835 5043 auctoris
872 4992 1024 5039 letale
1067 5000 1170 5038 non
1211 4984 1416 5040 licuisse
1453 4983 1777 5057 exploratum

166 5090 259 5149 est,
290 5078 440 5152 quod
483 5077 693 5135 nonnisi
734 5079 787 5133 in
829 5088 1069 5149 quartum
1106 5078 1349 5133 steculum
1381 5077 1560 5133 cadere
1588 5087 1774 5152 potest,

167 5190 282 5228 eum
314 5190 412 5245 per
453 5167 778 5227 Christianos
810 5171 1141 5244 imperatores
1181 5171 1442 5229 idolorum
1473 5170 1662 5242 templa
1699 5171 1779 5226 vel

167 5276 284 5321 ante
312 5263 598 5321 Iulianum
631 5265 911 5319 interclusa
955 5265 1187 5343 (uerunt,
1238 5266 1317 5321 vel
1366 5275 1479 5336 post
1505 5264 1780 5320 lulianum

168 5359 240 5414 ita
268 5360 522 5428 tolerata,
562 5371 619 5414 ut
652 5374 785 5413 nova
811 5367 980 5413 tamen
1019 5360 1246 5414 construi
1298 5375 1401 5414 non
1429 5360 1780 5432 permitteren-

171 5462 269 5506 tur.
306 5450 488 5507 Acuta
516 5465 668 5518 sane,
714 5462 769 5507 et
792 5449 1125 5509 conveniens
1153 5450 1312 5521 ratio,
1341 5452 1387 5507 si
1418 5454 1475 5507 S.
1500 5450 1777 5515 Zenonem

171 5555 374 5617 quarto
418 5544 621 5601 seculo
649 5543 936 5618 scripsisse
985 5557 1320 5619 compertum
1358 5552 1533 5613 esset;
1572 5550 1629 5601 at
1656 5559 1779 5601 cum

172 5642 337 5705 exiis
379 5657 503 5713 qua:
529 5640 599 5696 ab
627 5640 801 5708 initio,
843 5649 899 5697 et
927 5639 1207 5712 hucusque
1248 5638 1589 5701 considerata
1631 5647 1779 5708 sunt,

171 5743 397 5790 constet
446 5732 503 5790 S.
550 5731 824 5793 Zenonem
859 5749 889 5789 a
932 5734 1092 5799 tertio
1137 5734 1342 5795 saeculo
1390 5732 1782 5797 removendum

177 5842 286 5883 non
337 5840 495 5899 esse,
530 5825 821 5891 dicendum
850 5827 1029 5900 potius
1059 5835 1164 5896 est,
1201 5828 1525 5889 sententiam
1556 5826 1777 5885 illam...

181 5919 227 5978 si
271 5918 518 5988 liceat...
561 5916 778 5984 ludasos
805 5921 1098 5996 respicere,
1132 5922 1427 5984 alteram...
1458 5920 1505 5979 si
1541 5920 1778 5980 velint...

1874 4792 2173 4865 religiosum
2221 4787 2471 4854 habitum,
2521 4798 2877 4859 paratumque,
2910 4792 2967 4838 ut
3004 4781 3278 4847 interdicta
3318 4781 3483 4841 omnis

1875 4885 2033 4953 ratio,
2060 4900 2177 4958 quae
2195 4900 2344 4941 sacra
2371 4899 2472 4945 non
2494 4890 2647 4945 esset.
2680 4878 2930 4936 Ecclesia:
2956 4879 3130 4950 itaque
3158 4886 3301 4931 erant
3332 4872 3485 4929 Chri-

1877 4982 2182 5045 stianarum,
2233 4994 2324 5034 seu
2370 4993 2533 5034 sacrm
2572 4975 2708 5043 (edes
2748 4974 2817 5028 ad
2863 4971 3128 5047 religionis
3155 4970 3357 5043 agenda
3381 4985 3489 5042 my-

1882 5076 2061 5132 steria.
2114 5072 2387 5130 Valeriani
2441 5071 2607 5129 verba
2645 5070 2713 5126 de
2759 5068 2987 5125 ecclesia
3028 5064 3484 5131 Christianorum,

1884 5185 2007 5242 quae
2034 5169 2222 5225 Romae
2251 5176 2391 5234 erat,
2434 5162 2786 5235 intelligenda
2814 5176 2956 5228 esse,
2985 5160 3109 5233 quis
3138 5158 3376 5232 prudens
3403 5158 3487 5219 in.

1889 5262 2201 5327 ﬁciahitur?
2244 5261 2316 5318 Et
2368 5261 2419 5315 in
2461 5257 2755 5323 Occidente
2799 5257 2980 5327 itaque
3017 5264 3174 5319 erant
3220 5252 3484 5315 ecclesiae.

1890 5358 2057 5417 Addit
2084 5357 2229 5415 idem
2271 5354 2562 5415 Bcncinius
2597 5351 2891 5415 Alexandri
2920 5348 3266 5423 imperatoris
3294 5343 3489 5401 rescri-

1888 5462 2037 5525 ptum
2084 5465 2183 5522 pro
2208 5447 2533 5509 Christianis
2564 5454 2754 5507 contra
2795 5442 3134 5517 popinarios,
3166 5439 3234 5494 de
3261 5452 3368 5510 quo
3398 5449 3488 5489 su-

1893 5561 1987 5618 pra
2024 5546 2257 5617 egimus,
2298 5542 2440 5615 quod
2472 5540 2687 5601 nonnisi
2715 5538 2783 5596 de
2826 5535 3055 5595 ecclesia
3099 5533 3286 5587 Romae
3323 5527 3494 5587 cedill-

1890 5638 2062 5701 canda
2103 5637 2333 5710 intelligi
2362 5650 2523 5709 posse
2557 5633 2937 5706 probavimus;
2966 5636 3021 5686 et
3052 5624 3253 5683 Eusebi
3281 5631 3488 5682 textum

1889 5750 1919 5789 a
1952 5733 2104 5797 nobis
2132 5747 2295 5805 supra
2324 5730 2620 5794 laudatum,
2640 5742 2797 5798 quem
2822 5726 2890 5783 de
2915 5722 3163 5781 ecclesiis
3191 5720 3245 5775 in
3268 5719 3493 5775 Oriente

1894 5826 2267 5891 tantummodo
2309 5822 2570 5881 extructis
2610 5820 2881 5893 accipere,
2915 5816 3214 5888 depravare
3245 5822 3349 5871 est.
3386 5809 3491 5867 Fa-

1894 5921 1998 5978 cile
2029 5924 2181 5993 putat
2226 5917 2343 5975 htec
2385 5915 2599 5975 solvere
2636 5909 2875 5971 Cennius
2903 5908 3092 5969 dicens
3122 5927 3135 5967 :
3170 5905 3323 5966 Nihil
3364 5903 3495 5964 mihi
