3902 6324
448 248 555 306 693

1604 253 1688 310 DE
1722 252 1963 313 suum:
2002 254 2290 315 ZENONIS
2330 258 2606 322 1290an
2704 252 2739 275 ‘

3577 290 3664 346 liilli

447 375 743 437 promovent
781 364 1305 459 alitericonsideranti
1340 382 1421 424 res
1473 366 1889 424 Christianorum
1930 382 2048 426 autc
2072 373 2129 437 Α
2160 394 2174 423 ο
2212 373 2584 444 barbarorum,
2607 392 2726 448 qum
2744 379 3025 449 graviores
3054 393 3224 442 morte
3239 391 3667 459 sunt.Adolesceu-

446 460 838 517 Constantinum
860 479 880 529 ;
911 458 1171 517 Ecclesias
1196 462 1332 517 enim
1358 463 1515 518 totius
1544 461 1842 519 Occidentis
1862 475 2046 535 reputa

443 554 608 609 instar
634 556 907 609 titulorum
932 554 1092 621 urbis,
1126 556 1303 611 domos
1329 573 1511 629 nempe
1539 560 1768 629 privatas
1788 559 2044 631 ﬁdelium,

443 648 628 719 quibus
666 648 881 703 ecclesia
909 649 1044 703 clam
1080 649 1339 723 gentibus,
1380 667 1469 706 seu
1518 650 1811 708 idololatris
1838 653 2047 709 addicta

446 753 558 798 erat
599 743 669 797 ad
693 742 920 809 sinaxes,
962 753 1008 799 et
1049 744 1290 800 collectas
1318 746 1605 818 faciendas.
1652 745 1833 804 Addat
1861 764 2047 820 quaeso

445 836 855 905 persecutionum
886 846 1129 909 tempore.
1174 838 1438 909 Expedita
1464 855 1595 897 sane
1635 841 1794 906 ratio,
1832 856 1933 912 pro
1981 840 2048 897 li-

445 929 556 982 bito
586 936 765 983 tamen
795 930 1122 985 consideret.
1147 929 1279 998 Quis
1301 932 1444 987 enim
1470 932 1709 1003 prudens
1734 934 2043 1004 opinionem

443 1021 683 1093 antiquis
707 1024 962 1079 omnibus
984 1028 1355 1082 monumentis
1385 1031 1712 1084 contrariam
1745 1039 1795 1085 et
1828 1047 1928 1103 pro
1960 1048 2046 1087 ar-

441 1115 608 1170 bitrio
652 1126 969 1185 conceptam
1018 1117 1197 1175 fucum
1233 1119 1411 1176 facere
1441 1122 1543 1178 sibi
1579 1123 1832 1193 patiatur.
1883 1124 2045 1181 Falso

441 1207 644 1264 etenim
696 1212 891 1266 asserit
927 1230 937 1264 :
974 1210 1383 1268 Occidentalium
1420 1225 1555 1269 certe
1585 1219 1890 1290 templorum
1928 1220 2048 1275 uul-

443 1301 523 1356 lus
552 1301 772 1369 alertur
799 1304 957 1359 testis.
1006 1305 1231 1362 Constat
1268 1307 1476 1364 falsitas
1504 1326 1567 1365 ex
1606 1325 1728 1365 mox
1766 1311 2038 1369 adductis.

439 1392 594 1462 Quod
645 1410 777 1450 vero
833 1398 1031 1453 nullam
1090 1398 1348 1456 Ecclesia!
1402 1403 1868 1460 consecrationem
1915 1415 2044 1462 ante

440 1486 854 1544 CunStantiuum
921 1490 1244 1549 solemniter
1306 1491 1503 1548 factam
1577 1493 1746 1550 fuisse
1810 1496 2039 1567 legatur.

440 1583 581 1648 Quid
616 1583 775 1639 inde?
814 1584 993 1640 Inanis
1022 1586 1264 1656 profecto
1298 1586 1470 1643 ratio!
1504 1586 1695 1643 Nonne
1721 1598 1775 1643 et
1804 1589 1922 1645 sine
1954 1605 2044 1646 so-

439 1674 603 1729 lemni
651 1677 1064 1732 consecratione
1107 1678 1333 1750 publica:
1372 1681 1615 1735 construi
1647 1681 1908 1737 Ecclesim
1948 1698 2044 1754 po-

2158 485 2176 518 ι
2215 466 2360 530 ιυιω.
2392 469 2474 525 vel
2507 473 2737 541 pueruli,
2771 474 2854 529 vel
2883 475 3113 533 infantes
3151 478 3218 534 ab
3248 479 3487 543 idolorum
3511 503 3668 549 conta.

2157 577 2175 609 ι
2209 558 2332 629 giis,
2362 559 2760 631 quibusmortis
2781 576 2931 621 metu
2961 569 3400 640 inquinabantur?
3433 597 3449 630 ι
3474 580 3671 640 Adrerti~

2149 652 2250 745 stin
2306 654 2422 725 (sic
2457 670 2858 728 prosequuntur
2916 659 3227 737 Ballerinii)
3272 685 3290 718 ι
3328 676 3431 725 toto
3471 677 3699 745 captivos.

2150 743 2352 801 orbe...
2398 762 2535 818 quos
2561 750 2650 819 qui
2698 750 2991 810 redimeret
3029 754 3362 815 subtraheret
3396 743 3541 820 neci'l
3563 768 3672 835 Quid

2148 853 2267 892 cum
2291 841 2517 894 auctoris
2546 843 2708 897 nostri
2733 843 2894 898 verbis
2920 847 3081 918 magis
3112 851 3456 907 consentiens?
3486 875 3503 909 ι
3535 855 3670 928 Igitur

2147 940 2203 985 ut
2230 932 2299 986 ad
2323 937 2612 1004 argumenti
2637 953 2890 994 sumntum
2931 944 3134 998 tandem
3162 946 3416 1004 redeamus
3438 993 3453 1016 ,
3479 971 3578 1008 cum
3602 974 3676 1009 uo-

2146 1037 2249 1080 ster
2267 1036 2447 1081 auctor
2475 1027 2825 1086 liberalitatem
2852 1050 3061 1090 suorum
3089 1038 3372 1095 auditorum
3390 1045 3438 1099 in
3463 1046 3676 1105 redimeno

2148 1117 2231 1170 dis
2274 1120 2490 1187 captivis
2537 1123 3006 1192 muniﬁcentissime
3042 1129 3425 1188 demonstratam
3466 1154 3679 1196 conamen.

2148 1210 2300 1277 dans,
2332 1201 2731 1283 redemptionem
2756 1219 3052 1274 earumdem
3072 1223 3381 1289 captiuorum
3397 1269 3412 1295 ,
3448 1229 3507 1283 de
3532 1232 3681 1302 quibus

2146 1303 2353 1373 scripsit
2376 1304 2698 1373 Ambrosius,
2722 1319 2929 1377 spectet,
2952 1329 3055 1385 qua
3076 1330 3181 1368 una
3209 1332 3374 1372 verum
3397 1320 3501 1389 fieri
3524 1326 3676 1394 potuit,

2146 1404 2201 1449 ut
2221 1395 2276 1449 id
2300 1398 2565 1466 generis...
2598 1399 2867 1470 Largitas,
2908 1407 3200 1474 provinciis
3228 1410 3463 1467 omnibus
3482 1425 3591 1470 nota
3614 1432 3681 1472 cs-

2144 1495 2250 1554 set,
2298 1488 2526 1559 ejusque
2555 1490 2635 1561 pia
2675 1495 2883 1548 semina
2931 1497 3094 1551 totius
3121 1499 3350 1569 quodam
3379 1505 3524 1560 modo
3562 1510 3682 1563 orbis

2149 1598 2244 1651 per
2276 1585 2514 1640 membra
2539 1585 2901 1656 iactaretur...
2931 1601 2989 1646 ut
3016 1593 3150 1648 idem
3178 1604 3351 1651 auctor
3374 1598 3551 1670 prodit,
3571 1600 3681 1655 tuum

2146 1677 2300 1733 dubie
2349 1688 2602 1736 tractatus
2652 1682 2881 1737 decintus
2930 1687 2967 1739 ι.
3000 1701 3036 1741 ιι
3077 1686 3282 1744 habitus
3329 1703 3457 1761 patet
3481 1705 3579 1763 post
3610 1711 3684 1749 au~

438 1768 652 1823 terant?
679 1769 823 1837 Quot
862 1778 916 1826 et
950 1769 1100 1826 hisce
1136 1772 1471 1842 temporibus
1512 1772 1738 1844 publica:
1784 1774 2041 1833 Ecclesia:
2072 1764 2121 1828 B
2146 1786 2268 1826 num
2319 1771 2446 1840 578,
2478 1789 2579 1843 quo
2617 1772 2822 1829 barbari
2862 1786 3059 1833 tantum
3108 1783 3418 1850 captivorum
3458 1801 3685 1841 numerum

440 1872 586 1929 sunt,
621 1864 747 1920 licet
773 1876 881 1921 non
904 1867 1280 1922 cnnsecratze?

443 2003 472 2076 §
500 2001 592 2058 ιιι.
628 2006 757 2075 Qua:
781 1966 1012 2063 sfzeno
1042 2004 1284 2061 Tractatu
1312 2005 1508 2060 decimo
1529 2006 1620 2062 tib.
1654 2005 1822 2079 primo
1845 2007 1907 2062 de
1939 2006 2039 2062 Ve-

508 2101 807 2156 ronensium
847 2100 1210 2173 largitionibus
1251 2103 1470 2172 profert,
1497 2099 1682 2171 quibus
1728 2100 1916 2155 multas
1960 2118 2044 2156 re-

510 2193 741 2265 demptos
786 2193 948 2262 fuisse
974 2195 1068 2258 ait,
1103 2210 1206 2248 non
1236 2194 1467 2249 indicunt
1511 2202 1689 2265 captos
1728 2209 1759 2247 a
1782 2191 2042 2249 .Barbaris

515 2298 628 2359 post
661 2289 1221 2361 lladrianopolitanam
1245 2304 1491 2363 pugnam.

508 2428 568 2486 S.
614 2426 854 2483 Zenonis
898 2436 1104 2483 textum
1133 2426 1355 2483 laudant
1391 2426 1575 2483 eximii
1617 2426 1898 2483 Ballerinii
1942 2427 2035 2499 (ιι.

436 2524 659 2579 Dissert.
697 2524 749 2591 l,
779 2540 825 2578 c.
855 2522 911 2589 Ξ,
938 2520 1062 2595 57),
1085 2536 1268 2592 quem,
1299 2536 1421 2578 cum
1454 2519 1577 2575 aliis
1598 2518 1809 2576 duobus
1834 2519 1892 2577 S.
1920 2522 2043 2575 Am-

433 2617 602 2673 brosii
634 2615 870 2673 testibus
898 2614 1247 2671 conferentes
1268 2630 1334 2671 ex
1367 2615 1432 2669 iis
1453 2622 1641 2683 utpote
1662 2613 2039 2670 conformibus

430 2710 863 2782 redemptionem
912 2709 1253 2779 captivorum
1302 2716 1425 2780 post
1465 2708 2034 2781 lladrianopolitanam

432 2807 805 2864 Romanorum
836 2806 1049 2863 cladem
1091 2805 1149 2861 S.
1193 2805 1468 2860 Zenonem
1513 2804 1785 2860 indicasse
1823 2812 2032 2875 putant.

431 2900 638 2956 Horum
684 2901 869 2972 itaque
898 2907 1144 2954 textnum
1189 2895 1542 2952 conformitas
1569 2895 1745 2966 primo
1785 2894 2036 2951 conside-

432 2990 601 3048 randa
625 3001 730 3058 est,
763 2989 976 3063 ipsique
999 2998 1180 3045 textus
1201 2988 1547 3045 exscribendi
1578 2997 1725 3053 sunt,
1756 2995 1813 3043 ut
1836 2988 1901 3043 de
1934 3004 2030 3043 eo.

431 3103 551 3143 l‘llm
579 3085 958 3142 c0nformitate
989 3093 1222 3141 conStet.
1247 3085 1302 3140 S.
1339 3083 1577 3141 Zenonis
1607 3093 1815 3140 textum
1847 3087 1917 3139 ita
1946 3100 2034 3141 re-

2146 1865 2337 1936 partim
2378 1882 2441 1920 ea:
2470 1865 2718 1923 Romanis
2747 1870 2996 1927 militibus
3031 1877 3147 1946 jam
3176 1875 3408 1946 devictis,
3453 1880 3614 1949 partim
3638 1897 3688 1936 rx

2145 1965 2218 2010 tot
2252 1956 2497 2014 Romanis
2524 1963 2798 2031 provinciis
2824 1966 3047 2021 subactis
3070 1966 3347 2026 deduxere.

2215 2050 2407 2108 Multos
2439 2056 2746 2127 redemptos
2768 2062 2963 2116 asserit
2991 2062 3046 2116 S.
3070 2061 3223 2119 Zeno
3251 2082 3263 2118 :
3291 2065 3433 2119 multi
3456 2067 3686 2135 redempti,
3728 2080 3731 2085 ‘

2144 2158 2240 2199 eos
2289 2153 2468 2202 tamen
2516 2164 2623 2205 non
2671 2151 2803 2206 dicit
2848 2155 3110 2224 captivos,
3160 2166 3223 2212 ut
3271 2156 3329 2213 S.’
3376 2159 3684 2217 Ambrosius:

2145 2236 2339 2309 Captos
2367 2241 2616 2298 redimere
2637 2284 2652 2310 ,
2684 2247 2881 2316 eripere
2916 2264 2979 2303 ea:
3006 2249 3234 2305 hostium
3261 2252 3485 2307 manibus
3510 2295 3525 2319 ,
3548 2256 3688 2324 quanti

2144 2331 2331 2402 ubique
2366 2333 2567 2389 venales
2606 2346 2771 2393 erant.
2798 2337 2931 2394 Illud
2964 2354 3200 2412 namque
3240 2342 3456 2400 verbum
3483 2347 3689 2414 redempti

2143 2428 2452 2483 necessario
2478 2443 2585 2484 non
2628 2430 2855 2487 includit
2880 2434 3250 2504 captivitatem
3285 2436 3649 2510 redemptorum
3677 2455 3687 2493 :

2136 2519 2334 2581 redimi
2367 2537 2601 2594 namque
2629 2523 2971 2593 dicebantur,
2999 2537 3055 2583 et
3081 2528 3402 2597 Christiani,
3431 2533 3514 2603 qui
3542 2530 3689 2588 solu'o

2145 2616 2318 2686 pretio
2348 2618 2670 2686 praesidibus
2699 2619 2767 2675 ab
2794 2622 3053 2691 ejurauda
3089 2622 3195 2680 fide
3224 2624 3591 2692 liberabantur,
3636 2642 3689 2682 ne

2140 2708 2206 2764 ad
2234 2709 2461 2766 colenda
2496 2712 2635 2767 idola
2667 2714 3145 2785 compellerentur,
3169 2728 3226 2773 et
3253 2718 3338 2774 hic
3366 2728 3443 2774 est
3469 2718 3521 2775 S.
3544 2718 3687 2774 Zeno-

2139 2804 2224 2859 nis
2257 2806 2520 2875 genuinus
2560 2820 2752 2863 sensus
2800 2827 2813 2863 :
2860 2824 2980 2865 nam
3031 2827 3153 2866 cum
3202 2812 3426 2869 dixisset
3463 2813 3595 2868 multi
3629 2831 3690 2867 νε·
3739 2875 3745 2881 ,

2139 2898 2366 2970 dempti,
2402 2911 2461 2955 ut
2486 2900 2823 2971 declararet,
2856 2919 2917 2961 se
2945 2921 3050 2963 non
3091 2907 3160 2963 de
3196 2911 3367 2983 captis
3396 2909 3461 2966 ab
3485 2908 3689 2965 hosdbus

2141 2990 2309 3062 loqui,
2341 2992 2435 3048 sed
2465 2993 2533 3050 de
2563 2994 2916 3064 Christianis,
2944 3000 3033 3070 qui
3062 3000 3129 3055 ad
3172 3002 3523 3060 idololatriam
3553 3004 3689 3072 impe-

2139 3094 2378 3141 ratorum
2401 3087 2595 3144 edictis
2620 3090 2989 3160 adigebantur,
3018 3095 3332 3153 immediate
3353 3097 3687 3170 prosequitur:

430 3180 616 3236 ferunt
641 3198 654 3233 :
678 3177 747 3234 In
776 3181 881 3264 ﬁne
910 3188 1159 3234 tractatus
1182 3195 1235 3244 ιι,
1267 3177 1305 3233 Ι.
1351 3194 1399 3244 t,
1434 3177 1794 3233 liberalitatem
1822 3194 2030 3234 suorum
2059 3162 2106 3227 C
2139 3179 2288 3235 inulti
2315 3181 2495 3237 edictis
2525 3183 2773 3253 feralibus
2801 3186 3036 3255 liberati,
3069 3204 3178 3247 non
3207 3208 3237 3245 a
3265 3162 3562 3264 captivitate
3586 3193 3693 3248 Iibe-

427 3274 727 3330 auditorum
764 3256 946 3327 auctor
989 3274 1010 3343 (
1037 3273 1094 3329 S.
1123 3271 1310 3341 Zeno)
1342 3271 1776 3327 commendans...
1802 3272 1893 3327 sed
1922 3272 2032 3329 haec

426 3368 595 3439 inquit
624 3385 643 3419 ι
677 3365 794 3423 Νοιι
827 3365 893 3421 ad
924 3381 1021 3421 vos
1048 3365 1268 3431 fratres,
1306 3379 1537 3438 quorum
1566 3364 1788 3436 largi-tas
1815 3367 2033 3436 provin-

433 3480 452 3513 ι
486 3461 585 3516 ciis
632 3460 883 3516 omnibus
923 3476 1030 3514 non
1068 3467 1176 3527 est,
1222 3473 1452 3530 quorum
1499 3460 1586 3530 pia
1627 3460 1834 3515 semina
1866 3460 2032 3517 totius

431 3574 451 3606 ι
489 3555 723 3626 quodam
749 3554 912 3610 modo
940 3553 1090 3609 orbis
1122 3569 1216 3623 per
1249 3553 1492 3608 membra
1511 3553 1787 3623 jactantur
1813 3568 1841 3607 a
1874 3553 2029 3609 vobis

431 3664 451 3700 ι
481 3647 637 3702 multi
690 3646 987 3717 redempti;
1044 3647 1196 3701 multi
1247 3646 1440 3703 edictis
1482 3645 1739 3703 feralibus
1779 3646 2025 3713 liberati;

432 3762 451 3795 ι
485 3741 640 3799 multi
685 3742 1089 3799 conditionibus
1137 3742 1287 3798 duris
1336 3742 1483 3798 exuti
1528 3743 1735 3813 gratias
1783 3752 1968 3813 agunt.
2001 3761 2020 3793 ι

419 3837 480 3894 S.
521 3833 791 3893 Ambrosii
819 3833 957 3891 duos
989 3835 1165 3890 testus
1201 3836 1280 3890 sic
1310 3834 1542 3905 allegant
1576 3853 1588 3888 :
1619 3833 1904 3888 Recitanda
1929 3835 2027 3888 Itoc

423 3931 535 3985 loco
582 3941 702 3986 sunt
752 3930 855 3984 duo
874 3928 936 3984 S.
986 3927 1246 3982 Ambrosii
1275 3928 1567 3982 testimonia
1619 3943 1685 3981 ea:
1727 3925 1816 3980 lib.
1877 3941 1912 3981 ιι
1963 3926 2027 3980 de

421 4023 635 4096 ofﬁciis,
653 4039 768 4094 qua:
783 4023 847 4078 de
861 4021 958 4076 hac
973 4021 1321 4090 redemptione
1338 4030 1473 4074 certe
1492 4018 1794 4087 loquuntur,
1810 4029 1857 4073 et
1875 4035 1940 4074 ex
1961 4020 2024 4073 iis

419 4115 688 4187 apparebit
704 4125 896 4187 quanta
912 4114 1234 4185 captivorum
1251 4111 1404 4183 fuerit
1421 4110 1716 4183 infelicitas,
1732 4120 2024 4180 quantaque

418 4209 484 4263 sit
514 4208 629 4278 ejus
674 4206 940 4279 scriptoris
981 4221 1095 4259 cum
1136 4211 1346 4258 auctore
1374 4213 1550 4256 nostra
1579 4203 1864 4256 consensio.
1902 4200 2023 4257 Pri-

415 4317 557 4355 mum
582 4305 753 4372 itaque
781 4298 842 4354 S.
877 4297 1172 4352 Ambrosius
1202 4313 1318 4368 cap.
1350 4297 1438 4361 15,
1471 4312 1614 4350 nam.
1634 4295 1733 4351 70:
1756 4315 1775 4348 ι
1800 4295 2020 4353 Summa

422 4411 442 4446 ι
479 4392 642 4446 etiam
676 4391 975 4446 liberalitas
1004 4399 1192 4461 captos
1225 4390 1520 4458 redimere,
1552 4391 1765 4460 eripere
1798 4405 1863 4446 ex
1896 4393 2022 4447 hos-

423 4503 443 4537 s
478 4484 612 4539 tium
640 4483 909 4551 manibus,
927 4483 1248 4541 subtrahere
1263 4484 1380 4540 neci
1403 4482 1674 4546 homines.
1705 4495 1761 4540 et
1782 4485 2019 4539 maxime

2135 3281 2282 3329 ratos
2311 3272 2459 3341 dicit,
2488 3275 2582 3331 sed
2607 3278 2671 3331 ab
2700 3279 2881 3334 edictis
2910 3281 3178 3351 feralibus,
3206 3286 3403 3357 quibus
3430 3284 3691 3357 persecutio

2134 3364 2187 3418 in
2218 3363 2553 3423 Christianos
2589 3371 3053 3443 promulgabatur,
3082 3390 3145 3431 ea
3175 3377 3506 3447 conditione,
3535 3387 3587 3433 ut
3611 3377 3691 3433 nisi

2133 3457 2350 3516 Christo
2385 3464 2799 3532 renuntiarent,
2840 3469 3105 3525 bonorum
3136 3471 3481 3544 direptione,
3520 3471 3688 3537 exilio,

2131 3555 2486 3623 cruciatibus,
2512 3554 2573 3613 'et
2601 3568 2775 3613 morte
2804 3561 3190 3631 plecterentur.
3229 3564 3339 3621 Has
3363 3567 3687 3631 conditiones,

2130 3646 2326 3717 quibus
2348 3649 2540 3706 edictis
2569 3650 3045 3725 adstringebantur
3072 3657 3391 3725 Christiani,
3418 3661 3566 3715 duras
3586 3659 3692 3714 dicit

2129 3740 2189 3796 S.
2236 3740 2386 3800 Zeno
2412 3786 2427 3809 ,
2459 3754 2514 3801 et
2553 3746 2620 3802 ab
2660 3746 2727 3803 iis
2768 3749 2976 3808 liberati
3031 3751 3430 3819 Veronensium
3472 3754 3690 3811 subsidiis

2128 3850 2342 3894 summo
2393 3853 2453 3896 se
2500 3839 2765 3897 beneﬂcio
2825 3839 3049 3900 affectos
3101 3850 3512 3918 profitebantur.
3562 3847 3690 3902 .llulti

2128 3930 2507 3989 conditionibus
2530 3934 2676 3990 duris
2710 3939 2873 4005 eauti,
2908 3942 3103 4011 gratias
3131 3956 3316 4015 agunt.
3348 3944 3427 4002 Ne
3454 3954 3614 4000 tamen
3636 3942 3689 3997 sd

2124 4024 2407 4080 arbitrium
2436 4027 2493 4083 S.
2528 4026 2765 4085 Zenonis
2800 4041 3004 4088 textum
3031 4034 3382 4107 interpretari
3421 4037 3686 4099 videamur,

2126 4118 2439 4175 meminisse
2466 4130 2681 4192 oportet
2709 4123 3016 4182 duodecimi
3063 4130 3295 4186 canonis
3326 4132 3508 4203 prima:
3529 4128 3688 4203 synodi

2130 4211 2188 4268 S.
2229 4211 2375 4269 Petri
2416 4214 2768 4272 Alexandrini
2810 4219 3097 4290 episcopi,
3126 4238 3238 4294 quo
3275 4226 3345 4279 ab
3389 4225 3529 4284 omni
3558 4222 3688 4289 culpa

2124 4305 2391 4362 immunes
2422 4306 2769 4364 declarantur
2810 4311 3057 4368 infideles
3081 4354 3096 4378 ,
3128 4317 3222 4386 qui
3263 4317 3486 4387 pecunia
3513 4330 3569 4371 se
3593 4328 3690 4384 per-

2122 4400 2402 4457 secutione
2429 4401 2762 4470 liberarunt,
2797 4405 2957 4476 idque
2986 4410 3242 4480 exemplo
3275 4410 3341 4465 Ι).
3372 4409 3517 4466 Pauli
3557 4423 3690 4479 apos-

2123 4492 2217 4547 toli
2258 4493 2543 4550 conﬁrmat
2564 4537 2580 4563 ,
2602 4498 2691 4566 qui
2733 4514 2855 4552 suas
2906 4497 3287 4558 Thessalonicae
3326 4503 3687 4573 persecutiones.

419 4595 439 4629 ι
472 4576 724 4632 fteminas
767 4576 1123 4674 turpi-tudini;
1157 4576 1389 4674 reddere
1427 4576 1763 4674 parentibus
1792 4576 2015 4643 liberos,
2042 4562 2101 4625 Ῑ)
2124 4601 2184 4645 ιιι
2211 4562 2573 4648 Christianus,
2595 4562 2778 4665 Lupus
2823 4596 3044 4667 exponit
3092 4597 3252 4674 (Lup.
3283 4562 3409 4656 tam.
3435 4616 3473 4667 ι,
3496 4599 3686 4656 Dissert.

419 4689 439 4724 ι
481 4677 735 4741 parentes
765 4669 975 4736 liberis,
998 4670 1146 4725 cives
1169 4668 1357 4740 patriae
1387 4670 1698 4725 restituere.
1723 4669 1858 4724 Nota
1892 4681 2020 4725 sunt

418 4783 439 4818 ‹
475 4766 589 4821 haec
617 4764 780 4819 nimis
802 4762 1001 4833 Illyrici
1026 4763 1278 4819 vastitate
1300 4773 1356 4819 et
1381 4762 1660 4830 Thraciae;
1686 4765 1869 4834 quanti
1895 4764 2016 4819 ubi-

417 4876 439 4910 s
474 4874 580 4929 que
610 4857 828 4913 venales
856 4867 1013 4911 erant
1047 4864 1161 4911 tato
1186 4854 1383 4925 captivi
1414 4856 1548 4912 orbe
1570 4898 1583 4921 ,
1614 4870 1751 4926 quos
1780 4856 1824 4910 si
1858 4870 2015 4911 revo-

417 4970 438 5004 ι
471 4966 563 5007 ces
608 4953 770 5007 unius
802 4950 1098 5025 provincia:
1142 4965 1429 5004 numerum
1478 4951 1702 5022 explere
1741 4966 1846 5005 non
1891 4967 2015 5022 pos-

416 5060 438 5096 ι
467 5044 610 5099 sint?
641 5064 660 5097 ι
709 5043 933 5098 Barbari
963 5046 1108 5098 enim
1137 5044 1154 5113 (
1186 5044 1511 5114 prosequitur
1540 5060 1685 5098 num.
1716 5045 1779 5098 ’71
1822 5048 1839 5115 )
1874 5062 1893 5098 ι
1932 5047 2013 5100 ui-

414 5155 437 5189 s
474 5134 552 5191 hil
582 5136 896 5191 deferebant
929 5134 1282 5190 humanitatis
1320 5134 1387 5190 ad
1419 5136 1874 5201 misericordiam,
1911 5138 2010 5192 nisi

413 5248 435 5282 ι
469 5227 612 5300 quod
674 5228 897 5283 avaritia
952 5236 1330 5283 reservaverat
1373 5226 1439 5282 ad
1497 5229 1945 5301 redemptionem.
1987 5251 2005 5283 ι

404 5322 569 5380 Aliud
609 5322 963 5377 testimonium
989 5318 1214 5393 cap.28,
1241 5336 1385 5375 num.
1419 5319 1543 5386 I56,
1566 5322 1799 5390 eiusdem
1823 5323 1912 5376 lib.
1947 5337 2008 5389 tt,

401 5419 485 5473 Itis
522 5416 689 5472 verbis
731 5415 1037 5487 exprimitur
1061 5429 1081 5468 :
1111 5437 1133 5473 ¢
1167 5412 1276 5468 Nos
1321 5413 1612 5484 aliquando
1649 5416 1701 5470 in
1747 5415 2004 5471 invidiam

409 5528 431 5564 s
465 5510 776 5577 incidimus,
828 5510 971 5581 quod
1006 5508 1438 5580 confregerimus
1482 5523 1605 5563 vasa
1635 5510 1859 5580 mystica
1881 5551 1897 5576 ,
1950 5518 2009 5565 ut

406 5619 428 5655 ι
465 5604 706 5672 captivos
749 5603 1210 5658 redimeremus...
1261 5600 1395 5669 Quis
1433 5610 1612 5658 autem
1641 5612 1723 5659 est
1772 5612 1879 5658 tam
1906 5602 2008 5658 du-

411 5713 431 5747 ι
466 5714 580 5763 rus,
627 5699 871 5763 immitis,
919 5698 1149 5763 ferreus,
1179 5697 1267 5754 cui
1309 5696 1613 5768 displiceat,
1654 5697 1798 5768 quod
1840 5698 2006 5751 homo

412 5798 435 5838 ι
481 5784 763 5845 redimitur
817 5803 847 5843 a
904 5789 1123 5854 morte,
1185 5788 1406 5846 fiumina
1468 5788 1537 5845 ab
1598 5786 2006 5861 impuritatibus

2126 4682 2333 4739 Proem.
2380 4694 2494 4758 post
2537 4702 2583 4740 c.
2640 4687 2730 4757 l6)
2753 4730 2769 4756 ,
2801 4691 3031 4760 permisit
3075 4708 3167 4764 per
3202 4693 3452 4749 Iasonem
3484 4712 3544 4748 ac
3582 4692 3691 4746 alios

2121 4777 2251 4831 cives
2277 4780 2496 4848 pecunia
2522 4780 2742 4847 redimi,
2779 4792 2930 4855 atque
2953 4785 3027 4839 ita
3050 4803 3105 4841 se
3130 4787 3347 4843 liberari
3374 4807 3407 4844 a
3428 4787 3693 4843 necessitate

2120 4871 2494 4938 pratvaricamti
2512 4911 2527 4934 ,
2559 4883 2647 4925 aut
2675 4875 2947 4930 moriendi.
2981 4877 3394 4951 Redemptionis
3418 4891 3588 4938 autem
3612 4895 3692 4934 vo-

2118 4961 2313 5017 cabulo
2342 4962 2713 5021 liberationem
2752 4969 2891 5023 hanc
2920 4970 3187 5041 exprimi,
3227 4972 3322 5044 qui
3354 4989 3511 5030 nosse
3535 4975 3687 5044 cupit,

2119 5053 2511 5112 Tertullianqu
2544 5057 2717 5129 legat,
2760 5060 2851 5130 qui
2892 5076 2992 5117 suo
3033 5064 3084 5119 in
3117 5064 3260 5121 libro
3289 5067 3359 5123 de
3402 5065 3524 5139 fuga
3567 5079 3692 5134 saepe

2117 5148 2316 5216 smpius
2340 5148 2532 5205 eodem
2564 5151 2830 5207 vocabulo
2861 5156 3047 5210 utitur.
3080 5158 3181 5223 Qui
3208 5159 3424 5228 qutcrit,
3454 5176 3518 5213 an
3544 5172 3691 5230 perse-

2118 5240 2256 5293 cutio
2295 5242 2560 5313 fugienda,
2592 5242 2979 5310 subsequentem
3011 5264 3214 5320 quoque
3247 5253 3577 5322 qurestionem
3591 5254 3690 5324 jant

2116 5334 2400 5403 prospiciat
2421 5349 2621 5390 necesse
2639 5345 2736 5403 est,
2762 5354 2829 5391 an
2850 5340 2895 5393 si
2915 5341 3162 5411 fugienda
3176 5359 3279 5397 non
3302 5353 3400 5409 est,
3423 5323 3693 5399 redimenda

2116 5433 2250 5477 certe
2270 5426 2335 5478 sit
2364 5440 2382 5479 :
2408 5426 2482 5480 lta
2509 5427 2578 5482 de
2613 5428 2714 5484 hoc
2739 5445 2900 5499 agere
2924 5432 3147 5501 incipit,
3176 5434 3357 5506 fugam
3386 5438 3438 5491 in
3468 5450 3691 5508 persecu-

2116 5514 2265 5569 tione
2288 5525 2474 5572 contra
2504 5516 2778 5589 Evangelii
2809 5530 3078 5591 mentem,
3107 5527 3268 5581 simul
3299 5536 3357 5582 et
3386 5527 3689 5596 redemptio-

2116 5619 2241 5661 nem
2269 5622 2296 5661 a
2328 5611 2701 5678 persecutione
2741 5614 3049 5687 improbans
3078 5619 3148 5675 ab
3182 5620 3426 5679 Ecclesia
3469 5620 3533 5677 ad
3559 5619 3687 5677 lion-

2115 5707 2298 5755 tanum
2342 5702 2614 5775 transfuga
2653 5705 3051 5775 Tertullianns,
3094 5727 3201 5779 quo
3231 5714 3355 5769 loco
3386 5715 3578 5785 saepius
3614 5730 3689 5768 res

2109 5788 2438 5862 demptionis
2467 5797 2783 5857 vocabulum
2816 5801 3071 5861 inculcatt
3104 5802 3475 5866 Christia'nbm
3497 5802 3685 5879 Lupuui
