3902 6324
173 333 264 393 697
290 380 299 395 .

1554 324 2029 387 DISSERTAT‘IO.

3339 326 3444 384 698

171 456 309 510 adeat
341 447 613 508 studiosus
660 449 831 507 lector
857 490 870 515 ,
919 450 1323 523 comperiet‘que
1364 448 1734 521 frequentissi-
1769 451 1815 509 Α
1845 448 1873 520 §
1908 447 1995 504 IV.
2032 448 2183 503 lteru-
2219 447 2425 519 ronjicit
2457 443 2716 504 Baronius
2741 461 2805 503 ex
2836 461 3072 503 sermone
3098 444 3297 503 decimo
3326 446 3447 502 libri

171 554 445 603 tnuntante
468 541 861 599 Tertulliannm
905 542 1068 600 fuisse
1114 542 1259 600 hunc
1289 541 1586 599 redimendi
1630 556 1742 596 mo-

168 656 289 698 rem.
322 638 425 711 Ego
453 637 607 693 credo
635 637 794 710 fuisse
820 646 1070 692 uetustum
1106 635 1203 709 (ita
1234 645 1418 692 contra
1448 635 1739 691 Baronium

166 746 370 788 nervosa
415 730 624 786 ratione
655 730 831 800 arguit
870 729 1011 785 idem
1056 729 1282 802 Lupus).
1314 728 1458 785 Certe
1496 732 1541 784 si
1582 745 1742 785 novus

166 826 344 895 fuisset,
367 817 722 877 Tertulliantts
748 823 918 892 ipsum
941 821 1037 878 sibi
1064 822 1468 896 familiarissima
1491 824 1740 893 posterioo

163 918 310 972 ritatis
328 915 714 989 prescriptione
745 915 1029 970 invasisset.
1061 914 1249 986 Neque
1281 930 1449 981 unus,
1478 926 1570 969 aut
1600 916 1740 971 alter

164 1011 252 1067 hoc
276 1009 515 1066 subsidio
543 1027 572 1065 a
609 1010 1002 1080 persecutionis
1033 1008 1219 1068 lurore
1254 1026 1314 1068 sc
1339 1012 1578 1067 eximere
1612 1024 1737 1083 pro-

160 1107 381 1170 curabat,
409 1105 505 1162 sed
534 1106 770 1176 integras
799 1106 1061 1161 ecclesias
1089 1104 1190 1162 bac
1225 1105 1597 1177 redemptione
1621 1120 1736 1161 sure

161 1200 459 1257 immunitati
484 1200 796 1272 prospicere
812 1201 1074 1272 sategisse
1100 1216 1165 1256 ex
1188 1203 1376 1256 eodem
1404 1200 1736 1257 Tertulliano

159 1303 366 1351 constat.
401 1291 601 1348 Parum
626 1292 844 1363 denique
869 1302 944 1347 est
965 1293 1010 1347 si
1036 1308 1189 1359 unus,
1220 1302 1310 1347 aut
1339 1292 1476 1347 alius
1504 1293 1575 1346 ita
1600 1293 1736 1348 erui-

158 1397 264 1441 tur:
304 1385 597 1440 massaliter
632 1394 753 1440 tota:
792 1382 1038 1441 Ecclesia:
1070 1383 1316 1440 tributum
1354 1384 1448 1441 sibi
1475 1386 1734 1458 irrogave-

155 1488 260 1532 nmt
289 1478 346 1550 (l.
388 1493 442 1533 ο.
486 1494 534 1532 c.
571 1476 683 1549 12).
718 1476 783 1533 Et
813 1492 918 1533 non
957 1476 1118 1532 modo
1145 1485 1204 1531 ut
1227 1476 1519 1543 cruciatus,
1552 1487 1607 1533 et
1641 1493 1735 1534 ne-

152 1586 252 1627 cem
293 1569 622 1637 evaderent,
662 1569 756 1626 sed
805 1579 861 1625 ttt
899 1571 1060 1626 etiam
1093 1569 1272 1626 divina
1323 1585 1586 1642 peragere
1628 1571 1733 1628 illis

151 1667 448 1739 permissum
476 1678 621 1721 esset
654 1685 667 1721 :
699 1667 845 1738 quod
886 1682 949 1722 es
982 1668 1176 1724 eodem
1206 1667 1544 1723 Tertulliano
1572 1664 1733 1721 infert

150 1759 370 1815 laudatus
406 1775 680 1815 eanounm
711 1760 1011 1817 illustratur
1036 1778 1050 1814 :
1082 1759 1167 1816 Ea:
1188 1762 1267 1817 Itis
1301 1761 1548 1816 discimus
1574 1761 1733 1833 fuisse

149 1855 258 1908 duas
281 1855 499 1908 istarum
536 1854 942 1927 redemptionum
982 1873 1182 1924 causas,
1229 1873 1411 1927 nempe
1434 1873 1535 1910 non
1572 1856 1719 1910 dum-
1760 1849 1805 1912 Β

149 1956 269 2001 taxat
301 1947 368 2001 ad
399 1946 807 2017 persecutionem
837 1950 1124 2004 et'ttandttm
1147 1992 1162 2016 ,
1192 1949 1283 2005 sed
1323 1950 1567 2005 etiamad
1594 1948 1725 2004 obti-

147 2041 343 2095 nendam
383 2041 670 2114 Synaxeon
715 2042 1019 2098 libertatem.
1065 2045 1314 2101 Alienum
1369 2047 1549 2116 itaque
1588 2060 1617 2100 a
1664 2045 1723 2102 8.

143 2134 353 2192 Zenonis
391 2146 582 2193 mente
605 2146 721 2204 est,
775 2153 899 2193 cum
944 2138 1254 2210 redemptos
1290 2140 1474 2207 dicat,
1506 2156 1611 2198 non
1658 2140 1726 2196 ab

143 2228 397 2296 hostibus,
428 2229 532 2286 sed
565 2245 594 2284 a
628 2228 884 2286 feralibus
912 2230 1105 2286 edictis
1136 2230 1529 2289 Veronensium
1563 2232 1726 2304 largi-

141 2325 353 2381 tionibus
381 2324 599 2393 ﬁdeles,
632 2325 702 2381 ita
725 2327 902 2396 ipsum
930 2327 1223 2396 explicare,
1260 2334 1318 2382 ut
1344 2329 1395 2382 in
1426 2325 1724 2383 Hadriano-

139 2417 349 2488 politana
376 2418 541 2475 clade
567 2426 758 2492 captos
783 2435 813 2475 a
844 2418 1035 2476 Gutltis
1057 2416 1395 2475 ChriSIianos
1417 2420 1724 2492 signiﬁcare

138 2512 369 2569 voluerit.
1693 2534 1697 2538 ι

192 2646 366 2721 Neque
391 2649 455 2706 S.
487 2650 728 2706 Zenonis
748 2650 927 2706 texttis
941 2649 1212 2706 Ambrosii
1235 2649 1521 2707 sententiis
1542 2648 1720 2705 allatis

134 2741 413 2797 concordes
442 2757 575 2797 esse
601 2741 888 2798 dicendum
916 2750 1030 2808 est,
1076 2758 1199 2796 cum
1231 2741 1318 2796 illa
1348 2743 1513 2797 verba
1540 2741 1721 2798 edictis

134 2835 357 2903 feralibus
384 2836 621 2904 liberati,
654 2852 776 2907 quae
805 2836 858 2891 in
885 2836 945 2892 8.
978 2836 1216 2892 Zenonis
1245 2852 1497 2892 sermone
1532 2837 1720 2909 legun-

136 2940 231 2995 tur,
263 2946 366 2984 uon
402 2938 604 2999 captos
632 2930 700 2984 ab
730 2929 975 2985 hostibus
1002 2929 1243 2985 indicent
1264 2970 1280 2993 ,
1319 2940 1371 2984 ut
1403 2928 1459 2985 8.
1486 2928 1719 2985 Ambro-

131 3023 227 3079 sius
252 3025 518 3096 exprimit
541 3025 736 3101 eripere
772 3041 836 3081 ea:
865 3022 1091 3080 hostium
1121 3023 1377 3091 manibus,
1415 3023 1511 3081 sed
1534 3039 1718 3080 exem-

132 3128 235 3188 ptos
258 3135 287 3175 a
319 3121 710 3192 persecutione
746 3120 1109 3177 Christianos.

189 3252 274 3311 Illa
325 3263 517 3312 tamen
566 3254 858 3313 diversitas
910 3257 1183 3329 prmeipua
1242 3237 1789 3331 animadversioneC

131 3344 266 3416 digna
292 3357 395 3404 est.
424 3347 494 3406 S.
526 3349 728 3404 etenim
760 3349 1078 3406 Ambrosius
1098 3394 1112 3417 ,
1144 3351 1233 3423 qui
1268 3363 1386 3423 post
1417 3350 1718 3407 Hadriano-

130 3439 402 3507 politanam
450 3441 668 3497 cladem
721 3441 942 3514 scripsit
996 3451 1183 3514 aperte
1225 3443 1372 3499 illam
1423 3444 1709 3499 nominat:

133 3530 252 3587 Nota
273 3547 389 3589 sunt
416 3536 536 3589 lucc
566 3534 717 3589 nimis
752 3533 957 3606 Illyrici
984 3536 1255 3603 vastitate,
1289 3546 1337 3591 et
1362 3533 1616 3590 Thraciae.
1652 3534 1709 3591 S.

127 3636 283 3682 autem
308 3626 464 3683 Zeno
499 3642 569 3682 ne
596 3641 691 3697 per
716 3629 984 3682 somnium
1014 3627 1231 3698 quidem
1266 3628 1413 3683 illius
1446 3627 1707 3692 meminit,

127 3719 209 3775 sed
247 3719 351 3776 illis
390 3722 447 3777 in
497 3721 702 3788 verbis,
727 3722 907 3776 edictis
942 3721 1189 3791 feralibus
1232 3721 1453 3787 liberati,
1482 3720 1714 3776 circum-

125 3814 297 3869 stantia
323 3814 678 3885 exprimitur,
709 3829 832 3885 qum
855 3814 1029 3884 captis
1055 3827 1084 3866 a
1111 3811 1303 3868 Gothis
1329 3813 1553 3869 minime
1580 3828 1713 3869 cou-

128 3905 287 3962 venire
318 3917 529 3972 potest.
570 3905 635 3962 Hi
678 3922 913 3976 namque
956 3905 1105 3960 nullo
1145 3904 1323 3961 edicto
1352 3907 1709 3976 urgebantur,

126 3996 203 4052 sed
240 4000 407 4054 armis
432 4042 449 4064 ,
487 4007 547 4054 et
586 3999 637 4053 vi
672 3999 724 4053 iu
760 3999 1131 4070 captivitatem
1169 3998 1379 4053 redacti
1420 4000 1669 4069 pactione
1692 4039 1706 4064 ,

126 4102 170 4146 et
187 4098 404 4163 pecunia
433 4093 871 4150 redimebantur.
911 4093 1046 4148 Tum
1075 4108 1204 4149 vero
1235 4093 1469 4149 maxime
1498 4103 1713 4150 constat

123 4185 171 4242 S.
211 4186 566 4244 Ambrosium
609 4187 841 4242 diversis
887 4186 1172 4257 scripsisse
1223 4188 1556 4259 temporibus
1582 4231 1595 4255 ,
1648 4203 1712 4244 ac

122 4277 171 4332 S.
196 4278 353 4346 Zeno,
383 4294 520 4336 eum
556 4281 607 4333 in
635 4279 796 4333 allata
827 4279 1066 4335 secunda
1094 4280 1153 4335 S.
1185 4280 1458 4336 Ambrosii
1491 4290 1709 4337 senten-

122 4373 183 4427 tia
207 4374 401 4429 omissa
432 4375 554 4430 sint
584 4371 699 4428 haec
736 4372 899 4428 verba
926 4414 940 4440 ,
988 4384 1104 4444 post
1150 4375 1376 4430 verbum
1418 4375 1712 4431 redimere-

121 4480 225 4522 mus
258 4465 706 4537 interpttnctloue
746 4466 953 4535 signata
981 4483 996 4521 :
1020 4467 1171 4534 Quod
1200 4468 1409 4522 Arianis
1438 4468 1712 4540 displicere

118 4568 315 4627 poterat,
348 4576 415 4615 ne
443 4569 556 4614 tam
579 4558 774 4629 factum
798 4559 1113 4626 displiceret,
1141 4575 1297 4629 quam
1319 4569 1375 4615 ut
1400 4570 1549 4629 esset,
1573 4562 1710 4631 quod

119 4656 163 4704 in
195 4653 333 4709 nobis
360 4653 819 4727 reprehenderent.
866 4653 1001 4723 Quis
1047 4655 1190 4709 enim
1239 4654 1710 4725 perspicacissimo

119 4744 257 4814 luet,
287 4763 353 4803 ac
392 4748 582 4805 liuceo
616 4746 846 4815 polleret
872 4748 1067 4802 intuitu
1095 4747 1321 4820 singulis
1353 4748 1406 4803 in
1437 4749 1707 4805 sermoni-

119 4839 206 4897 bus
240 4844 298 4902 8.
346 4845 597 4901 Zenonis
644 4843 966 4899 Arianorum
1013 4845 1344 4900 mentionem
1391 4846 1710 4918 conspicere

117 4938 312 4997 Valeat?
343 4941 546 4997 Mirum
572 4926 835 5012 profecto
861 4982 874 5006 ,
917 4941 1063 5012 quod
1104 4942 1156 4997 in
1196 4942 1449 4999 omnibus
1485 4942 1706 4999 Patrum

115 5034 389 5102 operibus,
431 5049 563 5106 quae
598 5034 747 5099 Arii,
790 5043 847 5089 et
875 5034 1204 5091 Arianorum
1252 5050 1369 5091 aevo
1398 5038 1599 5108 scripta
1632 5037 1740 5093 le-'

113 5135 331 5196 guntur,
367 5128 529 5199 plura
561 5129 932 5199 reperiantur,
965 5144 1087 5201 qua:
1118 5129 1316 5185 Ariana
1340 5139 1582 5202 tempora
1614 5146 1710 5188 ex-

115 5234 286 5288 presse
325 5231 563 5287 nntaut,
600 5220 760 5293 hujus
797 5224 873 5280 rei
907 5224 959 5279 in
986 5224 1043 5281 8.
1080 5224 1320 5280 Zenonis
1363 5208 1710 5282 sermonibus

115 5330 170 5370 ne
186 5316 476 5388 vestigium
500 5316 717 5387 quidem
742 5318 1023 5373 minimum
1044 5316 1205 5374 liceat
1222 5317 1490 5388 aspicere.
1519 5316 1711 5374 Nonne

114 5407 203 5463 hoc
248 5413 486 5467 evidens
537 5418 621 5466 est
664 5419 1040 5481 argumentum
1072 5453 1085 5473 ,
1136 5410 1314 5482 ipsum
1364 5411 1534 5466 multo
1584 5420 1712 5467 ante

114 5502 283 5559 Arium
313 5502 652 5572 scripsisset
689 5501 845 5558 Nulla
887 5516 1018 5575 ergo
1043 5503 1102 5560 8.
1132 5502 1367 5560 Zenonis
1407 5517 1530 5561 cum
1572 5503 1707 5560 Am-

114 5596 265 5652 brosii
314 5597 722 5653 seintentiarum
771 5597 1103 5662 consensio,
1148 5612 1309 5666 quam
1356 5597 1710 5655 eruditissimi

111 5699 435 5761 exaggerant
454 5689 754 5745 Ballerinii.
779 5689 1155 5747 Advertistin...
1183 5699 1299 5746 toto
1319 5700 1509 5762 captos
1529 5690 1708 5748 orbe..

111 5797 227 5849 quos
248 5785 338 5851 qui
359 5781 711 5838 redimeret...
742 5783 1087 5841 subtraheret
1115 5785 1304 5846 neci...
1330 5784 1463 5842 Nam
1482 5784 1540 5842 8.
1562 5781 1711 5842 Zeno

110 5866 276 5967 utrm
306 5867 567 5947 [cremat
592 5868 849 5935 liberatos
878 5870 1029 5935 dicit.
1394 5884 1405 5893 '

1918 544 2073 613 primi
2115 544 2169 598 in
2221 543 2440 600 editione
2477 543 2659 598 ultima
2706 540 3028 607 Veronensi,
3080 538 3143 597 S.
3187 539 3443 596 Zenonem

1917 636 2076 707 longe
2123 645 2251 693 ante
2291 634 2724 691 Christianorum
2768 636 3152 706 imperatorum
3195 641 3440 704 tempora

1914 729 2196 797 claruisse,
2229 745 2289 783 eo
2313 729 2449 800 quod
2483 729 2552 783 ibi
2582 728 2643 784 S.
2671 726 2814 784 Zeno
2842 727 2981 783 dicat
3004 728 3059 783 in
3098 728 3322 782 nummis
3349 743 3442 782 ea:-

1916 823 2039 877 cudi
2063 823 2229 879 solere
2252 822 2453 895 signum
2471 821 2816 892 idololatriae,
2840 820 3119 893 eademque
3139 819 3303 889 idola,
3326 835 3443 893 qna:

1913 916 2200 972 colerentur
2232 918 2284 971 in
2309 916 2517 987 templo.

1914 1047 2041 1105 Haec
2067 1057 2194 1103 sunt
2236 1049 2301 1107 Β.
2331 1047 2584 1105 Doctoris
2609 1047 2773 1104 verba
2806 1064 2822 1104 :
2855 1047 3053 1105 Aurum
3075 1087 3092 1115 ,
3140 1056 3442 1119 argentum-

1838 1160 1969 1214 que.
1995 1141 2288 1200 Christiane
2307 1183 2323 1209 ,
2352 1144 2399 1198 si
2428 1159 2547 1199 cera
2571 1141 2791 1197 dicenda
2820 1150 2939 1197 sunt
2967 1142 3248 1200 exsecraris
3285 1141 3340 1195 in
3362 1141 3440 1195 si-

1838 1234 2086 1290 mulacris
2113 1237 2238 1291 solis
2257 1278 2271 1302 ,
2299 1251 2401 1290 non
2428 1237 2482 1289 in
2513 1233 2860 1303 penetralibus
2892 1234 2996 1289 tuis
3019 1249 3038 1300 ,°
3064 1248 3187 1287 nam
3207 1271 3224 1298 ,
3254 1241 3301 1286 et
3329 1231 3441 1286 illic

1836 1330 2006 1387 aureis
2046 1331 2400 1400 argenteisque
2429 1327 2894 1385 innumerabilibus
2934 1326 3086 1383 ueluti
3122 1325 3326 1399 templis
3366 1334 3439 1381 te-

1834 1425 1934 1481 reti
1976 1434 2179 1480 moneta
2234 1424 2491 1495 percussis
2539 1423 2707 1479 inesse
2764 1422 3003 1479 similiter
3046 1436 3222 1499 regum
3267 1418 3438 1475 uultus

1835 1522 2083 1592 signaque
2104 1520 2404 1593 cognoscis;
2435 1518 2668 1591 nihilque
2698 1518 2847 1575 aliud
2875 1518 3069 1586 distat,
3101 1517 3202 1573 nisi
3221 1515 3359 1587 quod
3381 1517 3436 1571 in

1837 1625 1924 1672 tua
1945 1617 2098 1673 domo
2117 1617 2317 1671 minuta
2337 1625 2478 1681 sunt,
2504 1616 2557 1670 in
2586 1615 2778 1683 templo
2803 1616 3029 1689 majora,
3052 1629 3170 1682 qua:
3187 1614 3233 1667 si
3253 1628 3436 1682 eroga-

1832 1710 1986 1777 veris,
2013 1711 2231 1780 pecunia
2252 1720 2347 1777 est,
2370 1710 2415 1765 si
2434 1709 2714 1765 servaveris
2737 1708 2981 1764 simulare
3001 1706 3141 1780 (Lib.
3167 1722 3186 1762 ι
3228 1705 3432 1771 Tr._lO,

1836 1818 1890 1856 n.
1919 1802 1994 1871 ὅ).
2039 1801 2331 1857 Barouium
2369 1798 2775 1871 reprehendunt
2813 1797 3119 1855 doctissimi
3158 1795 3434 1853 Ballerinii

1831 1894 1948 1951 haec
1974 1894 2298 1951 adnotantes
2318 1893 2382 1949 ad
2405 1893 2532 1949 illud
2558 1892 3086 1960 verbum,simulacra
3105 1890 3434 1948 :Simutacra

1827 2007 1930 2046 non
1979 2000 2123 2046 erant
2166 1990 2309 2045 idola
2353 1991 2589 2061 quaedam
2615 2005 2736 2045 vera
2778 1990 2831 2043 in
2854 1991 3077 2044 nummis
3116 1987 3343 2060 sculpta,
3376 1999 3432 2042 ut

1826 2082 1963 2137 hunc
1994 2082 2164 2137 locant
2190 2098 2477 2156 perperam
2517 2082 2703 2155 accipit
2747 2080 3033 2137 cardinalis
3073 2079 3335 2136 Barottius
3376 2079 3431 2135 in

1825 2174 2245 2229 adnotationibus
2294 2173 2363 2228 ad
2408 2173 2834 2245 martyrologium
2885 2172 3126 2229 secundm
3185 2171 3430 2227 editionis

1831 2270 1917 2324 die
1947 2270 2017 2324 12
2068 2269 2297 2339 Aprilis,
2326 2268 2417 2324 sed
2444 2284 2682 2324 nummos
2706 2269 2869 2339 ipsos,
2896 2269 2985 2340 qui
3010 2268 3185 2323 uultus
3207 2268 3433 2338 impera-

1825 2372 1992 2417 torum
2012 2404 2026 2428 ,
2057 2363 2263 2434 aliaque
2289 2364 2439 2433 signa
2480 2362 2707 2417 nummis
2744 2361 2966 2432 insculpi
2995 2360 3151 2417 solita
3186 2362 3428 2433 prefere-

1824 2458 1946 2513 bant
1971 2499 1987 2524 ,
2027 2457 2426 2513 simulacrorum
2452 2457 2659 2512 nomine
2682 2454 2825 2511 Zeno
2853 2453 3103 2525 appellat.
3137 2452 3273 2522 Quis
3321 2465 3428 2507 non

1824 2550 1971 2606 videt
2011 2548 2071 2606 8.
2118 2548 2402 2605 Doctoretn
2449 2545 2596 2617 loqui
2623 2546 2694 2602 de
2739 2545 2932 2603 iisdem
2980 2543 3292 2601 simulacris
3340 2542 3427 2598 in-

1821 2644 2070 2713 sculptis.
2088 2658 2209 2714 quas
2225 2642 2543 2699 colebantur
2569 2641 2623 2696 in
2650 2640 2888 2709 templis.
2920 2637 3058 2694 Nilil
3078 2635 3225 2693 aliud
3246 2636 3426 2700 distat,

1820 2738 1924 2793 nisi
1952 2737 2090 2808 quod
2137 2738 2192 2791 in
2238 2745 2327 2790 tua
2356 2735 2511 2790 domo
2555 2734 2753 2789 minuta
2805 2742 2965 2798 sunt,
3019 2732 3073 2784 in
3102 2730 3291 2800 templo
3320 2746 3428 2783 ma-

1813 2836 1958 2908 jora.
1991 2830 2234 2902 Namque
2274 2846 2396 2885 cum
2424 2829 2556 2885 dicit
2586 2846 2601 2882 :
2644 2827 2711 2883 Et
2734 2827 2843 2882 illic
2877 2825 3047 2881 aureis
3073 2823 3429 2898 argenteisque

1820 2925 2274 2981 innumerabilibus
2301 2923 2456 2980 ueluti
2499 2922 2702 2992 templis
2748 2921 2890 2976 tereti
2920 2928 3123 2975 moneta
3165 2918 3423 2990 percussis

1819 3017 1985 3073 inesse
2044 3017 2279 3073 similiter
2343 3031 2522 3087 regum
2579 3014 2749 3069 vultus
2771 3054 2786 3076 ,
2839 3012 3085 3085 signaque
3126 3010 3421 3081 cognoscis,

1819 3112 2048 3180 nihilque
2098 3110 2245 3166 aliud
2301 3110 2492 3176 distat,
2550 3108 2652 3163 nisi
2698 3107 2835 3178 quod
2882 3107 2936 3161 in
2985 3115 3076 3160 tua
3124 3104 3276 3159 domo
3323 3103 3423 3157 mi-

1819 3217 1944 3262 nuta
1981 3216 2136 3273 sunt,
2164 3206 2218 3259 in
2244 3205 2434 3275 templo
2474 3205 2693 3275 majora,
2732 3209 2919 3270 aperte
2939 3196 3202 3270 signiﬁcat
3232 3195 3421 3252 eadem

1822 3299 1873 3354 in
1927 3297 2160 3355 nummis
2204 3295 2376 3367 sculpi
2404 3296 2579 3365 signa,
2617 3303 2672 3348 et
2710 3307 2896 3363 regum
2951 3289 3251 3360 imagines,
3301 3303 3424 3360 qua:

1820 3394 1874 3449 in
1919 3391 2122 3463 templo
2165 3403 2328 3460 super
2355 3403 2480 3444 aras
2524 3388 2728 3457 majora
2775 3395 2950 3441 erant.
2998 3382 3114 3451 Qua
3145 3381 3203 3437 8.
3253 3380 3421 3435 nostri

1818 3468 2075 3557 praesulis
2110 3481 2378 3541 sententia
2422 3478 2550 3536 illud
2597 3476 2904 3534 conﬁrmari
2950 3483 3193 3553 constat;
3227 3487 3422 3543 nempe

1817 3580 1995 3635 solere
2046 3577 2402 3646 imperatores
2440 3571 2701 3629 Ethnicos
2749 3583 2879 3627 suos
2926 3570 2977 3624 in
3022 3566 3256 3622 nummis
3304 3566 3422 3621 vul-

1817 3684 1903 3728 tus
1928 3670 2188 3727 exhibere
2224 3667 2327 3725 sub
2367 3666 2601 3736 imagine
2638 3678 2860 3720 suorum
2910 3661 3225 3726 numinum,
3266 3668 3324 3714 ut
3366 3658 3419 3713 iu

1817 3767 1993 3822 veteri
2040 3763 2399 3829 numismate,
2442 3762 2496 3815 in
2536 3776 2639 3828 quo
2688 3758 2969 3829 efﬁgiatum
3000 3755 3306 3826 Serapidem
3349 3755 3422 3809 si-

1814 3860 1987 3914 milem
2015 3857 2288 3912 Hadriano
2312 3853 2574 3924 conspici,
2605 3862 2659 3907 et
2682 3854 2825 3906 hunc
2849 3849 3226 3920 perantiquum
3254 3846 3419 3901 fuisse

1817 3968 2022 4010 morem
2064 3950 2389 4023 Spondanus
2416 3965 2480 4005 ex
2527 3945 2760 4003 Baronio
2802 3953 3032 4000 testatur
3077 3940 3306 4013 (Spoud.
3350 3941 3420 3994 ad

1813 4064 1879 4103 an
1907 4045 2041 4112 362,⁴
2072 4044 2101 4118 §
2130 4040 2188 4115 6)
2217 4061 2231 4097 :
2262 4045 2331 4098 At
2356 4042 2500 4098 enim
2537 4055 2667 4094 vero
2694 4081 2707 4103 ,
2746 4047 2802 4093 et
2831 4038 2963 4108 ipsae
2991 4033 3287 4091 Gentilium
3319 4033 3420 4087 im-

1814 4118 2124 4213 peratoruiu
2157 4138 2420 4208 imagines
2462 4136 2517 4191 in
2560 4133 2797 4188 nummis
2824 4145 2971 4186 cnsae
3013 4132 3063 4185 in
3099 4128 3300 4199 templo
3326 4142 3420 4183 co-

1815 4233 2087 4299 lebantur,
2116 4245 2238 4285 cum
2263 4230 2409 4285 inter
2429 4227 2565 4283 deos
2590 4226 2770 4291 relati,
2793 4225 2922 4287 aris,
2947 4222 3164 4286 statuis,
3192 4234 3257 4275 ac
3283 4228 3419 4276 tem-

1815 4326 1917 4397 plis
1963 4324 2015 4380 in
2059 4324 2298 4393 ipsorum
2346 4321 2607 4376 honorem
2639 4319 2858 4381 erectis,
2898 4314 3171 4385 tamquam
3214 4313 3308 4369 Dei
3348 4313 3417 4367 ab

1815 4416 2059 4474 Ethnicis
2081 4414 2441 4472 habebantur.
2471 4409 2587 4469 Non
2610 4421 2688 4467 est
2720 4410 2881 4482 igitur
2910 4424 3008 4466 cur
3033 4407 3266 4469 itaronio
3290 4420 3416 4463 suc-

1812 4507 2165 4574 censeatnus,
2195 4509 2285 4577 qui
2316 4506 2615 4577 genuinum
2643 4504 2702 4560 S.
2745 4486 2982 4558 Zenonis
3023 4516 3242 4557 sensum
3275 4500 3415 4556 acci-

1735 4640 1790 4701 D
1814 4606 2084 4675 picus,.ex
2108 4617 2177 4656 eo
2202 4600 2325 4671 jure
2346 4614 2409 4653 ac
2430 4598 2625 4653 inurito
2648 4595 2830 4662 infert,
2862 4594 2921 4650 S.
2948 4594 3221 4651 Zenonem
3255 4592 3415 4665 longe

1813 4711 1938 4756 ante
1966 4697 2399 4754 Christianorum
2432 4694 2821 4761 imperatorum
2856 4702 3097 4760 tempora
3129 4687 3414 4744 claruisse.

1802 4792 1932 4848 .Alia
1973 4791 2030 4848 S.
2075 4788 2311 4845 Zenonis
2341 4785 2506 4843 verba
2546 4803 2559 4839 :
2593 4799 2705 4855 quia
2743 4785 2788 4839 si
2825 4781 3153 4853 erogaret-is,
3197 4781 3414 4852 pecunia

1813 4897 1922 4951 est,
1955 4887 1999 4941 si
2021 4882 2298 4941 servaveris
2335 4879 2635 4939 simulacra.
2670 4866 2913 4932 indicant
2940 4872 3262 4930 Christianis
3292 4886 3415 4945 per-

1815 4981 2039 5034 missum
2069 4973 2233 5030 fuisse
2258 4973 2336 5028 uti
2361 4970 2586 5043 pecunia
2615 4967 2935 5024 idololatriae
2962 4965 3131 5036 signis
3160 4977 3409 5034 percussa

1813 5073 1882 5127 ad
1928 5066 2299 5140 erogandum,
2350 5074 2556 5120 tantum
2609 5061 2820 5118 scilicet
2870 5059 2935 5115 ad
2986 5074 3142 5115 usum
3189 5055 3412 5113 immani

1811 5160 2149 5220 commercii.
2198 5159 2300 5230 Qui
2352 5173 2481 5215 vero
2510 5156 2793 5230 pecuniam
2840 5166 3157 5219 servasset,
3188 5149 3413 5222 pecunia

1810 5256 2157 5317 abutebatur,
2187 5254 2315 5309 etin
2339 5268 2399 5310 ea
2432 5266 2538 5305 non
2569 5264 2726 5305 usum
2757 5246 3056 5315 respiciens
3076 5286 3092 5313 ,
3122 5243 3217 5301 sed
3260 5258 3373 5299 rem
3394 5285 3411 5310 ,

1811 5347 2097 5404 aﬂ‘ectione
2124 5344 2353 5418 quadam
2382 5387 2397 5412 ,
2439 5353 2494 5399 et
2521 5343 2729 5398 honore
2759 5339 2900 5397 idola
2941 5341 2992 5396 in
3026 5337 3261 5394 nummis
3285 5351 3412 5391 con-

1815 5451 1963 5497 tenta
1997 5438 2250 5511 prosequi
2280 5436 2583 5493 videbatur.

1818 5577 1848 5651 ς
1879 5575 1946 5632 ν.
1989 5575 2052 5633 S.
2080 5574 2224 5632 Zeno
2248 5573 2344 5628 Tr.
2372 5588 2500 5641 xcv,
2531 5571 2626 5628 lib.
2660 5569 2871 5626 «eundi
2900 5564 3416 5637 quartum'stcculum

2432 5683 2537 5723 non
2561 5665 2773 5721 indicat.

1893 5789 1959 5848 Et
1984 5787 2102 5844 haec
2134 5786 2191 5845 S.
2215 5785 2454 5843 Zenonis
2482 5783 2645 5840 verba
2679 5801 2692 5835 :
2727 5781 3018 5836 Autumnus
3046 5792 3248 5849 quoque
3275 5774 3421 5830 Mar-

1821 5878 1942 5955 ψη
1972 5878 2112 5938 tam
2153 5883 2247 5949 est.
2274 5877 2329 5933 tu
2367 5884 2468 5951 quo
2509 5882 2613 5932 non
2652 5868 2791 5940 rtus.
2841 5868 2931 5927 uti
2961 5863 3175 5943 prsert-
3211 5865 3421 5938 smutt
3510 5870 3517 5873 ‘
