3798 6322
362 350 466 404 (399

1518 349 1605 406 nn
1661 345 1909 405 sitvc'n
1949 343 2242 404 ZENONIS
2284 345 2555 404 crocus
3528 348 3608 400 tua

359 469 825 545 effundituern.
856 469 912 539 8,
941 469 1011 524 ad
1039 469 1269 525 eumdem
1295 468 1411 543 tr.).
1440 469 1947 540 Quartuminnuere
1973 474 2024 534 Α
2057 467 2180 523 trita
2203 467 2496 524 obtundam
2528 468 2705 524 verbis
2735 467 3086 539 palpantibus
3124 467 3295 522 aciem
3324 467 3564 522 veritatis.
3594 488 3610 520 ι

357 563 616 621 szeculum
674 561 862 620 volunt
923 562 1134 618 Domini
1191 559 1489 619 Ballerinii.
1547 562 1630 620 Ita
1669 563 1739 618 ad
1781 562 1952 636 quarti

355 654 534 711 seculi
582 652 841 727 Martyres
887 653 983 732 (ita
1007 653 1136 728 ipsi)
1185 656 1446 729 praecipue
1473 657 1711 728 pertinet,
1766 658 1954 731 quippe

357 747 625 821 episcopi,
674 758 723 803 et
770 747 1104 804 ecclesiastici
1148 751 1256 822 fere
1312 754 1521 822 fuerunt
1576 767 1738 806 sacra:
1792 751 1954 806 vinea:

356 845 576 915 {asseres
623 851 673 897 et
720 844 966 906 cultores,
1018 860 1145 915 quos
1201 844 1524 913 potissimum
1571 845 1827 918 impetitos
1895 861 1954 900 eo

352 936 543 991 aesculo
593 937 827 1008 legimus,
871 939 1009 1010 quod
1043 938 1300 1006 prioribus
1350 940 1553 994 suculis
1599 956 1701 994 non
1746 941 1955 995 omnino

354 1031 614 1099 convenit,
644 1045 762 1087 cum
803 1040 852 1086 et
903 1031 1096 1097 clerici,
1141 1041 1187 1088 et
1216 1034 1334 1087 laici
1369 1031 1652 1089 Christiani
1687 1036 1876 1103 passim
1921 1053 1953 1089 a

357 1122 648 1180 Gentilibus
697 1127 1076 1184 mutabantur.
1131 1129 1201 1183 At
1242 1128 1512 1198 prioribus
1561 1129 1778 1185 saeculis
1823 1144 1956 1186 con-

355 1201 548 1274 vitnire
569 1222 799 1276 testatur
841 1220 1108 1276 Eusebius
1141 1220 1311 1295 (Hist.
1355 1222 1392 1278 ι.
1426 1239 1501 1291 v1,
1545 1241 1662 1295 cup.
1696 1225 1813 1296 2i),
1846 1224 1955 1280 Ma-

355 1311 621 1368 ximinum
647 1312 858 1370 scilicet
885 1314 1268 1386 imperatorem
1315 1317 1367 1372 in
1398 1315 1741 1375 Christianos
1768 1333 1958 1391 perse-

355 1406 576 1462 cutione
629 1417 772 1463 muta
814 1407 1045 1479 iussisse
1087 1411 1235 1466 solos
1284 1411 1646 1468 Ecclesiarmn
1695 1413 1960 1484 praesides

359 1510 635 1571 tamquam
676 1511 926 1558 auctores
968 1500 1236 1559 doctrinas
1273 1504 1615 1576 Evangelicte
1651 1506 1770 1562 neci
1813 1505 1953 1561 dari.

357 1594 507 1651 Tunc
547 1595 658 1651 due
698 1599 894 1654 summi
944 1597 1227 1669 pontifices
1274 1599 1593 1666 Pontianus,
1625 1609 1679 1656 et
1724 1603 1958 1656 Anteros

357 1703 463 1743 non
492 1688 672 1744 adhuc
709 1688 906 1762 elapso
924 1691 1154 1747 duorum
1182 1694 1454 1748 mensium
1484 1694 1667 1764 spatio
1691 1705 1956 1765 martyres

355 1784 630 1840 obierunt.
663 1786 887 1842 Constat
919 1788 1081 1843 etiam
1107 1803 1175 1843 ex
1204 1788 1260 1844 S.
1292 1786 1550 1861 Cypriani
1594 1789 1819 1860 epistola
1843 1830 1856 1857 ,
1903 1801 1958 1845 et

2059 560 2190 629 Quae
2229 562 2434 633 quidem
2465 561 2722 616 Chronica
2759 563 2954 616 notatio
2995 572 3102 615 tum
3128 562 3182 615 in
3228 578 3343 616 mss.
3390 562 3616 628 omnibus,

2054 662 2161 708 tum
2188 654 2240 708 in
2265 655 2490 709 editione
2513 655 2683 724 prima
2714 651 2904 720 Veneta
2935 656 3110 725 palam
3140 671 3204 708 ac
3229 654 3454 708 distincte
3478 658 3620 726 posita

2052 757 2149 814 est,
2184 765 2274 803 nec
2305 749 2406 804 nisi
2436 748 2490 802 in
2535 750 2809 821 posteriori
2850 749 3075 804 editione
3112 747 3410 813 Veronensi,
3437 766 3503 806 ex
3541 766 3624 817 qua

2053 842 2173 897 alia:
2217 845 2461 915 profecta:
2490 851 2608 898 sunt
2646 842 2708 897 ab
2733 842 3013 898 editoribus
3040 842 3278 914 (Peretto
3317 849 3371 896 et
3405 841 3626 914 Bagatta)

2055 952 2389 990 numerorum
2427 937 2666 991 mendum
2711 936 3070 990 incusantibus
3099 935 3307 1007 proprio
3346 946 3506 988 marte
3539 953 3630 989 διες

2055 1040 2161 1085 tato
2189 1046 2246 1084 eo
2277 1047 2379 1084 uno
2421 1031 2722 1106 prwjudicio
2751 1040 3009 1095 movente,
3032 1031 3171 1100 quod
3197 1029 3458 1082 Auctorem
3490 1031 3622 1082 tertia

2055 1126 2242 1179 swcnlo
2296 1124 2482 1179 vixisse
2544 1125 2902 1193 opinarentur.
2962 1143 2982 1176 t
3030 1121 3182 1190 Quod
3233 1122 3485 1194 objiciun-
3541 1125 3628 1188 (ῐιι-

2055 1221 2293 1291 quiunt),
2345 1233 2653 1274 sermonem
2685 1217 2751 1273 de
2777 1217 3124 1273 Continenti:
3157 1232 3264 1272 non
3298 1229 3416 1273 esse
3449 1215 3520 1272 S.
3552 1215 3634 1270 Ze-

2057 1312 2218 1366 nonis
2249 1309 2521 1382 martyris,
2566 1325 2687 1368 cum
2722 1309 2774 1365 in
2806 1326 2872 1367 eo
2904 1310 3116 1381 legatur
3151 1319 3337 1364 auctor
3363 1308 3635 1363 abfuisse:

2059 1405 2119 1460 S.
2168 1403 2316 1458 Pauli
2361 1403 2610 1458 doctrina
2641 1402 2915 1475 divulgata
2952 1403 3110 1456 annis
3136 1401 3562 1472 quadringentis,
3595 1408 3638 1455 et

2057 1512 2124 1554 eo
2151 1498 2452 1570 amplius...
2495 1496 2726 1558 dicimus
2758 1506 2985 1563 textum,
3019 1495 3180 1553 sicuti
3223 1496 3397 1550 multis
3436 1495 3492 1548 in
3527 1495 3638 1548 luds

2056 1603 2140 1651 est
2172 1593 2480 1659 mendosus,
2513 1593 2585 1647 ita
2644 1603 2701 1647 ut
2741 1575 2887 1664 szrpe
2938 1593 2995 1644 lit
3036 1592 3087 1644 in
3136 1591 3390 1657 numeris,
3429 1591 3508 1645 ibi
3540 1602 3640 1646 esse

2059 1688 2429 1758 depravatum.
2471 1705 2489 1738 ι
2539 1685 2704 1754 Quam
2735 1684 3023 1756 corrigendi
3048 1685 3297 1738 rationem
3319 1687 3465 1739 nullo
3485 1687 3641 1743 cedite

2059 1781 2315 1846 innixam,
2349 1781 2505 1833 immo
2553 1789 2730 1832 contra
2759 1778 2914 1846 ﬁdem
2951 1778 3185 1832 codicum
3217 1791 3518 1848 usurpatam
3555 1783 3642 1852 (qui

357 1877 421 1934 D.
472 1875 730 1950 Zenonis,
776 1890 938 1938 actate
975 1882 1249 1939 Valeriani
1291 1884 1636 1954 imperatoris
1679 1884 1855 1940 edicto
1899 1885 1952 1940 in

2079 1882 2304 1927 trwterea
2331 1888 2430 1925 non
2477 1887 2568 1942 per
2593 1871 2881 1924 numeratos
2916 1869 3116 1924 litteras
3161 1866 3344 1935 CCCC,
3388 1873 3490 1926 sed
3520 1889 3640 1937 sine,

356 1973 664 2046 episcopos,
691 1976 1061 2049 presbyteros,
1098 1985 1153 2032 et
1184 1976 1444 2032 diaconos
1488 1977 1658 2033 fuisse
1688 1978 1954 2048 praecipue

354 2068 814 2138 anitiiadversum,
846 2085 1016 2140 quare
1041 2079 1096 2126 et
1122 2069 1305 2126 Sixtus
1335 2085 1579 2126 summus
1605 2071 1868 2141 pontifex,
1903 2085 1958 2128 et

460 2162 782 2219 Laurentius
825 2164 1112 2231 diaconus,
1159 2172 1326 2236 atque
1356 2165 1500 2221 idem
1541 2165 1600 2221 S.
1630 2166 1954 2237 Cyprianus,

359 2255 558 2325 aliique
587 2257 850 2327 episcopi,
883 2258 1073 2314 eodem
1103 2272 1247 2314 anno
1299 2261 1556 2332 martyrio
1585 2260 1828 2316 coronati
1883 2261 1961 2316 le-

360 2355 578 2416 guntur.
607 2347 955 2421 Quapropter
977 2350 1263 2408 dicendum
1302 2363 1406 2420 est,
1446 2353 1504 2408 S.
1535 2353 1808 2410 Zenonem
1846 2354 1956 2424 fuso

362 2440 494 2494 suria
523 2441 743 2498 nomine
777 2441 878 2498 hos
907 2449 1126 2500 sanctos
1158 2445 1418 2516 pnesules
1459 2446 1748 2514 indicasse,
1784 2462 1959 2519 neque

361 2533 476 2588 sola
503 2536 896 2606 suppositione,
928 2538 1072 2608 quod
1101 2537 1159 2596 S.
1187 2539 1335 2595 Zeno
1355 2548 1550 2610 quarto
1566 2541 1767 2597 sacculo
1788 2527 1961 2612 scrip-

361 2625 515 2694 serit,
546 2626 616 2682 ad
639 2629 924 2701 episcopos
949 2641 1146 2702 quarto
1173 2634 1372 2688 saculo
1398 2635 1448 2689 in
1475 2634 1801 2691 Arianorum
1831 2649 1960 2706 per-

359 2721 642 2776 secutione
682 2723 944 2795 martyrio
989 2724 1216 2782 allectos
1263 2725 1624 2798 eii‘ugiendutn
1667 2737 1774 2784 est.
1815 2728 1960 2784 Nus-

361 2827 522 2882 quam
549 2813 752 2870 etenim
780 2815 978 2886 legitur
1002 2818 1054 2872 in
1081 2818 1458 2878 Ecclesiastica
1486 2821 1733 2890 historia,
1765 2834 1962 2894 quarto

362 2904 563 2960 saeculo
589 2906 771 2962 edicto
804 2909 1084 2990 proposito
1114 2914 1550 2981 persecutionem
1589 2917 1644 2970 in
1672 2917 1962 2989 episcopos

365 2998 704 3068 potissimum
737 3003 980 3058 crevisse.
1007 3005 1189 3074 Neque
1229 3007 1394 3062 ullum
1424 3007 1523 3065 SS.
1553 3009 1773 3066 Patrum
1795 3028 1823 3066 a
1853 3012 1964 3066 Do~

365 3092 528 3148 minis
571 3092 884 3151 Balleriniis
929 3097 1154 3154 allatura
1204 3101 1596 3170 testimonium,
1653 3117 1724 3160 ne
1770 3105 1966 3162 leviter

363 3187 581 3258 quidem
605 3188 708 3246 hoc
736 3189 970 3260 indicat;
1004 3207 1124 3264 qua:
1150 3196 1453 3253 testimonia
1475 3197 1522 3253 si
1544 3212 1664 3254 cum
1696 3198 1754 3256 S.
1786 3200 1965 3256 Zeno-

2055 1967 2460 2038 quadringentas
2479 1979 2745 2019 numerum
2773 1963 3108 2037 exprimunt),
3154 1963 3514 2020 Tillemontins
3541 1985 3643 2022 ros-

2057 2061 2289 2114 sideraus
2315 2059 2648 2113 adnotatione
2668 2057 2701 2112 6
2729 2057 2781 2111 in
2819 2058 3170 2128 persecutione
3200 2055 3486 2127 Valeriani,
3517 2062 3641 2115 illam

2056 2154 2180 2211 satis
2210 2165 2422 2221 certam,
2453 2164 2499 2207 et
2529 2164 2690 2207 tutam
2712 2169 2821 2208 esse
2847 2154 2943 2220 ait,
2983 2163 3037 2208 ut
3064 2169 3120 2208 se
3144 2155 3257 2222 quis
3281 2171 3313 2208 a
3341 2156 3642 2226 gratissimis

2057 2247 2452 2319 difﬁcultatibus
2482 2247 2636 2318 facile
2659 2246 2934 2310 subducat,
2961 2255 3112 2317 atque
3143 2248 3395 2318 expediat.

2132 2341 2316 2412 itaque
2345 2341 2404 2398 8.
2439 2340 2674 2397 Zenonis
2703 2349 2883 2397 textus
2913 2340 3261 2414 incorruptus
3293 2341 3393 2396 hoc
3448 2342 3506 2396 in
3545 2343 3644 2399 loco

2059 2445 2145 2494 est
2187 2436 2502 2502 habendus;
2538 2435 2741 2491 notatio
2772 2449 2905 2507 ergo
2931 2435 3458 2506 quadringentorum
3491 2455 3643 2493 anno-

2061 2546 2180 2586 rum
2212 2529 2460 2586 eumdem
2491 2530 2548 2586 S.
2577 2529 2865 2585 Doctorem
2896 2530 3098 2584 SiCCUlO
3119 2530 3310 2600 quinto
3332 2533 3646 2587 scribentem

2059 2623 2216 2680 lateri
2244 2639 2345 2679 nos
2369 2631 2548 2694 coget.
2582 2622 2717 2678 Nam
2743 2637 2868 2677 cum
2913 2622 3146 2692 epistola
3167 2623 3342 2693 prima
3368 2626 3443 2678 ad
3474 2625 3646 2681 Ceria-

2064 2718 2206 2773 tliios
2231 2719 2384 2789 juxta
2416 2718 2634 2793 Damnii
2673 2715 3100 2790 Chronologia
3139 2734 3284 2774 anxie
3311 2719 3534 2775 Domini
3572 2721 3645 2787 δῖ,

2063 2812 2379 2882 conscripta
2421 2812 2509 2877 sit,
2543 2811 2689 2868 hunc
2726 2811 2891 2882 igitur
2921 2811 2984 2867 S.
3015 2810 3166 2868 Zeno
3193 2826 3513 2869 set-nmen
3539 2829 3646 2884 tra-

2065 2905 2182 2960 tulit
2211 2920 2353 2960 anno
2377 2905 2504 2961 457.
2531 2905 2585 2960 Id
2617 2919 2718 2975 ego
2745 2904 2971 2959 minime
2990 2905 3326 2961 crediderim
3352 2905 3648 2962 adrisor“

2064 3000 2450 3056 eruditissimis
2491 2999 2842 3063 Balleriniis,
2875 3000 2968 3069 qui
3014 3014 3115 3070 pro
3161 3014 3214 3056 Iv
3261 3002 3472 3056 seculo
3515 3017 3647 3056 acer-

2065 3094 2204 3149 rime
2249 3102 2488 3164 pugnant
2528 3111 2540 3146 :
2582 3107 2760 3163 neque
2808 3107 2962 3159 vero,
3009 3104 3067 3147 ut
3109 3092 3273 3149 facile
3302 3094 3650 3152 demonstrari

2068 3189 2258 3260 possit,
2293 3188 2521 3258 tempori
2570 3186 2698 3242 huic
2721 3195 2920 3241 cratera
2949 3201 3074 3258 quas
3106 3186 3159 3241 in
3195 3201 3263 3245 eo
3308 3198 3540 3244 tractatu
3581 3189 3644 3246 inv

362 3280 447 3338 nis
492 3283 672 3339 verbis
709 3284 940 3341 invicem
969 3289 1344 3357 conterantur,
1385 3289 1660 3347 diversum
1705 3295 1961 3350 stet-nium

2079 3291 2264 3353 guntur
2289 3280 2421 3336 satis
2450 3279 2803 3336 conveniunt.

364 3373 590 3432 indicari
630 3378 859 3450 quisque
889 3381 1065 3450 primo
1093 3393 1317 3452 aspectu
1363 3384 1682 3454 conSpiciet,
1723 3397 1792 3440 eo
1820 3388 1965 3458 quod

363 3469 416 3523 in
467 3469 658 3527 iisdem
709 3472 1034 3529 testimoniis
1075 3476 1280 3542 Ariani,
1327 3475 1604 3533 Nicmnum
1647 3479 1961 3549 colicillum,

367 3560 563 3618 Valens
604 3565 899 3635 imperator
929 3571 1148 3640 proprio
1196 3571 1411 3627 nomine
1439 3584 1960 3644 commemorentur,

367 3654 507 3724 quod
537 3670 566 3709 a
590 3655 813 3714 Zenone
838 3676 1060 3731 prorsus
1091 3663 1328 3719 alienum
1359 3673 1462 3734 est,
1491 3676 1547 3722 ut
1572 3681 1737 3740 supra
1763 3671 1963 3741 saepius

369 3757 612 3806 notatum
642 3759 746 3807 εει.

369 3888 397 3959 §
433 3888 521 3946 Vl.
569 3889 1078 3966 Quadringentorum
1104 3911 1360 3952 animum
1382 3914 1624 3956 numerus
1665 3902 1719 3958 in
1742 3912 1964 3960 tractatu

439 3983 618 4056 quinto
654 3982 716 4040 8.
743 3985 972 4044 Zenonis
1001 3987 1118 4043 libri
1163 3992 1317 4059 primi
1360 3991 1424 4048 de
1454 3993 1796 4063 (inminentia,
1836 4014 1964 4054 ana-

439 4081 762 4142 eltranismns
786 4093 862 4137 est
906 4081 1313 4144 Tabellariorum
1356 4086 1478 4141 vitio
1503 4089 1557 4143 in
1587 4106 1682 4144 ms.
1726 4091 1962 4164 itlapsus,

436 4189 679 4238 accurate
702 4180 830 4235 satis
859 4195 888 4234 α
914 4177 1164 4249 Baronio,
1201 4179 1435 4251 Pareae,
1479 4193 1526 4240 et
1554 4183 1774 4259 Bagatta
1795 4204 1966 4243 emen-

437 4276 612 4330 datus.

439 4409 566 4467 Haec
591 4412 1104 4484 quadringentorum
1134 4431 1400 4473 annorum
1450 4427 1600 4489 nota,
1651 4435 1774 4492 qum
1818 4421 1869 4478 in
1901 4422 1959 4481 S.

370 4504 602 4560 Zenonis
635 4516 862 4564 tractatu
911 4507 978 4565 de
1002 4508 1348 4568 Continentia
1377 4511 1594 4584 legitur,
1629 4520 1963 4588 praecipuum

369 4597 509 4654 forte
538 4611 914 4671 argumentum
959 4613 1058 4673 est,
1104 4619 1211 4677 quo
1241 4605 1307 4662 ad
1339 4607 1580 4676 ejusdem
1623 4608 1680 4664 S.
1709 4608 1965 4670 Prmsulis

2135 3373 2270 3432 Cum
2300 3374 2482 3448 itaque
2511 3373 3029 3446 quadringentorum
3059 3391 3332 3432 annorum
3364 3375 3527 3432 lectio
3553 3385 3648 3432 tes-

2067 3469 2140 3525 tui
2189 3469 2358 3539 ipsius
2405 3474 2674 3528 sermonis
2716 3479 3000 3540 repugnet,
3046 3477 3105 3524 ut
3153 3469 3361 3542 optime
3409 3468 3650 3523 Baronius

2067 3563 2296 3627 notavit,
2338 3559 2628 3618 manifesto
2659 3561 2996 3631 dignoscitur
3020 3562 3472 3627 anacronismus,
3498 3571 3545 3616 et
3568 3577 3646 3614 er-

2066 3671 2161 3711 ror
2185 3657 2329 3711 circa
2371 3669 2638 3711 annorum
2664 3670 2950 3711 numerum
2983 3655 3041 3711 in
3089 3663 3300 3710 textum
3347 3655 3408 3711 8.
3438 3651 3647 3716 Zeuxim;

2067 3750 2154 3806 illa
2163 3767 2313 3823 psus.

2140 3844 2264 3902 Sua:
2294 3851 2352 3900 nt
2397 3841 2800 3916 adstipulentur
2847 3843 3135 3899 sententia:
3166 3840 3358 3902 eximii
3402 3841 3648 3898 Ballerinii

2069 3947 2275 3994 textum
2297 3938 2670 4009 incorruptum
2696 3937 2906 4005 volunt,
2938 3947 2993 3994 et
3018 3937 3538 4010 quadringentorum
3559 3953 3646 3991 aa-

2067 4051 2257 4092 noruni
2289 4049 2571 4090 numerum
2595 4049 2704 4088 non
2732 4032 2899 4089 fuisse
2926 4034 3197 4092 vitiatum.
3223 4033 3296 4088 At
3334 4051 3454 4089 eam
3485 4035 3648 4087 meum

2067 4130 2360 4196 rationem,
2393 4136 2449 4183 ut
2499 4127 2566 4184 ad
2595 4139 2846 4199 quartum
2877 4129 3140 4184 saeculum
3181 4129 3239 4185 8.
3275 4128 3539 4184 Zenonem
3569 4142 3645 4182 re-

2067 4233 2281 4287 vocent,
2314 4224 2521 4279 scilicet
2571 4221 2830 4278 usitatum
2889 4221 3080 4278 dicunt
3109 4231 3369 4278 auctores
3417 4224 3562 4283 inter,
3595 4229 3646 4274 et

2065 4318 2388 4385 anteriores,
2449 4327 2504 4376 ct
2547 4333 2782 4386 comvos,
2837 4327 2892 4372 et
2944 4317 3280 4390 posteriores
3327 4318 3538 4380 Zenoni,
3593 4325 3644 4370 ut

2067 4415 2453 4488 quinquaginta
2521 4429 2788 4471 annorum
2857 4427 3141 4470 excessum
3206 4427 3317 4469 non
3373 4421 3644 4475 curarent,

2068 4525 2230 4582 quam
2284 4509 2354 4566 ad
2407 4511 2783 4568 insinuandam
2847 4509 3210 4570 assertionem
3257 4524 3416 4565 suam
3456 4507 3644 4577 aliquot

2069 4606 2374 4677 Producunt
2413 4604 2686 4674 exempla,
2733 4619 2852 4674 quae
2890 4601 2982 4662 hic
3027 4601 3390 4664 examinanda
3438 4599 3646 4672 proici-i-

368 4700 584 4748 tctatetn
627 4705 655 4746 a
688 4695 848 4750 tertio
891 4672 1089 4753 smculo
1116 4672 1470 4756 amovendum
1509 4702 1586 4756 uti
1629 4702 1838 4773 possint
1885 4704 1960 4772 bi,
1992 4672 2045 4732 D
2246 4699 2526 4766 Arnobius,
2564 4672 2652 4766 qui
2685 4672 3010 4753 Diocletiano
3052 4696 3359 4768 imperante,
3389 4695 3444 4746 id
3468 4704 3530 4748 cst
3559 4691 3643 4746 at

369 4789 458 4858 qui
490 4787 591 4844 sub
619 4787 864 4845 Gallieno
892 4791 1064 4862 ipsum
1094 4792 1341 4851 ﬂoruisse
1368 4804 1581 4868 negant.
1618 4795 1761 4852 Idem
1791 4797 1961 4869 pluri—

370 4881 657 4938 mifaeiuut
684 4897 807 4938 cum
837 4881 1183 4942 Tillemontio
1200 4887 1486 4944 clarissimi
1510 4889 1789 4947 Ballerinli
1816 4891 1963 4964 (Dis-

368 4986 488 5034 sert.
523 4977 573 5040 i,
604 4993 720 5050 cap.
750 4975 806 5042 2,
841 4975 868 5049 §
894 4975 971 5049 l).
995 4976 1102 5033 Nos
1129 4989 1186 5034 ut
1211 4983 1356 5035 omni
1383 4998 1507 5039 cum
1535 4984 1802 5041 evidentia
1833 4987 1964 5042 ineo

369 5068 726 5140 expendendo
777 5072 1152 5141 procedamus,
1200 5076 1513 5133 eorumdem
1545 5078 1706 5135 verba
1753 5082 1966 5136 exscri-

369 5163 581 5220 bemus.
606 5163 810 5235 Itaque,
830 5163 1343 5237 quadringentorum
1371 5170 1540 5227 ferme
1557 5187 1846 5242 annorum,
1870 5191 1964 5230 no-

369 5255 518 5323 tatio,
554 5257 679 5329 quia
714 5258 906 5313 tradita
945 5258 1226 5315 Corinthiis
1275 5261 1511 5332 Epistula
1541 5263 1702 5322 Pauli
1739 5268 1808 5321 ad
1839 5285 1965 5322 auc-

367 5349 495 5406 toris
523 5361 724 5406 tetatem
748 5365 1088 5408 recensentur.
1108 5352 1289 5411 Tract.
1321 5372 1351 5407 ν
1390 5349 1483 5412 lib.
1507 5375 1546 5425 t,
1567 5359 1789 5416 evidens
1806 5377 1969 5434 arguo

370 5453 609 5500 mentum
636 5454 739 5513 est,
769 5463 886 5501 eum
911 5446 1102 5503 steculo
1137 5459 1321 5519 quarto
1350 5449 1615 5517 scripsisse
1640 5470 1659 5507 :
1704 5453 1799 5510 Sic
1829 5456 1965 5509 enim

367 5540 439 5596 ibi
461 5541 712 5597 habetur.-
745 5559 766 5594 ι
802 5541 876 5598 At
898 5557 1021 5599 cum
1045 5553 1172 5600 ante
1197 5547 1371 5601 annos
1392 5545 1566 5602 lenne
1599 5548 1968 5620 quadringen-

370 5647 477 5705 tos,
506 5637 594 5692 vel
624 5653 690 5692 eo
730 5640 961 5709 amplius
997 5640 1355 5710 apostolicum
1395 5641 1497 5697 hoc
1523 5653 1780 5712 operetur
1819 5647 1966 5702 edic-

375 5742 512 5793 tum,
538 5745 648 5801 quo
685 5738 742 5796 et
779 5731 1079 5792 vivaciores
1117 5733 1268 5790 luere
1311 5732 1584 5804 homines,
1620 5745 1687 5792 et.
1705 5737 1967 5800 rarissimi

387 5823 720 5892 Christiani;
743 5841 846 5888 cur
863 5844 991 5900 ergo
1020 5829 1332 5888 Christiano
1373 5831 1508 5888 orbe
1540 5831 1660 5904 ipso
1691 5830 1974 5904 parteiam

393 5925 532 5984 toto,
567 5915 950 5991 hominumque
982 5919 1262 5982 vivacitate
1287 5922 1490 5984 mundo
1516 5933 1838 5984 senescente
1877 5925 1972 5983 de-

2067 4795 2217 4849 initio
2259 4793 2428 4864 quarti
2475 4791 2654 4847 sazculi
2683 4792 2890 4861 ﬂoruit,
2943 4786 3272 4862 Hieronymo
3311 4797 3454 4854 teste,
3491 4801 3646 4838 neas-2

2067 4891 2177 4944 hac
2213 4887 2491 4948 Etltnicum
2519 4887 2772 4944 adversus
2789 4883 3108 4942 Christianas
3147 4885 3435 4951 loquentem

2065 4984 2196 5038 libro
2223 4999 2284 5050 ιι,
2313 4983 2504 5056 pagina
2545 4979 2712 5038 44....
2743 4979 2884 5036 Ante
2919 4979 3347 5054 quadringentos
3375 4990 3536 5032 annos
3565 4990 3647 5029 re-

2067 5079 2226 5150 ligio,
2259 5077 2455 5149 inquit,
2496 5087 2682 5136 vestra
2712 5091 2820 5134 non
2846 5073 3050 5132 iuit...‘!
3095 5072 3164 5128 In
3211 5070 3462 5128 Formula
3498 5070 3650 5138 ﬁdei,

2069 5187 2224 5242 quam
2253 5168 2689 5240 Pseudosgnodus
2719 5166 3038 5230 Antiochena
3067 5167 3272 5237 scripsit
3300 5181 3430 5222 anno
3455 5161 3574 5224 345,
3605 5169 3651 5214 ct

2069 5264 2315 5320 recitatur
2331 5261 2392 5322 ab
2415 5260 2702 5322 Athanasio
2719 5262 2774 5316 in
2795 5261 2927 5318 libro
2941 5260 3004 5314 de
3025 5259 3276 5330 Synodis,
3305 5260 3409 5312 hac
3431 5257 3487 5308 de
3505 5250 3651 5306 Pas-

2071 5358 2295 5413 lianistis
2334 5358 2574 5427 leguntur
2599 5372 2618 5411 :
2677 5377 2697 5412 ι
2743 5354 3018 5415 Christum
3043 5365 3225 5416 autem
3253 5354 3441 5424 ipsum,
3478 5357 3524 5402 et
3556 5346 3648 5400 Fi-

2072 5453 2207 5508 lium
2239 5449 2336 5514 Dei
2381 5451 2577 5508 iactum
2618 5461 2764 5515 esse,
2804 5463 2873 5506 ex
2916 5463 3025 5518 quo
3054 5456 3299 5504 nostram
3340 5456 3538 5499 carnem
3582 5455 3646 5492 ex

2072 5546 2292 5618 Virgine
2331 5545 2644 5614 assumpsit,
2703 5555 2811 5606 non
2849 5542 2977 5598 totis
3027 5541 3225 5596 abhinc
3263 5535 3651 5610 quadringentis

2074 5638 2256 5694 annis.
2299 5656 2318 5689 ι
2366 5635 2615 5694 Eusebius
2658 5633 2994 5697 Ctesariensis
3020 5633 3247 5698 eiusdem
3277 5629 3444 5686 siccati
3470 5627 3650 5694 Serip-

2075 5745 2155 5789 tor
2188 5733 2274 5804 qui
2317 5730 2452 5788 diem
2475 5729 2600 5785 obiit
2639 5745 2776 5784 anno
2805 5728 2933 5795 540,
2960 5728 3036 5782 sic
3061 5727 3248 5793 emitur
3270 5724 3361 5778 lib.
3387 5736 3422 5776 n
3471 5729 3651 5771 contra

2081 5829 2391 5887 Marcellum
2405 5828 2799 5896 Arausicanum,
2818 5840 2937 5896 cap.
2967 5838 3080 5890 1...,
3099 5821 3193 5885 tiu
3220 5816 3397 5892 primu?
3426 5812 3654 5888 parado-

2095 5939 2224 5983 xum
2256 5923 2389 5981 illud
2432 5932 2516 5981 est
2556 5921 2824 5996 incepisse
2860 5919 2965 5980 hoc
2999 5916 3220 5977 verbum
3248 5911 3314 5971 ab
3340 5907 3480 5970 annis
3514 5903 3651 5968 hinc
