3798 6322
108 366 225 425 ’701

1537 357 2015 423 ιδιεεειιτλτιο.

3311 367 3413 422 702

110 481 984 556 retroquadriugentisitnpletis..
1031 501 1050 537 ι
1073 480 1500 555 Pseudosynodus
1527 484 1714 539 Sardi-
1739 486 1792 546 Α
1820 482 2058 541 Fabricio
2086 487 2420 555 elaboratam,
2465 488 2571 544 haec
2607 490 2766 546 tradit
2803 505 2917 562 cap.
2957 491 3084 546 3....
3122 489 3186 546 Et
3227 491 3351 546 inde
3389 507 3420 546 ει

111 581 296 632 censis
354 580 404 631 in
458 577 654 632 decreto
697 581 836 650 apud
896 577 1160 634 Hilarium
1215 584 1355 654 frag.
1410 577 1464 648 5,
1507 595 1719 634 numero

109 685 156 738 1,
191 682 326 726 tom.
359 685 415 736 tt,
445 685 561 742 pag.
593 671 720 738 618,
749 673 984 730 editionis
1010 671 1319 729 Veronensis
1360 673 1574 746 (nostra:
1603 689 1718 728 vero

111 764 385 833 editionis,
415 774 532 820 tom.
585 782 638 833 Χ,
688 768 784 822 col.
817 767 968 841 659),
1002 769 1236 822 eumdem
1263 766 1568 822 Marcellum
1610 765 1717 822 An-

110 878 375 936 cyranum
413 861 730 936 reprehendit
774 864 910 918 inter
957 874 1139 919 cietera
1185 872 1458 936 propterea
1508 861 1712 933 quod...

120 953 452 1009 «initium...
477 955 711 1028 inquit...
739 954 997 1028 regnandi
1026 956 1303 1026 accepisse
1320 954 1608 1012 Dominum
1636 952 1718 1007 di-

111 1055 209 1101 cat
237 1056 364 1102 ante
387 1045 812 1120 quadringentos
840 1062 1080 1103 annos...
1117 1045 1244 1103 llaec
1269 1055 1451 1101 autem
1483 1042 1715 1117 pseudo-

109 1140 363 1214 sytt0tius
386 1137 561 1195 habita
589 1151 670 1196 est
702 1156 790 1196 an.
817 1141 944 1197 547.
979 1159 999 1193 ι

189 1233 415 1291 Arnobii
448 1235 816 1291 testimonium
857 1234 998 1306 quod
1031 1233 1309 1294 adducunt
1350 1231 1563 1289 Domini
1593 1232 1714 1292 Bal-

110 1328 298 1384 lerinii
328 1345 587 1384 annorum
618 1329 686 1387 90
722 1330 941 1388 circiter
965 1345 1250 1386 excessum
1287 1328 1526 1388 continet
1555 1345 1568 1382 :
1603 1328 1714 1386 Au-

110 1419 387 1477 tiochena:
416 1431 594 1477 autem
620 1420 1045 1496 pseudosynodi,
1074 1423 1118 1478 si
1159 1423 1290 1479 illud
1320 1439 1422 1477 non
1455 1423 1574 1478 totis
1615 1436 1715 1492 pro

111 1514 312 1569 ultimo
341 1529 481 1570 anno
523 1529 626 1570 non
659 1515 932 1586 completo
970 1517 1288 1586 accipiatur,
1328 1515 1712 1586 quinquaginta

108 1616 365 1680 quatuor.
414 1603 634 1661 Eusebii
663 1616 852 1661 contra
897 1608 1208 1686 Marcellum
1250 1606 1319 1666 60
1358 1619 1408 1664 et
1436 1609 1708 1680 amplius:

111 1698 519 1771 pseudosynodi
565 1699 1309 1790 Sardicensis’qninquaginta
1351 1702 1510 1756 trium
1539 1716 1711 1760 anno-

106 1807 237 1846 rum
269 1807 545 1847 excessum
576 1793 846 1863 exprimit.
889 1791 1170 1863 Quomodo
1204 1793 1368 1866 igitur
1396 1810 1461 1850 ex
1509 1794 1575 1851 iis
1603 1805 1710 1854 tatu

1819 576 2049 632 Domino
2078 595 2248 652 usque
2269 596 2410 638 nunc
2435 582 2561 640 anni
2584 582 2711 650 lt90,
2745 582 2886 655 plus.
2927 584 3032 640 Sed
3074 580 3414 650 I’hilastrius,

1817 671 1963 728 addit
2007 690 2129 728 mox
2155 676 2206 730 in
2247 675 2473 747 subjecta
2515 676 2845 734 adnotatione
2885 674 3252 734 Fabricius....
3297 684 3422 742 ante

1817 781 2017 820 aunum
2049 763 2251 824 (ibriin
2288 767 2386 823 591
2424 767 2708 838 scripsisse
2765 783 2825 823 se
2865 766 3136 840 signiﬁcat
3164 783 3286 843 cap.
3327 768 3416 832 85,

1817 867 1978 933 atque
2001 855 2243 912 interfuit
2272 856 2501 913 concilio
2529 858 2866 930 Aquileiensi
2897 876 3040 918 anno
3066 859 3266 915 Christi
3289 859 3416 922 587.

1818 950 1954 1006 Hinc
1982 967 2262 1006 numerum
2286 952 2574 1007 manifeste
2590 964 2904 1024 cerruptutn
2929 954 2998 1008 ita
3021 953 3417 1014 restituendum

1815 1056 1939 1098 esse
1975 1041 2239 1115 judicavit
2268 1044 2493 1102 Latinus
2535 1043 2800 1112 Latinius,
2851 1044 2936 1099 cui
2979 1046 3069 1100 alii
3093 1046 3192 1101 viri
3224 1046 3419 1104 eruditi

1815 1135 2210 1193 assentiuntur.
2271 1135 2336 1192 Et
2381 1138 2432 1191 in
2493 1146 2634 1193 textu
2715 1137 2929 1210 proinde
3012 1137 3415 1213 Hamburgcnsis

1815 1229 2056 1284 editionis
2101 1230 2386 1285 emendavit
2430 1231 2596 1285 sic....
2641 1230 2710 1287 Et
2761 1230 2885 1287 inde
2929 1247 2958 1285 a
2990 1224 3218 1290 Domino
3250 1248 3418 1305 usque

1817 1337 1960 1378 nunc
1984 1324 2112 1380 anui
2136 1321 2262 1392 580,
2297 1323 2510 1394 plus...
2543 1321 2668 1379 Haec
2709 1333 2879 1379 tamen
2916 1340 2979 1379 ex
3015 1342 3116 1381 non
3153 1324 3419 1380 observata

1815 1417 1928 1490 ejus
1963 1417 2138 1472 surculi
2171 1419 2542 1474 consuetudine
2576 1419 2628 1473 in
2659 1421 2808 1474 annis
2839 1419 3149 1476 adnotandis
3173 1419 3413 1493 pendent.

1815 1507 2070 1581 Equidem
2108 1527 2211 1572 non
2243 1511 2340 1565 hoc
2378 1528 2483 1570 uno
2521 1513 2689 1585 capite
2711 1512 2892 1572 eadem
2922 1515 3186 1572 notatione
3209 1511 3419 1570 Philas-

1816 1605 1951 1660 trius
1980 1621 2104 1661 usus
2151 1605 2359 1678 legitur,
2403 1607 2490 1661 sed
2526 1618 2572 1661 et
2623 1608 2790 1681 capite
2835 1607 2962 1672 100.
3005 1626 3126 1680 pug.
3169 1608 3295 1674 206,
3331 1608 3417 1668 ubi

1813 1697 2144 1752 scribitur....
2168 1695 2312 1770 quod
2339 1701 2669 1758 contrarium
2695 1700 2988 1768 invenitur,
3012 1700 3058 1755 si
3083 1701 3153 1755 ita
3179 1701 3267 1773 qui
3290 1716 3416 1757 sen-

1815 1790 2002 1856 serint,
2056 1805 2161 1846 non
2192 1789 2614 1864 quadringentos
2639 1791 2750 1866 jam
2782 1793 2902 1864 plus
2945 1808 3118 1850 annos
3153 1779 3415 1854 transisse

105 1882 347 1939 diversis
367 1899 632 1940 annorum
662 1887 930 1956 computis
955 1901 1129 1941 canon
1153 1883 1563 1958 cbronologicus
1593 1888 1708 1944 ius-
1740 1885 1787 1944 Β
1815 1883 2188 1956 cognovimus,
2230 1901 2296 1942 ex
2327 1902 2436 1963 quo
2469 1887 2614 1946 venit
2654 1886 2939 1957 Dominus,
2970 1899 3134 1961 atque
3169 1891 3416 1964 comple-

108 1977 391 2033 titueudus
419 1987 521 2044 est,
555 1988 608 2034 ut
639 1977 912 2036 Ballerinii
961 1979 1145 2036 volunt
1188 1981 1574 2054 quinquaginta
1615 1999 1712 2038 an-

107 2088 310 2132 norum
352 2089 634 2130 exceSSum
673 2089 703 2128 a
749 2073 1108 2148 scriptoribus
1151 2075 1336 2130 szeculi
1378 2077 1556 2150 quarti
1602 2091 1711 2132 non

105 2165 363 2221 attendi?
401 2165 633 2222 Obstant
680 2166 805 2222 huic
835 2166 1052 2238 penitus
1095 2183 1236 2222 novo
1265 2169 1461 2224 canoni
1501 2178 1554 2223 et
1608 2168 1710 2237 ipsi

103 2257 267 2314 allati
296 2268 495 2314 textus.
538 2257 731 2314 Obstat
779 2259 1180 2331 pseudosynodi
1210 2259 1566 2316 Antiochense
1597 2273 1713 2317 tex-

108 2361 201 2406 tus
228 2367 242 2416 ;
287 2351 374 2406 illa
401 2351 547 2407 enim
572 2349 738 2414 verba
771 2367 872 2406 non
902 2353 1043 2418 totis,
1072 2349 1331 2420 iudicant,
1359 2365 1414 2408 et
1443 2369 1709 2410 annorum

103 2459 234 2517 quae
284 2459 442 2516 supra
487 2445 676 2500 decem
708 2445 794 2500 vel
846 2454 1063 2502 centum
1119 2457 1474 2502 numerantur
1524 2447 1710 2504 haberi

105 2540 420 2594 rationem:
472 2535 680 2594 Iudicat
727 2539 868 2596 idem
914 2539 1132 2595 Eusebii
1175 2548 1353 2595 textus
1389 2541 1494 2595 illis
1530 2542 1711 2598 verbis

104 2633 504 2704 quadringentis
533 2632 780 2703 impletis.

179 2725 255 2781 At
281 2726 426 2782 enim
455 2739 585 2780 vero
612 2725 714 2780 hoc
745 2741 852 2781 non
883 2741 1007 2786 esse
1040 2726 1091 2782 in
1120 2742 1276 2783 more
1299 2727 1537 2799 positum
1570 2728 1712 2786 inter

110 2829 370 2877 auctores
407 2821 584 2893 quarti
627 2820 809 2876 saeculi
845 2819 1070 2876 evidens
1100 2831 1208 2876 εει.
1246 2820 1520 2876 Arnobius
1565 2821 1709 2878 enim

107 2914 204 2971 lib.
234 2915 412 2988 primo
439 2915 700 2972 adversus
726 2914 932 2971 Gentes
972 2928 1094 2968 eum
1123 2911 1447 2970 Christiana:
1490 2917 1709 2988 religio.

108 3009 196 3064 nis
224 3009 434 3064 initium
462 3009 709 3080 deﬁniat,
743 3020 932 3080 aperte
959 3007 1091 3066 dicit
1122 3028 1134 3063 :
1166 3007 1403 3066 Trecenti
1430 3020 1548 3064 sunt
1576 3010 1711 3070 enim

109 3104 273 3174 ferme
309 3103 501 3168 minus,
543 3103 620 3156 vel
661 3101 779 3174 plus
821 3101 1038 3170 aliquid,
1082 3118 1144 3160 ea;
1184 3118 1286 3173 quo
1326 3103 1570 3173 coepimus
1603 3120 1710 3158 esse

108 3192 414 3262 Christiani,
447 3204 492 3249 et
521 3205 778 3250 terrarum
799 3196 852 3249 in
873 3195 992 3250 orbe
1013 3195 1228 3250 censeri.
1259 3195 1377 3262 Quo
1399 3203 1549 3250 textu
1577 3196 1708 3252 Sev-

1813 1985 1896 2036 tos
2055 1975 2154 2034 Ubi
2183 1981 2350 2036 minus
2381 1980 2653 2053 legendum
2696 1980 2971 2039 Fabricius
3017 1995 3253 2044 censrt...
3287 1999 3418 2057 qua-'-

1777 2094 1779 2096 ·
1811 2070 2128 2142 dringentos
2144 2072 2255 2146 jam
2289 2073 2407 2152 plus
2439 2075 2615 2130 minus
2639 2091 2877 2132 annos...
2919 2093 3036 2134 cum
3065 2079 3108 2138 si
3135 2078 3231 2132 hoc
3255 2077 3416 2148 signi-

1811 2164 1971 2234 ficare
1999 2165 2236 2220 voluisset
2274 2166 2333 2220 S.
2365 2169 2641 2241 episcopus
2669 2169 2811 2224 haud
2850 2170 3206 2226 addidisset...
3252 2180 3413 2242 atque

1811 2259 2182 2329 completos...
2230 2258 2508 2315 Immerito
2561 2261 2778 2332 quidem
2821 2260 3048 2317 arbitrio
3091 2279 3190 2322 suo
3226 2277 3416 2320 corre-

1813 2352 1958 2408 xisse
1996 2351 2054 2408 S.
2086 2351 2360 2409 Pbilastrii
2400 2363 2580 2416 textus
2617 2355 2896 2412 incusatur
2927 2354 3246 2414 Fabricius:
3290 2373 3414 2419 nam

1811 2447 2020 2517 objecta
2060 2449 2396 2505 consuetudo
2435 2450 2720 2519 asseritur,
2764 2467 2868 2512 non
2921 2451 3214 2524 probatur;
3259 2460 3315 2508 et
3349 2467 3415 2514 es

1813 2556 1921 2596 uno
1950 2540 2264 2610 incorrupto
2297 2554 2444 2599 textu
2477 2544 2613 2600 alios
2641 2544 2931 2606 manifesto
2970 2554 3258 2616 corruptas
3293 2560 3420 2601 eur-

1813 2635 2008 2712 rigere,
2040 2645 2098 2690 ut
2126 2633 2409 2692 Fabricius
2428 2637 2672 2708 corrigit,
2699 2637 2822 2710 quis
2842 2635 3039 2692 audeat
3061 2637 3413 2708 redargueret

1812 2729 1868 2783 Si
1915 2729 2060 2784 enim
2098 2727 2156 2786 S.
2203 2726 2524 2784 Pliilastrius
2568 2728 2821 2800 ipsemet,
2856 2744 2916 2783 se
2945 2736 3070 2784 ante
3096 2727 3155 2784 C.
3189 2728 3253 2785 A.
3287 2727 3414 2798 59!,

1811 2821 2096 2892 scripsisse
2123 2831 2370 2892 testatur,
2397 2823 2518 2896 quis
2545 2839 2648 2879 non
2679 2822 2824 2878 videt
2853 2823 3100 2878 vitiatum
3127 2839 3413 2882 numerum

1811 2914 2326 2985 quadringentorum
2373 2931 2637 2972 annorum
2688 2917 2741 2969 in
2792 2912 2916 2971 aliis
2955 2912 3222 2982 testibus;
3269 2916 3413 2990 quod

1812 3010 1997 3064 vitium
2048 3024 2113 3066 ex
2165 3009 2354 3066 iisdem
2406 3009 2575 3064 vitiati
2632 3018 2810 3065 textus
2855 3009 3033 3066 verbis
3079 3011 3308 3076 eruitur,
3350 3026 3412 3074 ea

1811 3105 1955 3160 enim
1987 3103 2180 3159 verba:
2215 3104 2332 3174 plus
2363 3105 2534 3158 minus
2578 3114 2730 3174 atque
2765 3104 3045 3177 completos
3073 3103 3324 3170 indicant,
3359 3113 3416 3160 ut

1805 3197 1917 3268 jam
1952 3198 2257 3252 notavimus
2284 3214 2388 3253 non
2421 3198 2537 3253 rudi
2566 3198 2801 3253 Minerva
2832 3212 3003 3252 annos
3029 3195 3286 3265 describi,
3316 3197 3414 3253 sed

107 3288 334 3345 vecbius
375 3289 556 3344 aduot.
613 3288 738 3356 106,
785 3289 836 3344 in
886 3288 1086 3344 librum
1128 3288 1426 3348 secundum
1456 3289 1703 3362 Arnubii,
1732 3285 1778 3349 C
1811 3292 2047 3358 circiter,
2081 3292 2201 3364 quis
2229 3308 2358 3348 vero
2389 3294 2489 3347 hoc
2532 3291 2749 3348 circiter
2789 3292 3014 3363 accipiat
3044 3307 3142 3364 pro
3186 3307 3413 3354 excessu

107 3382 584 3437 anaehronismum
631 3396 755 3437 esse
787 3381 983 3454 probat
1024 3383 1073 3436 in
1103 3381 1268 3436 allato
1299 3397 1526 3437 numero
1570 3398 1706 3454 qua-

109 3475 522 3546 dringentorum
545 3490 836 3532 annorum.
874 3472 1068 3530 Locum
1093 3475 1329 3536 vitiosum
1359 3490 1466 3529 esse
1494 3491 1593 3528 non
1629 3485 1707 3529 at-

108 3571 230 3625 tinet
258 3571 426 3624 dicere
464 3587 526 3624 επ
567 3587 646 3636 eo,
689 3570 827 3640 quod
858 3569 1112 3624 Arnobius
1152 3569 1241 3624 lib.
1288 3571 1455 3646 primo
1504 3569 1710 3644 scripsit

109 3681 274 3721 annos
300 3664 424 3732 500,
456 3665 573 3736 plus
602 3665 772 3719 minus
794 3681 856 3719 ea:
881 3681 980 3736 quo
1005 3665 1283 3719 Christiani
1304 3682 1413 3720 esse
1439 3667 1704 3737 coeperint,

111 3769 155 3812 et
183 3759 235 3812 in
269 3758 384 3812 orbe
419 3768 670 3812 terrarum
701 3758 896 3822 censeri
919 3777 931 3811 :
966 3758 1119 3834 facile
1148 3757 1319 3814 videre
1351 3770 1428 3814 est
1458 3759 1512 3814 in
1539 3760 1708 3832 objec-

111 3849 244 3903 tione
276 3848 364 3902 illa
391 3849 602 3920 pagani,
629 3865 746 3904 cum
775 3851 1004 3918 inquit...
1029 3849 1497 3921 quadringentos...
1530 3852 1582 3905 in
1611 3869 1708 3906 nu-

113 3958 364 3996 nterorunt
411 3944 546 3997 notis
575 3942 722 3997 valde
753 3959 862 3996 esse
899 3943 1210 3999 oberratum.
1267 3942 1348 3998 Ad
1407 3942 1707 4016 pseudOsy-

113 4039 312 4093 nodum
369 4054 496 4095 vero
551 4037 1046 4096 Antiocltenam....
1107 4037 1229 4093 dico
1268 4037 1504 4093 Marcelli
1553 4053 1709 4102 erro-

112 4147 228 4186 rem
260 4129 500 4198 indicari,
533 4139 592 4186 ut
621 4131 803 4185 statim
833 4140 955 4202 post
982 4129 1151 4186 relata
1183 4129 1347 4186 verba
1375 4147 1389 4186 :
1433 4127 1556 4190 Non
1579 4131 1706 4187 satis

113 4225 295 4279 abhinc
344 4225 726 4299 quadringentis
755 4225 926 4292 annis,
959 4224 1340 4302 subjungitur:
1373 4225 1448 4280 Ab
1484 4243 1542 4282 eo
1571 4225 1706 4282 enim

114 4331 334 4390 tempore
378 4320 551 4375 volunt
599 4318 860 4380 Christum
904 4319 1107 4376 initium
1143 4321 1287 4394 regni
1328 4321 1569 4392 adeptum
1598 4337 1708 4376 esse

113 4417 348 4490 regnique
372 4417 528 4490 ﬁnem
558 4416 854 4470 habiturum
880 4425 995 4487 post
1015 4416 1521 4486 consummationem,
1553 4426 1598 4470 et
1612 4417 1704 4492 ju-

113 4507 322 4563 dicium.
376 4508 529 4564 Tales
588 4519 711 4574 sunt
762 4508 1006 4580 discipuli
1056 4506 1314 4576 Marcelli,
1371 4519 1420 4564 et
1479 4510 1701 4572 δίοιὶηή

113 4599 364 4672 Ejusdem
389 4600 628 4659 Marcelli
651 4618 897 4659 errorem
940 4602 1206 4659 Eusebius
1232 4603 1426 4674 carpit,
1457 4613 1513 4660 et
1545 4620 1705 4678 pseu-

1811 3387 1900 3448 90.
1933 3387 2017 3442 vel
2049 3389 2211 3442 etiam
2226 3388 2314 3452 50,
2345 3403 2610 3442 annorum
2636 3387 2848 3458 spatio:
2879 3402 3000 3441 cunt
3024 3387 3225 3444 etenim
3253 3403 3416 3459 supe-

1810 3481 1922 3536 rius
1944 3481 2142 3536 dixerit
2167 3482 2283 3554 plus
2310 3481 2503 3544 minus,
2540 3490 2648 3534 tum
2681 3479 2954 3551 posterius
2983 3479 3233 3552 corrigit,
3268 3491 3417 3552 atque

1809 3573 2108 3643 completos,
2147 3581 2205 3627 ut
2252 3572 2299 3627 si
2341 3571 2458 3644 quis
2494 3572 2690 3628 dixerit
2727 3581 2960 3648 quatuor
2999 3582 3216 3628 centum
3259 3571 3416 3628 annis

1810 3665 1928 3736 plus
1961 3666 2158 3731 minus,
2188 3664 2492 3739 quinitnmo
2523 3662 2830 3736 completis.
2865 3662 2998 3718 Nam
3027 3679 3149 3720 cum
3198 3663 3255 3720 S.
3291 3663 3417 3720 Phi-

1811 3757 2028 3812 lastrius
2059 3755 2314 3823 afﬁrmet,
2369 3771 2426 3810 se
2460 3766 2586 3814 ante
2634 3771 2833 3814 annum
2864 3755 3065 3810 Christi
3097 3753 3194 3811 591
3239 3756 3412 3826 scrip-

1809 3850 1968 3919 sisse,
1999 3848 2270 3921 quomodo
2310 3845 2608 3920 Completos
2656 3845 2760 3904 400
2810 3862 2982 3904 annos
3015 3857 3198 3917 postea
3243 3846 3416 3918 putuit

1808 3956 2075 3997 asserere.
2118 3940 2417 4011 Corruptus
2464 3943 2644 4011 itaque
2681 3948 2858 3995 textus
2901 3946 3014 4005 est;
3060 3937 3140 3994 vel
3190 3939 3305 4010 ipse
3353 3940 3411 3996 S.

1809 4033 2044 4107 scriptor
2071 4036 2122 4088 in
2146 4031 2528 4104 compulaudis
2557 4033 2716 4088 annis
2741 4032 2945 4088 erravit
2969 4048 2984 4085 :
3013 4047 3137 4088 eum
3175 4047 3412 4101 namque

1811 4139 1994 4201 utpote
2027 4143 2132 4184 non
2165 4127 2240 4183 ita
2267 4133 2516 4184 exactum
2548 4129 2600 4184 in
2640 4142 2697 4182 re
2722 4126 3105 4196 chronologira
3137 4124 3415 4197 redarguit

1807 4223 2149 4279 Christianus
2197 4221 2380 4294 Lupus
2411 4223 2480 4278 de
2525 4221 2736 4293 origine
2780 4219 3048 4278 Meletiani
3089 4218 3413 4276 Schismatis

1807 4330 1993 4388 agens.
2029 4313 2208 4370 Miscet
2237 4324 2466 4386 tempora
2497 4320 2660 4387 facta,
2691 4315 2853 4383 varia,
2883 4331 3001 4372 vera
3029 4313 3197 4387 falsis.
3239 4309 3316 4368 lla
3346 4313 3412 4378 de

1807 4407 1866 4465 S.
1894 4407 2187 4464 Philastrio
2217 4408 2358 4464 idem
2381 4405 2583 4479 LUpus.
2605 4408 2867 4463 Barouius
2895 4425 3026 4466 vero
3048 4407 3290 4464 vitiatum
3319 4424 3412 4464 co-

1807 4504 1980 4560 dicem
2012 4503 2155 4559 circa
2183 4501 2290 4560 400
2312 4519 2574 4566 annorum
2605 4517 2890 4558 numerum
2915 4512 3084 4580 putat.

1881 4601 2199 4660 Tertulliani
2231 4617 2447 4678 quoque
2498 4609 2701 4662 textqu
2734 4600 2953 4655 laudant
2981 4599 3172 4656 eadem
3201 4599 3406 4656 disser-

114 4695 419 4769 dosynodus
443 4696 784 4754 Sardieensis
827 4695 1201 4771 reprehendit.
1235 4695 1454 4754 Minime
1483 4699 1699 4772 quidem
1730 4690 1786 4751 D
1811 4695 2031 4751 latione.
2061 4693 2410 4759 Tertullianus
2440 4693 2682 4748 adversus
2727 4689 2979 4747 Nationes
3029 4692 3119 4747 lib.
3160 4709 3178 4748 ι
3207 4733 3224 4759 ,
3258 4710 3408 4762 quem

114 4789 288 4854 video,
332 4806 427 4845 cur
463 4792 624 4846 unius
652 4789 892 4847 haeretici
920 4805 1079 4846 error
1111 4790 1338 4866 ejusque
1371 4804 1702 4852 sectatorum

110 4878 185 4937 ad
208 4883 455 4938 usitatqu
485 4898 696 4939 morum
741 4881 1076 4958 probandum
1104 4881 1326 4958 allegari
1359 4886 1531 4962 possit
1562 4888 1702 4952 inter

109 4993 300 5034 omnes
320 4979 490 5052 quarti
519 4981 702 5038 saeculi
747 4981 1065 5050 scriptores,
1097 4979 1188 5052 qui
1217 4991 1408 5036 contra
1447 4984 1703 5048 eumdem

112 5085 346 5126 errorem
388 5073 670 5136 sentiunt:
719 5086 841 5130 cum
895 5087 1025 5129 vero
1065 5081 1235 5142 totum
1282 5088 1530 5142 errorem
1581 5092 1702 5136 res-

116 5175 296 5236 puant,
337 5176 392 5222 et
429 5175 614 5222 notam
661 5165 922 5242 temporis
958 5182 1218 5244 respuere
1255 5169 1516 5232 censendi
1556 5181 1703 5232 sunt.

119 5259 369 5316 Eusebius
404 5271 557 5322 certe
593 5260 929 5331 improbasse
957 5261 1222 5328 dicendus
1257 5275 1356 5331 est,
1393 5264 1438 5324 si
1475 5280 1541 5325 ea
1582 5283 1705 5338 qua:

118 5352 298 5407 scribit
345 5354 413 5412 de
473 5351 680 5410 Christi
749 5353 1031 5412 uativitate
1110 5371 1514 5416 recenseamus.
1567 5357 1705 5417 Vide

118 5443 448 5514 Spondanum
503 5449 556 5504 in
603 5450 883 5522 Apparatu
932 5448 998 5508 ad
1048 5449 1288 5516 Annales
1337 5450 1560 5516 Βία-οπλλί
1604 5468 1704 5510 nu-

121 5553 261 5595 utero
288 5541 374 5600 51.

186 5632 298 5688 Alia
325 5642 623 5707 congerunt
661 5634 970 5700 testimonia
1010 5635 1232 5698 Patrum
1261 5636 1480 5700 Domini
1524 5639 1700 5702 Balle-

120 5723 232 5780 rinii
272 5743 460 5798 nempe
500 5728 560 5783 S.
593 5727 868 5788 Philastrii
912 5727 1150 5802 episcopi
1199 5731 1462 5800 Brisiaui.
1509 5734 1598 5804 qui
1631 5732 1696 5796 S.

123 5820 378 5892 Ambrosio
419 5837 709 5894 corruamus
737 5831 940 5899 scripsit
960 5844 1084 5894 ante
1109 5850 1308 5900 annuus
1328 5833 1460 5901 ΞΜ,
1499 5835 1558 5894 iu
1589 5850 1699 5902 ont-

123 5919 262 5976 nibus
304 5925 452 5980 editis
489 5933 606 5980 ante
639 5925 912 5982 editionem
955 5926 1398 6003 Hamburgensem
1424 5947 1456 5987 a
1494 5928 1700 5994 Joanne

1811 4792 2018 4846 ineunte
2062 4791 2213 4848 tertio
2259 4789 2448 4850 arcula
2493 4788 2772 4860 scripsit...
2828 4794 3168 4844 tercenlos...
3224 4785 3412 4841 Ferme

1810 4904 1972 4950 annos
1993 4904 2155 4958 pro...
2190 4885 2513 4943 ducentis...
2545 4883 2854 4939 Christiana:
2878 4883 3118 4958 religioni
3147 4880 3404 4945 vindicat,

1809 5000 1854 5039 c.
1890 4983 2018 5037 7....
2066 4981 2229 5054 Igitur
2255 4979 2398 5035 aetati
2428 4987 2628 5034 nostra:
2677 4975 2914 5046 nondum
2954 4975 3080 5030 anni
3112 4969 3217 5029 300
3249 4975 3409 5044 (scri-

1807 5073 2045 5132 bendum
2092 5090 2160 5129 ex
2214 5073 2524 5130 testimonio
2568 5069 2840 5148 sequenti,
2895 5085 2993 5138 pro
3047 5083 3113 5124 eo
3159 5066 3302 5138 quod
3353 5068 3406 5123 in

1811 5170 1971 5228 editis
1997 5179 2081 5228 est
2102 5169 2228 5236 9.50,
2261 5177 2467 5224 mutato
2491 5182 2540 5236 c,
2569 5165 2619 5222 in
2650 5165 2712 5239 l.)
2741 5175 2795 5221 et
2819 5163 3034 5240 capite9
3052 5181 3138 5232 ;...
3164 5175 3222 5219 ut
3249 5179 3411 5240 supra

1812 5265 2070 5336 diximus,
2097 5265 2243 5322 aetati
2267 5271 2464 5322 nostra:
2486 5261 2721 5318 nondum
2746 5263 2870 5316 anni
2898 5259 3192 5320 trecenti...
3221 5259 3291 5314 At
3316 5275 3411 5313 cur

1814 5377 1922 5417 non
1948 5359 2324 5432 corrigendum
2351 5358 2526 5428 potius
2549 5355 2739 5429 capitis
2770 5355 2897 5410 noui
2935 5361 3131 5418 textus,
3164 5352 3251 5407 ubi
3281 5349 3410 5406 anni

1815 5453 2042 5510 trecenti
2083 5453 2334 5526 leguntur
2363 5466 2430 5512 ex
2455 5451 2635 5522 capite
2663 5450 2914 5521 septimo,
2967 5445 3058 5510 ubi
3109 5443 3322 5499 ducenti
3355 5453 3411 5506 et

1806 5549 2189 5622 quinquaginta
2214 5555 2604 5614 numerantur;
2623 5559 2744 5598 cum
2769 5539 2985 5612 septimi
3009 5537 3202 5610 capitis
3231 5545 3409 5590 textus

1802 5645 2012 5704 veritati
2037 5643 2206 5715 magis
2234 5639 2536 5704 consonet?
2569 5636 2707 5693 Num
2738 5651 2806 5690 ex
2835 5633 3027 5695 vitioso
3056 5638 3202 5683 textu
3231 5628 3409 5683 incor-

1802 5744 1994 5807 ruptus
2025 5743 2204 5800 textus
2232 5730 2586 5804 corrigendus
2607 5728 2730 5784 est?
2757 5729 2836 5792 An
2872 5721 3083 5778 veritati
3113 5719 3406 5798 pra-feren-

1803 5831 1905 5900 dus
1950 5841 2036 5896 ait
2077 5831 2270 5908 errori
2296 5827 2436 5910 illud
2465 5827 2636 5910 enim,
2688 5835 2742 5882 ut
2775 5837 2938 5894 supra
2980 5819 3228 5884 diximus,
3271 5814 3406 5882 nihil

1804 5930 1978 6004 addit,
2005 5929 2048 5986 si
2075 5941 2170 6000 pro
2198 5908 2461 5988 trecentis
2476 5908 2703 6014 ducenti
2747 5915 3129 5996 quinquaginta
3161 5914 3286 5970 anni
3325 5912 3408 5969 le.
