3902 6324
400 254 511 315 703

1543 258 1632 315 DE
1676 257 1921 318 SANCTI
1962 257 2253 317 ZENONIS
2296 259 2563 318 EPOCIIA
3560 275 3648 334 ιοι

402 370 562 443 gendi
593 381 739 430 sunt.
772 369 888 430 Non
933 371 1078 431 enim
1118 372 1364 431 subsistit
1406 384 1761 445 exaggeratos
1791 391 1909 432 mos
1936 377 2003 433 dc
2031 382 2084 440 Α
2110 394 2294 434 verum
2316 378 2637 449 Christianae
2664 395 2788 437 terre
2814 395 3015 440 annum
3042 387 3323 443 recensuit.
3358 387 3433 444 Ne
3457 392 3533 464 qui
3556 411 3650 452 vero

405 464 792 538 quinquaginta
823 481 1091 522 annorum
1121 468 1300 538 spatio
1327 482 1357 522 a
1386 468 1741 540 scriptoribus
1767 471 2003 542 antiquis

404 577 516 617 non
563 561 748 617 haberi
796 561 1084 618 rationem.
1131 561 1527 618 Tertullianum
1561 579 1691 621 vero
1739 579 2003 621 annorum

404 632 606 712 Citriin
633 670 816 712 veram
847 655 1126 727 Epocham
1152 658 1392 714 tenuisse
1413 667 1628 714 constat
1652 674 1719 715 ex
1744 672 1832 724 eo,
1860 658 2005 731 quod

403 761 577 804 annos
605 750 1032 823 enumerans(ot
1060 760 1246 807 noster
1271 751 1328 807 8.
1356 750 1503 808 Zeno
1531 751 1736 825 lecit)a
1764 762 2007 824 tempore

404 857 513 914 quo
543 841 713 915 prima
761 842 879 899 Divi
927 844 1077 901 Pauli
1119 845 1347 917 epistula
1395 847 1594 917 scripta
1644 844 1743 901 fuit
1786 857 2004 902 centum

405 936 685 1008 sexaginta
720 950 896 994 annos
922 938 1200 1009 exprimit,
1222 938 1421 1010 quibus
1450 941 1496 996 si
1523 940 1928 1011 quinquaginta,
1953 950 2008 996 et

403 1036 613 1098 septem
650 1029 941 1099 addantur,
965 1031 1179 1103 quando
1202 1032 1315 1104 ipsa
1348 1033 1577 1106 epistola
1600 1036 1721 1088 data
1752 1033 1870 1102 fuit,
1912 1049 2009 1089 an-

403 1135 535 1175 num
581 1121 1014 1180 ducentesimum
1041 1124 1310 1181 decimum
1354 1127 1644 1198 septimum
1694 1126 1918 1195 indicat,
1953 1127 2006 1183 in

404 1228 514 1286 quo
540 1213 817 1272 scribebat
836 1217 950 1287 ipse
979 1215 1366 1275 Tertullianus.

479 1305 539 1362 ln
569 1306 793 1379 reliquis
820 1317 1024 1377 autem,
1059 1327 1180 1381 quae
1207 1313 1447 1368 citantur
1466 1312 1882 1387 Chronologieis
1912 1328 2011 1370 no-

407 1399 499 1468 tis,
556 1416 753 1473 nempe
796 1403 856 1459 8.
896 1402 1044 1461 Petri
1091 1402 1434 1477 ChrySOIOgi,
1466 1408 1555 1478 qui
1597 1407 1735 1462 circa
1785 1410 2007 1465 medium

406 1493 641 1564 quintum
678 1496 922 1551 sarculum
954 1498 1143 1569 ﬂoruit
1174 1516 1328 1554 serm.
1374 1498 1500 1569 145,
1553 1502 1619 1557 de
1671 1502 2011 1562 Generatione

407 1582 599 1640 Christi
619 1587 671 1641 in
691 1587 864 1657 fine...
892 1604 1063 1646 annos
1079 1592 1405 1664 quingentos
1426 1593 1716 1650 circiter...
1747 1613 1778 1651 a
1804 1594 2010 1654 Christo

406 1692 529 1736 nato
570 1696 853 1741 enumerat.
896 1685 996 1743 Cui
1038 1687 1096 1743 S.
1148 1689 1295 1745 Petri
1337 1687 1658 1764 Chrysologi
1698 1693 2004 1760 sententiae,

2106 480 2291 539 praeter
2332 472 2581 527 rationem
2621 474 2690 528 ad
2710 491 2912 544 eorum,
2951 493 3066 547 qua!
3093 495 3184 534 nos
3209 481 3340 536 docti
3358 499 3518 540 sumus
3540 503 3657 543 ever-

2105 566 2299 619 sionem
2328 565 2467 621 dicat
2489 579 2611 623 ante
2648 585 2810 624 annos
2836 580 3043 626 centum
3077 573 3454 647 quinquaginta,
3482 596 3564 634 nos
3585 599 3655 636 as-

2105 672 2331 713 severare
2378 657 2639 715 Christum
2692 664 2786 719 sub
2819 661 3038 735 Cyrenio
3083 676 3254 720 nolunt
3294 684 3416 734 esse,
3462 671 3658 730 docuisse

2106 757 2276 803 autem
2301 766 2416 821 qua:
2438 750 2612 808 docuit
2651 755 2905 826 posterius
2935 756 3026 809 sub
3052 755 3239 813 Pontio
3273 758 3457 829 Pilato,
3479 772 3592 830 etc.,
3613 774 3659 821 et

2108 854 2173 895 ex
2204 840 2374 911 ipsius
2397 843 2574 899 verbis
2605 843 2662 899 S.
2699 836 2988 917 Epiphanii
3018 846 3409 907 demonstratur
3432 852 3660 912 anachro—

2111 933 2335 988 nismus.
2368 934 2498 1004 Quis
2522 953 2649 1007 ergo
2676 932 3006 995 inli'ciabitur
3035 957 3101 997 ex
3131 940 3233 998 hoc
3258 959 3363 999 uno
3390 961 3577 1004 canone
3606 949 3661 1006 ad

2112 1029 2467 1084 resecandum
2526 1031 2576 1084 in
2630 1032 3063 1090 anachronismis
3109 1030 3661 1098 ann'ornm'excessum

2111 1129 2278 1178 totam
2309 1124 2854 1195 pessumdari,everti
2888 1137 2943 1184 et
2979 1129 3233 1186 confundi
3262 1130 3663 1205 cltronolugiam?

2112 1214 2308 1271 Fateor
2336 1233 2429 1286 per
2461 1219 2612 1288 plura
2644 1218 2903 1276 Ecclesia:
2924 1222 3121 1277 saecula
3153 1237 3218 1279 ex
3249 1224 3516 1281 consulum
3549 1227 3665 1284 serie

2110 1324 2285 1364 annos
2317 1308 2484 1366 fuisse
2510 1311 2892 1383 consignatos:
2925 1316 2991 1370 At
3026 1313 3142 1372 htec
3183 1326 3267 1372 est
3296 1332 3413 1373 vera
3437 1333 3664 1374 annorum

2110 1397 2307 1456 Christi
2337 1403 2793 1459 recensendornm
2846 1407 3005 1472 ratio,
3055 1416 3113 1461 ut
3151 1408 3477 1478 Augustinus
3515 1409 3665 1465 docet.

2115 1490 2221 1549 Per
2261 1494 2619 1567 Olympiadas,
2667 1507 2713 1551 et
2757 1498 3026 1552 consulum
3078 1500 3311 1569 nomina,
3360 1502 3514 1556 multa
3558 1519 3671 1572 sape

2111 1598 2411 1657 qumruntur
2435 1605 2467 1643 α
2489 1589 2654 1657 nobis,
2695 1600 2741 1644 et
2765 1590 3059 1660 ignorantia
3082 1593 3402 1661 consulatus,
3430 1610 3520 1665 quo
3545 1605 3671 1651 natus

2112 1692 2186 1738 est
2217 1681 2489 1751 Dominus,
2520 1696 2565 1739 et
2594 1701 2693 1758 quo
2737 1702 2920 1759 passus
2949 1697 3045 1753 est,
3081 1688 3272 1742 multos
3312 1690 3469 1762 coegit
3509 1706 3669 1747 errare.

406 1775 635 1832 assertio
664 1778 722 1833 S.
762 1778 949 1834 llilarii
986 1780 1082 1836 lib.
1114 1781 1292 1853 primo
1319 1782 1386 1838 ad
1413 1782 1812 1854 Constantium,
1844 1802 2007 1857 quam

2119 1774 2291 1844 Quare
2336 1791 2401 1830 ex
2443 1774 2629 1831 iisdem
2668 1778 2954 1834 consulum
2994 1778 3146 1834 famis
3198 1795 3380 1836 veram
3433 1790 3673 1837 assecutus

408 1868 620 1925 Domini
675 1871 954 1930 Ballerinii
1001 1876 1209 1946 pariter
1243 1876 1498 1943 aderunt,
1548 1878 1847 1936 conformis
1889 1890 2007 1947 est;

405 1964 814 2021 concedendum
859 1967 1100 2037 quidem,
1130 1986 1252 2025 cum
1281 1971 1512 2027 rotundo
1541 1986 1771 2028 numero
1814 1973 2011 2029 szccula

407 2067 766 2115 numerantur
806 2059 950 2117 inter
992 2061 1229 2118 medium
1266 2078 1531 2119 armorum
1578 2080 1863 2121 numerum
1904 2082 2009 2123 non

405 2150 633 2219 attendi,
664 2151 808 2224 quod
844 2162 900 2209 et
932 2154 984 2209 in
1026 2155 1279 2224 praesenti
1320 2155 1401 2222 lit,
1444 2171 1569 2213 cum
1604 2167 1837 2226 sextum,
1869 2158 2016 2216 deci-

408 2260 575 2312 mum,
609 2244 988 2319 duodecimum
1028 2249 1287 2305 saeculum
1316 2264 1826 2310 commemoramus.
1877 2252 2011 2309 Nam

406 2346 462 2392 et
505 2353 647 2393 nunc
683 2338 897 2396 decimo
925 2352 1124 2398 octavo
1162 2343 1362 2399 saeculo
1389 2344 1569 2401 vivere
1603 2345 1855 2415 dicimur,
1889 2363 2010 2402 cum

407 2432 583 2487 adhuc
612 2431 848 2488 medium
881 2434 1138 2509 saeculum
1171 2437 1393 2492 minime
1416 2438 1774 2510 attigerimus.
1802 2438 1870 2495 At
1898 2441 2014 2496 hme

406 2527 729 2582 stcculornm
763 2538 887 2587 nuta
930 2529 1064 2585 nihil
1109 2531 1316 2602 prolicit
1342 2533 1416 2589 ad
1461 2534 1750 2601 intentum.
1790 2551 1911 2592 cum
1951 2537 2009 2594 8.

408 2619 555 2677 Zeno
582 2620 634 2680 in
672 2621 775 2679 hoc
799 2639 1053 2683 sermone
1082 2641 1189 2682 non
1217 2627 1413 2684 sarcula
1442 2641 1747 2694 enumeret,
1778 2631 1871 2687 sed
1914 2647 2012 2688 an-

409 2731 506 2772 nos
535 2732 566 2773 a
596 2719 796 2788 scripta
828 2719 998 2790 prima
1032 2721 1096 2776 D.
1126 2721 1277 2777 Pauli
1308 2723 1533 2794 epistola
1570 2724 1637 2780 ad
1676 2722 2008 2795 Corinthios,

410 2818 467 2866 ut
497 2812 728 2880 ipsemet
767 2812 968 2870 indicat
997 2814 1103 2870 illis
1130 2816 1310 2871 verbis
1340 2833 1353 2872 :
1385 2822 1546 2887 ferme
1575 2819 1654 2873 vel
1678 2836 1737 2874 eo
1765 2821 2009 2893 amplius,

406 2919 530 2976 qua:
557 2908 610 2961 in
640 2921 739 2962 usu
772 2924 880 2965 non
907 2921 1053 2977 sunt,
1092 2925 1213 2965 cum
1247 2911 1453 2983 integra
1483 2914 1681 2968 srccula
1707 2913 2014 2986 signitican-

410 3009 497 3055 tur
526 3018 539 3055 :
565 3015 628 3057 ac
650 3001 876 3072 proinde
903 3018 1023 3059 non
1043 3004 1232 3060 eadem
1265 3007 1475 3063 ratione
1504 3024 1566 3063 ac
1596 3008 1652 3074 ii,
1694 3009 1785 3081 qui
1816 3010 2009 3066 saecula

414 3092 678 3161 indicant,
710 3095 1065 3167 explicandus
1087 3107 1190 3153 est.

2113 1867 2479 1924 Christianam
2525 1869 2822 1941 epocham,
2868 1875 2918 1929 in
2949 1873 3181 1945 cpismla
3216 1874 3283 1930 ad
3330 1875 3613 1932 llesiehinm
3649 1892 3672 1932 ιι

2112 1958 2313 2016 Christi
2344 1962 2555 2019 Domini
2590 1964 2867 2021 nativitate
2898 1966 2964 2022 ad
2994 1982 3089 2022 sua
3134 1984 3308 2041 usque
3337 1979 3559 2042 tempora
3596 1986 3673 2026 ve-

2111 2068 2231 2108 rum
2260 2069 2524 2109 annorum
2552 2071 2836 2113 numerum
2861 2057 3117 2115 reddidit.
3145 2062 3189 2116 Α
3220 2063 3478 2119 nativitate
3498 2061 3676 2118 Domini

2116 2149 2270 2204 hodie
2336 2160 2695 2224 computantur
2753 2154 2877 2207 anni
2947 2156 3106 2227 ferme
3164 2155 3296 2212 420.
3356 2155 3400 2212 Α
3460 2173 3677 2213 resurrec-

2113 2245 2249 2299 tione
2272 2254 2460 2313 autem,
2497 2246 2572 2301 vel
2598 2248 2893 2304 ascensione
2922 2251 3154 2323 ejusdem
3201 2253 3329 2307 anni
3355 2252 3473 2309 590.
3500 2253 3603 2308 Non
3627 2268 3678 2309 ea

2114 2338 2274 2411 igitur
2299 2340 2621 2397 necessitate
2666 2342 3020 2415 adigebantur
3049 2344 3144 2401 88.
3190 2345 3404 2414 Patres,
3448 2363 3559 2402 cum
3603 2362 3679 2418 per

2114 2433 2309 2487 seriem
2341 2434 2621 2489 consulum
2661 2436 2787 2491 anni
2829 2438 3215 2515 digerebantur
3252 2440 3480 2497 rotundo
3529 2442 3680 2512 aliquo

2115 2541 2367 2594 numero,
2390 2528 2479 2598 qui
2510 2543 2615 2584 non
2644 2530 2825 2596 unius,
2856 2542 2949 2586 aut
2978 2532 3238 2602 duorum,
3263 2545 3358 2591 aut
3384 2535 3579 2606 decem,
3603 2536 3679 2594 sed

2115 2620 2205 2688 50,
2248 2621 2329 2677 vel
2379 2623 2539 2678 etiam
2590 2624 2683 2691 90,
2728 2640 2994 2681 annorum
3046 2642 3347 2687 excessum
3395 2632 3677 2687 contineret.

2114 2712 2428 2779 Quinimmo
2454 2728 2676 2772 auctore
2702 2718 3021 2789 Augustino,
3054 2721 3101 2775 si
3122 2721 3250 2794 quis
3283 2737 3436 2779 error
3462 2723 3512 2778 in
3536 2738 3680 2778 anno-

2115 2822 2234 2863 rum
2263 2824 2488 2864 numero
2518 2812 2903 2881 reperiebatur.
2929 2829 2993 2868 ex
3018 2815 3334 2886 ignorantia
3357 2816 3679 2872 consularium

2116 2900 2400 2958 Fastorum
2429 2904 2724 2975 contigisse
2751 2904 3037 2960 dicendum
3070 2917 3173 2963 est.
3197 2906 3502 2978 Ignorantia
3523 2923 3681 2962 consu-

2116 2998 2273 3067 latus,
2306 3016 2406 3071 quo
2426 3009 2578 3054 natus
2603 3011 2674 3054 est
2700 2999 2971 3065 Dominus,
3002 3011 3048 3055 et
3078 3018 3179 3072 quo
3204 3019 3394 3075 passus
3431 3012 3500 3056 est
3528 3002 3683 3056 multos

2115 3095 2277 3165 coegit
2299 3110 2472 3149 errare
2500 3111 2519 3149 :
2551 3093 2693 3166 qunti
2740 3095 2973 3152 maxime
3001 3096 3300 3152 notandum
3331 3106 3433 3165 est,
3466 3095 3684 3169 Augusti—

481 3184 725 3243 Artluum
767 3203 899 3244 sane
923 3198 1009 3246 est
1033 3206 1099 3246 ex
1137 3206 1245 3246 uno
1276 3192 1693 3251 anachronismo
1740 3197 2012 3269 (frequen-

2119 3163 2221 3240 ιιιιέ
2250 3188 2393 3241 enim
2442 3203 2547 3241 non
2570 3163 2581 3166 ⁷
2601 3188 2737 3263 hanc
2779 3188 2977 3257 allegat
3010 3189 3465 3245 consuetudinem
3493 3189 3550 3243 ad
3576 3204 3680 3242 ana-

411 3275 621 3334 tissime
647 3279 792 3335 enim
835 3282 1221 3339 vetustioribus
1266 3283 1320 3338 in
1352 3284 1505 3341 libris
1532 3286 1900 3357 reperiuntur)
1926 3290 2014 3344 lir-

410 3385 553 3426 mam
604 3373 937 3431 constituere
986 3375 1267 3447 epucham,
1318 3393 1477 3447 quam
1523 3380 1590 3435 ad
1640 3383 2012 3440 sustinendam

410 3480 549 3519 nova
598 3480 821 3535 prorsus
888 3469 1199 3542 conjectura
1260 3471 1653 3530 adinvenienda
1707 3486 1835 3542 est,
1895 3493 2015 3547 qua:

410 3558 542 3615 nulli
585 3559 846 3618 hactenus
880 3564 1191 3623 criticorum
1235 3566 1288 3622 in
1330 3577 1568 3625 mentem
1613 3571 1791 3637 venit,
1840 3587 2016 3644 neque

412 3656 622 3710 ratione
648 3655 754 3711 ulla
787 3657 1004 3726 probari
1032 3670 1229 3730 potest.
1263 3663 1657 3734 Quinquaginta
1687 3666 1896 3724 scilicet
1921 3684 2018 3721 an-

413 3761 605 3802 norum
637 3764 920 3805 excessum
952 3765 1055 3822 pro
1083 3750 1254 3809 nihilo
1302 3754 1354 3809 in
1406 3756 1749 3827 antiquorum
1799 3758 2017 3830 scriptis

411 3840 790 3899 habendum...
845 3844 958 3903 lloc
1005 3845 1188 3916 utique
1238 3848 1526 3908 divinitare
1564 3860 1671 3915 est,
1720 3853 1765 3907 si
1809 3868 2018 3913 canone

410 3935 516 3993 isto
540 3935 909 4009 ehronologia:
947 3936 1292 3996 difﬁcultates
1320 3952 1447 3997 sunt
1471 3942 1853 4001 dissolvendae.
1877 3946 2019 4015 Quid

410 4046 542 4101 ergo
585 4040 732 4087 tanta
763 4035 1102 4091 concertatio
1128 4035 1270 4091 inter
1294 4038 1439 4093 viros
1461 4039 1707 4097 eruditos
1727 4041 1795 4097 de
1826 4042 1884 4100 8.
1912 4043 2022 4101 Ire—

414 4124 516 4177 naci
559 4124 816 4195 opinione
846 4126 989 4182 circa
1028 4125 1159 4182 Jesu
1187 4127 1385 4184 Christi
1418 4132 1682 4187 aetatem?
1731 4132 2021 4206 (Coincidit

411 4218 645 4286 quaestio
666 4234 681 4284 ;
703 4235 825 4274 nam
851 4217 1176 4276 Christiana:
1206 4223 1485 4296 religionis
1513 4226 1718 4299 epocba
1757 4227 1827 4283 ab
1864 4231 2020 4288 annis

412 4308 543 4366 Jesu
573 4307 775 4366 Christi
822 4312 1030 4368 initium
1082 4312 1287 4386 habet).
1340 4316 1445 4389 Ipsi
1492 4332 1726 4391 namque
1769 4321 2023 4378 tribuitur

413 4413 635 4476 putasse
666 4405 877 4462 nonnisi
901 4409 1545 4482 postqninqnagesimum
1584 4428 1784 4469 annum
1829 4414 2017 4471 Chris-

414 4507 527 4554 tum
561 4499 845 4557 Duminum
878 4517 941 4558 ex
990 4502 1091 4559 hac
1129 4505 1236 4559 vita
1285 4505 1577 4563 sublatum.
1610 4506 1720 4563 Cur
1748 4507 1801 4563 in
1849 4507 2020 4579 ipsius

414 4591 790 4649 defensionem
837 4594 1125 4661 adducere,
1171 4595 1341 4653 libros
1381 4599 1503 4669 ejus
1549 4597 1714 4655 fuisse
1765 4600 2018 4655 vitiatus?

416 4686 607 4742 Minori
638 4697 789 4742 certe
817 4686 1033 4744 licentia
1081 4705 1212 4745 usus
1257 4700 1403 4746 esset
1439 4689 1707 4759 lrenaeus,
1746 4693 1791 4748 si
1827 4693 2015 4765 viginti

414 4797 680 4837 annorum
711 4781 887 4851 spatio
908 4783 1286 4840 tantummodo
1314 4784 1441 4841 Jesu
1471 4786 1671 4843 Christi
1703 4790 1864 4843 vitam
1894 4804 2020 4859 pro-

418 4876 699 4941 traxisset,
722 4889 882 4946 quam
916 4885 1129 4931 veteres
1158 4876 1248 4931 alii
1296 4879 1612 4948 scriptores,
1667 4881 1756 4951 qui
1797 4896 1862 4937 ex
1916 4880 2017 4937 hac

418 4984 551 5023 nova
603 4970 915 5042 conjectura
969 4970 1331 5026 Christianam
1388 4989 1550 5028 :eram
1605 4975 2015 5047 quinquaginta,

417 5064 729 5136 nonaginta,
762 5074 815 5121 et
839 5066 1070 5136 amplius
1107 5079 1279 5120 annos
1303 5065 1660 5123 excedentem
1689 5069 1801 5123 suis
1832 5070 1884 5124 in
1919 5085 2016 5123 an-

418 5171 609 5215 norum
657 5155 880 5211 calculis
919 5155 1234 5213 exhibuere.
1267 5156 1453 5229 Neque
1496 5158 1553 5215 S.
1604 5158 1889 5230 Epiphanii
1931 5160 2013 5216 lo-

415 5263 562 5315 cum,
591 5264 699 5319 quo
725 5247 781 5305 8.
820 5246 1015 5304 Justini
1043 5249 1357 5321 martyrium
1388 5250 1490 5305 sub
1521 5249 1792 5307 Hadriano
1823 5268 2017 5323 posue-

412 5342 503 5400 rit.
541 5339 894 5397 insanabilem
927 5339 1154 5395 dixisset
1196 5339 1469 5403 Petavius,
1502 5340 1628 5396 licet
1676 5341 1734 5398 S.
1775 5341 2015 5399 JuStinus

416 5433 635 5505 triginta
702 5440 824 5503 post
863 5447 1034 5489 annos
1071 5434 1291 5489 circiter
1331 5433 1434 5489 sub
1485 5432 1760 5490 Antonino
1811 5446 2017 5511 martyr

416 5526 633 5582 obierit.
659 5525 855 5583 Sauari
881 5525 1024 5582 enim
1058 5533 1267 5595 poterat
1288 5523 1405 5580 hmo
1426 5524 1760 5596 c0njectnra,
1780 5543 1882 5594 qua
1907 5543 2012 5584 non

421 5628 531 5673 tam
575 5632 855 5685 excessus,
885 5632 1045 5688 quam
1082 5632 1346 5673 annorum
1382 5615 1626 5672 delectus
1652 5618 1888 5689 suppleri
1922 5634 2015 5692 po-

417 5715 544 5763 test.
574 5705 639 5765 At
668 5717 874 5766 certum
897 5720 1002 5775 est,
1027 5707 1295 5766 Iustinum
1318 5723 1381 5762 ea
1415 5722 1521 5764 non
1543 5722 1664 5765 esse
1685 5723 1861 5780 usum,
1891 5727 2014 5768 cum

420 5795 473 5852 ib
522 5797 774 5868 Apologia
808 5799 1003 5869 prima,
1033 5803 1237 5871 absque
1256 5809 1511 5865 asceam
1535 5798 1620 5857 vel
1648 5799 1861 5860 dantem
1906 5800 2017 5859 ulto

2118 3278 2462 3334 chronismos
2488 3277 2743 3334 Veterum
2773 3280 3161 3346 conciliandos,
3194 3283 3295 3337 sed
3326 3297 3479 3336 veros
3505 3292 3682 3336 errores

2118 3373 2250 3428 dicit
2293 3372 2455 3446 coegit
2483 3388 2674 3427 errare.
2722 3373 2852 3441 Quis
2882 3382 3062 3431 autem
3092 3373 3268 3445 magis
3309 3391 3586 3446 agnoscere
3609 3373 3684 3428 de-

2119 3467 2236 3523 buit
2266 3465 2712 3522 consuetudinem
2746 3466 2907 3533 hanc,
2957 3468 3002 3523 si
3036 3476 3162 3523 tunc
3189 3469 3482 3539 viguisset:
3510 3469 3689 3555 Anigqu

2121 3560 2265 3615 tinus
2299 3575 2487 3615 eorum
2518 3567 2822 3630 temporum
2867 3577 3086 3632 suppar,
3132 3573 3229 3616 aut
3269 3574 3566 3626 coetaneus,
3609 3576 3682 3613 seu

2119 3654 2456 3709 recentiores
2484 3655 2654 3709 nostri
2685 3654 2782 3708 :evi
2812 3653 3112 3724 scriptores
3153 3663 3237 3709 tot
3264 3655 3474 3709 Sacculis
3507 3654 3566 3707 ab
3596 3651 3682 3707 illis

2120 3744 2402 3808 distantes,
2434 3746 2525 3816 qui
2568 3745 2681 3801 hn-c
2718 3745 2782 3801 ad
2815 3760 2943 3801 suas
2969 3744 3207 3817 epocbas
3241 3746 3467 3802 tuendas
3498 3738 3693 3801 cummi?

2121 3837 2460 3915 niseunturt

2194 3934 2270 3991 Ne
2295 3944 2475 3990 tamen
2502 3936 2715 4007 longius
2745 3934 3065 4009 divagemnr
3087 3952 3116 3993 a
3140 3952 3314 4009 scapo
3336 3937 3402 3992 ad
3435 3949 3680 3991 numerum

2121 4028 2231 4083 400
2278 4043 2542 4083 annorum
2574 4071 2588 4094 ,
2641 4045 2799 4099 quem
2856 4026 2908 4083 in
2964 4040 3196 4084 tractatu
3252 4029 3314 4085 D.
3374 4028 3591 4111 Zenonis
3632 4024 3685 4078 de

2121 4122 2472 4179 Continentia
2506 4124 2752 4194 legimus,
2779 4124 3063 4179 redeamus
3087 4135 3328 4195 oportet.
3374 4123 3609 4194 Quamvis

2124 4234 2391 4274 annorum
2440 4233 2725 4274 excessum
2780 4219 2832 4273 in
2893 4219 3132 4290 antiquis
3192 4219 3543 4290 scriptoribus
3599 4229 3684 4267 non

2121 4311 2542 4385 computandum
2573 4354 2587 4379 ,
2616 4322 2671 4367 ut
2708 4310 2917 4368 Domini
2975 4308 3251 4368 Ballerinii
3280 4320 3564 4375 asserunt,
3609 4323 3687 4378 pro

2121 4415 2272 4461 certo
2303 4404 2654 4461 haberemus:
2696 4413 2932 4460 attamen
2963 4405 3034 4460 ita
3065 4415 3281 4460 certum
3320 4415 3405 4461 est
3453 4399 3685 4459 uotamil-

2124 4496 2229 4552 lam
2282 4496 2391 4553 400
2430 4511 2694 4551 annorum
2748 4497 2798 4551 in
2855 4496 3046 4553 eodem
3102 4496 3165 4551 D.
3203 4495 3442 4552 Zenonis
3491 4500 3686 4551 tractatu

2123 4591 2599 4648 anachronismum
2630 4591 2931 4657 continere,
2962 4601 3019 4647 ut
3044 4591 3348 4647 liberaliter
3381 4591 3502 4646 licet
3525 4599 3686 4643 conce-

2123 4685 2413 4751 deremus,
2445 4700 2508 4741 ex
2542 4684 2733 4740 eadem
2761 4683 2869 4739 400
2913 4698 3178 4739 annorum
3211 4693 3339 4739 nota
3374 4681 3556 4739 inferri
3599 4694 3685 4733 non

2124 4794 2285 4849 posse
2313 4758 2369 4835 8.
2406 4776 2699 4833 Ρντιεειιιθιῐι
2723 4777 2915 4848 quinto
2945 4777 3149 4833 smculo
3191 4777 3473 4841 claruisse,
3521 4784 3686 4842 nempe

2122 4888 2267 4929 anno
2298 4873 2403 4929 457
2428 4872 2516 4943 qui
2551 4888 2807 4927 numerus
2845 4888 2873 4927 a
2926 4874 3123 4942 scripta
3173 4872 3352 4945 prima
3393 4867 3606 4940 epistola
3631 4863 3684 4918 ad

2122 4964 2437 5021 Corinthius
2465 4980 2609 5019 anno
2638 4962 2841 5018 Christi
2869 4962 2938 5020 57
2977 4963 3177 5020 additis
3203 4964 3312 5021 .500
3340 4963 3494 5018 annis
3519 4962 3565 5014 in
3585 4960 3683 5014 lau-

2122 5056 2249 5112 dato
2271 5070 2524 5112 sermone
2544 5056 2818 5126 expressis
2848 5097 2862 5122 ,
2893 5056 3131 5126 exurgit;
3170 5054 3321 5110 nullo
3350 5064 3522 5108 tamen
3552 5048 3686 5105 modo

2123 5150 2183 5206 S.
2214 5148 2450 5205 Zenonis
2477 5148 2823 5219 episcopatus
2850 5145 3054 5217 epocha
3090 5147 3159 5201 ab
3188 5161 3333 5202 anno
3358 5146 3463 5202 356
3497 5143 3555 5198 ad
3600 5138 3686 5195 380

2123 5242 2381 5298 constitui
2401 5250 2608 5313 posset,
2636 5248 2696 5295 ut
2725 5239 2884 5295 iidem
2920 5238 3164 5309 praeclari
3191 5240 3293 5294 viri
3324 5247 3553 5295 statuere
3571 5249 3681 5290 con.

2124 5332 2372 5389 tendunt.
2405 5333 2515 5389 Hoc
2543 5338 2604 5386 ea
2638 5330 2970 5387 ineluctabili
3007 5331 3217 5387 ratione
3249 5329 3535 5399 probatur,
3565 5322 3685 5397 quod

2123 5425 2372 5496 ejusdem
2400 5425 2667 5481 sermonis
2698 5432 2879 5480 textus
2910 5438 3016 5481 non
3058 5425 3221 5480 modo
3270 5427 3443 5495 aptari
3488 5438 3582 5479 non
3606 5433 3685 5490 po.

2128 5529 2238 5576 test
2262 5516 2446 5574 saeculi
2477 5518 2647 5587 quinti
2693 5517 3033 5574 teconomico
3071 5518 3329 5575 Ecclesia:
3371 5516 3564 5581 statui,
3604 5509 3680 5567 sed

2125 5629 2230 5669 nec
2262 5612 2445 5669 saeculi
2475 5610 2675 5683 quarti,
2730 5623 2783 5668 et
2829 5614 3101 5684 praecipue
3132 5608 3272 5668 anno
3301 5613 3410 5669 356
3435 5613 3495 5668 ad
3525 5609 3617 5668 580
3639 5606 3681 5662 id

2134 5706 2297 5762 modo
2327 5704 2777 5761 considerandum
2801 5704 3145 5775 suscipimus.

2203 5794 2566 5855 Christianam
2595 5797 2875 5855 monerem
2904 5795 2959 5853 tn
2985 5794 3178 5856 eodem
3208 5798 3434 5855 tractatu
3467 5782 3680 5850 averterd
