3902 6324
196 307 278 362 705
1537 292 1765 352 DISSEH

1877 288 2011 346 ΤΙΟ.
3341 295 3444 353 706

189 421 371 476 suulens
395 416 448 472 S.
475 415 716 470 Antistes
741 429 770 468 a
792 412 1062 467 connubio
1085 425 1207 466 cum
1264 411 1379 465 viro
1427 411 1612 481 gentili
1652 411 1736 464 ln-
1767 414 1817 474 Α
1846 403 2133 458 consecrari
2164 404 2274 459 sine
2312 406 2587 479 sacrilegio
2607 406 2770 461 uideri
2799 414 2986 478 potest.
3031 408 3330 465 Antitltesis
3361 411 3449 468 hic

187 515 390 571 ettlenter
411 508 693 564 admodum
716 506 1056 562 incommoda
1079 505 1154 560 illi
1179 503 1421 570 exhibet,
1453 519 1573 573 quae
1595 504 1738 557 circa
1845 508 1927 550 cat
1957 496 2064 549 duo
2091 495 2377 552 continens
2404 500 2668 554 orationis
2719 499 2959 554 membra
3013 501 3244 558 invicem
3274 520 3446 576 oppo-

186 606 421 678 religionis
447 602 762 658 exercitium
815 617 881 656 ex
917 602 1019 655 hoc
1067 598 1342 656 connubio
1387 596 1737 668 proveniunt.
1843 588 1967 643 sila.
2009 588 2296 643 Primum:
2329 589 2488 646 Illius
2529 591 2845 660 sacriﬁcium
2885 592 3149 663 publicum
3177 604 3273 662 est,
3305 605 3448 650 tuum

184 702 304 756 lnter
328 697 420 751 alia
462 695 578 750 haec
621 685 822 750 habet:
873 693 1012 759 Quid
1040 691 1177 760 quod
1231 690 1374 744 illius
1424 689 1742 758 sacriﬁcium
1843 691 2115 736 secretum.
2173 683 2531 752 Apertissime
2570 683 2660 739 hic
2695 684 3018 756 exprimitur
3048 688 3310 744 solemnis
3339 731 3354 756 ,
3385 706 3448 746 ac

185 793 404 865 publicum
421 799 493 843 es,
524 830 540 856 ’
563 797 609 842 τι
638 797 782 841 mum
823 785 1109 839 “nam”?
1139 783 1295 838 ηιεη,
1329 799 1360 836 α
1387 783 1560 853 quam
1589 782 1744 836 ubere
1845 774 2099 845 frequens
2131 775 2398 832 idolorum
2440 777 2650 844 cultus;
2696 778 2782 833 cui
2834 795 2899 835 ex
2940 781 3171 838 adverso
3225 799 3448 857 respon-

185 883 360 940 tractari
379 890 558 953 potest,
583 891 724 934 tuum
772 879 925 933 etiant
955 895 986 932 a
1017 875 1325 931 Christianis
1371 875 1502 945 ipsis
1534 875 1744 928 minime
1846 868 1979 924 dent
2007 871 2196 936 verba,
2221 869 2394 924 Tuum
2416 881 2664 926 secretum
2690 914 2705 937 ,
2737 888 2857 943 quae
2887 883 3076 944 aperte
3097 876 3318 933 vetitam
3341 918 3356 944 ,
3387 894 3451 935 ac

183 975 453 1033 consecratis
501 974 609 1028 sine
637 973 910 1044 sacrilegio
959 971 1121 1026 videri
1165 987 1268 1024 non
1314 979 1500 1038 potest.
1561 970 1635 1023 Ita
1689 968 1741 1024 in
1845 963 2099 1034 periculis
2173 963 2460 1034 pabulaque
2519 979 2550 1018 ιι
2591 966 2836 1036 tyrannis
2890 967 3103 1023 indictis
3156 969 3448 1027 obnoxiam

182 1071 384 1126 editione
425 1067 611 1121 ultima
664 1063 970 1121 Veronensi
1010 1082 1024 1118 :
1069 1073 1124 1118 at
1169 1064 1220 1117 in
1271 1064 1375 1136 hoc
1424 1061 1742 1117 Pismriensi
1847 1054 2165 1124 religionem
2210 1055 2578 1111 Christianam
2623 1057 2950 1128 signiﬁcant.
3001 1059 3201 1116 Horum
3255 1063 3451 1119 verbo-

182 1179 263 1219 tns.
284 1178 366 1234 pro
390 1159 662 1230 sacrilegio
685 1159 834 1212 habet
854 1157 1132 1226 sacriﬁcio.
1154 1155 1324 1210 Tuum
1342 1157 1495 1210 etiam
1521 1172 1551 1208 a
1569 1154 1750 1210 Chris-
1848 1163 1964 1202 rum
1993 1163 2213 1205 sensum
2246 1166 2423 1221 neque
2450 1152 2671 1221 quinto.
2705 1168 2879 1224 neque
2905 1165 3100 1224 quarto
3122 1157 3323 1211 smenlo
3363 1175 3452 1215 ac-

181 1259 308 1312 tianit
331 1255 448 1327 ipsis
475 1253 683 1307 minime
703 1251 1010 1305 consecratis
1031 1248 1432 1324 sine‘sacrilegio
1461 1247 1621 1302 uideri
1641 1263 1746 1301 non
1847 1241 2184 1296 commodari
2210 1257 2374 1314 posse
2390 1243 2502 1312 jam
2535 1243 2788 1299 vidimus.
2830 1245 3138 1302 Secundum
3164 1250 3447 1319 orationis,

180 1360 330 1422 potest.
350 1349 401 1402 In
416 1335 747 1401 Bibliotheca
779 1345 1031 1400 Patrum:
1059 1342 1230 1396 Tuum
1250 1343 1410 1397 etiam
1433 1358 1465 1394 a
1493 1339 1749 1395 Christia-
1851 1349 1944 1388 seu
1988 1335 2274 1391 antithesis
2302 1337 2605 1393 membrum
2644 1339 2832 1394 :Illius
2862 1358 2892 1393 α
2932 1343 3110 1412 quovis
3141 1344 3297 1398 libere
3319 1354 3454 1399 trac-

180 1448 242 1500 nis
265 1443 378 1509 ipsis
405 1443 613 1496 minime
639 1439 927 1493 consecrari
970 1438 1079 1491 sine
1128 1435 1405 1506 sacrilegio
1458 1433 1618 1487 videri
1657 1449 1747 1502 po.
1851 1431 1952 1482 tari
1992 1439 2178 1500 potest.
2226 1430 2477 1486 Libertas
2519 1432 2606 1487 hic
2648 1434 2860 1504 publice
2907 1436 3066 1491 idolis
3111 1437 3454 1495 sacriﬁcandi

178 1549 268 1593 test.
293 1534 408 1590 [late
428 1533 591 1589 verba
615 1548 630 1589 :
657 1531 810 1584 Illius
840 1530 1151 1595 sacriﬁcium
1197 1528 1459 1597 publicum
1481 1537 1574 1593 est,
1603 1536 1751 1580 tuum
1850 1525 2141 1580 manifesto
2162 1525 2414 1581 edicitur.
2448 1525 2615 1581 Tuum
2641 1531 2797 1582 etiam
2817 1526 3173 1584 aChristianis
3197 1532 3325 1601 ipsis
3355 1533 3456 1586 nti-

178 1638 409 1682 secretum.
451 1625 611 1680 Illius
657 1623 887 1695 aquovis
911 1607 1084 1676 libere
1105 1621 1316 1675 tractari
1360 1630 1567 1693 potest,
1606 1628 1751 1672 tttunt
1852 1618 1991 1671 nime
2017 1619 2306 1672 consecrari
2337 1619 2448 1673 sine
2496 1620 2771 1692 sacrilegio
2808 1622 2971 1676 videri
3015 1635 3179 1696 potest
3212 1625 3456 1694 :quibns

177 1723 306 1774 etiam
332 1736 363 1774 a
405 1716 716 1773 Christianis
746 1717 872 1790 ipsis
900 1713 1110 1767 minime
1148 1713 1440 1768 consecrari
1483 1713 1578 1783 (ita
1619 1727 1741 1766 cum
1858 1711 2041 1766 verbis
2087 1712 2390 1768 libertatem
2425 1714 2701 1785 religionis
2747 1715 3072 1772 Christianis
3121 1719 3354 1775 ablatam
3385 1721 3460 1775 si-

177 1814 312 1870 editis
340 1812 520 1882 legere
556 1811 734 1881 placet
758 1807 1060 1864 rationibus
1115 1805 1341 1861 inferius
1393 1801 1747 1874 deducendis)
1781 1807 1830 1867 B
1856 1804 2095 1873 gniﬁcari
2127 1805 2428 1875 nemojure
2462 1809 2662 1876 poterit
2690 1808 2918 1865 inliciari
2951 1852 2964 1876 ,
2993 1827 3057 1867 ac
3096 1813 3323 1882 proinde
3354 1828 3454 1883 op-

177 1910 266 1962 sine
291 1903 560 1977 sacrilegio
584 1902 745 1957 videri
771 1910 970 1972 potest;
995 1899 1110 1956 haec
1133 1898 1319 1964 verba,
1344 1898 1587 1968 inquam,
1615 1907 1751 1952 Iem-
1857 1896 2056 1966 positio
2081 1912 2243 1966 quam
2267 1899 2530 1955 orationis
2552 1901 2654 1968 vis,
2680 1913 2736 1958 et
2763 1913 2988 1959 ornatus
3020 1906 3188 1977 exigit
3227 1906 3327 1962 hac
3351 1908 3462 1965 lec-

177 1999 370 2070 poribus
393 1995 650 2052 indicatis
680 2010 876 2064 nempe
900 1994 969 2048 ab
1011 2007 1157 2047 anno
1185 1989 1292 2047 556
1318 1989 1385 2045 ad
1411 2005 1612 2046 annum
1643 1989 1751 2044 580
1857 1987 2004 2043 tione
2027 1989 2436 2046 evidentissima
2473 2003 2578 2049 est.
2625 1995 2702 2050 Eo
2726 2011 2856 2052 vero
2887 1998 3070 2064 modo,
3099 2013 3210 2068 quo
3235 1999 3417 2071 legunt
3441 2044 3457 2070 ,

175 2093 442 2149 convenire
500 2090 653 2147 nullo
707 2088 871 2144 modo
920 2096 1172 2159 possunt.
1216 2086 1374 2142 Anno
1404 2089 1604 2157 quippe
1642 2084 1752 2140 556
1856 2089 2018 2153 atque
2047 2085 2320 2155 explicant
2351 2087 2566 2144 Domini
2596 2089 2873 2147 Ballerinii
2903 2109 3098 2151 sensus
3137 2093 3196 2151 S.
3226 2095 3462 2153 Zenonis

177 2184 466 2240 Constantio
494 2182 838 2239 Constantini
871 2180 1044 2252 Magni
1092 2178 1231 2234 Filio
1263 2178 1561 2249 imperante
1585 2220 1600 2245 ,
1634 2179 1753 2248 lege
1859 2191 1966 2229 non
2003 2185 2217 2232 constat
2240 2189 2292 2234 et
2313 2179 2598 2237 antithesis
2620 2183 2723 2252 vis,
2762 2193 2818 2238 et
2842 2196 3067 2242 ornatus
3087 2187 3315 2244 tollitur.
3352 2189 3460 2244 Vo-

176 2280 232 2334 ab
250 2277 428 2336 eodem
459 2277 782 2333 Constantio
809 2277 913 2329 lata
948 2315 962 2340 ,
1006 2274 1204 2344 templa
1229 2272 1495 2328 idolorum
1523 2272 1704 2327 clausa
1735 2313 1751 2339 ,
1859 2268 1976 2324 lunt
2001 2271 2204 2342 quippe
2235 2288 2330 2344 per
2366 2273 2456 2330 illa
2499 2277 2661 2332 verba
2703 2288 2852 2332 tuum
2881 2290 3126 2336 secretum
3171 2283 3462 2355 signiﬁcari

178 2390 230 2428 ac
253 2372 506 2427 sacrificia
543 2369 830 2425 interdicta
860 2372 1100 2432 fuerant,
1133 2381 1234 2423 nec
1265 2373 1504 2422 reserata
1531 2366 1752 2436 templa,

177 2483 227 2521 ac
247 2465 502 2521 sacriﬁcia
529 2464 690 2520 idolis
743 2461 1006 2534 permissa
1042 2503 1056 2526 ,
1091 2460 1192 2514 nisi
1219 2475 1364 2514 anno
1405 2460 1502 2515 561
1539 2458 1756 2516 Juliano

179 2561 410 2628 Apostata
431 2558 502 2614 ad
535 2557 819 2628 imperium
852 2565 972 2625 post
1021 2554 1396 2610 Constantium
1450 2553 1614 2609 elato.
1661 2551 1760 2608 Iu-

176 2653 330 2708 lianus
351 2663 531 2707 tamen
558 2651 716 2706 idolis
746 2650 871 2706 licet
899 2649 1104 2704 cultum
1125 2648 1414 2704 restituere
1433 2647 1752 2713 studuisset,

178 2761 447 2815 numquam
477 2754 662 2799 tamen
686 2739 1119 2798 Christianorum
1147 2739 1414 2795 sacriﬁcia
1439 2742 1608 2796 vetuit
1637 2739 1758 2794 bre-

176 2839 378 2894 rissimo
402 2837 648 2909 imperii,
678 2852 774 2891 seu
798 2835 1100 2908 tyrannidis
1130 2850 1242 2888 suae
1275 2834 1528 2890 decursu.
1563 2833 1757 2890 Postea

177 2947 290 2987 vero
306 2931 597 2987 Joviniano
627 2930 678 2984 in
712 2927 998 2998 imperium
1025 2927 1348 2983 succedente
1369 2969 1384 2992 ,
1411 2942 1474 2982 ac
1507 2926 1756 2992 Valente,

174 3035 222 3081 et
250 3025 649 3091 Valentiniano,
680 3033 791 3078 tum
814 3022 1098 3088 Gratiano,
1130 3037 1196 3076 ac
1240 3021 1625 3077 Valentiniano
1667 3020 1762 3074 Ju-

176 3121 330 3186 niore,
360 3136 420 3176 ac
452 3121 675 3175 demum
699 3116 1010 3173 Theodosio
1033 3116 1099 3170 ad
1129 3131 1331 3170 annum
1365 3114 1473 3169 590
1507 3129 1676 3184 nsque
1708 3124 1762 3168 et

1864 2361 2126 2420 Ecclesiae
2149 2365 2491 2437 disciplinam
2515 2369 2568 2424 in
2614 2371 2936 2426 occultanda
2975 2375 3315 2433 sanctissima
3347 2377 3462 2434 Eu-

1861 2454 2118 2512 charistia
2167 2472 2276 2513 non
2319 2459 2481 2514 modo
2509 2460 2816 2518 Gentilibus
2845 2505 2860 2528 ,
2911 2466 3006 2521 sed
3035 2468 3462 2528 catechumenis.

1865 2553 2130 2609 Secretum
2152 2566 2329 2621 vocat,
2366 2557 2558 2628 quippe
2583 2560 2720 2629 quod
2747 2576 2811 2614 ex
2840 2561 3030 2615 Arcani
3074 2564 3352 2633 disciplina
3380 2583 3468 2622 sa-

1861 2647 2115 2717 criﬁcium
2135 2665 2225 2703 seu
2268 2647 2613 2706 Eucharistitc
2644 2652 2943 2722 mysterium
2986 2671 3088 2708 non
3121 2671 3354 2728 paganos
3383 2675 3469 2713 so-

1867 2739 1972 2792 lunt
1989 2781 2006 2807 ,
2039 2739 2129 2793 sed
2155 2741 2294 2810 ipsos
2315 2741 2708 2796 catechumenos
2747 2753 2992 2799 accurate
3015 2745 3287 2801 colendum
3305 2760 3468 2807 esset:

1865 2829 1934 2886 Et
1966 2846 2061 2900 pro
2085 2831 2178 2887 illo
2204 2833 2374 2888 verbo
2406 2835 2698 2888 consecrari
2724 2876 2740 2902 ,
2775 2835 2844 2890 ita
2885 2837 3186 2906 corrigunt.
3232 2838 3466 2914 Legeba-

1866 2925 2016 2979 turin
2038 2925 2186 2980 editis
2215 2928 2530 2982 consecrati:
2548 2925 2877 2984 Correxintus
2899 2946 2962 2984 ea:
2989 2947 3086 2987 ms.
3116 2930 3464 3003 Pompeiano,

1867 3031 1912 3074 et
1936 3020 2137 3075 duobus
2159 3019 2477 3076 Zenonianis
2507 3024 2736 3094 (scilicet
2775 3027 3135 3098 consecratis)
3174 3027 3472 3087 Consecrati

1867 3124 2041 3170 autem
2090 3115 2391 3171 dicebantur
2432 3119 2519 3187 qui
2560 3117 2830 3189 Baptisma
2883 3135 3233 3193 susceperant.
3284 3124 3473 3196 Itaque

177 3213 399 3278 ulterius,
425 3211 684 3283 quamvis
711 3209 991 3282 gentilium
1044 3208 1360 3280 superstitio
1407 3207 1586 3263 adhuc
1636 3223 1759 3278 pero
1789 3203 1834 3268 C
1868 3211 2079 3266 minime
2106 3215 2396 3267 consecrati
2431 3225 2549 3268 sunt
2579 3216 2925 3270 catechumeni
2956 3258 2969 3281 ,
2995 3220 3085 3288 qui
3104 3218 3210 3272 alia
3246 3221 3472 3290 formula

177 3311 496 3375 mitteretur,
537 3315 717 3361 tamen
756 3305 1195 3361 Clu-istianorutn
1243 3304 1500 3360 ecclesias
1533 3303 1707 3373 palam
1743 3345 1758 3370 ,

173 3416 228 3455 ac
277 3401 488 3471 publice
546 3400 958 3471 frcquentatas,
1015 3399 1197 3468 ibique
1255 3399 1425 3454 libere
1495 3397 1762 3452 sacriﬁcia

175 3495 457 3550 christiano
480 3510 638 3550 more
672 3504 887 3565 peracta
919 3493 1087 3548 fuisse
1113 3507 1178 3548 ex
1207 3491 1430 3546 historia
1464 3490 1764 3546 Ecclesias-

175 3589 263 3644 tica
315 3589 683 3646 indubitatum
751 3597 857 3645 est.
911 3587 1051 3643 Toto
1106 3585 1288 3656 itaque
1347 3586 1450 3640 isto
1520 3594 1764 3654 tempore

175 3699 350 3753 nempe
379 3685 452 3740 ab
473 3701 625 3740 anno
655 3681 762 3739 556
793 3681 859 3738 ad
891 3697 1090 3736 annum
1119 3679 1226 3735 580
1253 3688 1308 3734 et
1331 3680 1474 3734 ultra
1503 3678 1764 3735 Christia-

174 3793 346 3834 norum
372 3778 651 3835 sacriﬁcia
673 3777 885 3848 publica
917 3776 1067 3831 fuere
1091 3817 1106 3840 ,
1145 3783 1201 3831 et
1227 3774 1398 3831 libere
1442 3774 1624 3847 peragi
1668 3789 1766 3846 po-

175 3883 398 3939 tuerunt,
427 3889 540 3930 non
572 3881 818 3928 secreta:
848 3871 1032 3942 Itaque
1073 3886 1180 3926 non
1207 3870 1310 3925 hoc
1348 3880 1590 3940 tempore
1633 3870 1766 3925 scri-

172 3966 317 4024 bebat
345 3969 406 4025 8.
434 3968 610 4035 Zeno,
642 3967 730 4038 qni
762 3976 982 4022 econtra
1013 3965 1110 4030 ait,
1158 3963 1453 4022 Gentilium
1497 3961 1765 4018 sacriﬁcia

174 4063 367 4131 publica
388 4078 544 4126 esse,
573 4070 674 4116 eta
705 4058 898 4129 quovis
922 4058 1095 4115 libere
1122 4057 1340 4114 tractari
1369 4072 1551 4128 posse,
1581 4055 1768 4111 Chris-

172 4154 425 4211 tianorum
488 4169 624 4209 vero
665 4162 898 4208 secreta.
955 4151 1140 4208 Tertio
1183 4150 1366 4221 itaque
1402 4148 1606 4205 satu-nlo
1656 4158 1764 4203 tum

172 4264 280 4303 cum
334 4249 642 4318 Gentilium
705 4245 972 4303 sacriﬁcia
1036 4245 1254 4316 publica
1301 4252 1499 4311 erant,
1552 4254 1768 4299 secreta

169 4339 627 4405 Christianorum,
658 4338 1035 4396 constituenda
1068 4347 1151 4393 est
1181 4338 1238 4392 S.
1271 4337 1506 4393 Zenonis
1534 4337 1763 4408 epocha,

169 4445 220 4489 ut
241 4436 534 4502 Baronius,
561 4434 810 4490 Perottus
835 4475 849 4498 ,
873 4441 928 4488 et
954 4431 1176 4502 Bagatta
1205 4430 1544 4486 constituunt
1583 4437 1764 4484 notam

166 4526 302 4583 illam
331 4528 443 4587 400
499 4541 768 4582 annorum
816 4540 923 4580 non
966 4540 1032 4580 ex
1084 4523 1311 4579 arbitrio
1340 4563 1357 4590 ,
1405 4539 1507 4577 non
1556 4522 1768 4594 proprio

1867 3308 2078 3362 minime
2099 3309 2292 3362 initiati
2311 3309 2631 3376 dicebantur,
2674 3310 2739 3365 de
2756 3311 2940 3378 quibus
2968 3328 3033 3366 ea:
3061 3323 3342 3368 memorata
3362 3315 3472 3368 dis-

1867 3401 2062 3468 ciplina
2089 3404 2270 3458 arcani
2291 3414 2500 3458 cantant
2536 3413 2645 3459 erat
2666 3447 2682 3472 ,
2709 3422 2769 3461 ne
2791 3407 2846 3460 in
2891 3404 3234 3463 Eucharistia:
3273 3409 3471 3465 Sacra-

1869 3508 2093 3550 mentum
2122 3497 2302 3553 oculos
2331 3499 2663 3572 conjicerent.
2693 3499 2747 3555 Si
2793 3515 2891 3570 pro
2917 3501 3138 3556 minime
3181 3518 3472 3560 consecra-

1871 3588 1937 3643 tis
1976 3588 2356 3646 catccltumeni
2406 3591 2741 3661 intelligendi
2773 3602 2979 3657 essent,
3033 3594 3166 3649 nihil
3198 3595 3265 3651 ad
3295 3597 3475 3653 inten-

1868 3688 1982 3735 tutn
2025 3681 2508 3751 argumentationis
2554 3680 2799 3739 facerent
2854 3684 2921 3739 D.
2969 3683 3212 3742 Zenonis
3261 3687 3425 3744 verba
3452 3729 3469 3755 ,

1868 3772 2156 3828 antithesis
2199 3773 2345 3828 nulla
2376 3772 2432 3828 in
2464 3773 2569 3830 illis
2603 3785 2785 3830 esset:
2818 3774 2949 3831 Nam
2982 3777 3146 3833 etiam
3179 3779 3223 3833 si
3254 3794 3284 3834 a
3312 3794 3472 3835 cons-

1869 3865 2122 3936 piciendo
2167 3867 2436 3923 sacriﬁcio
2485 3876 2809 3924 arcerentur
2860 3870 3474 3942 catechumeni,puhli-

1869 3975 1992 4016 cum
2047 3961 2396 4017 nihilominus
2444 3961 2634 4020 fuisset
2697 3965 3069 4034 sacriﬁcium,
3124 3977 3178 4022 et
3229 3967 3398 4024 libere
3440 3984 3470 4024 a

1870 4052 2198 4111 Christianis
2226 4056 2407 4127 peragi
2438 4056 2739 4126 potuisset:
2776 4073 3060 4128 perperam
3094 4060 3275 4131 itaque
3305 4060 3474 4117 dixis-

1870 4157 1956 4204 set
1980 4148 2038 4205 S.
2074 4149 2274 4204 Doctor
2307 4166 2320 4202 :
2355 4147 2688 4218 Sacriﬁcium
2719 4151 2980 4220 publicum
3007 4161 3111 4220 est,
3142 4162 3284 4208 tuum
3307 4171 3476 4210 secre-

1873 4249 1997 4294 tnnt.
2037 4239 2190 4295 Illius
2216 4257 2248 4294 a
2275 4241 2452 4310 quovis
2490 4240 2646 4296 libere
2672 4243 2887 4297 tractari
2915 4253 3079 4314 potest
3109 4284 3124 4310 ,
3156 4253 3298 4300 tuum
3318 4247 3473 4301 etiam

1861 4348 1904 4389 ‘a
1926 4334 2236 4390 Christianis
2265 4335 2391 4408 ipsis
2422 4334 2632 4389 minime
2651 4337 2940 4391 consecrari
2969 4338 3080 4392 sine
3102 4338 3373 4414 sacrilegio
3399 4340 3476 4394 ai-

1873 4430 1985 4484 deri
2021 4437 2209 4497 potest.
2239 4426 2546 4484 Occultatio
2575 4444 2808 4500 namque
2851 4430 3209 4487 sanctissimae
3254 4432 3472 4488 Eucha-

1873 4521 2041 4576 ristitc
2065 4520 2473 4576 catechumenis
2497 4563 2512 4586 ,
2566 4530 2622 4577 et
2659 4536 2848 4578 eorum
2893 4523 2962 4578 ab
3003 4524 3234 4581 ecclesia
3277 4525 3475 4596 eiectio

168 4632 336 4690 marte,
379 4638 552 4692 neque
581 4621 689 4675 ulto
709 4619 886 4674 codice
920 4617 1108 4681 innixi,
1136 4615 1217 4672 vel
1235 4625 1414 4671 contra
1439 4615 1596 4686 ﬁdem
1624 4615 1763 4670 codi-
1795 4609 1844 4669 D
1873 4621 2118 4683 tempore
2161 4613 2409 4669 sacrilicii
2434 4655 2451 4680 ,
2499 4630 2674 4684 neque
2720 4623 2995 4672 secretum
3037 4617 3472 4676 Christianorum
3565 4623 3570 4626 ’

167 4729 290 4779 cum,
317 4713 432 4781 sed,
448 4730 518 4768 ex
550 4713 673 4784 ipso
701 4711 859 4781 hujus
891 4719 1154 4766 tractatus
1203 4717 1462 4766 contextu
1489 4709 1770 4780 corrigen-

167 4813 258 4868 tes,
291 4818 348 4861 ut
380 4806 493 4861 alia
518 4804 797 4876 corrigunt
824 4805 876 4859 in
901 4803 986 4859 his
1011 4801 1218 4860 eisdem
1255 4803 1314 4860 S.
1365 4801 1599 4858 Zenonis
1627 4809 1767 4858 trac-

167 4899 355 4954 tatibus
381 4898 790 4956 accuratissimi
814 4895 1118 4952 Ballerinii.

233 4993 295 5047 Et
356 4993 485 5049 haec
536 4991 819 5062 potissima
861 4991 1003 5046 ratio
1059 4999 1185 5054 est,
1241 5003 1340 5044 cur
1383 5005 1505 5060 qua:
1559 4989 1611 5044 in
1659 4988 1770 5046 edi-

166 5085 228 5139 tis
252 5085 413 5141 lectio
443 5085 704 5149 hahetur,
731 5081 808 5138 illi
829 5081 1174 5153 praeferatur,
1206 5096 1368 5152 quam
1410 5080 1572 5137 iidem
1605 5082 1659 5136 in
1686 5080 1770 5137 ul-

164 5178 285 5233 tima
312 5177 630 5235 Veronensi
659 5175 901 5231 editione
921 5173 1156 5230 aﬂ'erunt
1175 5190 1190 5240 ;
1210 5173 1354 5244 quod
1377 5174 1492 5229 hate
1521 5173 1767 5238 minime,

163 5268 246 5326 illa
292 5287 432 5328 vero
463 5269 708 5327 maxime
750 5268 934 5324 sensui
973 5265 1273 5323 conformis
1310 5266 1511 5321 existat
1542 5309 1556 5334 ,
1609 5280 1770 5337 quem

164 5362 272 5430 ipse
299 5366 359 5422 S.
397 5364 651 5420 Zenonis
695 5370 961 5418 tractatus
988 5359 1175 5432 exigit.
1215 5360 1275 5417 8.
1308 5359 1508 5415 etenim
1537 5357 1729 5414 doctor
1752 5399 1768 5426 ,

166 5467 218 5513 ut
254 5460 636 5515 Christianam
661 5457 934 5512 deterreat
961 5454 1240 5510 mulierem
1282 5467 1312 5506 a
1342 5453 1615 5509 connubio
1649 5468 1771 5508 cum

164 5553 342 5622 gentili
373 5555 532 5618 viro,
557 5549 878 5607 Christianae
918 5546 1198 5619 religionis
1223 5587 1240 5614 ,
1274 5558 1328 5602 et
1355 5545 1622 5602 idolorum
1663 5545 1780 5601 cul-

166 5652 272 5702 tum
306 5646 557 5701 invicem
586 5643 818 5698 confert.
849 5639 1008 5695 Illius
1035 5639 1133 5713 (ita
1169 5639 1226 5695 8.
1257 5639 1434 5710 Zeno)
1468 5640 1780 5710 sacriﬁcium

165 5740 433 5805 publicum
466 5747 548 5792 est
584 5778 597 5800 ,
630 5745 773 5789 tuum
804 5745 1051 5790 secretum
1082 5749 1100 5798 ;
1147 5731 1303 5788 Illius
1347 5751 1378 5788 a
1421 5734 1597 5806 quovis
1627 5735 1783 5789 libere

165 5835 374 5890 tractari
397 5838 578 5902 potest
604 5869 618 5898 ,
645 5838 792 5886 tuum
834 5826 988 5885 etiam
1021 5842 1053 5882 a
1083 5823 1389 5886 Christianis
1418 5826 1551 5899 ipsis
1577 5824 1785 5884 minimc

1875 4706 2200 4762 sacrificium
2230 4704 2486 4774 faciebat,
2515 4721 2696 4777 neque
2722 4708 2827 4764 illis
2867 4708 3176 4767 libertatem
3205 4711 3478 4769 adimebat

1880 4799 2239 4856 sacriﬁcandi.
2283 4799 2354 4857 Ut
2401 4800 2564 4872 igitur
2602 4813 2818 4859 consret
2856 4817 3051 4860 sensus
3097 4805 3475 4876 praedictorum

1874 4895 2186 4960 verborum,
2214 4909 2306 4962 pro
2328 4894 2660 4960 consecratis,
2687 4897 2982 4952 consecrari
3018 4896 3302 4969 legendum
3346 4909 3428 4955 est
3456 4941 3472 4966 ,

1875 4999 1929 5043 et
1960 4987 2029 5043 de
2061 4986 2310 5042 libertate
2344 4986 2667 5043 Christianis
2719 5003 2752 5045 a
2792 4989 3038 5061 tyrannis
3093 4990 3271 5047 ablata
3321 5007 3474 5049 saera

1877 5080 2177 5138 ministeria
2219 5079 2512 5153 peragendi
2552 5091 2679 5138 sunt
2707 5081 3094 5154 intelligenda,
3121 5087 3192 5142 ita
3227 5087 3479 5158 exigente

1879 5175 1998 5246 ipso
2027 5175 2298 5231 sermonis
2325 5183 2582 5230 contextu
2614 5217 2628 5241 ,
2660 5175 2805 5247 quod
2836 5193 3010 5249 neque
3049 5181 3230 5250 quarti
3257 5223 3272 5248 ,
3303 5197 3480 5253 neque

1877 5267 2053 5338 quinti
2088 5265 2272 5321 saeculi
2316 5264 2723 5322 conditionibus
2760 5269 3053 5337 convenit;
3099 5271 3194 5328 sed
3224 5288 3477 5329 necessa-

1878 5363 1963 5418 rio
1993 5362 2137 5418 tertii
2157 5361 2342 5418 saeculi
2368 5372 2567 5418 statum
2595 5362 2817 5430 indicat,
2846 5364 3064 5433 quando
3092 5366 3477 5437 imperatorum

1881 5454 2042 5511 editis
2064 5466 2335 5524 tamquam
2360 5455 2621 5527 sacrilegi
2649 5497 2666 5523 ,
2695 5456 3032 5528 deorumque
3075 5466 3481 5527 contemptores

1881 5547 2086 5603 Christi
2130 5545 2316 5604 ﬁdeles
2341 5545 2706 5619 puniebantur
2730 5591 2746 5616 ,
2783 5549 2872 5620 qui
2915 5565 3067 5606 sacra
3115 5563 3478 5624 peragerent,

1883 5641 1965 5696 vel
2000 5638 2170 5695 sacris
2197 5640 2548 5696 interessent.

1956 5733 2094 5788 Nihil
2121 5721 2524 5804 frequénﬁnsin
2549 5733 2789 5804 antiquis
2818 5738 3376 5795 mss.antanuensium
3400 5740 3484 5797 in-

1883 5829 2038 5890 curia
2063 5845 2226 5888 unam
2251 5828 2490 5888 litteram
2522 5842 2620 5900 pro
2668 5831 2776 5889 alia
2828 5829 3070 5891 scribere
3100 5875 3116 5906 ,
3169 5833 3243 5895 ita
3274 5846 3334 5895 ut
3389 5853 3488 5912 pro
