3902 6324
409 271 510 328 707

1563 270 1652 327 DE
1685 259 1930 329 SANCTl
1967 258 2259 330 ΖΒΝΟΜε
2297 268 2571 330 EPOCUA

3611 275 3706 334 708

405 391 717 459 consecrari,
743 391 1024 446 consecrati
1049 398 1370 448 exorarent:
1409 405 1570 462 quam
1603 389 1997 446 correctionem
2027 386 2083 449 Α
2106 407 2228 446 mss.
2255 408 2488 461 numero,
2517 409 2635 448 cum
2659 395 2834 450 omnia
2863 395 2928 451 ab
2953 394 3127 450 eodem
3157 404 3401 467 corrupto
3426 396 3708 467 exemplari

403 484 564 540 unius
590 485 786 546 litterte
815 483 1238 557 repugnantibus
1275 485 1439 542 etiam
1471 484 1654 551 editis,
1686 492 1741 541 et
1771 499 1904 540 mss.
1950 492 2006 540 et

403 580 504 649 ipsi
531 578 734 636 domini
767 579 1042 637 Ballerinii
1089 581 1141 635 in
1170 580 1253 636 his
1280 577 1508 636 edendis
1535 577 1881 636 sermonibus
1911 576 2006 633 ad-

404 669 713 738 hibuerunt,
748 681 809 728 ut
860 673 913 728 in
967 670 1321 728 adnotatione
1367 670 1436 728 Si
1479 671 1546 727 ad
1579 679 1868 727 tractatum
1913 685 2004 725 se-

399 764 636 821 cundum
671 765 797 822 libri
837 764 1232 836 primizUrbem
1250 782 1345 835 pro
1359 765 1546 822 Orbem
1573 765 1719 837 facili
1739 765 1892 818 unius
1919 763 2006 817 lit-

398 871 522 915 tera:
547 859 830 916 mutatione
855 877 1122 931 perperam
1145 860 1198 914 in
1227 876 1350 914 mss.
1384 867 1430 913 et
1456 858 1608 913 editis
1634 859 1881 928 scriptam
1903 863 1998 911 est.

397 953 829 1010 Emendationem
881 969 1062 1010 sensus
1115 952 1390 1024 persuasit.
1449 951 1732 1008 Edim-rum
1782 965 2002 1021 quoque

398 1047 690 1104 lectionem
719 1062 850 1103 mss.
870 1047 1164 1117 praeierunt
1183 1046 1236 1102 in
1261 1046 1612 1102 adnotatione
1637 1043 1694 1110 4,
1723 1042 1790 1098 ad
1814 1042 1996 1099 Tract.

399 1158 494 1198 xm
537 1142 630 1198 lib.
665 1158 701 1198 ιι
733 1159 745 1196 :
774 1141 952 1198 Editio
982 1141 1171 1198 Veneta
1183 1141 1417 1212 captulo,
1446 1150 1641 1196 uetere
1662 1139 1852 1212 capulo
1873 1155 1996 1194 mss.

395 1245 564 1291 autem
591 1236 824 1304 capitulo
845 1276 863 1305 ,
901 1235 1039 1306 quod
1086 1235 1472 1290 retinuissemus
1497 1277 1511 1300 ,
1544 1234 1588 1288 si
1625 1249 1728 1308 quo
1768 1230 2000 1302 exemplo

396 1330 603 1400 probari
653 1329 900 1399 potuisset
928 1338 978 1383 et
1017 1330 1070 1383 in
1096 1330 1346 1392 enuidens,
1384 1343 1485 1398 qua
1507 1328 1747 1400 capulum
1792 1325 1998 1395 signiﬁ-

395 1423 647 1477 cationem
673 1433 976 1494 usurpatum
1002 1425 1176 1495 fuisse.
1220 1421 1319 1477 Hic
1341 1435 1512 1476 autem
1532 1422 1775 1490 capulum
1801 1461 1816 1488 ,
1843 1422 1899 1475 id
1922 1430 2003 1476 est

395 1514 721 1570 manubrium
759 1515 920 1586 gladii
954 1515 1242 1585 significari
1279 1515 1667 1585 apertissimum
1699 1523 1775 1569 est
1793 1530 1813 1570 :
1844 1510 2001 1586 Copi-

395 1611 560 1665 tulum
576 1627 693 1665 vero
714 1610 851 1667 idem
871 1612 1166 1683 significare
1187 1609 1368 1665 uullibi
1390 1609 1520 1664 alias
1541 1609 1846 1665 invenimus.
1884 1607 1998 1664 Ita-

393 1721 488 1772 que
516 1705 705 1774 capulo
733 1706 1054 1776 reliquimus,
1079 1715 1134 1760 ut
1165 1704 1380 1774 inferius
1405 1720 1606 1775 quoque
1629 1703 1874 1775 capulum
1912 1721 1997 1758 re-

2108 487 2242 555 ferte
2265 488 2499 558 profecta
2524 504 2633 542 esse
2654 489 2872 557 possint,
2904 505 2936 542 a
2957 505 3058 558 quo
3083 488 3287 542 easdem
3315 504 3515 559 quoque
3536 504 3710 542 macu-

2107 574 2186 629 las
2215 579 2563 648 conceperint.
2596 577 2949 652 Intelligentia
2987 580 3224 651 quidem,
3259 589 3307 634 et
3323 589 3567 635 contextu
3602 596 3710 636 ser-

2107 668 2272 724 monis
2313 679 2616 742 argumento
2661 687 2770 726 esse
2795 682 3032 744 poterunt
3081 673 3150 726 ad
3197 674 3349 728 verba
3395 674 3712 728 auctorisab

2105 763 2433 818 amanuensis
2471 763 2634 819 verbis
2673 767 3004 820 secernenda.
3059 764 3169 822 Hac
3210 765 3395 837 regula
3446 767 3530 822 usi
3581 774 3714 822 sunt

2105 853 2423 911 criticorum
2443 857 2822 924 celeberrimi,
2855 859 3164 931 Stephanus
3189 859 3441 916 Baluzins
3465 859 3711 926 scilicet,

2105 959 2156 1001 ct
2186 947 2434 1005 Nicolaus
2481 951 2776 1021 liigaltius,
2811 953 3033 1024 aliique.
3071 954 3322 1011 Baluzius
3363 955 3430 1011 ad
3477 955 3712 1014 verbum

2105 1040 2388 1111 Absint/tia
2421 1043 2473 1099 in
2504 1045 2648 1100 notis
2672 1046 2739 1102 ad
2771 1046 3086 1104 Salviannm
3113 1049 3192 1105 sic
3220 1049 3413 1106 habet:
3444 1050 3609 1106 Hunc
3637 1052 3716 1106 lo-

2105 1151 2222 1191 cum
2242 1137 2316 1192 ita
2343 1141 2658 1196 correximus
2687 1143 2900 1214 propria
2921 1144 3244 1210 auctoritate,
3269 1147 3494 1212 tantetsi,
3522 1155 3573 1200 et
3604 1146 3717 1200 edi-

2103 1229 2285 1298 tiones,
2320 1240 2369 1286 et
2390 1248 2512 1287 mss.
2543 1233 2662 1288 libri
2692 1247 3055 1309 repugnarent.
3086 1235 3366 1309 Utrobique
3398 1239 3537 1293 enim
3561 1257 3718 1294 cens-

2106 1332 2273 1378 tanter
2295 1325 2503 1396 legitur.
2531 1326 2672 1396 Quid
2707 1329 2859 1399 juvat
2883 1331 3224 1388 stomachum
3263 1333 3598 1390 abstinentia
3623 1336 3671 1390 si
3701 1376 3714 1399 ,

2104 1427 2210 1472 etc.
2244 1417 2352 1473 Sed
2376 1421 2497 1475 vitio
2519 1421 2854 1478 librariorum
2881 1427 3087 1496 irrepsit
3116 1422 3200 1483 hic
3221 1445 3385 1484 error.
3415 1427 3560 1484 Nam
3590 1430 3717 1486 Sal-

2103 1513 2284 1568 vianus
2310 1515 2571 1572 absinthia
2613 1534 2891 1589 opponere
2918 1521 3090 1577 voluit
3126 1523 3397 1592 dulcibus,
3418 1535 3475 1580 ut
3502 1524 3717 1580 silentia

2101 1608 2333 1672 clamori,
2364 1619 2411 1663 et
2455 1611 2748 1667 antidotum
2786 1630 3000 1671 veneno.
3058 1615 3313 1673 Nostram
3353 1621 3715 1691 conjecturam

2102 1704 2379 1772 conﬁrmat
2407 1705 2515 1775 ipse
2545 1706 2850 1763 Salvianus.
2879 1709 3029 1766 Uade
3056 1712 3260 1768 interim
3305 1714 3600 1785 colligitur,
3631 1732 3719 1770 vc-

393 1799 661 1865 tinuimus,
693 1815 813 1853 cum
838 1799 1021 1865 editis,
1065 1800 1151 1854 ubi
1187 1816 1311 1854 mss.
1342 1799 1531 1854 habent
1572 1799 1875 1871 capitulum.
1927 1799 1996 1854 Et
2028 1789 2076 1852 Β
2101 1797 2361 1851 rissimum
2385 1815 2491 1853 esse
2520 1798 2733 1855 Nicolai
2785 1802 3002 1874 Iligaltii
3032 1805 3437 1862 observationem
3467 1850 3485 1874 ,
3527 1807 3620 1874 qui
3667 1808 3717 1862 in

391 1893 692 1948 amanuensi
718 1893 953 1964 antiquo,
976 1911 1041 1948 ea:
1064 1910 1164 1965 quo
1192 1894 1283 1948 alii
1309 1896 1644 1966 profecerim,
1672 1894 1998 1948 tribuendum

389 1991 668 2056 credimus,
692 1991 830 2062 quod
855 2008 972 2046 cum
995 2007 1165 2046 vocem
1192 1989 1403 2062 capulo,
1435 2000 1484 2045 et
1517 1992 1761 2061 capulum
1790 2006 1879 2060 per
1900 1991 1994 2043 ab-

389 2082 756 2138 breviationem
780 2084 1028 2154 scriptam
1055 2093 1258 2153 putaret
1286 2124 1301 2150 ,
1323 2083 1551 2152 capitulo
1577 2130 1590 2155 ,
1633 2093 1680 2137 et
1709 2082 1996 2154 capitulum

389 2175 711 2246 expresserit.
746 2174 1012 2247 integram
1053 2191 1272 2246 quoque
1313 2174 1606 2230 dictionem
1639 2172 1841 2230 addere
1893 2173 1994 2228 ali-

388 2269 606 2342 quando
673 2270 838 2327 iidem
905 2271 1246 2327 solertissitni
1307 2271 1666 2328 adnotatores
1729 2273 1994 2342 compulsi

389 2371 550 2431 sunt,
609 2371 669 2418 ut
722 2370 956 2420 tractatu
987 2379 1040 2419 ιιι
1082 2363 1180 2420 lib.
1212 2379 1263 2430 ι,
1297 2363 1484 2419 adnot.
1539 2364 1605 2420 13
1639 2379 1654 2419 :
1683 2361 1752 2418 In
1805 2365 1992 2432 editis,

394 2457 628 2524 clausis;
657 2473 812 2528 porro
867 2467 977 2512 tum
1017 2458 1073 2511 in
1113 2473 1237 2512 mss.
1288 2466 1394 2511 tum
1449 2457 1504 2511 in
1542 2456 1696 2512 editis
1733 2457 1816 2511 hic
1852 2454 1996 2512 locus

391 2566 494 2607 uno
515 2560 758 2607 contemtu
786 2550 1023 2620 e/fertur,
1045 2552 1118 2606 ita
1143 2562 1197 2606 ut
1215 2551 1367 2624 plane
1387 2551 1604 2626 intelligi
1642 2562 1892 2624 nequeat;
1919 2555 1996 2606 sic

387 2647 521 2701 enim
542 2646 820 2702 scribitur:
843 2647 1057 2702 Clausis
1087 2647 1260 2702 oculis
1291 2647 1450 2702 tertio
1486 2646 1640 2703 dives
1683 2657 1770 2703 est
1807 2649 1990 2703 avari-

387 2739 478 2793 tia.
511 2736 838 2796 Correximus
862 2749 918 2794 ut
942 2740 996 2794 in
1036 2749 1212 2794 textu:
1239 2740 1326 2793 ubi
1357 2749 1473 2794 cum
1499 2741 1703 2795 uerbum
1743 2741 1993 2812 dispergit

383 2842 560 2901 aperte
585 2832 933 2901 supplendum
965 2833 1093 2905 fuit,
1122 2839 1177 2887 ut
1207 2849 1387 2887 sensus
1408 2842 1664 2888 constaret
1690 2849 1710 2901 ;
1739 2841 1850 2888 tum
1873 2849 1993 2889 vero

383 2933 633 2994 punctum
656 2924 988 2996 afﬁgendum,
1014 2934 1128 2996 post
1148 2924 1284 2995 quod
1306 2927 1457 2980 tertia
1479 2926 1730 2980 orationis
1756 2944 1789 2980 a
1819 2924 1992 2983 Paula

383 3019 663 3090 preposita
689 3037 836 3088 pars,
868 3035 982 3091 quat
1001 3020 1273 3074 avaritiam
1312 3032 1506 3091 spectat
1537 3039 1568 3075 a
1597 3021 1807 3078 Zenone
1830 3038 1994 3092 expo—

382 3114 520 3169 nitur
550 3115 652 3170 illis
687 3117 851 3170 verbis
879 3133 892 3170 :
922 3114 1108 3171 Tertio
1141 3115 1292 3170 dives
1329 3125 1411 3170 est
1441 3115 1672 3171 avaritia
1702 3157 1716 3181 ,
1757 3127 1863 3172 etc.
1915 3117 1992 3171 ita

2101 1889 2408 1958 praefatione
2453 1891 2524 1945 ad
2570 1891 2949 1948 Tcrtullianum
2984 1895 3250 1952 adnotavit
3288 1899 3439 1954 etiam
3483 1908 3717 1955 veterum

2102 1981 2353 2038 librorum
2372 1984 2476 2053 fide
2505 1986 2814 2056 falsissimas
2839 1989 3080 2044 lectiones
3119 1992 3301 2046 osseri.
3341 1991 3477 2049 Nam
3502 2004 3559 2050 et
3587 2005 3719 2050 sunt

2103 2073 2229 2129 libri
2248 2116 2262 2141 ,
2287 2075 2483 2147 inquit,
2507 2077 2956 2148 depravatissime
2972 2084 3228 2142 correcti.
3245 2099 3420 2154 neque
3445 2085 3560 2140 ulla
3588 2100 3720 2156 spes

2102 2169 2426 2225 reducendae
2457 2187 2690 2242 unquam
2717 2174 2982 2246 veritatis,
3017 2176 3122 2232 nisi
3163 2185 3272 2233 tam
3315 2189 3529 2237 veteres
3577 2196 3717 2237 nan-

2101 2262 2389 2329 ciscamnr,
2421 2275 2478 2320 ut
2512 2265 2624 2321 sint
2651 2269 2798 2324 omni
2833 2279 3208 2326 correctorum
3246 2273 3576 2344 antiquitate
3624 2290 3720 2330 ve-

2102 2357 2359 2414 tustiores
2381 2368 2435 2415 et
2457 2359 2582 2415 alibi
2609 2361 2746 2416 idem
2771 2361 3044 2419 Baluaius.
3077 2363 3165 2420 Ιω
3198 2369 3519 2424 comedimus
3543 2384 3613 2423 ea:
3641 2371 3720 2423 in-

2101 2450 2272 2518 genio,
2305 2465 2424 2505 cum
2446 2461 2597 2507 antea
2622 2453 2900 2526 legeretur,
2929 2455 3142 2526 injuriae
3162 2500 3178 2527 ,
3221 2459 3351 2515 sicut
3365 2463 3506 2515 enim
3538 2463 3721 2517 molli-

2102 2542 2221 2595 tiem
2242 2543 2517 2614 uoluptatis
2535 2548 2748 2618 opponit
2776 2550 3159 2620 asperitatibus,
3188 2554 3262 2608 sic
3284 2555 3468 2627 longas
3489 2556 3717 2611 delicias

2101 2632 2349 2703 injuriae:
2368 2636 2602 2707 alioquin
2629 2640 2767 2694 enim
2793 2656 2893 2697 vox
2920 2642 3133 2713 injuria
3159 2646 3361 2700 nullum
3408 2649 3492 2702 ltic
3523 2649 3719 2704 bonum

2099 2745 2306 2784 sensum
2336 2733 2481 2803 facit.
2512 2733 2636 2790 llaec
2658 2735 2940 2792 attulimus
2965 2740 3240 2812 eae-ima,
3267 2755 3390 2812 quae
3415 2752 3546 2798 sunt
3570 2759 3718 2814 ιιι-,ιι-

2099 2821 2236 2888 cisa,
2263 2837 2389 2880 cum
2418 2835 2471 2881 et
2503 2825 2556 2882 in
2581 2826 2641 2884 8.
2676 2828 2910 2885 Zenonis
2937 2841 3086 2887 textu
3119 2833 3410 2891 antithesis
3433 2839 3717 2908 oppositis

2102 2917 2254 2974 nullo
2279 2919 2387 2975 allo
2427 2936 2612 2987 sensu,
2645 2939 2807 2993 quam
2839 2939 2928 2992 eo,
2961 2943 3069 2996 quo
3117 2928 3236 2998 ejus
3274 2931 3438 2986 verba
3468 2932 3720 3003 explica-

2098 3016 2297 3076 vimus.
2331 3016 2556 3085 reperiri
2580 3017 2791 3087 possit:
2821 3021 3078 3091 nullaque
3101 3023 3277 3094 major
3303 3025 3483 3081 aiierri
3537 3027 3718 3097 possit

2099 3107 2240 3162 ratio
2272 3107 2342 3162 ita
2366 3110 2670 3180 corrigendi
2717 3121 2926 3169 textum
2957 3153 2971 3181 ,
2997 3130 3156 3185 quam
3191 3115 3364 3187 ipsius
3409 3131 3715 3176 contextus

379 3210 643 3266 commode
660 3210 968 3283 intelligitur
992 3212 1165 3282 utique
1205 3212 1389 3283 referri
1414 3212 1483 3264 ad
1518 3211 1862 3282 eloquentiam
1887 3253 1902 3278 ,
1936 3220 1985 3265 et
2012 3190 2058 3257 (ἶ
2097 3203 2388 3257 sententia.

378 3304 732 3374 fortitudinem
753 3305 986 3359 avaritia:
1007 3305 1275 3377 facientes,
1307 3304 1370 3358 de
1405 3304 1588 3375 quibus
1611 3304 1852 3359 hactenus
1878 3303 1986 3356 dis-

379 3407 626 3453 seruerat.
659 3397 978 3470 llujttsmod-i
1010 3399 1386 3455 correctiones
1440 3409 1637 3469 praeter
1659 3397 1925 3454 editorum
1966 3439 1982 3463 ,

377 3499 434 3545 et
454 3506 588 3547 mss.
617 3491 905 3548 lectionem
936 3491 989 3546 in
1019 3490 1400 3549 eruditissimis
1445 3490 1886 3547 adnotationibus
1913 3488 1984 3544 ad

376 3584 662 3640 Tractatus
706 3585 766 3644 S.
818 3585 1056 3643 Zenonis
1100 3603 1129 3642 ιι
1181 3586 1244 3642 D.
1297 3586 1600 3642 Balleriniis
1649 3585 1984 3642 elucubratis

379 3679 585 3748 passim
615 3678 798 3734 videre
820 3685 905 3735 est
931 3720 948 3746 ,
981 3695 1042 3736 ea
1072 3679 1278 3736 ratione
1321 3681 1482 3736 allata
1507 3721 1522 3748 ,
1546 3689 1603 3734 ot
1633 3696 1812 3735 sensus
1832 3694 1985 3733 cons-

377 3780 482 3826 tet:
523 3789 586 3826 ne
626 3786 804 3826 sensus
842 3781 970 3827 esset
1009 3789 1324 3835 suspensus:
1375 3784 1642 3828 contextus
1688 3772 1978 3844 persuasit:

375 3864 632 3921 sententia
670 3866 956 3935 persuasit:
1001 3874 1055 3919 ut
1073 3867 1326 3920 sententia
1379 3866 1674 3938 efflagitat:
1717 3864 1982 3920 sententia!

372 3968 545 4013 autem
572 3958 739 4030 magis
765 3974 1068 4032 congruunt.
1112 3956 1248 4013 Cum
1300 3959 1481 4029 itaque
1524 3970 1580 4013 et
1628 3959 1680 4012 in
1708 3958 1810 4014 hoc
1861 3960 1980 4014 loco

372 4050 646 4106 editorqu
672 4051 833 4107 lectio
853 4050 1134 4107 contextoi
1188 4053 1359 4122 magis
1391 4059 1656 4106 consonet
1677 4089 1694 4118 ,
1722 4065 1830 4121 pra:
1857 4051 1978 4106 aliis

374 4141 699 4200 lectionibus
727 4144 1009 4200 retinenda
1039 4151 1146 4211 cst,
1169 4153 1224 4199 et
1257 4142 1566 4215 legendum.
1607 4142 1764 4198 Illius
1802 4161 1832 4197 α
1851 4161 1980 4212 quo-

373 4236 448 4290 vis
473 4235 628 4289 libere
656 4237 871 4290 tractari
902 4243 1067 4306 potest
1091 4251 1109 4289 :
1139 4246 1285 4291 tuum
1311 4237 1471 4291 etiam
1497 4253 1529 4290 a
1559 4233 1864 4291 Christianis
1891 4237 1974 4308 ip-

371 4328 442 4383 sis
468 4329 676 4383 minime
705 4329 996 4384 consecrari
1029 4329 1139 4384 sine
1166 4330 1437 4402 sacrilegio
1469 4329 1631 4385 videri
1675 4338 1861 4401 potest.
1905 4328 1976 4386 Ut

367 4439 562 4482 sensus
593 4425 660 4480 sit
681 4424 1020 4482 Christianos
1040 4425 1210 4481 sacris
1233 4426 1626 4482 interessentes
1652 4434 1842 4480 contra
1874 4425 1977 4480 im-

371 4532 680 4592 peratorum
713 4522 886 4578 edicta
919 4533 1174 4594 tanquam
1205 4523 1501 4594 sacrilegos
1541 4521 1704 4592 plecti
1736 4563 1750 4588 ,
1783 4522 1971 4592 utjam

2165 3295 2299 3351 illud
2329 3297 2380 3352 in
2412 3299 2514 3354 hoc
2540 3301 2729 3370 quinto
2774 3303 2832 3357 S.
2865 3303 3104 3361 Zenonis
3132 3315 3362 3364 tractatu
3394 3308 3556 3379 primi
3583 3309 3713 3366 libri

2090 3389 2508 3458 espendendum
2543 3403 2712 3449 restat
2733 3407 3113 3468 argumentum
3138 3415 3203 3455 ex
3244 3401 3313 3456 iis
3354 3402 3540 3458 verbis
3567 3418 3709 3458 con-

2092 3480 2298 3537 ﬂatum.
2330 3484 2396 3538 At
2438 3502 2555 3540 cum
2582 3496 2701 3542 ante
2743 3505 2908 3544 annos
2953 3494 3116 3563 ferme
3151 3492 3550 3564 quadringentos
3581 3494 3712 3567 (dua

2089 3586 2285 3634 cenios
2306 3593 2372 3634 ex
2395 3582 2734 3639 correctione
2753 3583 3069 3658 legendum)
3084 3588 3163 3641 vel
3179 3604 3237 3643 eo
3261 3588 3508 3658 amplius,
3534 3589 3710 3660 Apes-

2088 3672 2302 3726 tolicum
2333 3673 2432 3728 hoc
2455 3685 2694 3744 operetur
2736 3677 2981 3746 edictum,
3007 3695 3110 3751 quo
3139 3689 3188 3735 et
3225 3683 3505 3736 vivaciores
3551 3683 3707 3749 [uere

2089 3765 2347 3833 homines,
2379 3777 2424 3822 et
2446 3771 2700 3826 rarissimi
2749 3769 3072 3838 Christiani;
3099 3791 3196 3830 cur
3240 3791 3364 3847 ergo
3399 3775 3704 3830 Christiano

2090 3861 2212 3916 orbe
2238 3861 2350 3932 ipso
2375 3879 2518 3932 plene
2536 3868 2652 3938 jam
2681 3875 2808 3932 toto,
2835 3868 3203 3939 [concinuntque
3231 3870 3523 3936 vivacitate,
3546 3886 3706 3924 mun‘

2089 3957 2158 4010 do
2205 3967 2498 4014 senescente
2544 3961 2754 4026 detrita,
2807 3961 3090 4016 obtundam
3144 3962 3312 4016 verbis
3364 3963 3703 4035 palpantibus

2086 4053 2252 4108 aciem
2281 4055 2532 4123 veritatis,
2559 4065 2668 4112 etc.
2719 4054 2812 4112 Illa
2856 4057 3023 4112 verba
3069 4057 3362 4124 adhibent,
3405 4057 3702 4113 Christiano

2087 4147 2209 4201 orbe
2237 4148 2348 4216 ipso
2377 4165 2523 4221 plene
2551 4150 2659 4217 iam
2710 4159 2846 4220 toto,
2889 4153 3088 4222 quibus
3133 4163 3388 4223 quartum
3437 4155 3698 4208 saeculum

2090 4243 2311 4298 indicari
2361 4243 2697 4322 contendunt
2754 4245 2970 4301 Domini
3021 4245 3332 4310 Ballerinii,
3397 4245 3696 4302 Marcellini

2086 4339 2464 4394 auctoritatem
2504 4339 2776 4410 propriam
2819 4339 2884 4395 ad
2913 4339 3345 4395 continuandam
3369 4342 3696 4395 sententiam

2084 4429 2444 4499 adducentes,
2472 4432 2564 4496 qui
2596 4431 2687 4488 lib.
2721 4447 2840 4501 ut,
2874 4445 2924 4488 ιι.
2951 4433 3010 4497 2,
3049 4435 3189 4505 ipsos
3236 4447 3440 4502 quoque
3467 4431 3696 4486 Romani

2081 4523 2286 4592 imperii
2306 4525 2492 4580 milites
2512 4525 2830 4580 Christianos
2852 4527 3012 4596 fuisse
3034 4527 3250 4597 prodit;
3275 4528 3361 4580 cui
3393 4533 3450 4582 et
3468 4525 3694 4580 Zonaras

365 4629 555 4674 contra
586 4618 990 4674 Tillcmontium
1029 4619 1441 4689 eaplicavimus.
1487 4617 1566 4673 Ex
1609 4617 1710 4672 hac
1736 4619 1970 4687 genuina
1997 4601 2055 4662 Ι)
2081 4625 2288 4672 textum
2315 4617 2525 4674 addunt
2555 4620 2638 4675 his
2670 4621 2989 4690 supplentes
3016 4620 3219 4675 verbis.
3253 4619 3409 4674 Unde
3447 4617 3694 4672 Julianus

366 4721 545 4768 textus
598 4713 940 4767 restitutione
964 4719 1216 4782 patenter
1253 4710 1709 4767 anachronismus
1742 4713 1971 4782 emergit

364 4808 508 4864 circa
535 4822 599 4865 ea
621 4849 636 4876 ,
663 4823 782 4878 qua:
837 4806 926 4861 hic
951 4805 1129 4860 allatis
1169 4805 1484 4876 praecedunt
1523 4805 1704 4860 verba.
1742 4807 1802 4858 At
1833 4820 1966 4868 cum

364 4919 526 4957 annos
572 4902 732 4973 ferme
782 4900 1188 4972 quadringentos
1223 4901 1301 4954 vel
1346 4915 1407 4954 eo
1454 4901 1702 4969 amplius.
1732 4893 1965 4971 'Qtlippe

366 5009 486 5049 cum
521 5010 662 5050 anno
682 4991 887 5049 Christi
924 4991 1038 5047 475
1065 4991 1238 5048 asseri
1269 5007 1375 5047 non
1407 5003 1588 5063 posset
1626 5033 1641 5059 ,
1676 5006 1850 5063 neque
1895 4993 1964 5047 ab

364 5102 510 5142 anno
527 5088 637 5145 560
660 5087 727 5142 ad
747 5087 853 5143 380
880 5085 1312 5142 Christianorum
1344 5085 1610 5142 sacriﬁcia
1636 5097 1868 5156 secreta,
1896 5101 1961 5144 ac

362 5181 530 5238 vetita
564 5181 729 5238 fuisse
753 5223 768 5248 ,
797 5181 1068 5237 idolorum
1111 5171 1246 5236 vero
1271 5180 1482 5252 publica
1506 5222 1522 5248 ,
1555 5196 1618 5237 ac
1645 5181 1814 5239 libera
1841 5223 1855 5249 ,
1885 5185 1968 5239 le-

361 5275 597 5348 gendum
629 5275 816 5346 procul
851 5274 1016 5329 dubio
1058 5283 1142 5330 est
1171 5287 1269 5345 pro
1298 5274 1702 5346 quadringentos
1724 5320 1738 5344 ,
1769 5275 1965 5330 ducen-

363 5379 471 5437 tos,
500 5378 560 5425 ut
585 5367 852 5424 Baronius
902 5366 1110 5437 optime
1149 5364 1294 5420 hunc
1326 5374 1534 5420 textum
1581 5366 1824 5437 corrigit.
1860 5367 1968 5424 Ne-

361 5480 468 5537 que
492 5464 618 5522 huic
637 5462 806 5520 oi‘licit
831 5458 1176 5526 correctioni,
1193 5459 1373 5515 omnia
1391 5473 1524 5516 mss.
1541 5460 1967 5532 quadringentos

360 5562 698 5631 exprimere,
737 5572 860 5613 nam
890 5563 947 5612 et
996 5553 1096 5610 hoc
1127 5554 1434 5609 amanuensi
1478 5554 1694 5622 antique
1722 5591 1737 5620 ,
1763 5569 1827 5610 ex
1857 5570 1966 5624 quo

362 5654 452 5708 alii
484 5655 811 5724 profecerunt
833 5693 847 5717 ,
872 5649 1201 5706 tribuendum
1245 5648 1517 5704 credimus.
1543 5648 1724 5726 Quare
1749 5651 1968 5720 'sapien-

368 5746 574 5802 tissime
602 5755 788 5802 monet
805 5745 1141 5801 clarissimus
1182 5743 1244 5798 P.
1289 5743 1596 5800 Honoratus
1627 5759 1656 5798 ιι
1707 5745 1767 5801 8.
1796 5744 1966 5799 Maria

367 5837 545 5909 quod:
577 5828 764 5895 Nihilo
781 5839 945 5910 magis
987 5837 1317 5908 deferendum
1361 5846 1436 5894 est
1479 5851 1667 5910 magno
1719 5838 1968 5895 similium

2079 4709 2344 4782 Angustus
2368 4711 2423 4765 in
2451 4709 2641 4766 Galliis
2668 4714 2988 4767 acclamatur
3023 4731 3046 4767 ι
3079 4721 3143 4768 ut
3187 4727 3382 4768 omnes
3415 4711 3558 4766 nullo
3583 4711 3690 4764 im-

2069 4804 2336 4873 pediente
2379 4804 2447 4859 ad
2489 4804 2580 4861 sui
2621 4804 2861 4862 favorem
2914 4805 3165 4870 illiceret,
3211 4805 3497 4860 adlmrere
3524 4802 3692 4858 cultui

2077 4895 2387 4954 Christiano
2413 4899 2682 4969 ﬁngebat;
2713 4915 2839 4954 nam
2870 4899 3162 4955 verebatur
3187 4916 3210 4952 ι
3239 4899 3318 4952 ait
3341 4896 3573 4952 Zonaras
3592 4894 3686 4948 lib.

2076 5004 2195 5058 aut,
2230 5007 2284 5045 ιι.
2319 4991 2407 5058 ii,
2437 4993 2659 5056 milites,
2689 5007 2828 5063 quos
2861 5006 3028 5062 prope
3050 4991 3332 5047 universos
3353 4988 3687 5046 Christianos

2075 5099 2203 5141 esse
2230 5096 2475 5142 noverat.
2503 5087 2636 5142 Dein
2660 5086 3056 5144 Tertullianum
3082 5102 3244 5158 quem
3276 5085 3383 5142 sibi
3406 5079 3688 5140 adversari

2072 5181 2320 5236 sentiunt
2345 5181 2620 5252 explicare
2647 5190 2914 5236 conantur
2940 5199 2953 5237 :
2989 5181 3096 5248 Qui
3137 5196 3230 5236 suo
3259 5189 3490 5250 tempore
3511 5191 3686 5234 omnes

2076 5273 2339 5329 Romanas
2360 5275 2510 5331 urbes
2539 5273 2856 5330 Christianis
2879 5276 3124 5347 impletas
3155 5284 3395 5330 testatur.
3432 5270 3682 5330 Oratorie

2076 5367 2150 5422 ibi
2195 5367 2345 5423 illum
2391 5368 2538 5440 loqui
2569 5378 2938 5437 autumantes,
2987 5368 3318 5425 Tertulliani
3360 5367 3520 5424 verba
3561 5364 3681 5419 haec

2073 5471 2250 5518 sunt:
2299 5461 2518 5519 Emerui
2571 5477 2770 5525 sumus,
2822 5472 2870 5520 et
2917 5473 3084 5519 vestra
3123 5465 3300 5518 omnia
3327 5461 3672 5532 implevimus,

2078 5556 2253 5623 urbes,
2285 5557 2486 5610 insulas
2513 5599 2528 5623 ,
2565 5556 2799 5624 castella,
2825 5558 3131 5629 municipia,
3159 5555 3517 5620 conciliabula,
3553 5565 3678 5605 cas—

2076 5661 2158 5703 tra
2186 5651 2322 5722 ipsa,
2355 5651 2539 5718 tribus,
2583 5651 2847 5718 deettrias,
2878 5651 3158 5722 palatium,
3191 5660 3440 5716 senatum,
3479 5649 3672 5717 Imm,

2077 5744 2191 5799 sola
2219 5743 2357 5799 vobis
2378 5744 2679 5814 reliquimus
2708 5746 2904 5816 templa
2923 5745 3003 5819 (in
3022 5746 3165 5814 apol.
3192 5761 3309 5818 cap.
3333 5743 3443 5815 ὅτ).
3471 5741 3674 5795 Densus

2078 5840 2319 5897 oratorie
2345 5840 2570 5909 dictum,
2599 5850 2657 5899 et
2701 5842 2936 5913 quodam
2983 5855 3108 5900 cum
3151 5856 3377 5901 excessu
3411 5858 3422 5893 :
3457 5842 3515 5892 At
3541 5833 3672 5906 quis
