3902 6324
434 261 528 317 'll-l
1210 291 1237 320 ο

1573 263 1660 320 DE
1708 261 1952 322 SANCTI
1990 260 2280 322 ZENONIS
2318 263 2592 324 EPOCHA
2897 286 2904 290 ·
3641 263 3740 319 712

429 376 687 430 delictum
709 416 722 436 .
763 384 820 429 ut
854 374 1148 440 ferebatur,
1192 375 1419 432 Veronae
1459 376 1832 432 commissum.
1867 378 1935 432 At
1963 376 2028 430 il-
2060 381 2112 437 Δ
2144 379 2324 446 libus,
2357 377 3033 448 confabulationibusque,
3094 390 3156 431 ac
3199 376 3338 432 ludis
3384 375 3738 440 abhorreret;

429 470 540 527 ltun
579 470 926 542 reprehendit
968 469 1288 526 Ambrosius
1312 512 1326 535 ,
1366 471 1510 542 quod
1542 473 1660 527 sine
1691 471 1919 527 consilio
1949 472 2030 527 al-

431 561 601 618 terius
628 562 808 617 fratris
835 562 1032 634 (semet
1060 561 1306 618 modeste
1337 563 1589 634 innitens)
1616 563 1876 633 judicium
1906 578 2031 634 age-

427 664 530 710 ret.
563 654 714 710 Licet
742 654 885 709 enim
916 654 1128 711 ratione
1161 655 1358 724 patrati
1403 657 1575 727 stupri
1617 656 1816 712 Indicia
1861 657 2032 726 ipsius

424 746 633 818 Syagrii
667 745 1062 816 jurisdictionis
1099 747 1458 815 subderetur;
1502 757 1739 805 attamen
1775 765 1897 804 cum
1931 764 2029 804 ex-

426 850 538 898 tera
581 853 760 908 esset,
806 850 865 896 ut
907 842 1075 913 ipsius
1117 842 1283 897 vitam
1333 858 1397 898 ac
1444 859 1624 899 mores
1668 853 2027 914 agnosceret,

424 934 713 990 consilium
747 932 974 1006 Syagrio
1000 935 1363 1004 expetendum
1394 935 1496 990 fuit
1536 935 1604 990 ab
1651 935 1772 1006 ipso
1816 934 2032 1005 potissi-

425 1043 571 1090 mum
592 1025 913 1091 Ambrosio,
957 1028 1042 1081 cui
1088 1037 1214 1081 nota
1265 1036 1384 1084 erat
1432 1026 1654 1082 ludit-ia.
1711 1026 1870 1082 Nulla
1923 1026 2030 1083 alia

425 1119 563 1175 ratio
606 1117 1052 1188 reprehensionis
1100 1118 1260 1190 hujus
1304 1118 1500 1176 adduci
1548 1130 1748 1192 potest.
1799 1119 1933 1175 Nam
1982 1119 2032 1175 si

430 1215 758 1270 Veronensis
807 1213 996 1270 fuisset
1044 1215 1234 1285 virgo,
1285 1222 1343 1269 ut
1400 1212 1540 1270 falso
1585 1214 1873 1285 putabatur
1916 1223 2030 1269 stu-

425 1317 574 1378 prata
595 1349 608 1372 ,
651 1316 707 1362 et
743 1305 844 1378 ipsi
882 1305 1112 1378 Syagrio
1149 1315 1276 1362 nota
1302 1349 1315 1371 ,
1347 1321 1445 1363 cur
1474 1306 1542 1362 ab
1585 1306 1706 1362 aliis
1737 1305 1928 1361 notitia
1960 1305 2030 1362 de

422 1401 516 1456 illa
541 1399 871 1471 exquirenda
898 1401 1051 1456 erat?
1082 1399 1155 1456 De
1180 1399 1283 1456 hac
1309 1400 1496 1456 notitia
1526 1415 1687 1472 agere
1717 1400 1774 1456 S.
1801 1399 2030 1455 Ambro-

422 1495 562 1550 sium
607 1508 675 1550 ex
703 1493 870 1563 ipsius
899 1492 1146 1562 epistola:
1177 1493 1356 1549 verbis
1387 1492 1732 1548 manifestum
1761 1501 1875 1558 est,
1905 1507 2026 1547 cum

425 1587 563 1642 hanc
593 1586 838 1642 notitiam
879 1586 1108 1658 Syagrio
1153 1586 1431 1657 pra-beat,
1485 1585 1920 1642 benedictionem
1974 1593 2030 1640 ct

387 1669 390 1672 ’
420 1681 908 1739 sattctilicatiouem
938 1679 1177 1737 Zenonis
1207 1695 1306 1750 pro
1332 1679 1535 1736 Indicia
1569 1679 1836 1752 allegans,
1873 1679 2025 1749 ejus-

2136 479 2297 538 atque
2329 483 2387 526 ut
2417 472 2532 526 Deo
2565 479 2780 526 vacaret
2808 472 2970 525 etiam
3012 469 3066 524 in
3097 484 3228 541 agro
3257 485 3372 524 sua:
3402 469 3740 525 consortium

2134 561 2417 619 affinitatis
2447 562 2762 634 refugisset,
2786 571 2839 616 et
2862 561 2999 618 forte
3024 561 3236 616 Maximi
3267 557 3540 617 licentiam
3563 603 3578 626 ,
3599 561 3741 632 quod

2135 653 2362 710 innuere
2409 654 2623 710 videtur
2666 653 3026 719 Ambrosius,
3069 652 3312 720 addens,
3359 655 3568 723 aliaque
3612 653 3740 724 prolt

2133 745 2320 801 dolor!
2360 746 2542 816 Quare
2590 747 2854 801 Maximus
2891 746 3026 808 ,odio
3068 745 3120 801 in
3166 745 3422 801 lndiciam
3469 745 3734 817 ﬂagrans,

2133 840 2391 896 conﬂavit
2416 842 2740 896 calumniam
2763 883 2777 908 ,
2807 842 2962 911 cujus
3005 841 3243 898 fautores
3272 841 3458 897 habuit
3489 856 3620 906 eos,
3650 841 3737 911 qui

2132 933 2358 1004 virginis
2388 933 2610 989 ludicize
2635 935 2993 996 continentia,
3029 950 3091 989 ae
3112 934 3454 990 satcularium
3500 949 3735 991 consuc-

2133 1025 2378 1082 tudinum
2409 1026 2530 1099 fuga
2560 1027 2751 1083 offensi
2779 1038 2952 1083 erant.
2991 1026 3131 1082 Nam
3161 1038 3208 1082 et
3250 1028 3331 1082 hic
3369 1029 3596 1082 vidimus
3638 1028 3735 1081 du-

2133 1120 2291 1184 dum,
2323 1131 2370 1176 et
2401 1120 2508 1174 illic
2537 1136 2646 1176 esse
2674 1122 3018 1190 comperimus
3038 1161 3054 1187 ,
3096 1121 3185 1191 qui
3225 1121 3566 1188 compositam
3607 1121 3734 1174 hunc

2130 1222 2414 1282 querantur
2441 1213 2794 1280 calumniam,
2839 1230 2966 1284 quos
3006 1214 3185 1280 aiunt,
3219 1222 3265 1268 et
3295 1213 3519 1281 offensos
3551 1212 3738 1282 favisse

2134 1303 2400 1372 Maximo,
2433 1306 2570 1376 quod
2609 1306 2708 1360 ista
2755 1308 2895 1377 virgo
2923 1323 3026 1361 non
3063 1307 3343 1362 circumeat
3383 1307 3567 1361 domos
3589 1347 3604 1372 ,
3647 1322 3740 1359 nec

2131 1414 2308 1452 eorum
2336 1409 2595 1454 matronas
2625 1399 2841 1464 salutet,
2866 1410 3018 1469 atque
3042 1399 3252 1452 ambiat.
3282 1399 3359 1455 lla
3389 1399 3737 1453 Ambrosius.

2129 1488 2286 1546 Nulla
2333 1489 2419 1545 hic
2460 1491 2529 1547 de
2571 1507 2629 1546 re
2671 1489 2925 1546 familiari
2968 1493 3170 1546 mentio
3200 1493 3292 1558 lit;
3335 1503 3675 1563 quapmpter
3696 1494 3739 1546 si

2130 1583 2402 1639 Ambrosii
2448 1585 2608 1638 verba
2661 1583 2880 1654 proprio
2925 1583 3274 1655 inspiciamus
3311 1592 3575 1655 aspectu,
3625 1583 3742 1641 hate

2130 1675 2257 1731 facti
2293 1678 2450 1747 hujus
2482 1678 2682 1733 veritas
2710 1678 3053 1747 apertissime
3081 1694 3146 1734 ex
3179 1679 3312 1748 ipsis
3340 1680 3524 1749 verbis
3554 1695 3740 1736 emer-

419 1792 526 1848 que
574 1777 838 1832 innocuos
888 1789 1070 1830 mores
1123 1775 1360 1830 textibus
1397 1774 1790 1844 comprobans,
1821 1783 1877 1827 at
1915 1789 2022 1828 non
2052 1771 2223 1845 Bgit.
2278 1771 2510 1838 Indicia,
2562 1787 2683 1842 quae
2722 1771 2942 1837 Rontm,
2993 1781 3048 1828 et
3093 1771 3219 1828 alibi
3271 1771 3440 1828 multo
3488 1781 3743 1842 tempore

421 1869 860 1933 Veronensibus,
893 1867 988 1924 sed
1017 1868 1253 1935 exteris,
1288 1877 1346 1921 ut
1373 1866 1565 1923 eodem
1598 1866 1658 1922 ll
1691 1866 1870 1934 capite
1909 1865 2026 1956 plu-

417 1963 570 2020 ribus
597 1961 808 2018 ostendi
843 1960 978 2033 (lib.
1013 1976 1028 2015 ι
1070 1959 1133 2014 de
1188 1959 1363 2015 Serm.
1399 1959 1459 2015 S.
1493 1957 1626 2013 Zen.
1655 1957 1694 2029 ).
1739 1957 1856 2012 Non
1895 1972 2024 2027 ergo

419 2055 748 2112 Veronensis
771 2053 970 2108 Indicia
1001 2051 1121 2108 fuit.

487 2148 667 2220 Ipsum
710 2162 842 2203 vero
885 2147 947 2201 D.
992 2145 1267 2201 Ambrosii
1311 2151 1518 2200 textum
1561 2142 1795 2199 afferunt
1837 2142 2022 2198 eximii

416 2241 691 2298 Ballerinii
711 2280 727 2307 ,
759 2254 868 2309 quo
895 2237 1200 2295 evidentius
1229 2247 1483 2294 constare
1508 2237 1696 2294 dicunt
1715 2279 1730 2305 ,
1765 2237 2020 2293 Indiciam

419 2336 788 2393 Veronensem
818 2333 1004 2389 fuisse.
1039 2332 1177 2400 Quid
1205 2332 1250 2386 si
1276 2347 1340 2388 ea:
1366 2333 1431 2388 iis
1458 2332 1587 2402 ipsis
1609 2372 1626 2400 ,
1657 2348 1771 2402 qua:
1815 2333 1868 2399 in
1898 2332 2021 2386 Am-

415 2431 574 2488 brosii
617 2428 834 2500 epistola
875 2440 1156 2483 narrantur
1182 2473 1196 2498 ,
1261 2427 1514 2484 Indicium
1566 2428 1816 2500 virginem
1863 2427 2020 2483 Vero-

414 2545 624 2585 nensem
667 2527 829 2599 fuisse
869 2525 1179 2581 luculentitts
1223 2524 1622 2595 confirmemus?
1651 2522 1854 2580 Etenim
1899 2523 2018 2580 Ma-

411 2623 582 2678 ximus
628 2622 820 2676 sororis
870 2621 950 2674 vir
1002 2631 1274 2692 postquam
1325 2619 1413 2674 lite
1463 2619 1708 2674 adversus
1755 2618 2018 2674 lndiciam

412 2724 552 2768 mota
578 2715 641 2768 de
665 2713 972 2784 quibusdam
1004 2713 1178 2768 bonis.
1199 2753 1214 2768 .
1236 2711 1439 2782 judicia
1472 2720 1821 2768 attentasset.
1857 2753 1870 2766 .
1901 2729 2016 2767 cum

414 2807 733 2864 vehementer
770 2815 1042 2878 angeretur
1073 2846 1084 2860 .
1121 2848 1134 2861 .
1189 2806 1332 2876 quod
1366 2805 1528 2878 Virgo
1575 2806 1630 2861 in
1672 2821 1802 2878 agro
1841 2806 2018 2862 afﬁni-

413 2901 538 2957 tatis
565 2914 678 2954 sua:
707 2898 996 2971 refugisset
1025 2898 1360 2954 consortium
1379 2941 1392 2965 ,
1427 2913 1581 2954 muro
1611 2898 1896 2969 interjecto
1930 2899 2016 2972 (in

412 2994 590 3049 eadem
619 2992 792 3064 utique
833 2989 1020 3062 domo)
1065 2989 1326 3047 discretas
1369 2991 1516 3047 mdes
1563 2992 1747 3046 uxoris
1791 3007 1905 3046 sum
1950 3005 2014 3046 ac

413 3087 671 3158 virginis,
713 3086 1047 3158 divisamque
1071 3085 1447 3157 germanitatis
1487 3086 1629 3142 inter
1660 3099 1879 3141 sorores
1924 3101 2013 3140 so-

2131 1868 2262 1936 luit,
2315 1877 2372 1922 ut
2418 1883 2484 1922 ex
2535 1866 2693 1937 hujus
2734 1865 2979 1937 epistola:
3021 1876 3202 1934 textu,
3245 1881 3309 1922 ac
3345 1881 3412 1923 ex
3461 1867 3569 1932 iis,
3622 1884 3740 1938 qua:

2127 1960 2263 2015 alias
2294 1958 2686 2029 expendimus,
2717 1968 2963 2024 constat,
3003 1958 3267 2015 Veronam
3307 1973 3368 2015 se
3401 1958 3739 2026 conferens,

2129 2063 2186 2108 ut
2211 2052 2354 2123 apud
2385 2067 2628 2108 sororem
2660 2052 2962 2117 habitaret,
2994 2053 3302 2124 contiguam
3333 2053 3520 2109 domui
3568 2053 3739 2110 Maxi-

2128 2148 2222 2214 mi,
2256 2146 2376 2217 ipso
2405 2145 3015 2202 consentientedomum
3035 2146 3298 2203 conduxit
3324 2157 3518 2216 aperto
3553 2164 3737 2212 muro,

2125 2252 2217 2309 ut,
2253 2256 2532 2298 accessum
2563 2242 2628 2296 ad
2659 2257 2904 2298 sororem
2937 2241 3178 2309 habens,
3207 2252 3388 2312 posset
3419 2252 3530 2298 tam
3570 2244 3738 2300 libere

2121 2353 2306 2395 secum
2359 2337 2634 2400 habitare.
2685 2339 2876 2395 uolens
2923 2339 2974 2394 in
3022 2339 3186 2394 domo
3231 2341 3445 2410 cognati
3496 2341 3736 2398 aliorum

2121 2430 2516 2486 consuetudine
2555 2430 2821 2498 distrahi,
2851 2447 3022 2502 quare
3052 2446 3154 2487 nec
3186 2432 3297 2488 ruri
3326 2447 3450 2488 cum
3494 2433 3736 2490 Maximo

2120 2540 2245 2582 esse
2270 2526 2457 2580 voluit.
2486 2525 2831 2581 Continentia
2862 2525 3078 2582 Indicia:
3104 2526 3326 2598 virginis
3352 2528 3606 2583 offensus
3633 2529 3739 2584 Ma-

2120 2617 2298 2673 ximus
2331 2618 2503 2688 primo
2529 2619 2781 2689 jurgatus
2803 2661 2816 2682 ,
2851 2629 2908 2674 ut
2951 2620 3182 2687 videtur,
3235 2633 3457 2692 propter
3493 2625 3732 2680 liberum

2119 2710 2337 2766 lndicim
2364 2727 2644 2768 accessum
2687 2728 2718 2768 e
2758 2728 2854 2768 sua
2887 2713 2940 2769 in
2973 2713 3194 2772 doumm
3226 2717 3412 2772 uxoris
3434 2757 3451 2784 ,
3485 2726 3608 2773 tum
3639 2737 3732 2775 ac-

2119 2803 2266 2859 tione
2291 2803 2536 2874 judiciali
2573 2806 2828 2860 intentata
2855 2847 2868 2872 ,
2910 2806 2995 2861 cui
3035 2807 3380 2863 occasionem
3421 2824 3735 2866 consensus

2118 2899 2395 2969 praestitus
2423 2898 2491 2955 de
2518 2899 2816 2968 aperiendo
2845 2915 3000 2956 muro
3027 2916 3058 2955 a
3090 2902 3323 2958 Maximo
3350 2903 3482 2960 dare
3511 2909 3733 2975 potuit.

2117 3007 2273 3048 muro
2317 2993 2587 3048 obstruxit
2630 2994 2872 3058 aditum,
2918 3009 3250 3066 uxoremque
3294 2997 3618 3068 prohibuit,
3672 3018 3735 3057 ne

2117 3084 2184 3140 ad
2224 3100 2470 3141 sororem
2510 3084 2768 3144 ludiciam
2807 3087 3130 3154 accederet,
3171 3105 3320 3160 aegro
3356 3090 3407 3145 id
3459 3091 3612 3149 forte
3657 3095 3734 3151 fe-

411 3181 665 3237 cietatem
697 3220 710 3233 .
743 3219 756 3233 .
783 3196 893 3235 esse
911 3181 1146 3250 jusserat
1177 3219 1190 3232 .
1223 3220 1235 3233 .
1265 3180 1401 3251 quod
1429 3189 1784 3250 argumentum
1811 3188 1887 3234 est
1915 3179 2015 3234 evi-
2040 3167 2087 3232 C
2123 3190 2277 3237 rente
2319 3181 2504 3236 animo
2562 3183 2674 3253 ipsa
2722 3199 2893 3239 uxore
2947 3199 3065 3240 sua.
3101 3185 3326 3241 Demunt
3370 3188 3421 3243 in
3463 3188 3730 3246 lndiciam

411 3274 573 3341 dens,
620 3274 805 3329 media:
833 3275 1017 3328 domus
1047 3282 1245 3344 partem
1273 3271 1341 3326 ad
1369 3269 1626 3326 Indicium
1655 3281 1946 3344 spectasse;
1973 3273 2018 3326 si

409 3371 546 3427 enim
584 3387 651 3427 ea:
689 3370 797 3425 alia
837 3370 962 3424 urbe
998 3366 1253 3423 Veronam
1281 3367 1599 3433 advenisset,
1633 3365 1895 3422 Maximus
1923 3382 2018 3437 pro

410 3465 586 3520 hostili
603 3503 618 3531 ,
660 3473 708 3519 et
748 3479 927 3518 averso
957 3463 1011 3517 in
1037 3463 1186 3517 illaut
1213 3461 1387 3516 aninto
1410 3503 1424 3527 ,
1455 3477 1569 3516 eam
1598 3459 1752 3536 domo
1774 3502 1788 3525 ,
1818 3469 1868 3516 et
1896 3460 2018 3516 urbe

410 3557 628 3630 pellere,
673 3573 734 3612 ac
769 3557 824 3612 in
865 3573 1013 3611 suam
1055 3557 1278 3628 patriam
1319 3556 1575 3610 remittere
1629 3555 1895 3626 potuisset.
1938 3554 2015 3609 Ita

410 3666 478 3707 ex
513 3652 630 3722 ipso
659 3651 722 3706 ἰ).
749 3650 1020 3707 Ambrosii
1047 3659 1195 3706 textu
1223 3649 1471 3721 praelati
1501 3648 1602 3706 viri
1633 3656 2019 3720 argumentan-

412 3754 520 3802 tur.
549 3745 606 3802 Si
636 3760 769 3801 vero
793 3744 1046 3801 eumdem
1073 3753 1282 3802 textum
1314 3743 1381 3799 ad
1411 3758 1637 3800 examen
1669 3757 2014 3810 revocemus,

409 3855 520 3898 non
548 3839 612 3895 de
636 3838 940 3908 quibusdam
962 3839 1107 3892 bonis
1130 3839 1417 3894 Maximum
1441 3837 1642 3907 judicio
1667 3851 1790 3893 cum
1814 3835 2015 3893 Indicia

407 3932 776 4002 contendisse,
809 3947 985 4004 neque
1013 3929 1202 3987 eadem
1240 3930 1405 3986 fuisse
1447 3929 1698 3995 domum,
1732 3930 2016 3999 interjecto

409 4043 567 4084 muro
595 4028 665 4084 ab
691 4025 883 4083 eodem
910 4023 1147 4081 Maximo
1175 4022 1390 4078 Indicia:
1420 4032 1652 4093 cognato
1677 4022 1905 4078 divisam
1939 4023 2016 4076 fa-

407 4121 510 4177 cile
537 4120 960 4191 competiemus.
995 4117 1265 4188 lntegrum
1299 4116 1359 4170 Ι).
1395 4115 1666 4172 Ambrosii
1698 4125 1902 4172 textum
1934 4115 2015 4170 af-

412 4215 672 4272 leramus.
716 4213 789 4269 Te
828 4213 987 4268 miror
1016 4209 1341 4283 Frater(ita
1383 4210 1702 4266 Ambrosius
1740 4210 2012 4282 Syagrio)

407 4309 497 4378 qui
527 4315 796 4376 tantOpere
819 4304 1065 4376 defendas
1096 4302 1388 4359 Maximum
1419 4320 1521 4358 non
1551 4303 1708 4371 fuisse
1749 4313 2012 4357 accusato-

409 4415 548 4465 rem,
588 4399 678 4454 sed
718 4397 944 4468 parentis
984 4395 1164 4452 dolore
1189 4395 1416 4451 doluisse
1443 4395 1690 4451 invidiam
1721 4395 1891 4466 sparsi
1920 4412 2010 4449 ru-

408 4491 598 4555 moris,
643 4507 758 4547 cunt
797 4491 886 4545 ille
912 4506 966 4546 se
993 4489 1294 4556 inimicum,
1328 4498 1376 4544 et
1400 4488 1755 4544 adversarium
1780 4488 2010 4563 litigato—

406 4601 518 4641 rem
546 4585 810 4661 proposito
825 4588 941 4659 jam
958 4584 1137 4657 jurgio
1166 4600 1354 4656 negare
1382 4600 1484 4638 non
1515 4586 1733 4654 potuerit
1760 4562 2004 4638 adversus
2029 4562 2084 4626 Ῐ)

406 4695 607 4736 sacram
644 4680 890 4753 virginem
931 4678 1138 4752 judicia
1177 4679 1533 4746 attentavisse,
1576 4694 1823 4749 muroque
1849 4679 2008 4732 inter-

403 4777 540 4846 jecto
584 4771 830 4826 discretas
875 4769 1009 4824 (edes
1053 4771 1230 4825 uxoris
1273 4786 1400 4838 sua,
1441 4781 1488 4826 et
1543 4771 1754 4841 virginis
1797 4771 2011 4827 diuisam

406 4864 756 4938 germanitatis
782 4863 918 4918 inter
941 4878 1141 4918 sorores
1171 4863 1461 4917 societatem
1479 4904 1494 4929 ,
1525 4865 1730 4932 aliaque
1761 4865 1892 4934 proli
1918 4865 2011 4919 do-

408 4959 533 5016 lor!
569 4969 615 5015 et
651 4957 790 5030 quod
834 4954 997 5027 Virgo
1029 4956 1082 5010 in
1120 4971 1246 5027 agro
1283 4954 1542 5025 afﬁnitatis
1583 4972 1691 5012 suae
1735 4957 2010 5029 refugisset

324 5107 332 5115 ,
407 5051 742 5106 consortium.
775 5047 1119 5104 Inimicitiam
1174 5045 1392 5102 Maximi
1449 5046 1642 5117 probat
1689 5062 1754 5104 ex
1800 5048 2004 5120 jurgio,

408 5143 672 5214 proposito
713 5145 829 5215 jam
861 5141 1078 5215 jurgio,
1127 5149 1184 5196 et
1227 5139 1422 5205 divisa,
1453 5156 1700 5212 muroque
1719 5141 2005 5214 interjecto,

407 5234 671 5291 societate
717 5234 850 5288 inter
924 5249 1158 5301 sorores,
1209 5242 1268 5290 et
1309 5232 1711 5291 cohabitatione
1761 5235 2010 5290 discretas

405 5329 562 5386 (cdes.
595 5326 652 5385 Si
692 5325 760 5384 de
801 5325 961 5382 bonis
996 5325 1142 5382 civili
1181 5325 1388 5397 judicio
1413 5336 1590 5382 actum
1621 5337 1802 5395 esset,
1833 5329 2010 5384 inimi-

405 5423 589 5480 citiam
621 5431 846 5494 propter
873 5420 1194 5477 intentatam
1222 5419 1370 5475 litem
1402 5421 1632 5490 probare
1662 5437 1770 5477 non
1801 5421 2010 5493 potuis-

407 5525 494 5572 set
523 5516 863 5572 Ambrosius.
895 5513 994 5570 Jus
1023 5513 1226 5570 etenim
1257 5527 1414 5570 suum
1444 5514 1589 5569 civili
1630 5516 1844 5594 actione
1886 5531 2011 5587 pro-

409 5609 564 5680 sequi
597 5607 862 5666 infensum
891 5609 1166 5674 animum,
1200 5623 1296 5664 seu
1325 5608 1510 5664 odium
1550 5609 1772 5667 minime
1813 5615 2007 5684 arguit.

414 5701 479 5758 At
510 5717 574 5757 ex
606 5717 671 5758 co
702 5702 978 5759 inimicum
1013 5701 1351 5760 demonstrat
1375 5701 1688 5767 Maximum,
1722 5704 1864 5774 quod
1888 5721 2009 5761 cum

416 5794 613 5852 Iudicia
664 5796 813 5868 virgo
857 5795 1120 5870 propositi
1153 5806 1310 5856 tenax
1336 5813 1368 5853 a
1392 5796 1744 5858 smculat'ibus
1773 5814 2011 5858 conven-

2123 3273 2298 3345 stupri
2327 3274 2654 3330 calumniam
2685 3277 2965 3332 conflavit.
2999 3276 3126 3332 [hec
3166 3294 3232 3334 ex
3274 3278 3375 3346 iis,
3416 3299 3544 3351 qua:
3588 3286 3731 3354 apud

2121 3365 2469 3422 Ambrosium
2501 3367 2779 3437 leguntur,
2811 3369 2973 3424 obvio
3000 3383 3288 3443 emergunt
3327 3389 3512 3429 sensu.
3556 3377 3735 3434 Caete-

2121 3477 2239 3517 rum
2284 3460 2433 3516 litem
2479 3461 2547 3517 de
2589 3462 2910 3534 quibusdam
2959 3465 3112 3520 bonis
3139 3506 3152 3529 ,
3182 3481 3244 3521 ac
3273 3482 3433 3523 unam
3464 3484 3596 3527 esse
3642 3474 3735 3527 do-

2121 3571 2268 3612 mum
2295 3571 2326 3612 a
2358 3556 2590 3612 Maximo
2615 3557 2844 3613 divisam
2871 3559 3057 3616 dicere
3085 3561 3328 3618 divinare
3356 3574 3461 3619 est.
3492 3564 3552 3621 Si
3587 3570 3730 3624 enim

2119 3665 2373 3722 reponas,
2404 3651 2549 3706 nulla
2573 3667 2709 3722 opus
2734 3651 2902 3709 fuisse
2934 3654 3026 3709 lite
3052 3655 3117 3709 ad
3145 3656 3543 3716 obstrueudum
3575 3677 3734 3718 muro

2118 3744 2359 3810 aditum,
2391 3745 2434 3802 si
2465 3745 2587 3801 duae
2625 3744 2859 3803 fuissent
2901 3747 3096 3805 domus
3137 3765 3260 3806 cum
3299 3751 3571 3810 Maximus
3611 3772 3736 3827 pro-

2118 3838 2237 3910 prio
2280 3838 2510 3894 arbitrio
2555 3838 2606 3894 id
2652 3839 2831 3897 facere
2876 3842 3162 3910 potuisset.
3205 3843 3276 3900 At
3314 3845 3443 3916 quid
3491 3848 3538 3903 si
3593 3848 3735 3907 forte

2117 3933 2399 3988 attentavit
2430 3931 2606 3989 facere
2633 3975 2646 3999 ,
2679 3945 2734 3990 et
2763 3950 2831 3990 ex
2872 3949 3092 3992 suorum
3113 3979 3128 4005 ,
3169 3949 3222 3994 et
3250 3938 3468 3996 Indicize
3498 3941 3735 4000 familia-

2116 4024 2254 4080 rium
2309 4025 2652 4095 resistentia,
2701 4042 2804 4097 qua
2844 4028 3082 4099 jurgium
3125 4033 3195 4086 ah
3242 4032 3535 4090 Ambrosio
3583 4052 3734 4092 com-

2115 4129 2476 4175 memoratum
2503 4129 2682 4175 ortum
2714 4119 2882 4178 fuisse
2913 4123 3148 4187 videtur,
3181 4124 3249 4180 ad
3286 4125 3491 4197 judicia
3533 4131 3731 4186 confu-

2114 4228 2244 4284 gere
2288 4228 2512 4271 necesse
2553 4213 2756 4271 fuerit?
2800 4215 2857 4272 Si
2907 4233 3039 4273 vero
3086 4217 3204 4276 limo
3247 4235 3352 4277 non
3400 4223 3729 4292 probentur.

2114 4307 2294 4361 minus
2318 4322 2381 4362 ea
2411 4306 2687 4377 probanda
2715 4324 2839 4366 esse
2866 4310 3190 4379 dicendum,
3217 4329 3340 4384 qua:
3370 4314 3522 4372 nullo
3551 4326 3732 4374 textus

2110 4397 2480 4468 adstipulante
2513 4400 2772 4473 suffragio
2810 4404 3114 4474 excogitata
3158 4418 3502 4475 promuntur.
3550 4408 3730 4466 Litcm

2109 4491 2288 4563 jurgio
2326 4502 2568 4549 exortam
2612 4498 2874 4568 proposito
2908 4499 3020 4568 jam
3060 4500 3256 4571 iurgio,
3295 4509 3352 4558 et
3391 4489 3731 4573 prohibitum

2111 4595 2318 4642 tantum
2349 4585 2560 4644 indicia:
2599 4604 2876 4647 accessum
2903 4591 3188 4664 interjecto
3219 4610 3376 4652 muro
3400 4595 3468 4651 ad
3499 4613 3732 4654 uxorem

2111 4680 2329 4748 dicere,
2377 4682 2524 4737 nulla
2571 4682 2640 4740 de
2682 4700 2742 4740 re
2778 4684 3034 4742 familiari
3077 4689 3355 4746 mentione
3394 4690 3532 4748 facta
3557 4733 3576 4759 ,
3625 4709 3732 4748 non

2111 4773 2307 4842 civile,
2339 4775 2434 4830 sed
2473 4776 2618 4846 quod
2647 4778 2853 4836 crimen
2885 4792 3243 4838 concerneret
3264 4824 3280 4848 ,
3325 4782 3598 4854 judicium
3654 4787 3734 4842 in-

2112 4865 2277 4923 dicat.
2323 4867 2501 4924 Potuit
2540 4886 2774 4942 namque
2813 4872 3110 4943 Maximus,
3168 4876 3260 4948 qui
3301 4879 3478 4949 stupri
3517 4880 3734 4936 facinus

2113 4959 2331 5018 lndiciae
2372 4964 2630 5036 impegit,
2661 4973 2717 5021 et
2757 4964 2884 5022 furti
2917 4969 3166 5025 timorem
3206 4971 3490 5029 insinuare
3521 4973 3732 5043 iudici,

2115 5065 2174 5108 ut
2200 5054 2515 5111 ohstruendi
2544 5057 2784 5126 aditum,
2814 5071 2933 5130 post
2961 5061 3259 5132 prmstitum
3287 5079 3625 5122 consensum
3652 5065 3732 5121 fa-

2114 5147 2289 5202 cultas
2317 5147 2731 5208 concederetur.

2187 5239 2326 5309 Quid
2352 5256 2480 5298 vero
2507 5244 2746 5316 scirpum
2780 5244 2831 5300 in
2857 5246 2999 5302 nodo
3023 5248 3362 5317 quaerimus?
3395 5249 3590 5308 Fuerit
3621 5251 3730 5308 Ve-

2116 5336 2366 5391 ronensis
2395 5335 2618 5392 Indicia.
2650 5338 2790 5406 Quid
2823 5339 2996 5396 inde?
3039 5338 3180 5396 Num
3209 5356 3279 5398 ex
3303 5357 3372 5400 eo
3402 5343 3595 5400 Zenon
3637 5343 3731 5416 qui

2118 5427 2168 5482 ei
2201 5427 2506 5495 benedixit,
2560 5446 2790 5502 eamque
2835 5433 3195 5491 sanctiﬁcavit
3234 5437 3525 5508 episcOpus
3575 5437 3732 5492 fuit?

2119 5519 2204 5576 Nil
2232 5521 2429 5578 minus.
2463 5523 2799 5590 Benedictio,
2823 5535 2878 5582 et
2907 5527 3269 5584 sanctificatio
3317 5545 3348 5585 a
3376 5528 3601 5586 Zenone
3647 5529 3734 5586 In-

2113 5614 2272 5672 dicim
2297 5615 2597 5687 impertita,
2630 5617 2860 5674 nonfuit
2889 5621 3152 5677 solemnis
3207 5622 3454 5692 ejusdem
3495 5623 3731 5694 virginis

2113 5713 2472 5776 consecratio,
2503 5712 2646 5783 quod
2670 5721 2727 5767 ut
2757 5713 3038 5771 evidenter
3067 5727 3348 5786 appareat,
3377 5716 3728 5773 observanda

2114 5803 2385 5863 Ambrosii
2415 5806 2574 5864 verba
2602 5815 2729 5865 sunt
2755 5825 2769 5864 :
2799 5805 3041 5866 Puellam
3091 5809 3318 5870 Zenonis
3364 5813 3579 5870 Sanctia
3611 5828 3727 5868 tne-

3884 5579 3887 5701 l
