3902 6324
208 223 292 285 715
1580 210 1646 267 Dl
1654 210 2054 269 SSERTATIO.
3353 215 3410 272 71
3425 217 3457 272 ι

205 330 558 407 utoria’judicio
590 329 880 402 probatam,
942 332 1152 402 ejusque
1198 330 1568 410 sancti/iculum
1600 332 1749 382 bene—
1774 332 1828 393 Α
1924 329 2025 396 Qui
2083 328 2354 385 Veronam
2423 325 2767 398 praedicando
2841 326 3059 386 reduxit
3123 330 3190 388 ad
3236 332 3453 415 Baptis-

206 404 384 482 dictione
408 433 515 492 post
546 433 616 477 tot
643 439 876 476 annos...
908 423 960 475 in
991 421 1274 492 periculum
1298 432 1468 476 reatus
1494 421 1748 475 deducen-
1947 472 1966 492 Δ
2003 472 2142 492 “ub
2178 472 2364 492 ,Δωμ-
2394 471 2602 492 nun“
2626 470 2761 492 mm
2795 454 2979 492 mam.
3236 404 3447 478 [ιιιιυιη.

201 519 299 574 dam
324 517 633 573 arbitrarere.
663 513 799 569 Nota
842 513 1066 569 verbum
1097 513 1224 569 illud
1260 513 1523 570 Puellam.
1548 512 1751 569 Puellae

201 630 286 671 non
307 610 770 678 consecrabantur,
793 609 888 665 sed
913 610 1133 677 adnltm,
1159 620 1210 665 et
1234 621 1395 665 mtate
1407 611 1749 683 grandiores,

199 717 242 764 et
263 704 595 778 quadraginta
624 720 889 760 annorum
921 703 1144 775 probata
1174 703 1501 774 Virginitate
1527 719 1591 761 ex
1623 719 1754 759 con-

198 800 437 861 stitutione
487 799 543 856 8.
579 799 778 855 Leonis
828 797 1027 870 Magni.
1064 798 1198 855 Vide
1226 798 1589 855 Chrisrianum
1639 799 1751 855 Ln-

196 911 296 969 pum
319 892 365 948 in
412 892 606 948 librum
654 891 975 948 Tertulliani
1022 893 1089 948 de
1146 892 1650 963 Praescriptiqnihus
1699 892 1751 948 in

196 987 382 1045 Scholio
407 985 472 1042 ad
500 996 662 1058 caput
689 986 927 1053 tertium,
959 987 1126 1043 verbo
1150 1004 1164 1043 :
1192 988 1237 1042 si
1270 988 1443 1059 virgo,
1472 996 1666 1059 quaest.
1694 988 1749 1043 6.

193 1080 453 1153 quastione
477 1077 642 1134 etiam
695 1079 932 1134 secunda
978 1095 1043 1135 ex
1092 1079 1319 1150 epistola
1377 1079 1411 1134 2
1458 1078 1750 1135 Innocentii

193 1173 321 1247 primi
349 1173 409 1228 ad
442 1173 497 1230 S.
539 1172 854 1239 Victi-icium
908 1173 1397 1245 ltothomagcnscm
1444 1173 1755 1245 Archiepis-

1934 472 1982 527 Α
2003 472 2147 525 malo
2174 472 2365 541 spiritu
2392 471 2607 526 sanavit
2626 470 2764 527 Galli
2794 454 2979 539 tiliam,

1927 544 2100 599 Boves
2122 556 2244 599 cum
2410 553 2729 614 vergentem
2755 544 2969 599 reduxit
2993 559 3022 598 a
3049 545 3262 618 pelago.

1924 703 2160 761 Gallieni
2192 704 2245 759 in
2274 703 2379 760 hoc
2407 703 2707 774 penultimo
2731 718 2893 760 versu
2924 705 3213 777 legendum
3262 716 3453 763 notant

1855 795 2129 851 Ballerinii
2157 812 2224 852 ex
2251 812 2354 853 ms.
2380 796 2632 853 Lubiensi
2656 797 2769 865 ipsa
2796 796 3042 854 Ratherii
3071 800 3308 871 episcopi
3333 800 3454 858 Ve-

1854 889 2109 943 ronensis
2134 903 2298 943 manu
2321 897 2562 944 exarato.
2607 888 2678 942 In
2720 889 2817 943 hoc
2854 898 3025 945 autent
3058 909 3159 947 non
3205 893 3366 961 Galli,
3397 904 3452 948 ut

1862 982 2197 1037 Mabillonius
2228 984 2457 1038 ediderat
2483 1025 2496 1047 ,
2552 1000 2642 1038 nec
2670 982 2897 1038 Gallieni
2926 984 3176 1055 Cazsaris,
3222 997 3278 1042 ut
3308 1004 3401 1043 nos
3426 1005 3454 1042 c

1857 1076 2053 1134 duobus
2082 1078 2383 1150 posterioris
2408 1079 2501 1134 (eui
2533 1095 2656 1132 mss.
2691 1078 2910 1150 (nempe
2955 1096 2986 1135 e
3014 1096 3112 1136 ms.
3140 1082 3454 1140 Zenoniano

1857 1186 1921 1226 ac
1946 1170 2307 1241 Pompeiano)
2339 1173 2454 1227 loco
2494 1172 2708 1226 laudato
2746 1172 2995 1244 (Disscrt.
3030 1177 3080 1240 5,
3122 1192 3244 1245 cap.
3281 1180 3456 1246 primo

190 1284 349 1339 copim)
376 1283 491 1338 cap.
532 1266 594 1322 l2
622 1277 675 1322 et
704 1268 792 1335 15,
844 1266 1092 1339 Virgines
1147 1268 1462 1339 distinguit,
1513 1269 1755 1339 aliaSqne
1858 1264 1890 1336 §
1946 1265 2037 1335 54)
2088 1264 2389 1335 scripsimus
2415 1308 2430 1332 ,
2485 1266 2577 1321 sed
2616 1263 2845 1322 Gallieni
2884 1267 2995 1336 ﬁlia
3038 1270 3210 1338 palam
3248 1270 3455 1340 legitur.

188 1363 326 1418 velari
356 1371 687 1429 meruerunt,
720 1371 775 1418 et
802 1361 957 1429 alias,
1012 1378 1132 1432 qum
1188 1362 1407 1417 necdum
1445 1378 1592 1417 sacro
1620 1364 1756 1417 sela-
1859 1357 2018 1414 Hunc
2041 1357 2378 1430 Rhythmum
2418 1375 2449 1415 e
2504 1360 2786 1433 Diplycbis
2833 1361 3094 1420 Ecclesia:
3130 1363 3457 1424 Veronensis

190 1458 303 1512 mine
330 1464 487 1525 tectis,
543 1466 711 1509 tamen
762 1456 816 1509 in
858 1456 1123 1526 proposito
1164 1455 1405 1526 virginali
1465 1471 1664 1527 semper
1703 1471 1758 1510 se
1859 1461 2071 1507 erutum
2101 1452 2454 1519 arbitrantur,
2488 1455 2834 1527 tiiaximoqne
2859 1456 2914 1511 in
2945 1460 3120 1528 pretio
3150 1458 3457 1516 habendum

187 1569 451 1624 pernmnere
491 1552 860 1623 promiserunt.
893 1551 960 1605 Et
1009 1550 1092 1607 Ine
1146 1550 1337 1623 puella:
1384 1561 1579 1617 erant,
1635 1566 1758 1622 quae
1859 1556 2121 1611 censent;
2157 1548 2661 1618 monentinsuper:
2696 1548 2881 1618 Neque
2902 1567 3052 1620 vero,
3100 1555 3146 1608 si
3182 1571 3300 1624 qui?
3326 1555 3461 1643 falsa

188 1645 557 1717 provectiorem
608 1651 825 1700 mtatem
858 1660 964 1698 non
988 1641 1300 1714 attigerant,
1358 1651 1417 1699 ut
1469 1643 1522 1698 in
1569 1642 1755 1697 eadem
1790 1719 1821 1722 _
1861 1640 2231 1714 posterioribus
2254 1641 2503 1714 catalogis
2533 1646 2725 1699 insecta
2750 1657 2887 1711 sunt,
2918 1648 3254 1722 objiciuntur,
3300 1661 3357 1707 ut
3387 1640 3462 1707 ea;

185 1738 381 1809 cpistola
412 1752 534 1808 cap.
572 1738 595 1792 1
630 1737 738 1793 et?
776 1735 1026 1803 :Puella,
1052 1752 1169 1807 qum
1208 1735 1423 1790 necdum
1472 1736 1637 1791 velata
1660 1744 1753 1803 est,
1787 1719 1834 1779 B
1866 1732 1928 1786 iis
1980 1733 2180 1788 ordinis
2230 1735 2386 1789 etiam
2436 1735 2820 1806 Episcoporum
2867 1719 3129 1808 eleuatur;
3180 1759 3298 1797 nam
3348 1743 3463 1800 sola
3536 1786 3539 1787 ν

185 1830 258 1887 sed
295 1830 558 1901 proposuit
611 1832 684 1885 sic
731 1846 952 1885 manere.
999 1827 1134 1884 Cum
1166 1831 1347 1900 itaque
1396 1828 1569 1899 puella
1613 1836 1759 1899 esset

184 1922 379 1989 Indicia,
418 1921 639 1994 quando
683 1938 712 1976 a
766 1922 987 1979 Zenone
1018 1921 1301 1978 benedicta
1346 1922 1484 1988 fuit,
1535 1938 1600 1977 ex
1660 1922 1759 1975 hac

168 2006 555 2083 benedictione,
587 2031 708 2086 qua:
739 2030 766 2069 a
798 2014 1029 2071 solemni
1051 2013 1469 2071 consecratione
1497 2014 1565 2069 ab
1606 2012 1759 2084 Epis-

182 2107 299 2180 copo
342 2108 586 2164 iacienda
636 2109 1007 2181 distinguitur,
1050 2109 1243 2167 deduci
1276 2109 1499 2164 minimc
1558 2118 1756 2180 potest,

183 2201 401 2258 eumdem
428 2202 703 2258 Zenonem
733 2202 802 2257 ab
840 2202 1133 2259 Ambrosio
1184 2202 1546 2268 nominatum,
1594 2202 1761 2257 fuisse

185 2296 503 2367 Episcopum.
540 2297 681 2366 Quin
738 2298 904 2353 etiam
951 2298 996 2353 si
1036 2313 1137 2370 pro
1188 2298 1420 2353 solemni
1468 2312 1760 2354 consecra-

183 2389 306 2445 tione
329 2389 671 2461 acciperetur
715 2389 832 2445 hmc
850 2390 1090 2447 Zenonis
1121 2391 1448 2459 benedictio,
1478 2406 1653 2463 neque
1695 2406 1762 2446 ex

182 2497 237 2537 eo
262 2481 441 2538 inferri
474 2492 684 2553 posset,
716 2482 992 2539 Zenonem
1019 2485 1333 2555 episcopum
1390 2483 1577 2539 fuisse.
1628 2480 1762 2537 Nam

183 2575 267 2629 etsi
287 2575 336 2630 in
363 2576 609 2632 Ecclesia
638 2575 827 2632 Latina
855 2576 1135 2632 ordinaria
1162 2584 1428 2648 potestate
1455 2576 1602 2632 solus
1624 2574 1766 2645 epis-

181 2684 327 2739 copus
353 2672 598 2741 potuerit
617 2684 802 2726 sacras
832 2684 1157 2729 consecrare
1210 2670 1470 2742 virgines,
1525 2676 1765 2723 attamen

183 2770 228 2816 et
253 2763 532 2835 presbyter
562 2778 631 2818 ex
653 2762 995 2835 delegatione
1021 2762 1262 2835 episcOpi
1318 2776 1643 2819 consecrare
1675 2776 1769 2831 po-

184 2872 319 2919 terat.
347 2864 508 2918 Patet
539 2879 604 2920 es
632 2861 869 2918 concilio
891 2860 1308 2933 Carthaginensi
1358 2860 1541 2926 tertio,
1594 2857 1770 2931 capite

181 2954 255 3022 '56,
284 2948 431 3017 circa
448 2970 655 3012 annum
680 2954 879 3011 Christi
909 2955 1015 3012 598
1036 2953 1313 3011 celebrato
1345 2952 1578 3025 (netnpe
1608 2953 1771 3025 paulo

181 3057 442 3119 postquam
473 3049 535 3105 S.
567 3046 843 3105 Zenonem
876 3048 1076 3104 obiisse
1105 3047 1294 3103 volunt
1341 3046 1550 3102 Domini
1594 3046 1772 3103 Balle-

1865 1824 2250 1898 Episcoporum
2270 1828 2481 1882 nomina
2508 1829 2562 1882 in
2590 1828 2825 1884 ordinem
2874 1831 3152 1887 distributa
3191 1835 3329 1888 sumi
3362 1850 3460 1905 po-

1865 1927 2073 1974 tuerunt
2098 1935 2161 1973 ea:
2181 1918 2474 1993 Diptycltis,
2504 1921 2560 1976 in
2587 1922 2771 1992 quibus
2806 1924 2939 1979 nihil
2969 1936 3154 1996 prwter
3175 1944 3352 1983 eorum
3378 1945 3469 1984 no-

1866 2011 2008 2066 mina
2032 2012 2352 2084 legebantur,
2383 2023 2437 2068 ut
2469 2017 2686 2085 proinde
2736 2019 2848 2074 Itwc
2895 2020 3053 2075 series
3091 2021 3220 2075 satis
3263 2033 3373 2077 tuta
3416 2034 3464 2079 et

1865 2121 1985 2161 uera
2012 2105 2253 2161 habenda
2280 2109 2382 2171 sit;
2405 2108 2474 2162 ad
2495 2110 2739 2165 historica
2769 2121 2938 2167 autem
2983 2118 3143 2185 facta,
3199 2119 3277 2174 vel
3315 2120 3467 2175 chro-

1868 2199 2008 2254 nicas
2036 2200 2193 2254 etiam
2216 2210 2367 2255 notas
2395 2203 2534 2272 quod
2562 2205 2804 2273 pertinet,
2826 2222 2943 2261 cum
2971 2207 3078 2263 haec
3102 2210 3315 2267 aliunde
3334 2214 3468 2268 sumi

1869 2293 2157 2362 debuerint,
2186 2312 2282 2366 pro
2308 2307 2779 2365 monumentorum,
2806 2318 2834 2356 e
2861 2302 3048 2371 quibus
3070 2320 3131 2359 ea
3160 2308 3319 2376 petita
3354 2312 3467 2379 fne-

1868 2394 1991 2441 runt
2018 2387 2219 2465 ratione
2239 2390 2318 2444 uel
2342 2404 2480 2457 vera,
2505 2390 2582 2445 vel
2610 2393 2852 2460 fabulosa
2886 2394 3271 2466 Episcoporum
3299 2401 3471 2458 ordini

1871 2489 2145 2550 potuerunt
2185 2481 2448 2548 interseri,
2478 2493 2528 2537 et
2551 2500 2689 2554 swpe
2730 2502 2795 2540 ex
2815 2488 3057 2556 Opinione
3107 2493 3247 2564 uulgi
3283 2493 3473 2564 fabulis

1873 2572 2047 2627 leviter
2071 2574 2397 2629 assentientis
2418 2576 2621 2630 intrusa
2646 2587 2762 2631 sunt
2794 2580 3070 2647 nonnulla,
3094 2599 3213 2649 quia
3259 2586 3323 2639 ab
3351 2603 3471 2642 eru—

1872 2664 1993 2718 ditis
2019 2664 2300 2736 [alsissima
2322 2655 2760 2724 demonstrantur.
2794 2669 2942 2738 Quod
2995 2674 3245 2730 monitum
3281 2680 3471 2748 praxi-

1874 2771 1973 2826 pue
1998 2756 2251 2822 volumus,
2277 2773 2338 2812 ne
2358 2759 2475 2827 quis
2500 2759 2738 2815 omnibus
2766 2772 2952 2832 prwter
2976 2763 3357 2840 Episc0porum
3385 2788 3469 2825 or-

1874 2846 2045 2903 dinem
2075 2849 2331 2920 Anonymi
2351 2847 2621 2922 Pipiniani
2638 2852 2788 2908 dictis
2807 2854 2963 2924 ﬁdem
2983 2860 3475 2918 accommodandam

1875 2942 2150 3010 existimet,
2184 2959 2301 2997 cum
2327 2960 2388 2998 ea
2431 2961 2548 3016 qua:
2575 2946 2637 3001 de
2662 2945 2885 3004 Gallieni
2911 2950 3132 3009 Caesaris
3171 2957 3284 3026 ﬁlia
3334 2958 3471 3014 inse—

1874 3035 1999 3101 ruit,
2031 3034 2169 3107 falsa
2217 3036 2341 3104 sint,
2392 3045 2446 3091 ut
2480 3040 2710 3109 sequenti
2757 3047 3087 3115 paragrapho
3124 3053 3469 3107 ostendemus.

182 3140 358 3213 rinii):
394 3141 683 3214 Presbyter
722 3142 1019 3197 inconsulto
1080 3141 1321 3214 episcopo
1369 3137 1605 3212 Virgines
1662 3120 1835 3194 nonC
1866 3127 2073 3184 Volunt
2102 3129 2287 3200 itaque
2327 3131 2379 3184 in
2428 3129 2594 3186 allato
2643 3132 2920 3206 Rbytbmo
2962 3138 3209 3197 ordinem
3263 3152 3469 3201 tantum

180 3248 468 3305 consecret;
520 3234 765 3292 Chrisma
818 3253 937 3292 vero
988 3251 1267 3306 numquam
1321 3234 1582 3304 conﬁciat.
1638 3232 1772 3289 Vide

181 3327 354 3385 iterum
408 3328 668 3386 eumdem
724 3326 935 3399 Lupum
985 3329 1282 3399 quaestione
1322 3329 1530 3399 quinta.
1572 3324 1773 3396 Conje—

179 3432 311 3478 ctura
326 3424 489 3496 igitur
511 3424 586 3480 de
605 3423 1205 3495 Zenonis,quilndicia-.
1235 3422 1532 3492 benedixit,
1561 3422 1773 3494 episco-

180 3530 291 3591 patu
313 3523 626 3590 evanescit,
659 3538 780 3579 cum
814 3523 1154 3594 nequeillum
1183 3521 1509 3592 Episcopum
1540 3520 1775 3577 Ambro—

178 3613 277 3669 sius
315 3617 593 3682 nominet,
646 3632 826 3688 neque
854 3631 920 3672 ex
959 3615 1346 3673 benedictione
1388 3614 1609 3672 Indicia:
1655 3613 1774 3686 ejus

181 3706 523 3781 Episcopatus
569 3710 761 3767 inferri
813 3710 1031 3781 possit:
1091 3725 1259 3781 quare
1303 3709 1482 3765 omnis
1532 3709 1774 3779 suspicio

176 3798 339 3856 ablata
366 3811 476 3867 est,
500 3802 783 3860 Zenonem
810 3801 953 3858 hunc
984 3802 1149 3859 fuisse
1194 3802 1446 3859 eumdem
1488 3816 1552 3859 ac
1580 3801 1638 3856 S.
1670 3801 1775 3860 Ve-

180 3905 315 3947 rona:
340 3893 675 3964 Praesulem,
708 3903 767 3950 ut
804 3895 923 3951 sine
952 3894 1061 3951 ulla
1090 3896 1301 3952 ratione
1344 3909 1631 3953 asseruere
1662 3895 1772 3951 Du-

180 3985 323 4054 pinus
354 3997 412 4044 et
436 3987 851 4056 Tillemontius,
898 3989 988 4062 qui
1015 3990 1230 4060 penitus
1279 3989 1572 4065 divinando
1596 3990 1776 4047 Zeno-

179 4091 286 4134 nem
319 4078 703 4137 Veronensem
737 4082 1051 4153 episcopum
1112 4092 1357 4155 tempore
1401 4083 1637 4142 Gallieni
1665 4100 1772 4141 non

175 4171 408 4229 extitisse
430 4173 556 4229 ausi
581 4180 711 4229 sunt
738 4172 1036 4232 afﬁrmare.
1424 4176 1431 4179 ⁷

178 4326 203 4397 ξ
240 4325 300 4383 ll.
329 4329 596 4401 Antiquus
619 4329 748 4385 ordo
766 4328 1141 4402 Episcoporum
1170 4330 1542 4388 Veronensium
1569 4335 1778 4389 minime

244 4423 426 4489 probat
477 4421 546 4479 S.
580 4421 841 4479 Zenonem
884 4434 1066 4495 quarto
1106 4426 1298 4481 smculo
1326 4426 1514 4482 vixisse
1565 4445 1584 4483 :
1625 4428 1778 4498 quin-

239 4512 391 4571 immo
417 4516 604 4586 ipsum
631 4516 778 4571 tertio
805 4516 995 4572 steculo
1020 4518 1207 4574 vixisse
1231 4519 1521 4591 conﬁrmat.

241 4668 1287 4748 VetustumsatisRhythmumali‘erunt
1315 4675 1660 4749 antiquarum
1692 4695 1784 4737 re-

178 4780 289 4823 rum
324 4769 659 4839 peritissimi
691 4769 968 4827 Balterinii
997 4762 1155 4844 ,rquo
1182 4782 1398 4829 aetatem
1450 4774 1510 4831 8.
1544 4773 1783 4831 Zenonis

177 4870 363 4928 quarto
383 4862 602 4917 saeculo
626 4860 983 4919 determinari
1011 4872 1221 4935 putant.
1262 4865 1432 4938 (Diss.
1469 4868 1491 4922 l
1548 4885 1593 4923 ο.
1652 4869 1706 4923 5.
1752 4866 1781 4938 §

177 4951 251 5023 5.)
280 4952 634 5026 Rhytbmum
656 4954 865 5026 accipe,
892 4955 1137 5013 studiose
1166 4956 1385 5014 Lector.

242 5112 495 5191 frimnm
526 5111 760 5191 Verona;
790 5114 1445 5191 prmdieavitEuprepius
1471 5120 1782 5191 episcopus,

242 5182 560 5261 §ecundus
574 5182 962 5261 Dimidrianns,
982 5186 1198 5261 Tertius
1227 5182 1559 5261 Simplicius,

223 5254 495 5334 Quartus
522 5256 755 5334 _Pt_'oc_lus
771 5256 1087 5334 Confessor,
1120 5260 1312 5317 Pastor
1331 5254 1600 5334 egregius,

240 5326 487 5401 Quintus
517 5328 621 5401 fuit
645 5328 996 5401 Saturninus,
1021 5343 1077 5387 et
1099 5333 1296 5388 Sextus
1310 5326 1567 5401 Lucilius,

243 5397 561 5477 ξεριὶωυὶ
570 5399 669 5455 fuit
712 5399 964 5477 Gricinus
982 5402 1176 5477 docto_r
1211 5414 1267 5460 et
1294 5397 1606 5477 episcopus,

244 5468 494 5528 Ociavus
521 5470 716 5527 Pastor
742 5482 797 5528 et
825 5472 1108 5530 confessor
1131 5473 1279 5533 Zeno
1300 5468 1506 5549 martyr
1524 5468 1786 5551 Inclytus.

1871 3220 2106 3286 attendi,
2136 3236 2198 3275 ac
2226 3220 2424 3278 seriem
2456 3223 2849 3296 Episcoporum
2879 3228 3273 3289 Veronensium
3294 3276 3310 3303 ,
3343 3236 3471 3292 falsa

1872 3329 2017 3381 esse,
2050 3330 2171 3385 qum
2189 3314 2257 3370 de
2282 3314 2389 3371 ﬁlia
2418 3316 2650 3373 Gallieni
2683 3319 2957 3390 dicuntur,
2996 3333 3360 3384 autumantes.

1947 3406 2206 3480 Rhythmi
2262 3407 2425 3479 hujus
2473 3412 2853 3479 antiquitatem
2893 3416 3126 3473 maxime
3172 3421 3473 3491 suspicien-

1873 3499 1996 3555 dam
2028 3510 2083 3555 et
2111 3515 2211 3571 ego
2232 3499 2360 3556 duxi
2390 3502 2459 3558 de
2481 3518 2588 3558 uno
2628 3503 2849 3563 ZenOne
2888 3506 3189 3566 Veronensi
3215 3513 3474 3585 episcopo

1874 3610 2041 3666 agens
2069 3612 2084 3661 ;
2116 3604 2435 3667 certamque
2462 3598 2760 3666 primorum
2785 3611 2911 3658 octo
2938 3605 3319 3676 episcoporum
3372 3610 3475 3666 Ve-

1875 3691 2195 3747 ronensium
2223 3691 2420 3747 seriem
2451 3692 2623 3764 ipsius
2651 3693 2911 3766 Rhythmi
2933 3703 3260 3757 auctoritate
3281 3713 3471 3760 contra

1874 3782 2312 3853 Papebrochium
2337 3785 2564 3840 asserui.
2596 3786 2873 3845 Immerito
2897 3798 3077 3847 tamen
3111 3794 3473 3852 clarissimum

1876 3877 2019 3935 hunc
2040 3880 2227 3938 Virum
2250 3884 2456 3940 erroris
2482 3885 2538 3940 in
2563 3900 2630 3942 eo
2658 3902 2746 3943 me
2773 3888 3118 3962 redarguisse
3136 3892 3364 3964 ingenue
3392 3894 3474 3949 fa-

1877 3974 1980 4031 teri
2006 3974 2176 4047 exigit
2204 3978 2424 4034 veritas.
2457 3978 2569 4035 Hoc
2619 3980 2963 4038 manifestum
2993 3985 3086 4040 (iet
3122 4000 3189 4042 ex
3216 3985 3301 4042 bis
3351 4003 3474 4058 qua:

1877 4067 2040 4125 modo
2068 4068 2389 4129 disserenda
2417 4073 2679 4145 suscipio.
2768 4141 2772 4144 ,

1948 4160 2070 4216 Tria
2104 4161 2173 4218 de
2197 4162 2300 4220 hoc
2327 4163 2606 4235 Rhythmo
2633 4169 3149 4241 ponuntdoctissimi
3167 4172 3471 4231 Ballerinii.

1877 4254 2079 4322 Primo,
2112 4260 2263 4313 aiunt
2293 4259 2469 4330 ipsum
2497 4276 2528 4316 e
2559 4260 2835 4334 Diptychis
2855 4264 3118 4323 Ecclesiae
3147 4267 3476 4329 Veronensis

1877 4347 2044 4406 fuisse
2085 4354 2506 4409 concinnatum:
2555 4353 2829 4425 Secundo,
2874 4359 3074 4415 seriem
3120 4369 3176 4417 et
3219 4363 3469 4420 ordinem

1879 4451 2001 4498 octo
2035 4443 2333 4514 primorum
2364 4447 2756 4519 Episcoporum
2780 4453 3050 4509 sincerum
3081 4455 3132 4510 in
3159 4456 3279 4525 ipso
3304 4460 3481 4515 conti-

1799 4513 1854 4575 D
1881 4536 1999 4593 neri
2028 4513 2041 4590 ἐ
2075 4536 2282 4608 Tertio,
2306 4555 2369 4596 ea
2396 4513 2518 4612 qua:
2538 4540 2607 4598 de
2632 4543 2866 4600 Gallieni
2894 4513 3244 4618 Imperatoris
3288 4551 3399 4608 tilia
3424 4554 3481 4609 in

1881 4629 2074 4686 eodem
2100 4630 2352 4702 leguntur
2376 4648 2501 4690 esse
2529 4633 2684 4692 falsa.
2717 4636 2938 4708 Singula
2986 4643 3405 4713 perpendamus.

1959 4722 2002 4778 E
2024 4722 2304 4795 Diptyehis
2322 4724 2586 4782 Ecclesiae
2621 4727 2950 4788 Veronensis
2976 4745 3260 4806 acceptum
3309 4736 3476 4797 fuisse

1890 4817 2033 4873 hunc
2061 4816 2419 4891 Rhythmnm,
2444 4820 2596 4878 nullo
2621 4838 2721 4879 nec
2745 4833 2962 4881 vetusto
2987 4869 3001 4891 .
3058 4843 3161 4884 nec
3186 4832 3478 4888 recentiori

1889 4921 2242 4969 monumento
2269 4915 2569 4984 probatur;
2602 4914 2866 4973 Ecclesia:
2889 4934 3120 4991 namque
3148 4920 3481 4979 Veronensis

1893 5005 2151 5078 Diptyeha
2182 5006 2329 5063 nulla
2362 5015 2590 5065 extant:
2618 5023 2681 5065 ea
2715 5017 2922 5066 tantum
2966 5012 3282 5081 conjectura
3316 5015 3488 5072 addu-

1890 5098 2054 5165 citur,
2088 5098 2233 5169 quod
2259 5099 2525 5172 cujusque
2548 5097 2795 5157 Civitatis
2821 5100 3120 5176 Episc0pos
3144 5106 3197 5161 in
3227 5108 3482 5181 diptycltis

1889 5207 1953 5248 ea:
2005 5192 2186 5247 ordine
2233 5193 2488 5261 scribere,
2544 5203 2592 5250 et
2635 5195 2768 5250 inter
2795 5194 3079 5253 Missurum
3121 5201 3370 5256 solemnia
3411 5202 3480 5257 ad

1888 5285 2167 5340 secundum
2189 5284 2445 5341 Memento
2475 5303 2648 5344 omnes
2677 5290 2832 5343 etiam
2864 5288 3084 5347 Sanctos
3121 5294 3362 5360 recitare,
3418 5311 3483 5350 ea:

1894 5379 2107 5447 antiqua
2131 5378 2405 5451 disciplina
2428 5381 2747 5463 mosjuerit,
2780 5392 2889 5437 tum
2926 5383 2981 5438 in
3013 5382 3225 5439 Oriente
3244 5426 3260 5451 ,
3293 5394 3401 5440 tum
3430 5385 3486 5441 in

1898 5471 2187 5527 Occidente.
2205 5472 2396 5529 Utrum
2421 5471 2525 5529 hoc
2550 5473 2625 5529 ita
2654 5474 2743 5539 sit,
2768 5473 2822 5528 in
2844 5473 3065 5531 dubium
3094 5489 3357 5532 revocare
3379 5493 3489 5533 non

1893 5574 1977 5621 est
2004 5580 2173 5636 opus;
2202 5566 2471 5623 indicasse
2498 5565 2662 5621 modo
2693 5566 2926 5623 sufﬁciat
2952 5582 3113 5638 quam
3137 5567 3240 5623 levi
3273 5570 3485 5627 ratione

247 5651 540 5710 "actenus
569 5649 879 5720 Ballerinii;
930 5662 987 5709 at
1036 5652 1153 5711 haec
1201 5656 1368 5713 etiam
1417 5655 1789 5730 subjungenda
1895 5657 2198 5715 aitirmctur
2229 5659 2452 5731 hujusce
2479 5659 2870 5732 Rhythmume
2915 5659 3195 5732 Diptyeliis
3228 5660 3488 5721 Ecclesia:

181 5760 294 5815 qua:
321 5744 656 5802 immediate
677 5755 975 5818 sequuntur
1005 5763 1019 5811 ;

649 5843 897 5906 Parant.
972 5842 1088 5905 XI.

1903 5751 2235 5810 Veronensis
2254 5752 2770 5825 originemtrahere.
2810 5752 2866 5809 Si
2906 5753 3185 5812 cnimhacc
3226 5756 3490 5831 Diptycha

2834 5848 2912 5913 23
