3902 6324
430 257 537 313 'Hl‘i

1570 254 1660 312 DE
1697 253 1945 313 SANCTI
1983 255 2277 317 ZENONIS
2312 257 2583 317 EPOCHA

3577 268 3660 327 716

430 378 699 438 extarent,
757 376 869 425 tum
900 382 965 427 ex
993 383 1181 426 eorum
1239 382 1361 425 cum
1407 369 1685 443 Rhythmo
1731 371 2032 428 collatione
2060 384 2110 444 Α
2206 374 2305 430 Ast
2328 392 2430 448 ego
2471 376 2524 432 id
2552 376 2695 451 quod
2734 377 2912 435 sentio
2938 384 3127 451 aperte
3146 365 3335 435 dicam‘.
3366 377 3526 452 Neque
3550 385 3667 453 epis-

431 463 678 536 dignosci
710 472 917 534 posset,
949 478 1074 518 num
1106 461 1176 518 ab
1217 461 1408 518 iisdem
1444 462 1722 534 Diptychis
1776 472 2032 534 acceptus

435 566 627 621 esset;
659 569 780 610 eum
813 569 941 609 vero
964 568 1071 610 non
1121 563 1331 619 extent,
1374 553 1600 609 arbitrio
1654 569 1754 610 suo
1802 555 2034 625 quisque

435 657 617 719 potest
658 646 799 702 unde
846 646 933 702 hic
982 645 1291 718 Rhythmus
1329 645 1400 701 sit
1430 645 1648 702 habitus
1697 648 2030 719 excogitare.

439 740 557 795 Non
586 740 750 795 luisse
773 753 904 795 vero
931 749 1240 810 acceptum,
1270 753 1379 795 non
1422 738 1525 794 levi
1557 748 1877 809 argumento
1913 754 2036 797 esse

435 844 619 906 potest
645 836 1121 891 Monumentorum
1174 832 1522 903 antiquorum
1554 832 1817 890 Ecclesia:
1865 833 2036 890 Vero—

436 928 622 985 nensis
650 936 706 984 et
733 926 993 999 Rhythmi
1027 926 1187 997 hujus
1212 925 1550 981 dissonantia
1578 944 1590 980 :
1628 927 1679 981 in
1703 925 1807 982 hoc
1832 925 2035 982 etenim

439 1024 716 1097 Rhythmo
738 1024 1027 1081 Secundus
1052 1022 1287 1079 Veronae
1313 1021 1616 1092 Episcopus
1646 1020 2035 1089 Dimidrianus,

439 1119 656 1176 Tertius
686 1119 1023 1191 Simplicius,
1076 1131 1141 1172 ac
1193 1116 1470 1187 Septimus
1515 1114 1768 1171 Griciuus
1796 1115 1997 1171 dicitur
2020 1154 2035 1170 .

436 1217 510 1269 At
538 1214 592 1268 in
626 1213 809 1270 tabula
832 1212 1066 1283 lapidea,
1091 1226 1212 1282 quas
1243 1210 1649 1282 propejanuam
1692 1208 1954 1267 Ecclesia:
1976 1209 2035 1267 S.

436 1306 655 1363 Proculi
682 1306 963 1377 aspicitur,
992 1305 1108 1360 haec
1129 1303 1299 1360 series
1323 1304 1620 1375 primorum
1658 1303 2038 1374 episcoporum

436 1403 640 1474 legitur
666 1419 681 1457 :
707 1400 823 1456 Hac
847 1403 957 1457 atde
998 1399 1343 1456 vetustissima
1384 1399 1613 1469 plurium
1669 1395 1906 1452 Virorum
1944 1395 2041 1450 Di-

436 1514 617 1553 vorum
659 1496 906 1553 Sacrario
962 1495 1239 1567 Euprepii,
1298 1492 1443 1547 Petri
1492 1491 1728 1565 Apostoli
1772 1490 2038 1561 discipuli,

437 1589 594 1662 hujus
632 1589 771 1645 urbis
820 1589 1048 1662 episcopi
1100 1589 1152 1655 1,
1183 1586 1381 1642 Gricini
1411 1584 1497 1655 11,
1527 1585 1716 1657 Agapii
1754 1582 1877 1650 III,
1908 1583 2043 1638 Pro-

440 1685 545 1739 culi
610 1681 717 1751 IV,
781 1681 1171 1754 Martyrumque
1225 1680 1458 1747 Cosmte,
1523 1690 1570 1735 et
1627 1676 1900 1744 Damiani,
1932 1685 2038 1732 etc.

2134 479 2392 537 coporum
2417 468 2814 525 Veronensium
2838 469 3058 533 seriem,
3089 485 3207 539 quia
3232 468 3284 525 in
3313 469 3571 544 Rhythmo,
3592 491 3667 530 ne-

2135 571 2241 627 que
2265 574 2383 614 eam
2407 576 2529 632 quae
2552 561 2604 617 in
2629 561 2903 618 veteribus
2947 561 3311 617 monumentis
3334 561 3505 634 legitur
3524 580 3552 621 e
3571 566 3669 638 Dip-

2138 649 2317 720 tychis
2346 651 2676 710 Veronensis
2717 652 2979 710 Ecclesiae
3009 653 3342 725 dcsumptam
3381 664 3497 726 puto
3521 675 3532 712 :
3556 659 3671 729 quod

2139 743 2241 799 hac
2262 746 2469 803 ratione
2496 746 2759 815 adducor,
2788 757 2848 816 ut
2865 747 3107 814 credam,
3139 763 3261 803 nam
3282 757 3335 805 et
3350 748 3400 805 in
3422 748 3672 822 thythmo,

2140 846 2195 893 et
2242 838 2295 893 in
2351 843 2716 897 monumentis
2767 840 3169 897 Veronensibus
3222 842 3516 901 manifestus
3556 845 3673 901 circa

2139 929 2516 1001 episcoporum
2549 940 2797 1002 tempora
2827 934 3096 1002 reperitur
3141 948 3317 989 error.
3380 933 3433 990 In
3478 936 3677 1008 utrisque

2140 1021 2343 1078 etenim
2390 1024 2446 1080 S.
2492 1022 2756 1080 Proculus
2799 1032 3023 1097 quartus
3070 1024 3393 1083 Veronensis
3437 1029 3679 1099 episcopus

2141 1113 2340 1171 dicitur
2362 1156 2377 1180 ,
2406 1124 2461 1171 et
2489 1116 2541 1171 in
2588 1117 2833 1186 utrisque
2861 1127 2987 1174 ante
3014 1118 3318 1175 Gallienum
3347 1120 3677 1191 imperatorem

2142 1206 2375 1277 vixisse,
2400 1223 2523 1265 cum
2571 1205 2859 1282 utrobiq'ue
2886 1221 3111 1282 quartus
3140 1212 3419 1283 episcopus
3446 1229 3679 1284 nuncupe-

2144 1309 2254 1367 tur,
2286 1310 2343 1357 et
2364 1311 2588 1359 octavus
2626 1304 2687 1360 S.
2730 1304 2910 1372 Zeno,
2952 1320 3116 1377 quem
3139 1305 3369 1365 Gallieni
3399 1306 3685 1379 temporibus

2144 1394 2526 1466 Episcopatum
2557 1396 2926 1457 Veronensem
2965 1399 3202 1472 gessisse
3233 1401 3549 1468 apertissime
3566 1400 3686 1456 amr-

2144 1495 2295 1544 mant
2324 1505 2336 1542 :
2362 1489 2415 1553 Α,
2447 1489 2586 1544 malo
2632 1492 2819 1562 spiritu
2870 1493 3069 1547 sanavit
3116 1491 3345 1548 Gallieni
3394 1492 3558 1561 ﬁliam.
3587 1491 3689 1548 Huc

2146 1579 2472 1653 Rhythmus.
2500 1584 2658 1638 Anno
2683 1582 2791 1640 236
2832 1584 2889 1639 S.
2925 1584 3212 1641 Proculum
3246 1584 3440 1640 vixisse
3477 1584 3524 1638 in
3561 1582 3686 1638 Psal-

2145 1674 2306 1730 mista
2354 1678 2577 1747 antiquo
2619 1676 2881 1734 Ecclesiae
2911 1677 3007 1734 SS.
3053 1677 3430 1748 Apostolorum
3473 1686 3688 1731 notatur:

443 1776 565 1832 Fuit
610 1774 828 1845 quidem
857 1774 944 1830 hic
974 1774 1113 1846 lapis
1144 1787 1287 1828 anno
1322 1771 1463 1829 1502
1492 1771 1683 1827 eadem
1717 1770 1769 1825 in
1799 1768 2042 1826 Ecclesia
2072 1786 2123 1849 Β
2148 1771 2296 1823 Anno
2344 1767 2557 1825 Domini
2581 1770 2687 1828 256
2715 1770 2907 1826 vivebat
2938 1771 2999 1827 S.
3046 1770 3307 1827 Proculus
3348 1780 3545 1842 quartus
3583 1771 3693 1842 epis-

441 1872 665 1936 Iocatus,
696 1869 793 1925 sed
823 1870 898 1925 illi
927 1870 1108 1925 omnia
1136 1869 1439 1925 vetustiora
1462 1876 1814 1923 monumenta
1840 1879 2042 1920 conso-

438 1973 591 2021 nant.
644 1963 922 2020 Consonat
969 1969 1186 2018 vetusta
1237 1959 1556 2016 membrana
1608 1956 1744 2032 (SS.
1789 1957 2039 2028 Episcop.

455 2058 639 2114 Veron.
673 2058 900 2127 Antiqua
931 2056 1083 2111 Man;
1127 2071 1217 2128 per
1238 2053 1513 2126 Bagattam
1554 2063 1601 2109 et
1635 2052 1900 2109 Perettum
1939 2049 2045 2104 col-

443 2156 573 2209 lecta
610 2152 734 2207 Ven.
764 2168 853 2206 an.
901 2148 1064 2221 1576)
1100 2168 1112 2203 :
1148 2147 1275 2203 Hcce
1300 2157 1422 2203 sunt
1469 2163 1687 2217 corpora
1732 2144 2044 2201 Sanctorum

440 2244 646 2314 sepulta
690 2244 747 2297 in
795 2241 1026 2296 Ecclesia
1075 2241 1136 2297 S.
1174 2239 1430 2305 Proculi,
1477 2248 1523 2293 et
1567 2242 1733 2308 primo
1775 2237 1829 2290 in
1876 2234 2046 2289 Altari

437 2336 678 2407 inferiori
704 2334 933 2403 eiusdem
954 2337 1091 2407 jacet
1112 2348 1300 2400 corpus
1323 2332 1362 2387 S
1423 2329 1637 2384 Proculi
1679 2327 1908 2399 episcOpi
1949 2324 2046 2380 Ve-

439 2431 695 2496 ronensis,
726 2440 774 2484 et
810 2430 909 2499 fuit
936 2436 1150 2494 quartus
1195 2427 1587 2498 episcopus.....
1629 2423 1697 2477 In
1752 2423 1859 2478 alio
1888 2420 2044 2474 altari

444 2525 514 2581 ad
543 2523 780 2580 deatrum
803 2523 938 2577 latus
959 2521 1168 2592 praefati
1191 2519 1377 2574 ultoris
1390 2521 1533 2591 jacet
1552 2521 1757 2587 Corpus
1781 2515 1840 2571 S.
1860 2513 2044 2587 Agabii

441 2618 691 2691 episcOpi,
719 2624 766 2671 et
788 2616 887 2687 fuit
914 2616 1096 2669 tertius
1142 2612 1467 2668 Veronensis.
1515 2610 1583 2666 In
1622 2612 1727 2665 alio
1765 2609 1922 2665 altari
1974 2609 2043 2664 ad

440 2714 710 2770 sinistrum
736 2711 870 2766 latus
896 2709 1106 2781 prwfati
1131 2708 1314 2763 altaris
1328 2710 1508 2781 jacent
1533 2720 1757 2775 corpora
1780 2704 1889 2759 SS.
1931 2699 2044 2756 Eu-

440 2807 607 2879 prepii
633 2815 680 2859 et
708 2803 911 2860 Oricini
960 2820 973 2856 :
1006 2802 1092 2874 qui
1142 2800 1352 2871 quidem
1382 2799 1684 2873 Euprepius
1716 2798 1813 2869 fuit
1843 2796 2042 2869 primus

438 2902 711 2973 episcopis
746 2895 1075 2959 Veronensis,
1123 2896 1311 2948 missus
1346 2902 1391 2947 et
1439 2898 1763 2947 consecratus
1808 2905 1840 2943 a
1880 2886 2041 2942 Beato

439 2991 596 3047 Petro
628 2988 898 3062 Apostolo,
933 2996 981 3042 et
1004 2986 1238 3044 similiter
1266 2984 1506 3040 Gricinus
1546 2982 1800 3037 secundus
1844 2981 2041 3051 episco-

438 3101 534 3157 pus
583 3082 905 3137 Veronensis.
963 3079 1239 3135 Consonat
1286 3086 1343 3133 et
1375 3076 1641 3148 inscriptio
1690 3075 1744 3130 in
1776 3073 1946 3130 Altari
1978 3070 2035 3128 S.

2148 1878 2305 1933 copus
2335 1861 2640 1919 Veronensis
2659 1906 2674 1933 ,
2709 1868 2868 1937 frater
2897 1862 2958 1922 S.
2982 1863 3164 1920 Tuscae
3204 1864 3446 1938 Virginis,
3473 1865 3692 1939 magistra

2148 1956 2211 2013 S.
2253 1956 2507 2014 Teuteria:
2561 1958 2822 2032 Virginis;
2875 1969 2930 2017 et
2970 1960 3025 2015 in
3064 1959 3447 2031 Martyrologio
3476 1957 3696 2015 Ecclesia:

2148 2049 2487 2107 Cathedralis
2534 2050 2870 2107 Verenensis
2909 2051 2998 2107 die
3043 2051 3116 2107 25
3162 2052 3341 2107 Martii
3380 2051 3456 2107 sic
3492 2050 3694 2122 legitur:

2146 2140 2343 2195 Eadem
2367 2139 2450 2196 die
2467 2141 2530 2199 S.
2561 2143 2768 2198 Proculi
2793 2140 3099 2199 Veronensis
3120 2141 3389 2216 Episcopi,
3408 2142 3491 2214 qui
3508 2153 3695 2212 tempore

2149 2231 2425 2288 Maximini
2463 2234 2767 2306 sequebatur
2804 2233 3123 2291 beatissimos
3166 2235 3423 2308 Martyres
3462 2233 3695 2302 Firmum,

2148 2336 2192 2382 et
2219 2325 2512 2395 Rusticum,
2539 2330 2753 2397 cupiens
2784 2346 2889 2384 una
2911 2346 3031 2385 cum
3055 2330 3183 2401 ipsis
3204 2330 3453 2402 martyrio
3475 2327 3695 2390 coronari,

2146 2422 2236 2477 sed
2259 2432 2427 2477 tamen
2453 2442 2486 2478 a
2510 2423 2818 2480 satellitibus
2848 2425 3096 2495 expulsus
3125 2424 3179 2479 in
3202 2441 3330 2495 pace
3360 2422 3555 2496 quievit.
3578 2419 3697 2477 Idem

2147 2515 2202 2570 in
2224 2514 2348 2571 aliis
2375 2529 2503 2572 mss.
2535 2515 3091 2589 inspicitur.‘l‘empus
3115 2532 3247 2573 vero
3261 2531 3368 2588 quo
3395 2515 3451 2572 S.
3479 2513 3699 2571 Proculus

2147 2606 2447 2664 Veronensi
2482 2621 2713 2678 prieerat
2756 2607 3018 2665 Ecclesia:
3066 2625 3132 2666 ex
3173 2610 3342 2665 certis
3381 2607 3700 2664 monumentis

2146 2701 2413 2770 habetur,
2462 2712 2519 2758 ut
2557 2703 2845 2759 clarissimi
2873 2704 3147 2760 Ballerinii
3175 2704 3541 2761 demonstrant
3583 2701 3699 2756 dicta

2149 2796 2375 2853 Dissert.
2409 2799 2578 2868 prima
2624 2813 2744 2869 cap.
2778 2799 2846 2865 5,
2881 2797 2967 2871 55
2996 2817 3008 2852 :
3039 2798 3102 2853 S.
3148 2796 3409 2853 Proculus
3436 2795 3536 2869 [ita
3564 2793 3697 2849 iidem

2145 2887 2448 2961 Auctores]
2485 2899 2671 2961 quarto
2721 2889 2913 2946 steculo
2952 2890 3156 2944 ineunte
3184 2889 3240 2943 in
3288 2889 3413 2943 vivis
3447 2897 3546 2943 erat
3568 2928 3580 2950 ,
3606 2900 3700 2939 cum

2147 2984 2469 3040 Maximiano
2499 2984 2823 3058 lmperatore
2857 2985 3111 3042 Veronam
3141 2987 3289 3040 ducti
3315 2989 3453 3059 fuere
3480 2985 3578 3040 SS.
3600 2981 3701 3037 Fir-

2144 3095 2279 3146 mus,
2312 3090 2356 3135 et
2380 3078 2646 3146 Rusticus,
2671 3080 2759 3148 qui
2786 3079 3006 3136 subinde
3028 3080 3292 3153 martyrio
3324 3079 3546 3135 coronati
3570 3086 3696 3139 sunt,

439 3177 648 3249 Agabio
667 3185 854 3231 erecto
882 3191 895 3227 :
922 3172 1116 3246 Agabia
1139 3172 1227 3244 qui
1269 3171 1332 3226 in
1378 3169 1694 3239 Pontiﬁcum
1747 3168 1897 3223 tertio
1916 3182 2036 3221 ευσ-
2064 3180 2109 3242 C
2143 3181 2198 3226 ut
2227 3173 2399 3241 palam
2450 3172 2510 3242 [it
2555 3189 2617 3227 ea:
2660 3173 2884 3245 antiquis
2930 3174 3161 3245 ipsorum
3220 3174 3356 3228 actis
3383 3190 3415 3227 a
3442 3170 3702 3226 Marcln'otte

436 3270 606 3324 cessit.
668 3269 942 3324 Censonat
998 3264 1281 3336 inscriptio
1311 3265 1366 3319 in
1412 3263 1582 3318 Altari
1631 3262 1728 3319 SS.
1783 3259 2038 3330 Euprepii

435 3371 491 3419 et
516 3361 718 3419 Gricini
746 3361 852 3416 sito
876 3360 929 3414 in
964 3358 1207 3414 Ecclesia
1236 3357 1293 3413 S.
1339 3355 1555 3411 Proculi
1592 3373 1603 3409 :
1632 3352 1894 3427 Euprepio
1939 3352 2038 3406 Ve-

433 3470 575 3509 rona:
602 3470 635 3507 α
683 3452 879 3507 Christi
914 3467 1051 3506 anno
1096 3449 1168 3505 ’ἃ
1214 3448 1439 3504 Prcesuli
1483 3448 1669 3519 primo,
1727 3455 1773 3500 et
1825 3444 2039 3500 Gricino

436 3549 668 3605 laborum
698 3549 837 3602 socio
881 3556 929 3601 et
956 3545 1131 3600 comiti
1173 3549 1317 3599 locus
1360 3542 1652 3597 restitutus.
1690 3539 1804 3595 Duo
1856 3539 2038 3607 itaque

434 3642 636 3697 diversi
659 3641 1052 3710 EpiscOporum
1087 3636 1485 3693 Veronensium
1505 3634 1726 3691 ordines
1754 3633 2038 3703 reperiun—

438 3745 524 3790 tur
557 3750 571 3800 ;
602 3733 724 3804 quis
749 3747 882 3802 ergo
921 3748 953 3787 c
987 3731 1264 3801 Diptychis
1317 3743 1540 3784 manare
1593 3726 1857 3783 dicendus
1899 3723 2036 3782 est?

430 3828 530 3897 Qui
561 3828 613 3882 in
635 3825 915 3897 Rbythmo
942 3825 1157 3895 legitur,
1189 3836 1254 3876 an
1284 3823 1373 3891 qui
1418 3822 1472 3875 in
1521 3821 1798 3876 veteribus
1842 3834 2035 3875 monu-

432 3921 676 3977 mentis?
702 3921 783 3976 An
812 3918 1120 3975 censendus
1151 3925 1232 3970 est
1254 3914 1574 3986 Anonymus
1603 3913 1944 3983 Pipinianns,
1978 3922 2035 3967 ut

436 4014 647 4070 Domini
706 4011 979 4067 Ballerinii
1028 4009 1286 4081 thytltmi
1335 4018 1611 4064 austoretn
1661 4007 1944 4061 nominant
2005 4019 2037 4060 e

433 4108 704 4179 diptychis
746 4106 978 4170 eruisse,
1036 4103 1127 4174 qui
1174 4101 1432 4173 diptyclta
1489 4100 1633 4155 forte
1687 4100 1821 4153 vidit
1874 4114 2033 4154 num—

434 4202 645 4273 quam?
695 4203 777 4255 An
810 4213 941 4254 vero
970 4196 1254 4262 Ecclesire,
1307 4195 1397 4250 ubi
1443 4193 1636 4248 eadem
1683 4200 2031 4246 monumenta

434 4295 650 4367 publice
670 4303 799 4350 sunt
847 4293 1114 4363 euposita,
1165 4289 1446 4361 inquibus
1496 4288 1670 4342 donec
1699 4299 1818 4340 mos
1864 4285 2035 4355 viguit

433 4391 646 4462 legendi
679 4406 746 4446 ex
810 4389 1088 4461 Diptyeltis
1135 4386 1353 4443 nomina
1405 4386 1668 4456 inscripta
1709 4427 1723 4450 ,
1785 4381 2031 4453 quotidie

433 4485 806 4556 legebantur?
849 4484 1186 4555 Antiquitate
1216 4488 1441 4553 prtestet
1476 4478 1785 4551 Rhythmus
1818 4475 2032 4531 caeteris

2148 3264 2364 3333 Met/fcio
2408 3266 2557 3321 editis
2587 3266 2641 3321 in
2666 3266 2807 3321 calce
2834 3266 3183 3337 diplomaticaz
3209 3267 3477 3332 historiae,
3513 3282 3561 3336 p.
3596 3261 3698 3317 503.

2143 3357 2212 3413 In
2239 3358 2503 3413 nonnullis
2526 3361 2732 3432 quidem
2761 3371 2995 3415 actorum
3016 3375 3111 3415 ms.
3139 3374 3238 3431 pro
3269 3357 3579 3415 Maximiano
3607 3353 3700 3409 Ma—

2141 3451 2368 3506 ximinus
2408 3452 2625 3523 legitur,
2654 3452 2725 3506 ad
2748 3455 2895 3520 cujus
2940 3452 3158 3519 proinde
3198 3450 3229 3505 1
3240 3453 3489 3524 mperium
3521 3445 3701 3502 Proculi

2141 3554 2339 3601 (etatem
2377 3546 2754 3617 provehendam
2791 3546 3023 3603 arbitrati
3051 3556 3209 3610 sunt;
3239 3557 3297 3601 at
3340 3562 3457 3600 cum
3497 3560 3555 3599 ea:
3595 3541 3701 3596 artis

2143 3647 2312 3711 pateat
2343 3638 2711 3710 Imperatorem
2736 3641 2791 3694 id
2816 3638 3060 3712 temporis
3090 3637 3386 3694 Mediolani
3409 3638 3577 3708 fuisse,
3602 3632 3696 3688 Ma-

2140 3734 2367 3789 an'minus
2386 3744 2554 3789 autent
2583 3751 2643 3788 ea
2674 3735 2727 3788 in
2763 3734 2885 3788 urbe
2912 3748 3184 3803 numquam
3216 3733 3409 3802 fuerit,
3444 3731 3612 3801 quippe
3631 3726 3700 3798 qui

2140 3827 2231 3881 via;
2274 3824 2486 3881 Italiam
2517 3828 2778 3898 ingressus
2822 3826 2875 3879 in
2926 3825 3174 3895 Aquileia
3212 3824 3481 3879 obsidione
3523 3828 3701 3875 mortem

2142 3924 2351 3993 oppetiit
2374 3962 2388 3985 ,
2414 3934 2468 3978 ut
2495 3931 2629 3978 recte
2660 3922 2895 3993 probavit
2916 3929 3089 3977 noster
3125 3920 3194 3974 P.
3234 3920 3428 3977 Petrus
3455 3918 3701 3973 Paduattus

2140 4031 2207 4070 ea:
2235 4016 2430 4072 Ordine
2451 4014 2876 4071 Conventualium
2905 4014 3045 4087 apud
3071 4013 3359 4086 Ughellum
3386 4023 3504 4069 tont.
3527 4026 3583 4067 ν.
3606 4008 3700 4063 Ita-

2139 4108 2226 4163 lire
2251 4123 2412 4163 sacra'
2434 4124 2555 4178 pag.
2580 4106 2708 4170 685.
2742 4123 2955 4177 cumque
2976 4107 3210 4177 pluribus
3235 4106 3483 4178 exemplis
3503 4105 3697 4176 liqueat,

2139 4201 2249 4256 hac
2284 4202 2385 4254 duo
2417 4202 2624 4255 nomina
2658 4200 2966 4256 Maximiani
3009 4210 3057 4256 et
3081 4199 3364 4257 Maximini
3399 4202 3451 4256 in
3479 4197 3702 4255 codicibus

2137 4298 2426 4369 promiscue
2473 4295 2659 4361 scribi,
2705 4297 2958 4367 facileque
3004 4298 3300 4367 confundi,
3332 4297 3499 4368 potior
3538 4295 3699 4350 immo.

2137 4399 2185 4444 et
2211 4388 2431 4461 genuina
2460 4398 2675 4461 apparet
2700 4387 2920 4442 aliorum
2944 4388 3179 4445 codicum
3207 4387 3584 4446 Maximinum
3602 4382 3703 4440 scri-

2139 4481 2366 4536 bentium
2395 4479 2565 4545 lectio,
2582 4496 2695 4550 qua:
2715 4480 2917 4547 quidem
2948 4481 3003 4535 in
3030 4480 3274 4551 Antiquis
3305 4481 3429 4535 mss.
3456 4494 3563 4549 qua
3586 4475 3701 4533 vidc-

431 4578 799 4634 monumentis
874 4578 1185 4642 vetustior,
1267 4577 1447 4644 itaque
1496 4583 1550 4628 et
1601 4570 1827 4627 verior?
1895 4567 2034 4635 Quid

2141 4586 2260 4631 runt
2307 4585 2355 4630 et
2388 4556 2681 4647 allegarunt
2723 4573 2969 4629 Bollandi
2999 4574 3145 4631 Socii
3172 4575 3241 4629 ad
3285 4576 3424 4630 diem
3447 4573 3514 4629 24
3552 4566 3703 4626 Martii

431 4672 475 4729 si
529 4681 583 4727 et
635 4672 686 4725 in
733 4687 801 4726 eo
848 4670 1162 4725 manili-stus
1201 4666 1643 4739 deprehendatur
1699 4678 1888 4730 error,
1968 4663 2034 4717 li-

430 4774 521 4821 cet
567 4776 621 4821 et
687 4765 809 4819 aliis
864 4763 1227 4818 monumentis
1290 4760 1638 4817 commentis?
1696 4758 2030 4829 Rhythmum

431 4874 648 4916 errores
675 4858 961 4915 continere
1009 4863 1198 4925 putant
1226 4854 1383 4909 iidem
1431 4851 1709 4907 Ballerinii
1746 4868 1759 4904 :
1794 4849 1877 4904 Ne
1918 4849 2034 4920 quis

434 4954 666 5006 omnibus
695 4960 882 5022 printer
927 4948 1306 5020 Episcoporum
1352 4947 1582 5001 ordinem
1636 4944 1897 5014 Anonymi
1937 4941 2033 4996 Pi-

433 5045 631 5113 piuiaui
662 5045 813 5097 dictis
850 5044 1003 5112 ﬁdem
1036 5040 1529 5095 accommodandam
1576 5039 1863 5103 existimet,
1910 5052 2027 5090 cum

431 5154 491 5191 ea
534 5152 650 5206 quia
698 5138 762 5190 de
789 5135 1025 5195 Gallieni
1070 5134 1292 5189 Cwsaris
1322 5134 1434 5202 ﬁlia
1474 5133 1690 5188 inseruit
1732 5131 1870 5203 falsa
1901 5132 2025 5185 sint.

430 5229 754 5285 liecentiora
784 5240 1137 5283 monumenta
1168 5227 1286 5299 quis
1312 5228 1504 5283 credat
1530 5236 1658 5281 tunc
1700 5225 1989 5281 adinventa
2010 5267 2025 5292 ,

428 5339 550 5378 cum
578 5322 632 5377 in
665 5322 933 5393 lapidibus
964 5329 1020 5376 et
1052 5322 1127 5375 ‘in
1171 5320 1506 5375 membranis
1556 5316 2030 5373 inscriberentur?

425 5418 619 5474 Nonne
641 5417 787 5471 omni
799 5417 924 5487 jure
947 5414 1444 5470 censoredebemus
1468 5426 1535 5469 ex
1562 5411 1685 5468 aliis
1710 5411 2027 5483 antiquiori-

424 5511 524 5566 bus
580 5510 751 5565 fuisse
795 5507 1124 5578 desumpta?
1193 5506 1451 5561 Ludibrio
1519 5504 1738 5576 quidem
1811 5504 2020 5560 cunctis

422 5615 584 5669 esset,
610 5606 701 5676 qui
727 5605 846 5659 sine
873 5603 984 5657 ullo
1011 5602 1294 5657 vetustatis
1319 5597 1711 5655 adminiuiculo
1743 5605 2018 5668 tamquam

419 5708 626 5751 vetusta
671 5697 993 5763 exhiberet,
1037 5713 1158 5767 qua:
1207 5696 1322 5766 ipse
1376 5694 1597 5766 proprio
1644 5703 1816 5749 marte
1867 5690 2018 5747 adin-

416 5789 587 5843 venit.

2133 4672 2189 4726 in
2219 4671 2282 4726 S.
2310 4668 2523 4724 Proculi
2557 4670 2761 4724 iuventa
2787 4677 2900 4735 est;
2928 4684 2989 4723 ac
3007 4671 3136 4741 jure
3172 4679 3449 4739 propterea
3492 4665 3549 4722 S.
3587 4660 3701 4717 Pro—

2135 4764 2283 4820 culus
2308 4773 2355 4819 et
2385 4762 2493 4819 SS.
2538 4760 2750 4817 Firmus
2771 4803 2785 4828 ,
2831 4770 2880 4817 et
2907 4760 3150 4817 Rusticus
3190 4761 3246 4816 in
3282 4758 3507 4831 antiquis
3531 4755 3703 4821 Marty-

2134 4857 2347 4929 rologiis
2369 4855 2635 4921 omnibus,
2666 4871 2753 4909 nec
2784 4871 2887 4910 non
2908 4855 2963 4909 in
2995 4854 3229 4910 Romano
3254 4858 3493 4925 referunt
3517 4850 3579 4904 ad
3598 4846 3703 4901 Dio-

2136 4950 2375 5016 cletiani,
2421 4948 2832 5018 Maximianique
2861 4949 3298 5017 persecutionem,
3341 4963 3458 5016 quae
3494 4941 3704 4999 dumi"

2137 5042 2286 5110 coepit
2331 5059 2396 5095 an
2427 5041 2553 5095 505.
2594 5040 2820 5107 Quartus
2867 5042 3038 5111 itaque
3090 5039 3402 5095 Veronensis
3446 5037 3701 5108 Episcopus

2133 5144 2318 5206 quarto
2339 5134 2544 5187 ineunte
2569 5135 2759 5188 sacculo
2787 5135 2983 5204 ﬂoruit.

2204 5227 2419 5299 Optime
2464 5226 2683 5298 quidem
2721 5228 2867 5283 circa
2909 5225 2968 5286 S.
3000 5226 3214 5283 Proculi
3246 5236 3511 5289 aetatem;
3548 5232 3598 5277 at
3634 5219 3700 5275 iu-

2131 5320 2263 5377 ferri
2297 5320 2518 5375 minime
2547 5330 2726 5390 potest
2754 5338 2765 5373 :
2800 5320 3029 5387 Quartus
3058 5320 3227 5391 itaque
3270 5317 3571 5374 Veronensis
3587 5311 3700 5383 cui?

2132 5431 2321 5483 capas,
2361 5424 2546 5482 quarto
2581 5414 2791 5468 ineunte
2829 5414 3019 5468 stocqu
3055 5413 3257 5484 ﬂoruit.
3300 5411 3436 5467 Nam
3467 5408 3596 5465 ratio
3619 5416 3699 5459 cur

2131 5516 2323 5576 quarto
2356 5505 2474 5560 loco
2502 5506 2571 5560 sit
2598 5507 2925 5562 constitutus
2955 5506 3012 5563 S.
3048 5504 3317 5562 Proculus
3369 5506 3423 5559 in
3453 5503 3587 5559 serie
3612 5496 3698 5552 Vc-

2126 5599 2441 5655 ronensiutn
2482 5601 2864 5670 episcoporum
2895 5616 2957 5656 ea
2989 5609 3110 5667 est,
3152 5614 3259 5671 quo
3298 5601 3482 5655 omnia
3530 5606 3696 5649 monu-

2126 5703 2304 5748 menta
2333 5693 2593 5750 Ecclesiae
2624 5693 2954 5751 Veronensis
2984 5703 3039 5750 et
3064 5692 3179 5766 ipse
3203 5692 3512 5767 Rhythmus
3543 5692 3693 5761 ipsum

2125 5782 2400 5842 Maximini
2466 5792 2706 5857 tempore
2772 5785 3025 5844 ﬂoruisse
3098 5783 3337 5843 referunt
3372 5822 3387 5852 ,
3474 5791 3525 5839 et
3585 5786 3691 5835 autc
