3902 6324
248 296 347 355 717

246 413 472 472 Gallieni
502 422 746 485 tempora
772 455 786 480 ,
818 429 985 485 quare
1028 421 1084 469 et
1128 429 1325 470 annum
1366 414 1676 485 exprinmnt

245 507 419 577 ipsum
440 507 819 579 imperatorem
838 525 850 561 :
866 507 1016 562 Anno
1038 504 1249 562 Domini
1268 507 1380 563 256
1400 506 1590 561 vivebat
1615 504 1676 562 S.
1706 503 1835 559 Pro-

247 603 414 669 culus;
454 602 526 655 ita
551 601 601 655 in
632 600 797 656 allato
822 600 1109 655 Psalmista
1136 601 1379 671 antiquo,
1413 611 1463 654 et
1507 600 1558 654 in
1582 599 1842 670 Martyro—

246 694 388 765 logio
432 694 690 751 Ecclesia:
734 693 1078 750 Calliedralis
1105 711 1118 747 :
1149 692 1341 749 Eodem
1386 692 1472 748 die
1516 694 1575 749 S.
1632 691 1841 747 Proculi

252 787 560 842 Veronensis
590 787 818 860 episcOpi
842 789 929 857 qui
959 796 1186 859 tempore
1224 787 1501 842 Maximini
1537 784 1843 856 sequebatur

245 883 562 937 beatissimos
585 881 867 954 Martyres,
895 889 1003 937 etc.
1032 880 1375 952 Quapropter
1400 882 1503 936 hoc
1528 894 1712 936 errore
1735 878 1844 935 lac-

242 985 350 1031 tum
406 985 529 1042 est,
575 985 632 1030 ut
674 975 765 1047 qui
802 975 1046 1031 ordinem
1104 976 1400 1046 primorum
1449 973 1841 1030 Veronensium

244 1069 644 1140 Episcoporum
668 1069 936 1125 colrscribi
959 1080 1245 1135 curarunt,
1277 1071 1334 1126 S.
1363 1068 1651 1125 Proeulum
1682 1082 1845 1140 quar-

243 1174 351 1219 tum
403 1165 718 1234 episcopum
751 1164 1160 1230 constituerint,
1187 1171 1272 1242 'ut
1314 1162 1590 1219 Maximini
1636 1171 1846 1232 tempo-

241 1255 392 1311 ribus
423 1255 801 1311 concordaret.
831 1254 1016 1326 Itaque
1045 1254 1327 1311 evidenter
1348 1253 1703 1325 dignoscitur,
1738 1271 1843 1309 non

240 1366 302 1404 ex
333 1348 619 1405 veteribus
667 1348 1007 1422 diptbycltis,
1039 1348 1135 1405 sed
1181 1365 1247 1404 ex
1280 1348 1443 1403 variis
1481 1349 1846 1403 monumentis

241 1440 499 1498 ordinem
529 1442 703 1514 ipsum
735 1443 1116 1497 concinnatum
1147 1441 1332 1497 luisse.

310 1536 604 1592 Conantur
642 1536 856 1608 quidem
880 1535 1095 1591 Domini
1120 1534 1398 1591 Ballerinii
1429 1549 1674 1592 errorem
1705 1533 1848 1589 hunc

243 1628 548 1687 excludere
569 1628 637 1683 ab
662 1628 853 1683 eodem
880 1626 1152 1700 thytlimo
1182 1628 1471 1700 genuinam
1500 1628 1849 1682 restituentes

242 1722 541 1780 lectionem
566 1732 630 1777 ex
654 1718 905 1777 Lobiensi
932 1736 1029 1775 ms.
1059 1722 1287 1777 carmini
1315 1721 1396 1777 illi
1431 1738 1463 1775 a
1486 1721 1619 1774 malo
1646 1719 1848 1791 Spiritu

1670 290 2139 354 DISSERTATIO.

1790 422 1843 469 et
1870 413 1920 473 Λ
1948 414 2067 474 tur,
2096 409 2240 480 quod
2274 411 2470 481 passim
2499 412 2550 468 in
2593 413 2713 470 aliis
2749 426 2850 470 ms.
2882 456 2895 479 ,

3438 310 3543 366 718

2946 425 3002 472 et
3048 416 3209 474 editis
3250 421 3541 478 observare

1943 503 2171 576 quisque
2208 514 2406 576 potest.
2440 506 2653 563 Nullum
2677 510 2856 580 itaque
2894 516 2977 566 est
3018 525 3428 584 argumentum,
3473 532 3539 572 eo
3628 560 3633 563 .

1944 595 2086 666 quod
2131 597 2182 651 in
2231 596 2333 654 hoc
2366 596 2640 671 Bliythmo
2666 600 2891 657 Gallieni
2932 620 3127 660 nomen
3171 608 3286 662 sine
3326 609 3539 680 adjecto

1944 688 2165 743 Ctesttris
2191 689 2537 760 inspiciatur,
2568 707 2741 763 neque
2759 702 2936 765 potest
2954 699 3040 766 qui
3068 694 3369 755 Gallienum
3399 698 3540 757 hunc

1944 797 2052 836 non
2082 797 2205 837 esse
2246 781 2518 839 Caesarem
2560 784 2806 841 inliciari.
2852 786 3030 855 Quare
3060 789 3392 860 superﬂuum
3424 802 3540 857 est,

1947 873 2113 928 alium
2142 872 2450 931 Gallienum
2483 885 2677 947 quarto
2706 878 2906 934 saeculo
2948 878 3169 950 ﬁngere.
3204 896 3324 937 cum
3357 880 3407 939 in
3442 884 3544 940 hoc

1951 966 2227 1039 lthythmo
2258 969 2536 1040 dignitatis
2577 972 2894 1028 vocabulum
2927 973 3157 1031 Gallieni
3204 978 3411 1035 nomini
3436 994 3543 1035 που

1947 1058 2188 1117 additum
2219 1063 2384 1121 fuisse
2413 1075 2620 1121 Constet
2646 1109 2660 1133 ,
2688 1072 2744 1122 ut
2772 1067 2914 1123 idem
2952 1070 3003 1123 in
3044 1070 3144 1125 hoc
3172 1086 3330 1128 versu
3360 1091 3549 1130 nume-

1947 1173 2073 1224 rus,
2106 1172 2170 1213 ac
2197 1158 2249 1214 ln
2275 1162 2490 1216 cmteris
2533 1162 2779 1217 versibus
2820 1172 3173 1221 servaretur:
3204 1166 3308 1222 alia
3347 1171 3544 1224 ctenim

1949 1267 2051 1307 ms.
2083 1253 2135 1307 in
2165 1254 2358 1322 quibus
2382 1252 2614 1310 Caesaris
2643 1271 2835 1312 nomen
2861 1256 3127 1330 adjectum
3157 1269 3261 1327 est,
3288 1261 3545 1334 Rhytlimi

1949 1360 2233 1401 numerum
2263 1348 2596 1404 sustulerunt
2625 1366 2639 1403 :
2666 1350 2707 1403 Α
2732 1350 2871 1405 malo
2893 1352 3079 1422 spiritu
3098 1354 3298 1409 sanavit
3320 1352 3548 1410 Gallieni

1949 1437 2136 1508 ﬁliam.
2182 1438 2259 1493 lta
2293 1438 2560 1496 Labiense
2606 1456 2706 1496 ms.
2731 1485 2745 1508 ,
2772 1451 2823 1497 et
2854 1445 3074 1513 optime.
3108 1444 3150 1499 Α
3189 1444 3327 1500 malo
3365 1445 3547 1516 spiritu

1950 1531 2149 1584 sanavit
2175 1529 2403 1587 Gallieni
2418 1532 2638 1588 Caesaris
2666 1532 2850 1602 ﬁliam.
2878 1533 2953 1590 Ita
2987 1536 3039 1590 in
3069 1552 3170 1591 ms.
3198 1534 3548 1607 Ariminensi,

1954 1621 2007 1676 in
2038 1637 2146 1694 quo
2190 1639 2296 1679 non
2328 1623 2470 1680 idem
2502 1634 2750 1681 servatur
2778 1640 3054 1683 numerus.
3100 1627 3390 1686 Auctorem
3420 1646 3553 1687 vero

1956 1714 2211 1787 llltythmi
2250 1717 2548 1772 carminum
2587 1728 2875 1773 numerum
2922 1734 3033 1789 pra:
3055 1720 3225 1775 oculis
3256 1720 3511 1779 habuisse
3535 1764 3551 1786 ,

241 1819 451 1873 sanavit
482 1814 708 1872 Gallieni
734 1816 922 1887 ﬁliam,
956 1814 1007 1871 in
1044 1830 1150 1887 quo
1172 1826 1331 1871 versu
1356 1830 1452 1886 pro
1479 1813 1711 1869 Gallieni
1742 1811 1853 1866 Ma-
1879 1812 1929 1874 B
1957 1814 2170 1865 constat
2206 1824 2272 1867 ex
2303 1810 2623 1881 praecedenti
2661 1826 2824 1867 versu
2860 1829 2873 1866 :
2911 1813 3014 1881 Qui
3063 1812 3319 1869 Veronam
3366 1814 3554 1885 praedi-

242 1910 511 1965 billonius
536 1909 745 1981 legerat
770 1907 940 1973 Galli,
974 1907 1074 1963 hac
1110 1908 1320 1963 ratione
1350 1904 1590 1971 scilicet,
1617 1904 1764 1976 quod
1798 1902 1851 1958 in

241 2001 444 2059 eodem
479 2002 722 2057 carmine
749 2015 859 2054 non
891 2001 1099 2070 legatur
1143 1998 1369 2055 Gallieni
1407 1997 1627 2053 Cwsaris
1650 2039 1664 2064 ,
1711 2005 1766 2051 ut
1798 1994 1852 2050 itt

241 2095 362 2151 aliis
391 2109 556 2162 tnss.,
575 2093 668 2149 sed
697 2090 929 2149 Gallieni
955 2100 1304 2163 tantum,qua
1334 2091 1717 2148 observatione
1741 2090 1857 2160 opi-

243 2195 455 2242 nantur
487 2184 707 2241 nomine
736 2183 970 2240 Gallieni
1000 2197 1105 2240 non
1134 2182 1543 2254 imperatorem,
1571 2183 1665 2239 sed
1688 2181 1856 2237 alium

241 2278 559 2335 Gallienum
588 2288 780 2348 quarto
820 2277 1020 2333 saccqu
1048 2278 1317 2334 viventem
1346 2276 1670 2348 signiﬁcari,
1703 2276 1857 2346 cujus

245 2371 420 2427 tiliam
451 2371 524 2426 ab
556 2370 871 2425 obsessione
902 2371 1167 2425 daemonis
1198 2370 1449 2425 liberarii
1473 2369 1529 2427 S.
1569 2366 1858 2425 Zeno..Ex

243 2482 303 2522 ca
338 2463 627 2538 [restituta
661 2462 933 2535 lectione]
959 2462 1055 2519 illa
1092 2464 1366 2535 difﬁcultas
1389 2462 1547 2517 simul
1574 2463 1821 2517 adimitur
1842 2503 1857 2527 ,

243 2574 406 2628 quam
444 2572 606 2611 unam
634 2557 687 2611 in
714 2556 985 2628 Anonymo
1016 2555 1294 2628 Pipiniano
1321 2558 1490 2613 inesse
1513 2557 1856 2627 putabamus,

244 2651 404 2721 quasi
474 2650 703 2705 Gallieni
752 2650 1081 2722 imperatoris
1132 2649 1361 2721 fabulam
1406 2648 1657 2703 ebibisset.
1725 2647 1863 2703 Hinc

244 2748 409 2803 etiam
466 2744 770 2815 conﬁrmari
818 2759 969 2815 posse
1014 2743 1214 2798 ridetur
1240 2786 1254 2809 ,
1315 2744 1453 2815 quod
1508 2741 1727 2798 Dissert.
1790 2743 1857 2808 l,

245 2857 363 2910 cap.
400 2836 461 2899 3,
491 2837 522 2911 ς
553 2836 617 2904 4,
648 2836 896 2907 suspicati
916 2850 1089 2890 sumus
1112 2852 1224 2890 eum
1259 2837 1406 2909 cujus
1437 2836 1599 2905 ﬁliam
1629 2836 1687 2891 S.
1722 2832 1861 2889 Zeno

247 2935 460 2990 sanavit
482 2949 517 2987 a
537 2933 789 2999 daemone,
820 2930 983 3003 fuisse
1007 2946 1122 2985 vere
1148 2928 1441 2985 Gallienum
1481 2929 1737 3000 aliquant,
1775 2928 1865 2998 qui

248 3048 341 3100 per
383 3031 678 3087 nonnullos
708 3034 760 3085 in
804 3031 1159 3103 imperatorem
1192 3029 1446 3100 migravit.
1483 3028 1547 3083 Ut
1573 3026 1861 3097 genuinam

248 3138 429 3197 atque
455 3126 674 3182 caeteris
714 3124 1103 3197 prmlerendam
1152 3139 1254 3195 ego
1299 3135 1515 3194 quoque
1556 3119 1727 3174 baheo
1759 3120 1865 3174 lec-

1957 1903 2124 1957 cando
2152 1904 2353 1958 reduxit
2380 1903 2449 1957 ad
2476 1906 2821 1975 baptismum,
2866 1922 2898 1958 a
2945 1907 3084 1961 malo
3124 1907 3313 1974 spiritu
3356 1908 3554 1963 sanavit

1959 1993 2184 2050 Gallieni
2200 1994 2386 2063 ﬁliam.
2419 1994 2474 2051 lu
2493 1998 2668 2068 primo
2692 1998 2892 2053 etenim
2916 2006 3076 2055 versu
3095 2012 3199 2056 non
3221 1999 3549 2072 baptismum,

1957 2088 2053 2145 sed
2086 2078 2415 2160 b'aptismium
2442 2089 2687 2159 scripsit,
2722 2106 2830 2145 non
2852 2092 2957 2146 alia
2988 2107 3119 2149 sane
3139 2093 3206 2149 de
3227 2107 3421 2161 causa,
3452 2093 3556 2148 nisi

1960 2188 2019 2235 ut
2057 2180 2198 2237 idem
2232 2197 2487 2238 uiituerus
2514 2191 2790 2239 constaret
2840 2185 2891 2239 in
2924 2185 3191 2242 versibus.
3238 2185 3304 2242 Et
3349 2186 3399 2241 iu
3455 2186 3557 2241 hoc

1960 2274 2143 2344 itaque
2172 2272 2451 2347 Bliythmo
2479 2276 2707 2333 Gallieni
2744 2293 2941 2335 nomen
2968 2279 3036 2336 de
3065 2276 3315 2337 Gallieno
3340 2279 3558 2335 Caesare

1962 2365 2333 2439 accipiendum
2389 2377 2492 2423 est.
2528 2369 2710 2438 Quare
2737 2370 2793 2425 lit
2834 2377 2893 2427 ut
2918 2371 3106 2428 eodem
3138 2384 3325 2429 errore
3352 2371 3563 2428 laboret

1963 2460 2050 2515 hic
2070 2458 2403 2532 Rhytltmus,
2431 2461 2522 2532 qui
2552 2461 2603 2516 in
2634 2461 2755 2518 aliis
2786 2464 3059 2519 veteribus
3089 2478 3225 2521 mss.
3256 2464 3555 2536 reperitur,

1962 2554 2171 2609 scilicet
2208 2553 2267 2609 8.
2301 2553 2586 2610 Proculum
2626 2556 2725 2611 sub
2766 2556 3100 2628 lmperatore
3138 2556 3431 2613 Maximino
3459 2559 3566 2614 Ve-

1964 2661 2112 2701 rona:
2138 2644 2304 2702 fuisse
2336 2646 2649 2718 episcopum
2676 2691 2689 2714 ,
2719 2648 2812 2720 qui
2842 2664 3028 2705 revera
3059 2648 3242 2705 ﬂoruit
3267 2652 3368 2706 sub
3395 2650 3565 2705 Masi-

1966 2738 2147 2794 miano
2181 2757 2193 2794 :
2232 2738 2462 2811 ideoque
2505 2741 2608 2797 hoc
2654 2756 2849 2798 errore
2894 2741 3041 2798 ducti
3072 2751 3317 2799 veterum
3365 2756 3561 2799 monu-

1965 2838 2273 2887 mentorum
2323 2840 2609 2899 auctores,
2642 2840 2837 2904 quarto
2878 2833 2996 2889 loco
3036 2834 3178 2889 inter
3218 2834 3563 2892 Veronenses

1966 2923 2229 2994 praesules
2256 2923 2317 2981 S.
2358 2925 2649 2981 Proeulum
2682 2940 3032 2983 recensuere.
3067 2926 3249 2996 Ipsum
3279 2938 3458 2984 tamen
3499 2931 3559 2985 S.

1966 3016 2178 3073 Zenone
2203 3018 2556 3088 posteriorem
2608 3019 2775 3075 fuisse
2820 3033 2886 3074 ex
2920 3020 3037 3089 ipso
3080 3019 3356 3091 Rhytlmto
3401 3030 3567 3079 caete-

1967 3110 2150 3180 risque
2181 3113 2545 3167 monumentis
2569 3111 2895 3179 ostenditur,
2938 3125 3007 3167 eo
3027 3111 3171 3183 quod
3197 3112 3253 3169 S.
3289 3112 3567 3171 Zenonem

244 3221 463 3277 tionem
498 3221 817 3293 antiquioris
853 3236 953 3274 ms.
987 3218 1272 3273 Lolrieusis
1299 3231 1360 3271 ea
1397 3216 1735 3286 potissimum
1775 3227 1864 3268 ra—
1894 3214 1940 3278 C
1972 3202 2204 3260 Gallieni
2236 3213 2483 3273 tempore
2521 3214 2578 3261 et
2608 3204 2951 3277 thythmus,
3004 3215 3057 3261 et
3106 3220 3237 3261 mss.
3272 3208 3560 3264 collocant,

249 3314 433 3380 tione,
468 3315 612 3384 quod
642 3327 833 3369 versus
871 3326 901 3367 a
942 3311 1079 3366 malo
1109 3311 1294 3381 spiritu
1319 3308 1518 3363 sanavit
1550 3306 1774 3361 Gallieni
1802 3305 1867 3374 βο
1968 3295 2097 3352 Jure
2127 3297 2291 3367 igitur
2322 3311 2385 3352 ac
2417 3298 2615 3352 merito
2641 3296 2904 3368 Ughellus
2933 3297 3077 3353 Petri
3110 3297 3347 3354 Padoani
3377 3308 3566 3356 aucto.

247 3411 374 3466 (iam
401 3410 603 3465 eodem
634 3425 861 3465 numero
883 3415 1100 3463 constet
1125 3450 1137 3472 ,
1162 3422 1221 3459 ac
1246 3404 1425 3460 caeteri
1455 3401 1543 3458 alii
1572 3443 1587 3469 ,
1620 3411 1678 3456 ut
1698 3399 1867 3469 lllspl-
1967 3392 2145 3459 ritate,
2177 3404 2336 3461 quem
2365 3391 2467 3461 ipsi
2498 3390 2714 3445 Domitii
2742 3389 3018 3444 Ballerinii
3045 3391 3429 3448 commendant
3449 3432 3464 3461 ,
3500 3394 3561 3450 8.

246 3504 421 3560 cienri
446 3512 638 3574 patet;
672 3503 717 3560 si
750 3516 879 3559 vero
929 3500 1012 3558 vel
1044 3497 1201 3567 ,Galli
1244 3498 1452 3568 legatur
1479 3539 1493 3564 ,
1523 3495 1606 3551 vel
1638 3492 1866 3549 Gallieni

247 3595 483 3653 Ctesaris
536 3595 727 3651 eodem
772 3610 997 3650 numero
1029 3610 1133 3648 non
1175 3599 1407 3647 constat.
1441 3588 1510 3644 At
1548 3600 1612 3643 es
1657 3599 1723 3642 eo
1751 3595 1861 3639 tan-

247 3700 388 3758 tum,
417 3687 571 3760 quod
598 3686 825 3743 Gallieni
852 3687 1061 3757 legatur
1088 3685 1204 3739 sine
1231 3682 1599 3738 additamento
1620 3675 1864 3743 Censoris,

244 3783 394 3839 alter
417 3781 704 3837 Gallienus
751 3780 819 3834 ab
871 3777 1203 3847 lmperatore
1253 3774 1503 3830 diversus
1552 3767 1866 3825 comminis-

245 3876 465 3932 cendns
490 3874 600 3939 sit,
631 3872 857 3929 minime
882 3871 1173 3936 assentior,
1210 3882 1329 3937 cum
1359 3866 1556 3936 passim
1589 3862 1865 3919 Gallienus

247 3970 471 4041 legatur
502 3967 623 4021 sine
675 3965 862 4021 addito
903 3961 1126 4019 Ctesaris
1174 3961 1254 4016 vel
1288 3957 1645 4031 imperatoris,
1692 3968 1865 4024 neque

245 4062 392 4117 alius
420 4076 451 4115 a
483 4056 735 4116 Gallieno
762 4057 1094 4127 imperatore
1134 4053 1380 4109 diversus
1414 4048 1586 4121 possit
1614 4045 1859 4116 intelligi.

248 4157 304 4211 ln
332 4160 598 4227 promptu
623 4151 884 4207 habemus
916 4148 1223 4219 exemplum
1264 4148 1317 4200 in
1352 4144 1515 4199 allato
1548 4152 1694 4199 textu
1722 4156 1864 4194 mar-

248 4248 517 4322 tyrnlogii
542 4245 808 4302 Ecclesia:
834 4241 1163 4301 Veronensis
1189 4258 1201 4293 :
1236 4238 1431 4295 Eodem
1460 4237 1545 4290 die
1571 4236 1630 4289 S.
1652 4231 1867 4287 Proculi

250 4341 579 4398 Veronensis
620 4338 905 4413 Episcopi,
954 4336 1044 4407 qui
1089 4343 1317 4406 tempore
1362 4327 1637 4384 Maximini
1688 4341 1867 4397 seque—

245 4439 407 4491 batur
446 4433 762 4488 beatissimos
810 4428 1099 4499 Martyres,
1145 4434 1284 4489 etc.,
1331 4437 1503 4492 neque
1549 4417 1617 4473 ad
1666 4431 1860 4471 nomen

246 4526 545 4583 Hoximini
574 4524 807 4580 additur
852 4519 1094 4577 Caesaris.
1126 4517 1276 4574 Alius
1308 4514 1469 4585 igitur
1496 4509 1863 4581 exquirendas

1967 3481 2252 3537 Proculum
2279 3482 2633 3553 posteriorem
2667 3482 2794 3538 facit
2818 3476 3042 3539 Zenoni.

2043 3574 2237 3629 Verum
2286 3575 2565 3631 enimvtero
2592 3577 2805 3631 etiamsi
2854 3577 3247 3647 Episcopon
3282 3579 3566 3638 Veronen-

1967 3667 2107 3721 sium
2134 3667 2332 3724 seriem
2362 3682 2392 3722 a
2421 3670 2807 3724 vetustissimis
2850 3669 3108 3725 Ecclesia:
3146 3672 3317 3741 ipsius
3343 3674 3565 3747 dipthy-

1964 3759 2083 3815 ciris
2104 3758 2446 3831 desmnptam
2474 3774 2596 3817 esse
2628 3768 2926 3830 constaret,
2962 3777 3071 3818 non
3095 3778 3160 3818 ex
3185 3780 3252 3819 eo
3279 3768 3404 3837 quis
3428 3782 3560 3838 pos-

1967 3860 2050 3906 set
2099 3866 2347 3908 asserere
2396 3853 2448 3906 in
2495 3851 2686 3909 iisdem
2756 3852 3104 3909 iusltcratum
3172 3856 3563 3929 Episcopormn

1967 3944 2221 3999 Ordinem
2241 3945 2507 4001 contineri
2533 3961 2546 4012 ;
2588 3947 2643 4001 id
2664 3948 2891 4018 ipsumet
2905 3947 3179 4015 evincunt,
3207 3966 3329 4020 quae
3355 3950 3563 4007 Domini

1969 4037 2242 4092 llallcrinii
2272 4037 2548 4093 adducunt
2573 4040 2824 4110 exempla
2850 4056 2864 4103 ;
2896 4055 3091 4113 mp0
3111 4040 3339 4096 Missalis
3354 4042 3563 4098 Ilum-

1966 4129 2156 4196 tabici,
2187 4130 2342 4200 cujus
2378 4137 2586 4186 tertium
2639 4132 2707 4187 ad
2747 4130 2905 4203 hujus
2950 4132 3191 4189 veritatis
3234 4135 3562 4192 evidentiam

1967 4222 2055 4277 hie
2080 4224 2458 4287 esseribimus,
2511 4240 2580 4279 ex
2614 4225 2775 4280 tituto
2797 4224 2887 4293 qui
2918 4226 3230 4282 inscribitur
3259 4246 3271 4281 :
3322 4228 3564 4285 Omnium

1969 4313 2328 4383 Olferentilut,
2361 4317 2450 4371 ubi
2474 4318 2553 4372 sic
2578 4317 2775 4388 legitur
2800 4335 2818 4373 .·
2871 4316 3145 4374 Focientes
3192 4337 3563 4382 commemora-

1965 4407 2152 4462 tionem
2213 4407 2622 4462 beatissimorum
2662 4408 3027 4478 Apostolorum
3062 4452 3076 4477 ,
3130 4422 3179 4467 et
3226 4413 3519 4486 Martyrum
3543 4460 3559 4487 ,

1968 4496 2218 4555 Gloriosa:
2247 4499 2457 4555 Sancta:
2486 4499 2671 4556 Moriar
2704 4500 2955 4572 Virginis,
2986 4501 3286 4575 Zachariae,
3318 4506 3569 4579 Joannis,

241 4630 329 4676 est
376 4616 733 4676 Maximinus.
774 4611 926 4670 Idem
957 4614 1009 4675 in
1046 4608 1426 4679 Martyrologio
1462 4603 1682 4660 Ordinis
1720 4601 1864 4655 Prte-
1889 4598 1945 4664 1)
1969 4590 2278 4665 Infantiam,
2309 4590 2453 4646 Petri
2478 4633 2492 4658 ,
2527 4592 2705 4660 Pauli,
2744 4593 2965 4650 Joatmis
2988 4637 3004 4660 ,
3037 4594 3220 4652 Jacobi
3250 4640 3266 4662 ,
3296 4599 3516 4658 Arsame
3543 4640 3563 4673 ,

242 4713 592 4770 dicaturum:
612 4708 793 4764 Pridie
820 4705 937 4761 idus
958 4704 1152 4776 Aprilis
1177 4717 1196 4757 :
1222 4700 1418 4755 Eodem
1448 4697 1529 4750 die
1555 4694 1617 4750 S.
1640 4690 1865 4747 Zenonis

244 4807 546 4877 Episcopi,
573 4803 663 4875 qui
691 4805 824 4857 inter
854 4799 1108 4871 procellas
1150 4792 1562 4867 persecutionum
1601 4787 1865 4842 Veronen-

241 4918 354 4956 sem
387 4897 575 4953 urbem
604 4880 1092 4955 mirabiliter-rexit,
1120 4905 1178 4944 ac
1210 4896 1438 4956 tempore
1463 4880 1688 4937 Gallieni
1717 4878 1865 4932 Mar-

242 4994 387 5065 tyrio
419 4998 697 5046 coronatus
724 4996 818 5042 est.
845 4985 1106 5042 Gaulum
1133 4980 1387 5038 scribitur
1404 4973 1721 5033 sineaddito
1746 4968 1866 5025 Ca;-

243 5100 407 5142 ssuts
441 5101 455 5140 :
488 5086 618 5155 quin
648 5090 704 5137 et
729 5080 1010 5137 Usuardus
1036 5076 1092 5133 in
1122 5070 1502 5146 Martyrologio
1546 5065 1716 5138 pridie
1748 5065 1868 5119 idus

244 5178 511 5253 Aprilis:
544 5176 741 5233 Eodem
781 5174 866 5230 die
908 5173 968 5231 S.
1000 5172 1224 5229 Zenonis
1267 5164 1603 5241 Episcopi....
1642 5178 1703 5215 ac
1737 5169 1866 5214 tem—

247 5286 391 5347 pore
447 5269 673 5326 Gallieni
717 5270 967 5339 martyrio
1019 5270 1300 5321 coronatus
1350 5268 1448 5316 est.
1483 5257 1550 5313 Et
1588 5258 1639 5311 in
1669 5254 1866 5324 Many-

247 5346 479 5437 rologio
500 5362 750 5423 Romano
767 5362 925 5433 jussu
949 5358 1198 5431 Gregorii
1235 5368 1335 5411 xm
1354 5366 1499 5408 anno
1522 5350 1663 5406 1584
1696 5346 1863 5412 editi,

249 5457 591 5516 duodecima
626 5455 828 5525 Aprilis
860 5472 872 5509 :
913 5453 1136 5508 Verona
1168 5450 1339 5524 passio
1373 5448 1434 5504 S.
1467 5443 1691 5500 Zenonis
1715 5440 1869 5513 Epis-

249 5555 381 5626 σε)ρὲ
401 5594 419 5620 ,
446 5554 533 5623 qui
562 5553 699 5606 inter
735 5548 993 5621 procellas
1017 5543 1385 5618 persecutionis
1425 5554 1541 5595 eam
1581 5534 1869 5590 Ecclesium

251 5647 401 5701 mira
431 5648 721 5700 madentia
757 5643 1097 5717 gubernavit,
1128 5649 1175 5694 et
1217 5636 1447 5693 Gallieni
1472 5644 1698 5704 tenipore
1725 5628 1871 5682 Mar-

251 5740 403 5811 tyrio
461 5748 733 5794 coronatus
779 5747 872 5791 est.
933 5734 1036 5791 tibi
1072 5746 1323 5791 GALLIENI
1363 5742 1560 5785 nomen
1611 5723 1873 5809 aspicitur

249 5834 482 5904 absque
506 5848 589 5901 eo,
624 5830 768 5903 quod
800 5830 884 5885 vel
908 5827 1115 5894 Caesar,
1141 5827 1223 5882 vel
1254 5824 1561 5894 Imperator
1583 5829 1865 5887 nuneupe‘

1970 4684 2227 4757 Philippi,
2265 4684 2495 4749 Thomas,
2525 4683 2913 4753 Bortlwlomci,
2956 4687 3212 4755 Mutilum,
3243 4690 3449 4760 Jacobi,
3476 4696 3567 4752 Si-

1970 4775 2429 4843 monis,et.ludte,
2456 4775 2714 4843 Matthiae,
2741 4778 2928 4845 Marci,
2978 4791 3026 4836 et
3069 4780 3244 4839 Lacte.
3288 4785 3423 4843 Nota
3470 4788 3565 4845 illa

1972 4869 2137 4925 verba
2171 4869 2446 4935 :Joanuis,
2481 4869 2791 4941 Infantiam,
2828 4873 2873 4926 si
2907 4881 3121 4943 tempus
3166 4877 3358 4933 mortis
3385 4889 3565 4937 atten-

1970 4961 2116 5017 ditur
2143 4962 2313 5017 multo
2340 4973 2583 5034 tempore
2606 4974 2729 5035 post
2747 4964 3090 5021 interfectum
3115 4966 3282 5026 fuisse
3300 4969 3566 5030 Joannem

1971 5058 2305 5128 Baptistam,
2351 5072 2460 5127 quo
2508 5058 2710 5113 fuerint
2764 5058 3091 5116 lnnocentes
3139 5062 3323 5119 occisi.
3350 5064 3409 5121 Si
3434 5082 3566 5124 vero

1971 5148 2622 5217 nativitatis,incertum.
2683 5148 2820 5205 Nata
2875 5152 3037 5207 etiam
3088 5156 3265 5225 quoad
3320 5159 3565 5217 ordinem

1969 5242 2384 5315 apostolorum,
2446 5242 2671 5298 Paulum
2735 5244 2983 5301 ultimum
3048 5250 3416 5318 apostolorum
3474 5270 3565 5309 se-

1970 5336 2150 5392 cundo
2189 5337 2310 5392 loco
2359 5344 2479 5406 post
2508 5336 2747 5412 ‘l'etrum
2814 5337 3081 5394 nominari
3114 5381 3128 5407 ,
3188 5357 3295 5397 non
3350 5344 3565 5403 ratione

1974 5429 2254 5501 temporis,
2286 5427 2369 5483 vel
2415 5428 2643 5495 ordinis,
2693 5430 2789 5484 sed
2821 5432 2947 5501 quia
3002 5431 3263 5490 Romana:
3304 5435 3567 5495 Ecclesia

1973 5540 2092 5579 mos
2121 5538 2338 5593 semper
2365 5520 2466 5576 luit
2488 5562 2503 5587 ,
2534 5531 2592 5576 ut
2623 5521 2879 5578 observat
2908 5522 2985 5578 Le
3030 5521 3179 5578 Brun
3206 5565 3221 5590 ,
3269 5542 3567 5599 numquam

1973 5614 2605 5690 sejungendiApostolos
2634 5614 2854 5670 Petrum
2904 5615 3229 5673 etPaulutn.
3274 5618 3459 5691 Neque
3512 5624 3568 5679 in

1974 5714 2199 5786 reliquis
2222 5712 2314 5768 illo
2342 5711 2476 5766 ordo
2498 5719 2772 5776 servatur,
2826 5709 2919 5779 qui
2963 5709 3017 5765 in
3068 5709 3359 5784 Evangelio
3410 5715 3573 5773 Luca:

1985 5810 2228 5879 digestus
2256 5805 2506 5871 habetur,
2532 5802 2623 5873 qui
2646 5811 2703 5858 et
2745 5800 2981 5859 “animi
3011 5818 3067 5870 ι,
3101 5806 3149 5873 ι,
3190 5815 3246 5862 et
3274 5807 3464 5875 ἐδιονοὶ
3513 5823 3572 5871 nt
