3902 6324
355 240 461 296 719

1552 231 1642 290 DE
1673 232 1919 291 SANCTI
1958 233 2255 291 ZENONIS
2296 233 2565 293 EPOCHA

3510 242 3598 297 720

354 353 448 419 16,
475 351 720 408 diversus
745 349 959 422 legitur.
987 347 1119 405 Post
1137 345 1521 417 Apostolorum
1549 346 1767 402 nomina
1800 345 1944 401 Mozo
1976 356 2027 418 Α
2051 347 2411 416 conspicitur.
2443 347 2498 402 In
2524 348 2698 417 primo
2746 346 3024 404 Memento
3057 365 3069 401 :
3132 348 3237 406 Sed
3286 360 3327 405 et
3369 354 3600 410 beatorum

355 445 662 501 zarabicum
695 445 774 499 sic
800 443 963 498 habet
995 455 1007 492 :
1041 439 1199 507 Item,
1226 448 1273 493 et
1293 454 1387 511 pro
1409 438 1676 509 spiritibus
1725 453 1952 504 pausan-

358 539 508 604 tium,
536 535 754 604 Hilarii,
778 534 1071 599 Athanasii,
1096 531 1331 595 Martini,
1355 530 1632 595 Ambrosii,
1657 530 1950 599 Augustini,

359 633 652 706 Fulgentii,
689 629 936 697 Leandri,
971 629 1187 695 lsidori,
1219 627 1405 696 David,
1437 628 1662 695 Iuliani,
1704 627 1823 679 item
1853 623 1949 678 Ju-

360 728 510 783 liani.
547 726 801 793 Hilarius,
858 723 1210 788 Athanasius,
1264 722 1551 787 Martinus,
1606 720 1953 795 Ambrosius,

358 822 691 895 Augustinus
720 821 805 875 hic
830 828 1208 886 recensentur,
1260 819 1353 889 qui
1401 817 1736 873 diversarum
1767 813 1960 870 Eccle-

356 920 560 975 siarum
591 916 932 989 episcopales
962 915 1121 972 sedes
1148 915 1455 981 obtinuere,
1511 921 1568 968 et
1609 912 1663 966 in
1713 908 1957 974 Oriente,

358 1021 415 1069 et
440 1014 492 1068 in
523 1011 837 1077 Occidente,
862 1024 962 1066 nec
992 1009 1132 1065 ullus
1156 1007 1570 1078 llispauicarum
1595 1002 1959 1060 Ecclesiarum

360 1105 460 1160 fuit
487 1104 812 1175 Episcopus.
869 1104 1212 1173 Quapropter
1241 1099 1387 1156 nulla
1433 1098 1573 1153 ratio
1625 1093 1832 1151 ordinis
1873 1091 1961 1147 hic

359 1199 542 1256 habita
573 1198 865 1263 videbitur,
892 1197 989 1253 sed
1015 1204 1228 1251 tantum
1257 1191 1565 1249 devotionis
1590 1204 1755 1245 causa
1794 1187 1962 1242 fuisse

360 1294 415 1350 in
438 1292 747 1366 dipthychis
777 1292 980 1348 relatos
1000 1289 1227 1347 Sanctos
1250 1287 1351 1343 hos
1372 1284 1632 1358 praesules
1669 1280 1961 1338 dicendum

362 1396 469 1445 est.
498 1388 807 1458 Sequuntur
834 1395 1019 1457 postea
1051 1385 1103 1439 in
1129 1382 1320 1439 eodem
1377 1377 1748 1437 Mozzarabico
1791 1376 1965 1432 Lean-

361 1482 458 1536 der
489 1489 546 1536 et
573 1481 835 1545 Isidorus,
858 1479 1096 1550 episcOpi
1118 1476 1464 1548 Hispalenses
1489 1490 1504 1541 ;
1533 1472 1775 1529 Isidorus
1790 1470 1966 1527 Lean-

362 1573 465 1629 dro
490 1572 774 1638 successit,
800 1580 855 1626 at
876 1569 1125 1626 Leander
1144 1569 1516 1639 episcopatum
1541 1565 1782 1634 suscepit
1822 1576 1965 1616 anno

361 1666 492 1734 584,
517 1666 667 1738 juxta
693 1665 1114 1735 Chronologiam
1141 1660 1316 1718 Cenni
1358 1661 1526 1716 nostri
1564 1679 1577 1713 :
1616 1657 1714 1713 luit
1745 1672 1813 1712 ne
1850 1657 1967 1726 ipse

2056 440 2443 510 Apostolorum.
2475 451 2521 495 et
2550 439 2842 513 Martyrum
2893 452 3102 496 tuorum
3152 443 3326 509 Petri,
3368 456 3409 500 tt
3452 447 3600 513 Pauli,

2056 534 2298 602 Andrea’,
2331 535 2534 603 Jacobi,
2565 534 2815 599 Joannis,
2846 535 3061 590 Thoma:
3081 577 3097 601 ,
3126 534 3335 599 Jacobi.
3383 538 3603 612 Philippi,

2060 626 2450 695 Bartholomtvi,
2481 628 2743 698 Matt/uel,
2775 628 3005 685 Simonis
3033 668 3049 693 ,
3106 642 3153 683 et
3202 628 3427 696 Thadtei,
3472 631 3606 699 Xisti,

2058 719 2347 789 Laurentii,
2393 719 2689 794 Hippolyti,
2746 721 3022 789 Vincentii,
3081 722 3321 790 Cornelii,
3375 722 3608 795 Cypriani,

2061 814 2355 882 Clementis,
2388 816 2730 890 Chrysoyoni,
2753 815 2981 871 Joannis
3007 858 3022 884 ,
3047 827 3096 871 et
3125 815 3280 872 Pauli
3312 858 3327 883 ,
3356 817 3547 885 Cornua,
3573 830 3613 875 et

2061 906 2326 972 Dantiani,
2355 907 2695 978 Apollinaris,
2737 908 2940 973 Vitatis,
2966 907 3208 975 Nazarii,
3236 918 3283 963 et
3311 909 3455 977 Celsi,
3499 909 3616 965 Pro-

2063 1002 2202 1067 tosii,
2227 1011 2272 1056 et
2293 1001 2545 1067 Gervasii,
2583 1001 2828 1070 Victoris,
2858 1001 3107 1070 Naboris,
3131 1001 3341 1071 Felicis,
3360 1014 3407 1060 et
3425 1004 3616 1062 Colime-

2062 1094 2126 1148 ri.
2159 1093 2290 1149 Post
2310 1092 2786 1151 Conseorationem
2820 1110 2949 1150 vero
2978 1113 2993 1151 :
3021 1093 3188 1150 Nobis
3207 1112 3461 1167 quoque...
3481 1098 3619 1152 socie-

2066 1195 2218 1241 tatem
2247 1186 2441 1242 donare
2472 1189 2700 1259 digneris
2727 1204 2846 1242 cunt
2896 1190 3000 1243 tuis
3031 1188 3259 1257 Sanctis,
3301 1189 3560 1261 Apostolis,
3578 1202 3620 1246 et

2067 1279 2389 1353 Martyribus
2416 1278 2642 1348 Joanne,
2673 1278 2896 1347 Iacobo,
2928 1281 3214 1353 Stephano,
3270 1280 3481 1350 Andrea,
3508 1283 3624 1339 Bar-

2066 1375 2223 1440 naba,
2256 1373 2436 1440 Petro,
2464 1374 2793 1442 Marcellino,
2841 1375 3055 1446 Agnete,
3110 1375 3331 1442 Cascilia,
3365 1375 3620 1445 Felicitate,

2068 1464 2349 1537 Perpetua,
2376 1466 2673 1534 Anastasio,
2706 1468 2931 1539 Agatho,
2968 1466 3279 1539 Euphemia,
3301 1466 3472 1536 Lucio,
3517 1468 3625 1526 Juso

2069 1561 2198 1629 tino,
2230 1561 2446 1627 Sabina,
2472 1559 2687 1628 Thecla,
2720 1559 2962 1635 Pelagia,
3017 1571 3171 1635 atque
3218 1562 3501 1629 Cathariua,
3532 1576 3622 1620 etc.

2072 1654 2236 1718 Vides
2264 1656 2352 1712 hic
2380 1656 2437 1712 S.
2466 1656 2817 1730 Hippolytum
2848 1698 2863 1726 ,
2884 1659 2974 1728 qui
3004 1658 3103 1715 sub
3149 1658 3453 1716 Alexandro
3477 1658 3627 1727 impe-

362 1762 570 1832 primus
610 1758 948 1830 Hispalensis
1000 1755 1329 1829 episcopus?
1375 1753 1564 1824 Neque
1612 1764 1751 1806 unus
1793 1749 1964 1820 ipsius
1994 1762 2044 1823 Β
2071 1760 2252 1805 ratore
2281 1749 2426 1804 circa
2473 1766 2675 1805 annum
2713 1749 2820 1807 229
2843 1752 3045 1824 Martyr
3074 1752 3236 1818 obiit,
3268 1764 3387 1824 post
3419 1752 3473 1808 S.
3522 1752 3630 1809 Xis—

361 1855 713 1912 decessorum
764 1852 1096 1909 nominatur.
1154 1848 1387 1906 Sabinus
1425 1855 1573 1904 certe
1629 1844 1722 1915 qui
1770 1851 1964 1914 quarto

360 1950 583 2007 ineunte
610 1948 814 2005 saeculo
836 1946 1080 2003 Concilio
1109 1944 1443 2000 Eliberitano
1493 1937 1835 2011 subscripsit,
1867 1935 1966 1991 fuit

360 2043 649 2115 episcopus
681 2039 1049 2112 Hispalensis,
1075 2038 1166 2109 qui
1198 2036 1423 2092 minime
1453 2035 1507 2089 iu
1538 2032 1621 2088 bis
1649 2030 1963 2102 dipthychis

360 2144 924 2204 recensetur;neque
953 2131 1097 2188 ullus
1120 2129 1280 2195 alius,
1331 2129 1425 2199 qui
1476 2136 1603 2182 ante
1653 2123 1963 2181 Leandrum

362 2240 488 2301 post
509 2228 769 2283 Sabinum
796 2224 1173 2296 Hispalensem
1196 2220 1499 2278 Ecclesiam
1532 2218 1761 2275 tenuerit
1796 2235 1807 2269 :
1837 2230 1961 2271 nam

362 2332 419 2379 et
438 2332 565 2378 ante
590 2321 895 2378 Leandrum
928 2319 981 2374 in
1010 2315 1338 2373 Cathedram
1396 2312 1773 2383 llispalensem
1823 2307 1966 2364 sedit

364 2416 675 2485 Sallustius,
716 2415 806 2485 qui
841 2413 987 2469 circa
1011 2426 1209 2468 annum
1236 2408 1342 2466 519
1363 2423 1487 2464 cum
1513 2405 1723 2462 Joanne
1744 2401 1965 2457 lllicita-

363 2526 437 2567 no
460 2510 528 2565 ab
550 2504 834 2564 Hormisda
866 2505 1092 2564 Summo
1126 2499 1384 2558 Pontilice
1416 2497 1664 2571 Vicarius
1688 2494 1963 2565 Apostoli-

360 2623 459 2665 cus
503 2608 603 2663 luit
645 2604 992 2662 constitutus.
1045 2596 1237 2655 Nullus
1283 2598 1464 2667 itaque
1515 2593 1607 2649 hic
1664 2588 1965 2646 attenditur

361 2704 741 2775 episcoporum
786 2696 942 2756 ordo.
996 2695 1128 2750 Post
1182 2691 1448 2749 Isidorum
1503 2687 1722 2759 ponitur
1771 2682 1961 2739 David.

359 2796 470 2853 Iste
490 2794 726 2851 concilio
752 2792 1017 2848 Toletauo
1044 2799 1238 2861 quarto
1265 2782 1583 2853 subscripsit
1608 2795 1703 2851 per
1726 2780 1965 2836 Marcum

360 2888 746 2960 Presbyterum
767 2883 1044 2940 Vicarium
1066 2895 1247 2943 suum,
1274 2878 1361 2934 cui
1383 2874 1616 2932 concilio
1638 2872 1697 2929 S.
1723 2870 1965 2926 Isidorus

361 2980 640 3054 praesedit,
668 2980 767 3034 luit
793 2988 974 3034 autem
994 2973 1281 3032 Auriensis
1308 2971 1619 3042 episcopus.
1664 2966 1847 3037 Neque
1877 2964 1965 3020 hic

363 3075 527 3146 igitur
553 3071 724 3129 series
778 3067 1178 3141 llispalensium
1222 3066 1599 3135 episcoporum
1654 3059 1961 3131 respicitur,

364 3166 666 3239 quiuimmo
692 3162 1120 3233 interrumpitur.
1164 3157 1299 3214 Cum
1347 3165 1471 3227 post
1524 3151 1702 3208 David'
1735 3150 1968 3207 Aurien-

364 3276 482 3316 sem
504 3258 819 3330 episcopum
842 3254 1088 3311 Julianus
1111 3249 1449 3322 Hispalensis
1470 3247 1784 3303 nominetur
1812 3285 1827 3310 ,
1873 3242 1963 3314 qui

367 3356 510 3411 circa
534 3369 736 3410 annum
777 3350 876 3408 681
939 3348 1317 3419 llispalensem
1372 3342 1597 3414 regebat
1641 3337 1962 3407 Ecclesium,

363 3446 583 3505 omissis
622 3445 768 3511 aliis,
801 3443 898 3514 qui
926 3441 1193 3497 Isidorum
1224 3438 1369 3494 inter
1399 3445 1454 3492 et
1492 3433 1766 3491 lulianum
1817 3446 1967 3486 eam-

366 3541 490 3598 dem
544 3541 1002 3617 gubernaverunt.
1049 3535 1266 3591 Juliano
1315 3529 1618 3603 Hispalensi
1655 3567 1669 3593 ,
1720 3526 1968 3583 Julianus

368 3647 507 3701 alter
534 3642 827 3698 Toletanus
854 3632 1143 3691 sufﬁcitur.
1176 3629 1308 3686 Haec
1345 3628 1493 3683 circa
1537 3623 1966 3681 Mozzarabicum

365 3736 589 3794 Missale
615 3730 937 3789 observasse
975 3726 1047 3781 sit
1076 3723 1231 3786 satis,
1261 3737 1328 3777 ex
1368 3721 1433 3775 iis
1461 3732 1696 3790 namque
1745 3715 1969 3773 eviden—

372 3840 456 3886 ter
480 3833 706 3900 apparet
756 3820 960 3877 nullum
992 3819 1045 3872 in
1074 3817 1139 3872 iis
1165 3811 1520 3871 recensendis
1574 3810 1967 3883 Episc0porum

372 3923 685 3984 nominibus
711 3916 958 3975 ordinem
988 3911 1157 3968 fuisse
1184 3916 1482 3966 servatum.

443 4015 600 4087 Quod
628 4028 760 4070 vero
788 4009 855 4064 ad
882 4007 1189 4063 Romanum
1211 3999 1469 4057 Ordinem
1497 4040 1512 4065 ,
1569 4010 1728 4068 quem
1764 3994 1815 4050 iu
1849 4009 1974 4065 pro-

371 4110 672 4183 legomenis
700 4105 767 4161 ad
794 4098 1141 4159 Anastasium
1167 4095 1354 4152 Tract.
1388 4094 1444 4160 ὅ,
1479 4106 1598 4163 pag.
1632 4091 1695 4147 51
1769 4104 1836 4145 ex
1867 4102 1969 4143 1115.

373 4204 608 4278 Capituli
630 4197 966 4258 Veronensis
1008 4189 1395 4248 celeberrimus
1437 4184 1762 4242 Franciscus
1810 4182 1973 4237 Blan-

376 4277 591 4360 cltinius
616 4294 860 4368 protulit,
884 4290 959 4344 ita
979 4288 1032 4343 in
1057 4301 1124 4342 eo
1155 4284 1350 4357 legitur
1376 4301 1387 4336 :
1416 4280 1623 4337 Exaudi
1652 4277 1973 4336 Christe.....

378 4406 554 4452 nostra
576 4367 656 4448 illi
682 4407 716 4444 a
736 4386 846 4442 Deo
870 4385 1026 4439 electo
1051 4378 1295 4450 Ponti/Eoi
1318 4377 1423 4432 vita
1463 4372 1585 4429 111.
1618 4372 1806 4429 Sancte
1847 4367 1975 4425 Fir-

381 4504 482 4544 me.
514 4479 894 4554 Respondetur.
938 4474 1015 4531 Tu
1067 4472 1216 4528 illum
1257 4470 1471 4544 adjuva.
1524 4466 1715 4523 Sancte
1756 4461 1975 4519 Procul.

2071 1854 2187 1899 tum
2211 1843 2559 1907 Pontilicem,
2603 1853 2659 1899 et
2702 1845 2991 1915 Martyrem
3020 1888 3037 1913 ,
3091 1855 3150 1902 et
3197 1846 3259 1902 8.
3312 1846 3628 1903 Laurentium

2069 1937 2358 2008 Martyrem
2384 1936 2677 2005 nominari,
2710 1936 2802 2008 qui
2823 1937 3051 1993 Gallieni
3095 1947 3339 2009 tempore
3379 1940 3512 1995 circa
3550 1926 3653 1993 an?

2066 2031 2330 2089 num260
2364 2046 2462 2104 pro
2510 2031 2643 2087 Fide
2691 2040 2925 2088 mortem
2966 2033 3271 2104 oppetiere.
3327 2033 3630 2096 Vincentius,

2066 2125 2156 2195 qui
2184 2126 2285 2181 sub
2313 2126 2672 2191 Diocletiano,
2701 2125 2980 2195 Cornelio,
3031 2126 3189 2184 Callo
3237 2127 3546 2197 imperante,
3587 2135 3633 2181 et

2065 2215 2361 2288 Cypriane,
2390 2216 2618 2273 Gallieni
2652 2233 2768 2273 arvo
2805 2220 3065 2291 martyrio
3109 2220 3385 2275 coronatis
3435 2228 3631 2289 antepo-

2070 2309 2236 2366 nitur.
2261 2311 2538 2379 Clemens,
2565 2313 2656 2382 qui
2684 2313 2784 2367 sub
2818 2313 3052 2384 Traiano
3089 2314 3247 2370 initio
3299 2314 3511 2370 secundi
3546 2329 3636 2370 sa:-

2066 2402 2199 2470 culi,
2229 2402 2484 2462 Cornelio
2535 2413 2591 2462 et
2633 2404 2908 2477 Cypriane
2937 2409 3303 2478 postponitur.
3332 2406 3557 2463 Joannes
3589 2414 3636 2462 et

2069 2496 2297 2565 Paulus,
2316 2500 2841 2570 imperauteJuliano
2862 2500 3149 2571 Apost-ala,
3173 2502 3431 2574 Martyrio
3458 2501 3632 2567 allecti,

2066 2588 2281 2648 Cosmae
2342 2601 2396 2646 ct
2460 2586 2723 2650 Damiano
2790 2595 2893 2651 sub
2944 2595 3287 2652 Diocletiano
3336 2597 3636 2666 imperatore

2070 2686 2399 2757 martyribus
2427 2686 2827 2744 anteferuntur.
2862 2687 3103 2744 Tandem
3134 2704 3201 2744 ne
3249 2689 3448 2745 diutius
3473 2689 3521 2743 in
3549 2688 3636 2742 hac

2070 2793 2151 2845 re,
2176 2795 2295 2849 qua:
2318 2779 2386 2835 de
2410 2795 2469 2837 sc
2500 2788 2669 2850 patet,
2694 2781 3031 2837 ostendenda
3061 2781 3348 2840 Lectorem
3370 2782 3635 2847 detineam,

2069 2882 2189 2941 post
2216 2870 2698 2929 Consecrationem
2723 2876 2774 2929 in
2797 2876 2991 2931 eodem
3012 2874 3273 2932 Ecclesia:
3292 2874 3639 2932 Ambrosiam:

2070 2964 2272 3021 Missali
2302 2965 2499 3021 Thecla
2535 2967 2593 3021 D.
2627 2966 2781 3022 Pauli
2809 2967 3071 3040 discipula
3096 2978 3221 3038 post
3259 2969 3393 3024 alias
3429 2967 3485 3023 8.
3515 2981 3639 3021 mar-

2071 3067 2218 3129 lyres
2249 3059 2578 3126 nominatur,
2607 3075 2726 3131 quae
2751 3060 3016 3128 secundo,
3050 3062 3214 3118 tertio
3262 3077 3326 3118 ac
3353 3069 3534 3133 quarto
3553 3075 3638 3115 sac-

1992 3155 2039 3218 C
2070 3152 2193 3208 culo
2215 3162 2481 3226 martyres
2509 3153 2714 3209 obiere.

2140 3245 2288 3304 Idem
2318 3248 2370 3302 in
2399 3246 2618 3305 Canone
2644 3248 2880 3306 Romani
2906 3249 3138 3307 Missalis
3181 3250 3492 3308 observabit
3538 3247 3641 3304 dili-

2069 3356 2205 3412 gens
2235 3340 2430 3397 Lector
2460 3341 2574 3413 ipse
2603 3358 2700 3413 per
2741 3357 2883 3399 sese.
2941 3344 3293 3416 Quapropter
3342 3344 3519 3416 procul
3559 3342 3643 3396 du-

2071 3431 2162 3488 bio
2214 3442 2425 3488 constat
2479 3433 2728 3489 ordinem
2762 3435 2813 3489 in
2854 3434 3163 3505 hujusmodi
3208 3436 3482 3507 diptychis
3509 3432 3646 3487 mini-

2070 3541 2159 3582 me
2186 3525 2415 3594 attendi,
2442 3542 2620 3598 neque
2662 3528 2869 3585 attendi
2900 3544 3082 3601 posse,
3129 3545 3261 3587 cum
3284 3528 3642 3586 indescriben—

2071 3617 2157 3673 dis
2188 3619 2506 3675 Sanctorum
2549 3621 2860 3677 nominibus
2914 3622 2999 3679 vel
3057 3632 3275 3694 tempus
3328 3623 3645 3687 observetur,

2073 3729 2180 3785 quo
2209 3714 2260 3770 in
2285 3714 2507 3773 Canone
2526 3758 2541 3783 ,
2568 3718 2732 3772 autin
2755 3718 2982 3775 Litaniis
3004 3719 3164 3792 positi
3193 3731 3349 3791 sum,
3383 3731 3438 3777 ut
3461 3726 3648 3777 constat

2075 3823 2140 3864 ex
2181 3807 2457 3866 additione
2484 3824 2655 3882 nuper
2680 3809 2819 3867 facta
2873 3827 2903 3866 a
2949 3813 3008 3870 8.
3067 3813 3129 3870 Ρ.
3181 3814 3477 3871 Benedicto
3525 3812 3643 3876 XIV.

2074 3898 2165 3971 qui
2188 3898 2244 3956 S.
2279 3898 2482 3972 Joscph
2510 3911 2633 3972 post
2683 3901 2949 3962 Joannem
3000 3905 3304 3976 Baptistam
3352 3908 3406 3963 in
3451 3902 3646 3961 Litaniis

2076 3992 2471 4063 adnumeravit,
2501 3996 2580 4053 vel
2609 3996 2716 4055 alia
2742 3989 2928 4056 Sancti
2956 4001 3347 4072 praerogativa.
3377 4002 3488 4071 Qua
3515 4000 3577 4057 de
3599 4013 3650 4055 rc

2077 4087 2339 4162 Martyres
2364 4098 2491 4147 ante
2524 4091 2829 4160 pontiﬁces,
2854 4101 2909 4148 et
2938 4091 2991 4148 hi
3038 4103 3165 4149 ante
3204 4094 3562 4158 confessores,
3602 4097 3649 4147 et

2078 4181 2326 4254 Virgines
2356 4192 2598 4256 tempore
2626 4185 2753 4243 licet
2780 4188 3112 4244 recentiores
3136 4188 3414 4246 locantur.
3445 4185 3647 4246 Accedit

2079 4274 2322 4332 etiamin
2376 4276 2686 4348 hujusmodi
2712 4280 2981 4353 diptychis
3025 4292 3248 4340 sanctos
3300 4283 3584 4354 Episc0pos
3625 4295 3650 4332 ει

2080 4369 2306 4441 reliquis
2336 4372 2629 4440 separatim
2655 4373 2888 4430 describi
2907 4375 3100 4432 solitos
3122 4417 3140 4444 ,
3194 4392 3299 4434 nec
3328 4393 3435 4433 non
3465 4373 3651 4432 hercle

2082 4476 2198 4530 cos,
2232 4462 2315 4519 vel
2337 4462 2712 4521 schismaticos
2732 4466 3031 4537 Episcopos
3058 4468 3291 4525 vetitum
3316 4468 3487 4527 fuisse
3510 4467 3559 4523 in
3593 4464 3651 4520 iis

384 4582 547 4652 Resp.
577 4575 657 4632 Tu
682 4574 831 4630 illum
860 4570 1073 4643 adjuva.
1105 4566 1296 4622 Sancte
1319 4561 1480 4617 Zeno.
1509 4558 1586 4613 Tu
1610 4557 1767 4639 illum
1817 4554 1977 4652 adju-
2002 4563 2058 4625 1)
2082 4556 2380 4612 accenseri.
2412 4556 2541 4625 Quae
2570 4559 2750 4629 itaque
2780 4560 2919 4617 ratio
2960 4576 3029 4618 ex
3062 4561 3379 4633 hujusmodi
3410 4560 3652 4634 diptychis

383 4692 467 4733 ua.
494 4650 733 4733 Exaudi,
763 4664 983 4730 Christe,
1009 4660 1230 4714 Domino
1250 4666 1427 4712 nostro
1456 4654 1536 4709 illi
1569 4652 1839 4723 :Augusto
1884 4650 1980 4706 Se—

386 4767 656 4823 renissinto
686 4758 984 4830 imperatori
1033 4766 1205 4808 nostro
1251 4769 1281 4805 a
1312 4749 1423 4805 Deo
1451 4756 1694 4803 coronato
1721 4761 1739 4811 ;
1794 4759 1980 4815 magno

388 4872 459 4917 et.
491 4859 708 4931 paciﬁca
740 4897 756 4924 ,
798 4852 902 4907 vita
924 4860 969 4905 et
988 4847 1203 4903 victoria
1230 4842 1348 4910 ll],
1382 4844 1571 4901 Sancte
1597 4840 1782 4895 Paule.
1816 4838 1977 4906 Resp.

391 4953 474 5009 Tu
494 4953 642 5007 illum
670 4949 881 5020 adjuva.
900 4940 1109 4998 Exaudi
1137 4938 1354 5003 Christe,
1384 4935 1624 4991 Domina:
1653 4933 1861 4989 Nostra:
1882 4933 1982 4986 im-

393 5045 634 5120 peratrici
662 5044 824 5109 salus,
857 5049 905 5094 et
928 5038 1054 5092 vita.
1088 5033 1282 5091 Sancta
1323 5029 1517 5085 Maria.
1545 5028 1703 5099 Resp.
1737 5026 1816 5082 Tu
1841 5026 1986 5081 illaut

393 5119 608 5212 adjuua.
640 5135 706 5191 Et
734 5130 976 5204 profecto
1020 5134 1150 5181 ante
1197 5124 1251 5178 8.
1292 5122 1567 5178 Zenonem
1622 5121 1681 5176 8.
1724 5119 1987 5175 Proculus

393 5210 721 5290 invocatur:
778 5233 832 5278 at
861 5238 924 5278 ea
954 5219 1165 5276 ratione
1217 5215 1469 5286 superius
1523 5212 1796 5280 adducta,
1843 5210 1989 5284 quod

393 5325 604 5385 scilicet
628 5317 810 5377 omnia
856 5314 1075 5384 antiqua
1104 5308 1442 5367 Veronensia
1491 5315 1842 5361 monumenta
1891 5305 1992 5362 sub

395 5415 628 5488 imperio
657 5407 931 5468 Maximini
962 5419 1058 5476 per
1088 5416 1334 5459 errorem
1364 5400 1422 5458 8.
1456 5399 1745 5454 Proculum
1794 5411 1991 5468 posue-~

394 5519 544 5577 runt,
571 5504 717 5580 quod
744 5511 802 5561 et
828 5504 881 5558 in
909 5499 1033 5555 aliis
1071 5495 1434 5553 monumentis
1466 5510 1498 5548 a
1525 5493 1767 5565 Dominis
1816 5491 1992 5551 Battle.

394 5606 550 5663 rinlis
580 5600 758 5658 allatis
783 5594 1102 5654 notandum.

468 5694 654 5766 Neque
693 5692 748 5746 in
796 5686 1042 5745 Ecclesia
1096 5681 1455 5741 Ambrosiana
1482 5681 1536 5737 in
1564 5678 1786 5737 Canone
1814 5679 1993 5737 Missae

397 5798 510 5846 tam
537 5795 673 5860 ante
727 5798 891 5856 quam
937 5789 1061 5852 post
1108 5776 1575 5836 consecrationem
1597 5774 1735 5833 ordo
1782 5775 1990 5833 servari

2082 4649 2315 4722 emergit
2340 4650 2406 4706 ad
2440 4651 2625 4708 Sancti
2645 4653 2874 4725 alicujus
2902 4656 3349 4713 constituendam
3377 4653 3652 4727 Epocbam.

2086 4743 2367 4813 potissime
2393 4761 2520 4802 vero
2549 4747 2606 4805 S.
2641 4746 2895 4816 Zenonis,
2921 4764 3045 4807 cum
3081 4749 3228 4805 nullo
3284 4749 3449 4807 modo
3489 4746 3659 4820 probe

2088 4847 2175 4894 tur
2207 4849 2331 4895 octo
2379 4841 2674 4911 primorum
2728 4843 3108 4914 episcoporum
3158 4843 3552 4902 Veronensium
3587 4855 3659 4896 se-

2086 4933 2224 4989 riem
2252 4948 2284 4989 c
2304 4933 2573 5007 diptychis
2600 4934 2845 5005 ejusdem
2875 4937 3134 4995 Ecclesiae
3162 4938 3526 5012 desumptam,
3574 4948 3657 4989 tte-

2087 5042 2192 5099 que
2222 5028 2328 5083 ulla
2366 5028 2677 5099 hujusmodi
2724 5031 2978 5105 diptycha
3034 5033 3274 5105 amplius
3321 5032 3657 5104 reperiantur.

2088 5121 2438 5192 Compertum
2468 5124 2649 5196 itaque
2668 5139 2792 5181 cum
2823 5127 2917 5195 sit,
2944 5140 3042 5197 per
3066 5142 3313 5184 errorem
3366 5127 3427 5184 S.
3484 5125 3661 5193 Procu-

2089 5214 2198 5269 lum
2231 5224 2426 5286 quarto
2451 5216 2571 5273 loco
2603 5218 2747 5274 inter
2770 5217 3125 5291 Ve‘ronenses
3149 5219 3449 5292 Episcopos
3488 5229 3657 5273 recen-

2088 5310 2253 5367 situm
2285 5308 2474 5378 fuisse,
2505 5326 2684 5382 neque
2705 5312 2811 5367 ulla
2834 5322 3086 5383 suppetat
3113 5313 3275 5382 ratio,
3299 5328 3408 5385 qua
3430 5312 3661 5385 probetur

2096 5401 2427 5475 Rhythmum
2453 5402 2723 5477 Anonymi
2754 5381 3021 5475 Pipiniani
3051 5421 3084 5463 e
3113 5381 3388 5480 diptychis
3433 5381 3661 5461 licclesim

2098 5495 2430 5553 Veronensis
2454 5499 2834 5555 concinnatum
2864 5498 3036 5557 fuisse
3067 5518 3081 5555 :
3109 5500 3370 5573 Ordoque
3389 5500 3662 5573 Episcow

2095 5604 2215 5645 rum
2240 5589 2370 5647 licet
2393 5606 2457 5647 ex
2508 5592 2702 5649 iisdem
2728 5592 3004 5666 diptychis
3053 5594 3420 5666 desumptus,
3470 5601 3660 5661 tempus

2094 5689 2151 5737 et
2177 5682 2373 5740 seriem
2405 5682 2799 5756 Episcoporum
2827 5687 3055 5744 minime
3081 5686 3385 5743 ordinatam
3405 5683 3659 5745 exhibere.

2094 5777 2299 5834 corruit
2328 5787 2707 5849 argumentum
2721 5797 2751 5839 a
2767 5779 3011 5840 Dominis
3036 5779 3348 5838 Balleriniis
3372 5777 3659 5838 deductum.
