3902 6324
272 377 365 433 ῗὶί
445 374 458 384 ’

1711 366 2186 429 DISSERTATIO.

3454 360 3558 416 722

274 498 505 564 Quartus
529 496 701 567 itaque
746 495 1059 551 Veronensis
1110 494 1399 567 Episcopus
1444 492 1531 566 (S.
1574 487 1862 562 Proculus)
1890 494 1938 557 Α
1968 488 2078 542 lum
2104 487 2331 558 proinde
2352 498 2729 558 argumentum
2758 501 2822 543 ex
2848 483 3123 556 Rbythmo
3148 482 3309 539 allato
3336 481 3445 553 peti
3464 495 3563 552 po-

270 598 452 658 quarto
480 590 701 644 ineunte
758 589 959 644 smculo
1010 589 1209 643 ﬂoruit.
1249 586 1383 643 Cum
1434 600 1564 642 vero
1600 587 1658 642 S.
1708 584 1861 640 Zeno

269 693 494 739 octavus
522 686 663 739 inter
678 683 1019 740 Vcroncnsrs
1047 684 1345 755 Episcopos
1368 691 1702 747 numeretur,
1734 680 1861 737 inde

267 774 622 841 concludunt,
654 783 777 845 post
807 776 1044 832 medium
1083 785 1330 847 quartum
1372 776 1634 830 saeculum
1664 775 1723 832 S.
1755 774 1859 830 Ze-

268 882 465 924 nonem
498 868 759 925 Ecclesiae
786 868 1090 925 Veronensi
1114 869 1414 941 pra-luisse.
1449 868 1518 924 At
1547 870 1691 925 enim
1731 883 1861 924 vero

270 963 394 1019 licet
423 964 477 1018 in
506 962 731 1020 dubium
760 965 1004 1019 revocari
1057 979 1164 1018 non
1224 964 1413 1033 possit,
1463 962 1521 1019 S.
1572 962 1857 1019 Proculum

266 1067 449 1125 quarto
477 1059 688 1115 ineunte
710 1058 905 1113 sarculo
931 1056 1187 1129 ﬂoruisse,
1226 1055 1356 1110 illud
1377 1069 1505 1111 vero
1534 1054 1723 1111 falsum
1751 1064 1857 1119 est,

266 1150 423 1206 exiis
448 1165 570 1222 qua:
594 1164 759 1221 supra
808 1149 1166 1217 ostendimus,
1199 1146 1255 1205 8.
1287 1148 1573 1203 Proculum
1606 1155 1857 1218 quartmu

264 1244 433 1301 fuisse
457 1243 783 1315 Episcolium
818 1243 1211 1300 Veronensum.
1241 1241 1388 1298 Vixit
1412 1242 1596 1312 itaque
1710 1240 1857 1295 Pro-

262 1339 415 1395 culus
446 1340 600 1394 initio
628 1338 804 1410 quarti
834 1338 1041 1406 saeculi,
1066 1344 1122 1391 at
1148 1353 1254 1391 non
1292 1345 1416 1391 ante
1453 1335 1511 1391 8.
1554 1334 1854 1402 Zenonem,

261 1434 350 1503 qui
380 1431 613 1488 Gallieni
644 1438 804 1486 aetate
855 1439 980 1502 post
1032 1429 1267 1485 medium
1330 1426 1547 1482 tertium
1598 1427 1855 1481 sarculum

262 1525 873 1583 VeronensiCathedra:
895 1532 1126 1597 prmerat
1152 1566 1166 1590 ,
1191 1534 1249 1579 ut
1279 1524 1502 1580 interius
1556 1524 1719 1579 etiam
1769 1537 1858 1577 os-

257 1617 583 1686 tendemus;
646 1632 825 1688 neque
869 1628 1096 1687 quartus
1153 1616 1459 1688 Episcopus
1523 1613 1856 1671 Veronensis

254 1712 516 1769 dicendus
537 1722 644 1779 est,
669 1710 765 1767 sed
786 1726 909 1766 cum
934 1709 1162 1783 Ugliello
1184 1726 1380 1776 nonus,
1404 1710 1461 1765 8.
1484 1707 1741 1775 Zenonis,
1767 1708 1855 1779 qui

252 1818 478 1864 octavus
507 1806 625 1874 init,
658 1820 966 1862 successor.

1967 590 2070 637 test
2093 580 2159 635 ad
2190 574 2248 635 S'.
2282 580 2519 636 Zenonis
2554 579 2827 651 Epoeham
2878 589 3073 650 quarto
3106 574 3307 633 sarculo
3353 574 3561 631 consti-

1964 674 2220 731 tuendam
2251 691 2265 740 ;
2292 688 2415 728 cum
2445 674 2501 728 8.
2531 673 2810 738 Proculus,
2848 670 2942 742 qui
2964 677 3158 742 quarto
3189 668 3409 724 ineunte
3456 681 3563 722 sa:-

1963 771 2087 827 culo
2108 768 2479 825 Veronensem
2502 768 2722 839 regebat
2750 766 3050 823 Ecclesiam
3072 779 3280 830 errore,
3310 771 3371 818 ut
3398 777 3564 833 supra

1962 872 2239 920 ostensum
2268 870 2373 927 est,
2407 870 2603 931 quarto
2623 861 2743 915 loco
2788 860 2931 915 inter
2975 857 3261 929 episcopos
3290 856 3564 913 Veronen-

1963 971 2050 1011 ses
2073 954 2378 1025 descriptus
2400 954 2491 1008 sit.
2523 952 2593 1008 Et
2618 954 2677 1009 8.
2708 951 2967 1017 Lucilius,
2993 950 3085 1022 qui
3113 959 3300 1005 sextus
3347 946 3563 1018 episco-

1963 1062 2062 1118 pus
2087 1053 2423 1112 numeratur,
2472 1043 2727 1100 Lucidius
2762 1056 2890 1098 vere
2932 1043 3003 1098 sit
3047 1038 3407 1096 nominandus
3438 1080 3453 1105 ,
3508 1046 3563 1092 et

1962 1140 2101 1195 alius
2128 1140 2256 1196 sita
2289 1139 2346 1196 8.
2374 1139 2600 1204 Lucillo,
2654 1138 2744 1209 qui
2777 1136 3090 1193 Sardicensi
3131 1134 3364 1191 concilio
3388 1134 3561 1189 inter-

1962 1232 2081 1299 fuit,
2116 1247 2237 1288 cum
2272 1233 2412 1288 inter
2438 1231 2779 1288 Veronenses
2805 1231 3094 1302 episcopos
3133 1244 3425 1300 numquam
3456 1227 3563 1283 Luv

1961 1326 2119 1382 cilius
2145 1325 2376 1398 legatur,
2406 1326 2501 1381 sed
2532 1326 2808 1381 Lucidius.
2833 1324 2915 1380 An
2939 1339 3068 1381 vere
3095 1322 3229 1377 falsa
3251 1324 3379 1389 sint,
3437 1336 3561 1392 quae

1960 1418 2028 1474 de
2050 1417 2281 1474 Gallieni
2334 1420 2445 1474 lllia
2488 1420 2543 1474 in
2587 1419 2689 1473 hoc
2736 1418 2928 1473 eodem
2969 1415 3246 1488 Rliythmo
3287 1415 3558 1485 leguntur,
3608 1404 3613 1408 ’

1960 1511 2124 1567 modo
2154 1511 2547 1583 inSpiciendum
2576 1522 2680 1568 est.

1963 1622 1990 1696 §
2025 1622 2113 1678 Ill.
2157 1623 2236 1679 De
2257 1626 2555 1680 narratione
2574 1624 2817 1681 Coronati
2846 1624 3054 1681 Notarii
3076 1642 3163 1680 seu
3186 1625 3290 1681 vita
3308 1625 3369 1681 S.
3390 1624 3558 1680 Zeno-

1961 1717 2039 1771 nis
2055 1733 2086 1771 a
2112 1715 2365 1772 Coronato
2410 1716 2633 1773 Notario
2655 1717 2911 1788 descripta
2934 1760 2947 1784 ,
2971 1716 3095 1787 quid
3122 1717 3438 1773 sentiendum
3469 1719 3557 1773 sit.

2030 1817 2282 1873 Coronati
2325 1818 2526 1874 Notarii
2555 1820 2622 1875 de
2653 1819 2709 1877 S.
2735 1819 2953 1875 Zenone
2979 1820 3341 1875 narrationem
3368 1818 3561 1874 tabulis

321 1901 554 1958 Sextum
605 1900 977 1955 Veronensem
1030 1897 1342 1969 episcopum
1396 1895 1497 1952 hoc
1552 1896 1604 1951 in
1657 1895 1847 1951 eodem

1959 1911 2465 1968 accenseutDomiui
2482 1900 2753 1967 Ballerinii
2780 1912 2861 1968 bis
2880 1912 3219 1984 potissimum
3258 1911 3555 1968 rationibus

252 1994 529 2067 Rbythmo
550 1992 815 2048 Lucilium
861 1993 1110 2064 legimus.
1150 1992 1299 2047 llunc
1330 1992 1391 2046 D.
1421 1990 1694 2046 Ballerinii
1736 1987 1846 2044 Ln-

246 2089 432 2143 eillum
478 2101 599 2143 esse
625 2087 957 2143 contendunt
988 2129 1002 2152 ,
1049 2086 1141 2157 qui
1192 2098 1337 2140 anno
1382 2084 1486 2139 547
1537 2082 1849 2138 Sardicensi

244 2182 496 2237 Concilio
520 2179 866 2251 subscripsit.
916 2180 983 2235 At
1016 2179 1117 2249 ipsi
1144 2193 1207 2235 ea
1236 2177 1568 2248 integritate,
1600 2191 1701 2246 qua
1727 2174 1846 2245 pol-

246 2276 381 2341 lent,
416 2274 472 2328 in
506 2272 605 2328 hac
638 2272 978 2343 potissimum
1007 2271 1318 2326 Zenoniana
1345 2267 1585 2325 editione
1633 2275 1844 2333 notant,

244 2369 294 2424 in
356 2369 497 2425 actis
549 2365 777 2423 Concilii
799 2366 1042 2437 ejusdem
1085 2365 1422 2421 Sardicensis
1479 2366 1843 2435 subscriptum

242 2463 480 2534 reperlri
512 2462 760 2528 Lucium,
808 2460 964 2517 sicuti
1007 2471 1058 2515 et
1108 2462 1160 2517 iu
1207 2459 1479 2530 Synodica
1531 2460 1596 2516 ad
1642 2458 1844 2515 Julium

242 2559 467 2628 Papam.
503 2555 729 2613 Lucium
754 2555 895 2613 hunc
923 2557 1174 2627 eumdem
1199 2569 1343 2621 esse,
1366 2570 1527 2625 quem
1580 2553 1638 2609 S.
1687 2552 1846 2609 Atha-

238 2653 454 2720 nasius,
487 2662 543 2707 et
568 2653 621 2707 in
652 2650 843 2721 prima,
872 2659 928 2707 et
956 2653 1007 2706 iu
1033 2648 1294 2715 secunda,
1345 2648 1413 2704 ad
1464 2645 1842 2703 Constantium

237 2752 504 2824 Apologia
550 2751 816 2808 Lucillum
871 2752 1119 2807 nominat
1149 2794 1164 2816 ,
1208 2766 1306 2822 pro
1343 2760 1493 2807 certo
1540 2747 1843 2805 habendum

241 2859 378 2920 puto
414 2865 430 2904 :
466 2863 587 2902 nam
620 2847 869 2918 quamvis
896 2849 1014 2918 ipse
1043 2863 1101 2903 se
1124 2847 1350 2903 Lucium
1400 2847 1644 2901 nominet
1673 2888 1689 2912 ,
1745 2844 1845 2925 Lu-

237 2942 395 2998 cilius
419 2944 553 3014 forte
591 2941 654 2997 ob
684 2960 896 3013 parvam
938 2953 1192 2998 staturam
1218 2929 1518 2997 diminutive
1569 2942 1721 3013 vulgo
1766 2941 1846 2995 di-

236 3046 347 3090 ctus
364 3037 490 3109 fuit,
505 3045 563 3091 ut
584 3035 742 3092 iidem
761 3036 971 3091 Domini
994 3032 1490 3104 BalleriniiOptime
1505 3041 1724 3087 notant:
1751 3047 1845 3087 cu-

232 3130 319 3198 jus
342 3132 423 3187 rei
451 3131 759 3201 exemplum
775 3131 827 3186 in
846 3129 1145 3202 Episc0pali
1170 3129 1420 3186 Oratorio
1444 3128 1758 3184 Pistoriensi
1782 3127 1838 3184 S.

236 3223 503 3279 Antonini
552 3222 807 3296 EpiscOpi
846 3223 1146 3280 Florentini
1175 3224 1401 3294 epistola
1432 3223 1651 3295 pr0pria
1683 3239 1844 3279 manu

1953 2001 2194 2074 (Dissert.
2214 2022 2249 2073 ι,
2271 2022 2384 2076 cap.
2411 2006 2464 2073 5,
2499 2004 2526 2078 §
2552 2006 2607 2078 5)
2629 2005 2837 2061 :Primo
2866 2008 3049 2062 mirum
3076 2007 3208 2062 illud
3226 2009 3439 2080 factum,
3452 2024 3554 2079 quo

1952 2098 2107 2150 unica
2132 2096 2354 2153 Gallieni
2372 2100 2484 2170 ﬁlia
2505 2098 2710 2155 Zenone
2743 2100 2812 2154 ad
2834 2098 3206 2171 Imperatorem
3229 2117 3319 2172 per
3349 2102 3554 2155 nuntios

1950 2190 2113 2242 accito
2127 2207 2155 2242 a
2170 2189 2399 2245 dwmone
2413 2192 2622 2248 liberata
2634 2193 2874 2260 traditur,
2890 2193 3020 2248 adeo
3041 2194 3238 2264 insigne
3261 2202 3307 2247 et
3332 2194 3556 2248 solemne

1952 2299 2056 2336 esse
2074 2282 2264 2349 debuit,
2293 2294 2343 2337 ut
2364 2286 2660 2342 incredibile
2677 2288 2827 2355 plane
2847 2288 2941 2354 sit,
2955 2288 3091 2358 quod
3114 2304 3201 2358 per
3216 2289 3437 2358 quinque
3454 2289 3555 2343 cir-

1950 2384 2077 2437 citer
2118 2382 2309 2437 stecula
2340 2383 2472 2437 nihil
2502 2381 2566 2438 de
2604 2384 2694 2438 illo
2730 2382 2910 2438 litteris
2940 2383 3203 2460 quispiam
3241 2383 3551 2454 prodiderit.

1955 2478 2279 2548 primusque,
2303 2477 2389 2546 qui
2411 2480 2525 2550 ejus
2553 2478 2730 2549 fecerit
2761 2478 3089 2543 mentionem,
3111 2478 3329 2547 septimo
3360 2476 3437 2530 vel
3460 2493 3546 2529 oc-

1952 2581 2069 2626 tavo
2091 2572 2284 2625 sarculo
2306 2569 2595 2625 Coronatus
2622 2568 2873 2626 Notarius
2899 2572 3072 2642 fuerit.
3103 2567 3235 2624 Dein
3261 2586 3473 2624 numero
3490 2570 3545 2636 5,

1950 2665 2343 2729 monasterium,
2371 2665 2424 2717 in
2467 2678 2568 2735 quo
2600 2663 2661 2718 S.
2700 2661 2843 2716 Zeno
2874 2679 2991 2717 cum
3041 2661 3272 2732 pluribus
3314 2662 3431 2716 aliis
3497 2672 3546 2716 et

1951 2759 2125 2814 eodem
2151 2758 2359 2828 quidem
2397 2756 2619 2813 Zenonis
2644 2757 2846 2811 nomine
2871 2754 3168 2828 appellatis,
3193 2754 3415 2827 degeret,
3446 2753 3549 2809 Ve-

1949 2871 2092 2910 rona:
2120 2853 2383 2928 publicum
2414 2852 2576 2921 fuisse
2604 2850 2864 2905 iudicatur
2883 2893 2897 2913 ,
2921 2850 3057 2921 quod
3082 2848 3145 2903 de
3171 2848 3334 2903 tribus
3364 2848 3543 2918 primis

1949 2950 2170 3015 strculis,
2202 2967 2316 3004 cum
2338 2948 2619 3004 Christiani
2642 2949 3053 3015 persecutionum
3082 2947 3238 3002 causa
3265 2946 3544 3010 latitantes,

1951 3040 2082 3096 nihil
2137 3041 2354 3113 publica:
2410 3041 2771 3111 tediﬁcationis
2824 3039 3200 3110 prteferebant,
3250 3038 3549 3093 incredibile

1950 3136 2157 3190 omnino
2180 3146 2271 3191 est.
2296 3134 2526 3190 Prwtera
2550 3134 2889 3206 Imperatoris
2911 3134 3112 3188 nomine
3148 3132 3288 3189 Zeno
3314 3143 3543 3206 rogatus,

1950 3242 2006 3283 ut
2026 3229 2188 3300 ﬁliam
2209 3233 2323 3305 ejus
2352 3248 2385 3284 a
2405 3229 2635 3284 daemone
2674 3237 2907 3283 vexatam
2934 3237 3157 3294 sanaret,
3188 3243 3303 3280 cum
3332 3244 3391 3281 eo
3419 3243 3545 3295 pro-

237 3316 548 3385 subscripta
572 3316 904 3387 suppeditat,
930 3332 1051 3388 qua:
1074 3317 1536 3372 intersanctorum
1571 3314 1845 3387 Reliquias
1872 3325 1918 3388 ο
1953 3326 2118 3396 fectus
2163 3324 2392 3394 ejecisset
2422 3323 2753 3390 dwmonium,
2804 3336 3059 3377 coronam
3094 3319 3352 3392 regalem,
3392 3336 3547 3390 quant

236 3412 500 3469 distincta
518 3413 871 3469 veneratione
891 3412 1224 3479 custoditur;
1259 3411 1309 3466 in
1341 3426 1402 3468 ea
1420 3412 1562 3467 enim
1595 3426 1653 3466 se
1676 3413 1843 3469 Auto-

239 3512 385 3564 nium
415 3508 763 3579 subscripsit,
789 3508 1267 3572 nunAutoninum,
1301 3515 1359 3560 ut
1380 3505 1539 3577 vulgo
1562 3520 1837 3575 nuncupa-

240 3613 344 3657 tur.
377 3600 651 3656 Lucillum
689 3601 871 3670 itaque
923 3598 1228 3654 Sardicensi
1289 3597 1522 3653 concilio
1568 3613 1711 3653 anno
1737 3594 1843 3651 547

238 3695 632 3765 sitbscripsisse
662 3694 857 3759 lateor,
890 3708 1067 3761 neque
1095 3690 1325 3762 Ughello
1375 3689 1646 3746 assentior
1679 3730 1695 3754 ,
1751 3688 1841 3759 qui

237 3788 415 3844 eidem
436 3788 687 3845 Concilio
716 3805 822 3842 non
852 3787 1135 3850 Lucillum,
1165 3786 1258 3841 sed
1284 3784 1543 3840 Lucidum
1570 3784 1846 3852 Subscrip-

238 3880 376 3937 sisse
406 3880 561 3936 dicit.
595 3878 960 3935 Nihilotamen
994 3877 1173 3932 minus
1204 3878 1345 3932 hunc
1402 3876 1666 3931 Lucillum
1717 3890 1841 3931 sex-

243 3986 351 4031 tmn
383 3991 497 4031 non
547 3975 713 4032 fuisse
755 3975 1080 4046 Episcopum
1126 3973 1493 4028 \‘eronensem
1548 3986 1645 4039 pro
1695 3978 1845 4025 certo

242 4069 443 4124 habeo.
472 4067 526 4122 In
559 4066 835 4139 Rhythmo
858 4066 1058 4122 etenim
1083 4065 1321 4121 Lucilius
1346 4065 1538 4135 legitur
1569 4081 1666 4136 pro
1692 4064 1847 4119 Luci-

238 4161 350 4227 dio,
381 4176 498 4217 non
525 4159 767 4216 Lurillus
796 4174 894 4231 pro
920 4159 1091 4215 Lucio
1127 4178 1139 4214 :
1175 4176 1296 4213 nam
1346 4158 1486 4228 quod
1535 4173 1631 4228 pro
1677 4156 1846 4213 Lucio

239 4252 491 4310 Lucilius
511 4255 582 4308 sit
609 4260 854 4316 vocatus,
884 4253 983 4309 hoc
1015 4254 1066 4307 in
1098 4252 1219 4307 aliis
1248 4252 1554 4307 nominibus
1610 4250 1847 4306 diminu-

240 4350 389 4404 tione
428 4349 656 4417 quadam
711 4349 1021 4419 frequenter
1070 4346 1304 4412 accidit;

241 4446 327 4499 vel
356 4444 573 4499 Lllt’illt)
595 4442 859 4499 Lucidum
890 4443 1154 4510 scribere,
1206 4441 1349 4497 nulla
1398 4440 1685 4496 diminutio
1740 4450 1847 4505 est,

243 4555 364 4608 ψιυ
399 4539 484 4594 vel
510 4545 772 4592 staturam
809 4536 1043 4592 hominis
1071 4577 1086 4602 ,
1129 4537 1210 4592 vel
1266 4534 1516 4591 achctum
1573 4535 1852 4606 proferen-

226 4626 312 4685 tis
336 4630 628 4701 exprimat,
666 4629 761 4684 sed
803 4629 947 4685 aliud
981 4645 1205 4701 prorsus
1253 4645 1470 4685 nomen.
1528 4629 1632 4685 Pro
1689 4630 1848 4684 Luci-

1362 4361 1457 4416 pro
1504 4345 1665 4401 Lucio
1721 4360 1886 4400 veroo

1951 3416 2061 3483 ipse
2117 3412 2387 3469 Gallienus
2428 3416 2725 3487 imperator,
2780 3415 2960 3485 capite
3004 3429 3104 3468 suo
3153 3412 3432 3483 gestabat,
3482 3412 3546 3465 ab

1950 3509 2127 3561 eodem
2150 3509 2409 3579 accepisse
2434 3507 2676 3571 traditur,
2704 3524 2858 3578 quam
2886 3524 3007 3562 mox
3032 3506 3343 3579 pauperibus
3371 3507 3547 3561 distri-

1953 3599 2059 3655 buit
2085 3617 2102 3655 :
2127 3618 2242 3654 cum
2272 3610 2391 3656 ante
2413 3599 2744 3655 Aurelianum
2760 3601 2815 3653 id
2832 3601 3031 3673 generis
3052 3611 3409 3653 ornamentum
3440 3599 3546 3654 Ro-

1954 3694 2120 3747 manis
2150 3691 2556 3763 lmperatoribus
2584 3709 2685 3747 non
2719 3693 2875 3763 fuerit
2896 3694 2948 3746 in
2969 3708 3087 3746 usu.
3117 3691 3241 3758 Quis
3272 3692 3390 3746 dein
3416 3693 3548 3747 tueri

1952 3786 2307 3857 probabiliter
2328 3789 2514 3859 poterit
2536 3789 2796 3842 ethnicum
2818 3787 3175 3860 imperatorem
3204 3785 3400 3842 Zenoni
3419 3803 3545 3842 con-

1950 3881 2183 3944 cessisse,
2237 3890 2294 3935 ut
2326 3879 2468 3935 idola
2496 3882 2679 3934 omnia
2704 3880 3034 3946 destrueret,
3062 3889 3117 3935 et
3142 3879 3193 3934 in
3221 3878 3422 3935 Christi
3448 3895 3547 3934 no-

1954 3976 2097 4029 mine
2128 3973 2403 4029 Ecclesias
2430 3972 2742 4040 fabricaret,
2770 3973 2920 4045 idque
2962 3990 3076 4027 cum
3107 3974 3152 4026 is
3190 3970 3441 4027 Veronam
3462 3989 3548 4025 re-

1949 4068 2183 4139 petisset,
2216 4069 2406 4139 factum
2442 4066 2639 4137 fuisse?
2664 4067 2737 4120 ita
2770 4075 2822 4119 ut
2853 4082 2970 4119 cum
2998 4082 3061 4119 ne
3084 4082 3186 4119 una
3205 4066 3411 4135 quidem
3446 4082 3545 4130 pn-

1951 4159 2084 4214 blica
2111 4158 2237 4213 alibi
2265 4158 2455 4213 Christi
2478 4159 2690 4213 ecclesia
2720 4146 2892 4229 fuerit.
2931 4155 3146 4212 Verona:
3170 4174 3259 4230 per
3286 4155 3545 4211 Zenonem

1954 4253 2285 4324 imperatoris
2314 4257 2426 4328 ejus
2457 4253 2700 4307 mandato
2746 4254 2919 4323 plures
2959 4254 3152 4325 fuerint
3204 4261 3545 4318 constructas,

1953 4349 2032 4403 uti
2063 4349 2300 4418 proditur
2320 4364 2535 4402 numero
2557 4350 2608 4403 7.
2637 4347 2743 4404 Sed
2773 4350 2925 4421 plura
2946 4349 3070 4410 alia,
3094 4364 3209 4416 qua:
3228 4348 3550 4402 considerari

1954 4443 2188 4513 possint,
2224 4440 2559 4507 omittamus;
2589 4440 2697 4495 hth
2746 4441 2879 4496 enim
2923 4442 2992 4495 ad
3044 4442 3357 4496 narrationis
3394 4442 3551 4512 hujus

1954 4535 2255 4607 ﬁgmentum
2283 4532 2743 4589 demonstrandum
2779 4536 2922 4605 apud
2966 4535 3175 4591 idoneos
3195 4536 3416 4609 judices.
3430 4538 3555 4592 satis

1954 4644 2209 4699 superque
2229 4629 2350 4683 sint.

245 4724 334 4777 diu
359 4723 626 4779 Luciliqu
655 4723 755 4793 logi
806 4721 857 4777 id
888 4721 1238 4778 amanuensis
1284 4722 1414 4776 vitio
1464 4720 1581 4776 ﬁeri
1634 4723 1847 4792 potuit:
1878 4732 1935 4794 1)
2031 4719 2305 4790 Tanquam
2357 4722 2619 4777 incertum
2665 4732 2719 4778 et
2790 4722 3013 4779 dubium
3059 4740 3157 4781 nos
3201 4727 3363 4781 etiam
3414 4725 3554 4782 hanc

244 4828 295 4871 et
321 4816 466 4872 forte
492 4817 749 4887 antiquus
775 4815 1054 4871 character
1094 4825 1335 4887 tempore
1376 4814 1609 4871 detritus
1654 4830 1851 4886 corpus

246 4910 281 4962 τι
311 4910 520 4976 amisit,
564 4908 868 4980 liueamque
907 4910 1157 4963 [tantum
1205 4903 1449 4973 retinuit,
1499 4923 1607 4978 quo
1653 4909 1850 4962 factum

245 5014 352 5069 est,
384 5014 444 5057 ut
475 5019 575 5074 pro
607 5001 642 5055 ά
671 5002 1064 5067 lscriberctur,
1105 5010 1159 5055 et
1193 5017 1289 5071 pro
1332 5000 1553 5056 Lucidio
1594 5000 1849 5056 Lucilius.

248 5098 397 5154 Inter
434 5097 778 5153 Veronenses
802 5111 1031 5166 namque
1052 5095 1304 5165 antiquos
1357 5093 1658 5165 Episcopos
1702 5092 1855 5149 Luci-

247 5192 373 5245 dius
408 5189 676 5261 reperitur
701 5200 756 5244 et
783 5187 1060 5253 Luc-illus;
1094 5187 1335 5243 Lucilius
1363 5202 1491 5242 vero
1534 5203 1852 5259 numquam.

251 5286 318 5341 Et
345 5285 441 5340 hic
490 5283 746 5340 Lucidius
795 5284 1077 5338 sanctitate
1128 5282 1453 5351 conspicuus
1486 5280 1716 5337 Verona:
1764 5297 1858 5337 co-

251 5381 402 5444 litor,
437 5378 630 5450 dequo
660 5378 732 5432 ita
774 5376 1005 5433 habetur
1042 5377 1093 5431 in
1125 5377 1447 5432 Sanctorum
1482 5376 1862 5447 episcoporum

258 5474 659 5529 Veronensium
687 5471 926 5543 antiquis
965 5468 1435 5525 monumentiszs.
1473 5468 1675 5524 Lucidii
1710 5469 1865 5538 Epis-

256 5571 374 5642 copi
404 5565 708 5623 Veronensis
724 5583 914 5637 corpus
928 5566 1191 5638 requiescit
1207 5565 1257 5619 in
1272 5564 1504 5619 Ecclesia
1519 5563 1559 5619 S
1568 5603 1579 5616 .
1590 5567 1864 5635 Stephani,

255 5672 310 5715 ut
340 5677 411 5715 ea:
443 5660 615 5715 tabula
643 5668 841 5716 uetusta
871 5675 933 5713 ex
960 5656 1266 5712 membranis
1299 5657 1353 5711 in
1387 5656 1630 5712 Sacrario
1653 5657 1713 5713 S.
1744 5658 1859 5713 Ste-

261 5757 460 5828 phani,
488 5772 548 5811 es:
577 5753 858 5809 Francisco
884 5751 1074 5817 Gorna,
1132 5761 1178 5804 et
1226 5768 1290 5805 ea:
1324 5750 1497 5805 tabula
1554 5749 1863 5806 Sanctorum

257 5851 349 5904 die
371 5847 457 5903 26
487 5848 672 5922 Aprilis
708 5846 772 5899 de
798 5845 981 5916 quibus
1002 5860 1182 5914 supra.
1219 5843 1291 5897 De
1312 5842 1501 5899 eodem
1552 5843 1773 5899 Lucidio
1795 5845 1864 5900 9.6

264 5942 485 6014 Aprilis
508 5941 755 5995 meminit
792 5949 846 5993 ct
871 5938 1312 6008 Martyrologium
1364 5937 1684 5995 Romanum.
1736 5937 1869 5995 Nul—

1956 4811 2211 4867 Coronati
2239 4815 2603 4872 narrationem
2630 4813 2917 4885 rejccimus
2942 4824 3160 4890 propter
3178 4818 3551 4875 diversitatem

1957 4906 2251 4976 prmcipue,
2283 4922 2403 4976 qua:
2429 4908 2480 4961 in
2512 4908 2743 4964 diversis
2767 4925 2897 4965 mss.
2942 4911 3229 4980 reperitur.
3260 4910 3421 4967 Aliud
3445 4927 3547 4966 ms.

1957 5001 2161 5055 recenti
2202 5000 2418 5070 quidem
2457 5002 2769 5059 charactere
2796 5004 3194 5075 conscriptum,
3228 5018 3284 5060 at
3311 5006 3379 5061 ab
3409 5006 3521 5061 anti
3543 5037 3555 5048 -

1958 5091 2264 5163 quioribus,
2296 5103 2354 5147 ut
2385 5108 2481 5162 par
2500 5101 2585 5149 est
2605 5095 2849 5161 credere,
2882 5097 3247 5167 exemplatum
3272 5112 3440 5169 penes
3465 5112 3555 5153 me

1961 5182 2166 5249 habeo,
2212 5198 2241 5237 a
2296 5185 2527 5254 quadam
2582 5184 2992 5242 Sauctimoniali
3051 5188 3334 5245 Abbatissa
3381 5189 3560 5245 Pisto-

1968 5276 2166 5332 riensis
2194 5273 2513 5331 Conventus
2552 5278 2609 5335 S.
2642 5278 2867 5336 Joannis
2898 5280 3155 5352 Baptista:
3186 5283 3329 5338 dono
3366 5295 3561 5352 accep-

1970 5381 2104 5437 tum,
2127 5371 2281 5442 cujus
2304 5375 2516 5444 copiam
2550 5374 2604 5430 in
2636 5373 2742 5430 line
2762 5374 2920 5447 hujus
2942 5376 3260 5447 paragraphi
3292 5376 3562 5446 inspicere

1972 5465 2176 5537 poterit
2221 5464 2438 5522 Lector.
2489 5466 2544 5521 In
2586 5466 2832 5538 pluribus
2863 5468 2931 5523 ab
2957 5484 3023 5524 eo
3052 5484 3155 5524 ms.
3184 5467 3387 5537 differt,
3420 5468 3565 5538 quod

1972 5556 2210 5614 afferunt
2240 5559 2452 5616 Domini
2489 5558 2770 5617 Balleriuii
2815 5562 2957 5616 inter
3004 5570 3355 5617 monumenta
3403 5560 3472 5616 de
3506 5560 3564 5618 S.

1972 5653 2190 5710 Zenone
2225 5670 2348 5727 pag.
2394 5671 2594 5711 cxsvu.
2629 5656 2772 5710 luter
2802 5656 2904 5709 alia
2947 5654 3065 5710 haec
3115 5655 3277 5710 habet
3306 5669 3407 5710 ms.
3464 5656 3567 5711 hoc

1972 5748 2340 5812 Pistoriense,
2379 5766 2497 5821 qua:
2540 5749 2593 5804 in
2624 5748 2771 5804 edito
2799 5747 2867 5803 ab
2899 5748 3090 5804 iisdem
3139 5750 3412 5819 praeclaris
3439 5751 3571 5806 viris

1974 5847 2031 5902 in
2060 5846 2246 5901 ultima
2274 5844 2831 5924 Veronensieditione
2853 5860 2960 5924 non
2986 5846 3236 5923 leguntur
3262 5864 3273 5899 :
3295 5844 3361 5919 in
3390 5846 3569 5920 diebus

1981 5927 2323 6007 Imperatoris
2368 5920 2616 6002 Gallieni,
2664 5918 3267 6013 quiper'successiones
3307 5918 3569 5995 Ca'saruni
