3902 6324
432 319 539 377 ἨΞ

1649 310 1735 366 DE
1776 308 2020 373 SANGTI
2060 308 2349 369 ZENONIS
2387 307 2663 366 EPOCHA

3577 312 3661 371 'f‘tl

438 440 709 510 vigesintus
724 436 1030 505 septimusrn
1048 447 1221 486 eorum
1237 429 1570 502 estCatalogo
1588 429 2029 501 subrogatus,qtto
2056 429 2107 488 Δ
2136 428 2219 482 nis
2244 439 2503 483 cauerent
2535 449 2547 484 :
2582 416 2635 485 ΙΙ
2641 445 2805 501 agnus
2833 429 3060 484 Excelsi.
3083 428 3140 484 in
3165 427 3327 483 Festo
3352 426 3528 489 Natalis
3550 433 3663 487 κατ.

434 538 584 588 etiam
610 540 834 599 tempore
858 524 1140 596 Dionysius
1166 521 1254 578 Vir
1276 520 1749 578 Revet'endissimus
1773 537 1806 575 tt
1833 518 1898 574 Β.
1928 518 2031 575 Pe-

436 635 515 680 tro
543 620 791 692 Apostolo
819 618 1095 689 uigesimus
1123 625 1292 673 sextus
1313 630 1544 671 romana:
1569 613 1876 686 pratsidebat
1927 610 2031 669 Ec-

433 717 645 782 slesite,
672 714 728 771 in
763 711 1040 767 Prouincia
1075 708 1250 767 Italia:
1285 710 1339 765 in
1360 709 1569 764 Cinitate
1608 706 1807 769 Verona
1838 705 1898 763 Β.
1932 705 2032 763 Ze-

437 808 590 872 uonis
627 814 746 860 acta
790 803 1109 859 claruerunt.
1161 802 1365 856 Desunt
1407 815 1538 856 vero
1589 799 1708 855 haec
1742 817 1755 853 :
1786 798 2032 866 Quamvis

438 902 590 971 plura
614 897 717 959 sint
749 895 961 951 nomina
984 895 1036 951 in
1058 895 1371 957 monasterio
1392 902 1570 947 nostro
1592 892 1656 947 de
1679 892 1885 945 nomine
1907 892 2027 957 isto,

441 1007 592 1062 quem
618 1006 705 1044 vos
731 988 922 1043 dicitis.
952 986 1083 1054 Qua:
1119 985 1357 1041 in~edito
1392 985 1642 1055 leguntur
1666 999 1812 1039 num.
1838 983 1895 1038 4.
1924 982 2036 1038 Nu-

441 1097 594 1139 mero
621 1096 752 1136 vero
781 1080 816 1136 5
840 1082 892 1135 in
920 1078 1070 1135 edito
1097 1077 1293 1148 legitur
1323 1094 1336 1131 :
1373 1080 1489 1145 Quo
1522 1075 1601 1131 Su
1621 1074 1720 1130 Dei
1746 1074 2035 1148 Episcopus

442 1176 565 1233 dum
592 1174 689 1230 iter
715 1183 908 1245 ageret,
938 1181 1055 1229 ante
1079 1171 1326 1245 pervenit,
1358 1186 1509 1239 quam
1529 1167 1604 1237 hi,
1630 1170 1717 1240 qui
1744 1169 1888 1223 missi
1913 1172 2038 1240 [ue-

442 1276 559 1323 rant
578 1309 591 1335 ,
623 1265 831 1320 milites.
856 1263 911 1317 lu
934 1278 1037 1318 ms.
1067 1278 1237 1317 vero:
1264 1262 1488 1318 Sanctus
1516 1276 1717 1331 quoque
1740 1258 2037 1331 Episcopus

445 1376 562 1415 cum
596 1358 748 1413 celeri
789 1355 1196 1429 peregrinatione
1243 1356 1338 1415 iter
1385 1366 1588 1425 ageret,
1628 1362 1744 1408 ante
1788 1353 2037 1424 pervenit.

444 1470 600 1525 quam
638 1454 726 1521 Iti,
768 1452 856 1521 qui
896 1450 1049 1504 missi”
1073 1451 1309 1521 fuerant,
1337 1448 1544 1503 milites.
1594 1447 1802 1503 Desinit
1843 1461 1948 1502 ms.
1985 1447 2037 1501 in

447 1546 763 1603 narratione
788 1543 1060 1612 Miraculi,
1091 1558 1199 1613 quo
1224 1541 1451 1601 Gallieni
1484 1541 1592 1609 ﬁlia
1632 1556 1661 1594 a
1700 1541 1949 1599 daemone
1977 1541 2041 1596 li-

451 1640 635 1697 berata
674 1636 773 1693 fuit
798 1679 813 1705 ,
843 1636 943 1691 hac
983 1635 1049 1691 de
1075 1650 1258 1699 causa,
1292 1644 1349 1695 ut
1377 1645 1538 1705 puto,
1563 1633 1705 1704 quod
1731 1632 2038 1690 Sanctinto-

456 1730 630 1786 niales
655 1730 711 1786 8.
746 1726 1020 1785 Fraueisci
1061 1724 1282 1797 Regula:
1329 1725 1556 1782 addicta:
1584 1767 1598 1792 ,
1647 1726 1867 1781 Festum
1916 1736 2037 1779 tan-

2136 531 2218 592 tyr
2250 519 2478 576 Excelsi.
2508 520 2584 576 Ita
2619 529 2674 576 et
2702 520 2754 577 in
2786 520 3110 576 lectionibus
3154 519 3397 590 religioni
3441 521 3664 581 habebant

2135 628 2571 669 commemorare
2618 613 2929 685 Martyrium
2971 613 3025 671 in
3072 612 3237 671 Festo
3260 612 3590 672 Ordinationis
3616 617 3661 675 S.

2138 706 2393 772 Zenonis,
2420 722 2591 777 quare
2632 708 2684 764 in
2714 722 2847 778 pace
2880 694 3201 763 defunctum
3229 706 3389 764 fuisse
3430 708 3668 780 legebant:

2137 803 2381 875 Martyrii
2410 812 2588 859 tamen
2617 804 3017 875 aequipullentia
3040 804 3203 862 verba
3230 804 3420 861 intacta
3446 807 3674 877 relinque-

2138 897 2290 964 bant,
2322 907 2380 951 ιιι
2409 897 2460 953 in
2486 896 2674 954 eodem
2707 897 2935 970 hymno,
2973 897 3223 955 Prasufis
3253 899 3444 957 Sancti.
3473 898 3567 955 Pro
3592 900 3677 956 Deo

2142 988 2346 1043 tandem
2383 988 2625 1059 patiendo
2651 999 2864 1047 mortem
2884 1033 2897 1055 ,
2919 991 3038 1051 vivit
3064 992 3119 1049 in
3152 1007 3338 1049 count.
3372 990 3424 1046 In
3459 991 3551 1049 hoe
3574 1008 3678 1048 vero

2145 1095 2248 1135 ms.
2289 1080 2638 1149 Pistoriensi,
2662 1082 2807 1153 quod
2845 1099 3019 1153 nuper
3043 1085 3588 1151 commemoravimus,
3614 1086 3679 1141 le-

2141 1174 2290 1243 gitur
2326 1192 2339 1228 :
2368 1175 2437 1229 In
2472 1172 2580 1230 Deo
2613 1175 2823 1232 tandem
2866 1176 3107 1248 patiendo
3143 1187 3372 1235 mortem.
3403 1175 3454 1230 Si
3478 1178 3553 1233 cui
3575 1193 3681 1234 vero

2146 1266 2262 1322 bzec
2287 1283 2392 1323 non
2417 1268 2739 1338 probantur,
2775 1277 2984 1325 certum
3016 1279 3197 1329 tamen
3233 1278 3348 1334 eat.
3379 1269 3485 1326 haec
3505 1272 3683 1339 eadem,

2144 1367 2202 1415 et
2242 1360 2598 1427 Auctoritati,
2630 1369 2683 1415 et
2722 1360 3022 1417 Traditioni
3047 1401 3064 1428 ,
3115 1360 3344 1431 aliisque
3382 1362 3682 1432 coniecturis,

2149 1466 2285 1521 quas
2312 1452 2689 1513 recensuimns
2706 1493 2720 1515 .
2751 1454 2930 1511 inniti.
2969 1453 3352 1525 Excogitatum
3379 1470 3499 1510 vero
3523 1454 3689 1512 Gallie-

2153 1558 2279 1599 num
2303 1544 2508 1600 saeculo
2526 1560 2723 1616 quarto
2750 1546 2818 1600 ab
2839 1545 3174 1616 lmperatore
3201 1546 3439 1607 Gallieno
3455 1546 3686 1604 diversum

2146 1637 2295 1692 nulla
2345 1639 2558 1694 ratione
2600 1638 2810 1704 fulciri;
2851 1648 2907 1694 nt
2942 1656 3011 1701 ex
3064 1640 3130 1697 iis
3172 1655 3297 1711 quae
3336 1641 3401 1696 ab
3429 1641 3569 1699 initio
3607 1642 3689 1699 huc

2147 1744 2319 1800 usque
2352 1730 2646 1800 ponderata
2680 1740 2826 1797 sunt,
2867 1740 2923 1786 et
2958 1747 3024 1787 ex
3054 1730 3145 1802 iis,
3180 1747 3305 1803 qnte
3331 1748 3450 1789 mox
3475 1733 3689 1804 subjicie-

456 1821 739 1883 tummodo
771 1821 828 1878 8.
859 1818 1099 1877 Zenonis
1127 1818 1470 1875 celebrarent
1495 1817 1612 1873 sine
1643 1831 1860 1885 oetava,
1896 1828 1954 1873 ut
1991 1826 2046 1877 et
2074 1825 2123 1886 Β
2149 1836 2297 1887 mus,
2330 1822 2633 1891 constabit,
2654 1824 2907 1893 etprima
2937 1842 2950 1877 ε

452 1917 711 1987 praesenti
738 1926 981 1985 tempore
1010 1911 1090 1979 ﬁt,
1114 1912 1344 1984 ideoque
1368 1911 1516 1969 solas
1536 1926 1629 1966 eas
1653 1911 1913 1967 lectiones
1942 1926 2041 1983 pro

451 2009 782 2066 celebrando
809 2007 988 2064 ofﬁcio
1016 2007 1118 2062 sibi
1141 2014 1560 2076 compararunt,
1588 2021 1707 2077 qua:
1745 2020 1841 2078 pro
1880 2005 2044 2062 Festo

453 2102 541 2158 die
572 2102 694 2157 usui
732 2111 909 2168 erant,
945 2109 1210 2170 eteteras,
1238 2114 1359 2170 qua:
1388 2115 1487 2171 pro
1516 2098 1707 2155 diebus
1735 2111 1939 2154 oetavaz
1965 2101 2045 2157 le-

450 2196 748 2265 gebantur,
801 2193 1155 2257 omittentes,
1208 2192 1261 2246 in
1321 2191 1518 2262 quibus
1580 2192 1783 2264 reliqua
1833 2193 2042 2263 digesta

450 2296 638 2351 erant,
672 2300 793 2356 qum
822 2294 940 2356 post
982 2283 1363 2340 liberationem
1407 2281 1560 2339 Filiae
1602 2282 1832 2340 Gallieni
1860 2285 1911 2340 in
1938 2300 2042 2341 ms.

453 2378 853 2434 describuntur.

526 2467 791 2525 Incertam
841 2469 968 2525 licet
994 2485 1056 2525 ac
1083 2469 1304 2525 dubiam
1328 2468 1467 2526 hanc
1488 2471 1737 2527 eamdem
1772 2473 2044 2529 narratio-

456 2579 580 2620 nem
606 2562 933 2620 crediderim
954 2604 968 2629 ,
1002 2572 1057 2619 et
1095 2562 1268 2629 adhuc
1298 2564 1554 2633 credam,
1608 2573 1848 2622 attamen
1891 2583 2046 2639 aper-

459 2662 564 2729 iius
588 2658 655 2715 de
682 2675 743 2715 ea
768 2660 899 2730 quid
926 2660 1188 2729 sentiam,
1220 2675 1278 2716 re
1304 2659 1497 2716 melius
1526 2661 1863 2717 considerata
1899 2672 2049 2734 pate-

456 2763 638 2818 facere
675 2775 784 2816 non
816 2758 1070 2815 verebor.
1109 2756 1317 2813 Nomen
1365 2758 1497 2812 illud
1550 2756 1759 2814 Notarii
1804 2760 2046 2821 additum

453 2856 728 2912 Coronato
749 2853 961 2908 videtur
982 2851 1213 2906 innuere
1229 2850 1284 2905 S.
1309 2850 1545 2905 Zenonis
1561 2850 1733 2907 Vitam
1760 2869 1788 2908 a
1813 2856 2047 2925 quodam

457 2949 700 3014 Notario,
735 2947 826 3018 qui
857 2946 1291 3018 persecutionum
1327 2956 1571 3016 tempore
1596 2949 1725 3002 Acta
1756 2947 2046 3023 Martyrum

456 3043 864 3109 conscribebat,
888 3050 943 3098 et
974 3040 1038 3095 D.
1068 3039 1271 3095 Zenoni
1294 3050 1747 3115 contemporaneo
1772 3056 2049 3101 exaratam

455 3143 648 3198 fuisse.
677 3138 833 3209 Quod
869 3152 998 3193 vero
1023 3136 1140 3193 hare
1167 3136 1273 3191 vita
1300 3137 1655 3191 inscribatur:
1683 3138 1864 3193 Sermo
1891 3138 2052 3195 Vene-

2221 1915 2417 1969 Mirum
2456 1915 2589 1969 illud
2626 1916 2849 1987 factum,
2882 1932 2989 1987 quo
3015 1916 3170 1971 unica
3215 1915 3438 1973 Gallieni
3464 1916 3590 1973 Filia
3612 1917 3671 1979 Ze

2147 2024 2279 2064 none
2319 2008 2389 2069 ad
2427 2006 2803 2078 Imperatorem
2844 2024 2936 2081 per
2967 2010 3174 2066 nuntios
3223 2010 3386 2064 accito
3428 2027 3461 2065 lt
3501 2010 3693 2066 damus

2146 2100 2363 2155 liberata
2402 2100 2619 2170 miriﬁce
2655 2103 2911 2171 traditur,
2952 2102 3149 2159 litteris
3185 2118 3295 2161 non
3338 2102 3494 2163 fuisse
3535 2120 3563 2159 ιι
3590 2118 3698 2175 quo-

2147 2197 2290 2267 piam
2360 2196 2653 2265 traditum,
2725 2196 2896 2253 asseri
2953 2198 3176 2254 minime
3219 2207 3416 2268 potest.
3472 2197 3699 2270 Numquid

2147 2291 2196 2349 si
2262 2290 2322 2349 S.
2386 2290 2621 2347 Zenonis
2688 2300 2808 2349 acta
2877 2291 2928 2347 in
2981 2290 3312 2349 Diocletiani
3373 2294 3700 2363 persecutione

2148 2385 2403 2458 periere?
2442 2384 2580 2440 Num
2658 2395 2903 2441 actorum
2966 2385 3230 2443 Ecclesiae
3299 2385 3604 2445 Veronensis
3656 2394 3702 2441 et

2148 2478 2622 2535 Monumentorum
2660 2479 3016 2535 vetustiorum
3056 2478 3294 2537 indicem
3332 2480 3561 2552 prolem
3596 2495 3696 2550 pos-

2149 2588 2337 2631 sumus
2365 2614 2379 2641 ,
2422 2574 2475 2629 in
2508 2588 2614 2643 quo
2645 2572 2780 2629 nihil
2810 2573 2878 2628 de
2909 2587 2971 2628 ea
2999 2587 3059 2629 re
3089 2571 3406 2629 adnotatum
3429 2571 3701 2631 videamusl

2148 2667 2338 2724 Nonne
2387 2666 2639 2726 incendio
2683 2674 2790 2722 tota
2832 2667 2945 2723 iere
2991 2665 3207 2721 Verona
3254 2673 3562 2736 consumpta
3599 2665 3702 2721 est?

2152 2774 2313 2829 Facta
2336 2784 2473 2841 ergo
2502 2782 2625 2839 quae
2654 2765 2723 2822 ad
2757 2780 2857 2821 nos
2897 2777 3067 2839 usque
3103 2763 3313 2834 scripto
3342 2778 3447 2821 non
3476 2776 3699 2833 pervene-

2151 2874 2302 2932 runt,
2327 2863 2523 2919 litteris
2547 2858 2799 2915 mandata
2828 2871 2937 2913 non
2966 2854 3155 2923 fuisse,
3186 2854 3479 2913 dicendum
3500 2870 3595 2910 non
3616 2861 3700 2908 est.

2154 2961 2195 3017 E
2234 2958 2505 3016 veteribus
2538 2966 2722 3011 autem
2754 2950 3005 3023 scriptis,
3044 2965 3166 3023 qua:
3193 2950 3266 3007 de
3295 2950 3354 3007 8.
3394 2949 3596 3011 Zenone
3630 2948 3705 3001 lia-

2154 3034 2345 3107 bemus
2383 3048 2609 3107 confusa
2638 3048 2784 3112 licet,
2817 3044 3096 3101 derivasse
3133 3059 3200 3099 ex
3230 3058 3301 3100 eo
3324 3043 3703 3104 demonstratur,
3854 3042 3855 3087 l

2157 3143 2300 3217 quod
2335 3143 2386 3198 in
2417 3142 2503 3210 iis,
2532 3155 2650 3213 qua:
2682 3130 2781 3195 sub
2823 3136 3079 3193 Coronati
3123 3136 3333 3195 Notarii
3381 3135 3583 3195 nomine
3607 3137 3707 3191 sunt

453 3237 630 3294 rabilis
667 3233 933 3300 Coronati,
962 3240 1095 3298 etc.,
1153 3230 1255 3286 ltoc
1290 3229 1411 3285 ideo
1451 3229 1649 3286 factum
1699 3231 1863 3287 fuisse
1897 3241 2049 3304 puto,
2080 3226 2124 3290 C
2160 3236 2327 3300 edita,
2358 3234 2554 3305 legitur
2588 3251 2599 3286 :
2635 3230 2927 3286 I'Ivolrimus
2958 3230 3086 3285 tanti
3123 3227 3239 3285 Viri
3279 3228 3517 3293 Virtutes.
3552 3226 3707 3282 Adno-

451 3329 593 3402 quod
628 3330 681 3383 in
713 3326 975 3382 lectiones
1006 3338 1103 3393 pro
1133 3322 1325 3377 Divino
1354 3320 1545 3377 Ofﬁcio
1578 3323 1791 3378 redacta
1828 3326 1945 3393 fuit,
1980 3341 2045 3381 eo

453 3425 595 3495 quod
627 3419 960 3477 Veronensis
991 3416 1248 3472 Ecclesiae
1281 3415 1553 3473 traditioni
1586 3416 1879 3472 conformis
1904 3427 2042 3472 erat.

451 3517 626 3585 Quare
666 3530 772 3569 non
805 3513 1033 3567 multum
1075 3526 1105 3565 ιι
1147 3509 1438 3565 verosimili
1471 3509 1673 3566 dismre
1707 3510 1920 3566 videtur
1944 3528 2042 3565 an-

455 3609 678 3680 tiquitus
717 3607 905 3663 lacinia
952 3603 1198 3677 quaedam
1233 3600 1399 3659 fuisse
1431 3614 1643 3674 reperta
1674 3600 1831 3675 hujus
1861 3603 1982 3658 vitae
2013 3621 2043 3660 a

451 3705 724 3761 Coronam
749 3698 971 3765 Nolario
995 3696 1297 3769 descriptre,
1330 3712 1433 3751 non
1459 3711 1587 3750 vero
1615 3707 1801 3765 totam,
1833 3715 1951 3766 qua:
1978 3699 2044 3753 ab

455 3797 571 3866 ipso
612 3787 917 3861 conscripta
968 3789 1083 3845 fuit.
1140 3789 1477 3858 Quapropter
1510 3788 1575 3843 ad
1605 3789 1850 3845 eamdem
1877 3793 2041 3845 vitam

452 3880 869 3943 continuandam
901 3879 1005 3935 alia
1038 3880 1105 3935 ab
1146 3879 1264 3933 aliis
1297 3878 1499 3939 insecta
1531 3879 1654 3934 sint.
1693 3879 1807 3937 lloc
1854 3883 2045 3939 διιεηιθι

450 3975 736 4033 diversitas
764 3989 862 4030 ms.
887 4016 901 4040 ,
935 3986 1059 4027 nam
1102 3986 1222 4025 cum
1244 3970 1503 4026 Ecclesiae
1527 4012 1542 4036 ,
1575 3987 1695 4040 quae
1727 3971 1784 4028 8.
1811 3972 2044 4029 Zenonis

450 4070 647 4131 festum
676 4065 1064 4129 celebrabant,
1098 4063 1468 4146 imperfectam
1503 4062 1563 4118 S.
1591 4062 1825 4121 Zenonis
1853 4066 2040 4134 vitam,

449 4176 512 4216 ac
539 4174 711 4231 pauca
737 4176 764 4212 a
797 4156 1017 4213 Notario
1038 4162 1301 4210 coronato
1337 4155 1535 4225 scripta
1574 4155 1859 4231 viderent,
1891 4156 2043 4229 quis-

449 4272 557 4328 que
587 4270 706 4327 qute
738 4254 962 4309 deerant
990 4248 1446 4307 euravitdiversis
1468 4249 1684 4319 quidem
1707 4250 1884 4307 verbis
1914 4267 2042 4323 sup-

450 4351 624 4423 plere,
653 4364 774 4404 cnm
807 4363 912 4402 non
939 4360 1079 4427 unus
1109 4345 1161 4399 in
1190 4343 1259 4412 id,
1294 4342 1389 4400 sed
1420 4344 1603 4414 plures
1632 4346 1921 4416 separatim
1955 4346 2040 4401 in"

447 4444 768 4499 cutnberent
794 4459 805 4495 :
834 4454 1025 4496 omnes
1057 4447 1261 4506 tamen,
1284 4453 1403 4510 qua:
1433 4438 1485 4493 in
1514 4438 1757 4507 cartulis,
1791 4453 1886 4495 seu
1908 4439 2040 4496 rell-

448 4536 587 4609 quiis
612 4533 936 4605 scriptorum
963 4532 1221 4587 Coronati
1254 4531 1576 4602 legebantur
1608 4533 1924 4599 retinentes,
1952 4532 2039 4588 vel

2152 3336 2271 3384 tant
2297 3327 2361 3383 ad
2399 3328 2512 3381 liatc
2532 3325 2697 3381 verba
2734 3321 2949 3383 Domini
2980 3321 3259 3383 Ballerinii
3291 3341 3303 3375 :
3331 3319 3461 3377 Cave
3480 3336 3609 3376 uera
3631 3322 3707 3371 hac

2150 3437 2288 3483 voce,
2323 3419 2596 3479 voluimus,
2630 3417 2878 3489 scriptum
2904 3412 3102 3483 aliquid
3142 3423 3262 3469 ante
3302 3412 3597 3468 Coronatum
3622 3412 3709 3462 eri—

2148 3512 2321 3567 stimes
2364 3509 2427 3562 de
2453 3507 2677 3563 Zenonis
2710 3507 2863 3578 gestis
2896 3505 3067 3569 ,unde
3096 3505 3170 3571 is,
3211 3521 3329 3575 quo:
3367 3504 3539 3559 litteris
3569 3503 3705 3556 consi-

2148 3604 2343 3678 gnavit,
2376 3601 2601 3657 ebiberit.
2643 3597 2785 3654 Nihil
2834 3596 2977 3655 aliud
3023 3595 3263 3652 aii'erunt
3309 3612 3458 3650 suam
3503 3595 3625 3649 hanc
3655 3590 3707 3645 ad

2148 3691 2572 3749 conﬁrmandam
2600 3688 2902 3755 cautelam,
2922 3687 3067 3759 quod
3096 3688 3147 3744 id
3171 3688 3450 3744 ostendat.
3477 3686 3600 3755 Quin
3626 3698 3706 3737 ms.

2151 3785 2462 3842 Pistoriensi
2502 3781 2646 3855 quod
2683 3780 3022 3855 proferemus
3071 3781 3305 3841 inferius
3357 3792 3537 3852 aperte
3583 3790 3710 3831 eous-

2149 3892 2257 3949 tat,
2287 3896 2351 3936 ex
2390 3876 2788 3948 antiquioribus
2813 3892 2945 3932 mss.
2977 3892 3077 3951 ea,
3113 3891 3239 3945 qua:
3278 3890 3424 3931 nunc
3466 3873 3708 3929 habemus,

2148 3983 2270 4024 esse
2315 3965 2623 4036 desumpta.
2660 3962 2774 4019 Nos
2810 3964 2984 4033 itaque
3004 4004 3019 4027 ,
3066 3962 3181 4017 licet
3212 3963 3304 4029 iis,
3334 3963 3422 4035 qui
3450 3962 3567 4016 talia
3590 3974 3712 4012 cons-

2147 4059 2387 4132 cripsere,
2415 4058 2575 4112 simus
2594 4056 2841 4128 impares,
2859 4066 2903 4110 et
2932 4056 3133 4125 penitus
3160 4054 3233 4108 ad
3263 4052 3599 4128 exprimenda,
3621 4063 3711 4118 qua:

2145 4150 2393 4223 gessimus
2422 4149 2714 4221 inefﬁcaces
2740 4192 2753 4216 ,
2794 4148 3048 4220 quomodo
3072 4148 3148 4202 rei
3175 4150 3451 4203 materiam
3484 4146 3709 4201 uerborum

2146 4245 2444 4317 compositio
2467 4261 2569 4299 non
2599 4246 2915 4319 wquiparat,
2937 4261 2998 4299 ea
3029 4257 3197 4298 tamen
3224 4261 3346 4317 qua:
3387 4244 3450 4298 de
3477 4241 3537 4297 Β.
3567 4239 3709 4296 Zeno-

2147 4341 2225 4393 nis
2284 4339 2587 4406 Virtutibus,
2644 4340 2721 4395 vel
2764 4340 2999 4413 scriptis,
3050 4339 3129 4393 vel
3179 4339 3498 4394 carminibus
3523 4336 3711 4391 ediscere

2144 4434 2418 4498 voluimus,
2470 4433 2804 4489 disseramus.
2856 4431 2989 4501 Qua:
3034 4442 3219 4488 autem
3272 4433 3402 4487 huic
3427 4445 3554 4486 mss.
3604 4426 3712 4480 ﬁdes

2146 4524 2390 4581 habenda
2424 4526 2523 4591 sit,
2557 4540 2624 4581 ex
2659 4524 2884 4581 inferius
2935 4523 3265 4581 adnotandis
3311 4523 3596 4581 constabit.
3644 4518 3709 4573 Ex

449 4608 589 4699 forte
624 4626 827 4698 aliquid
867 4625 1126 4680 addentes
1146 4665 1160 4690 ,
1193 4623 1337 4693 quod
1365 4640 1470 4678 non
1515 4624 1567 4678 in
1621 4625 1872 4680 omnibus
1904 4639 2038 4680 mss.
2067 4633 2123 4696 1)
2146 4618 2380 4675 residuis
2408 4619 2587 4692 itaque
2617 4618 2874 4683 cartulis,
2905 4634 3026 4688 quze
3062 4617 3131 4674 de
3163 4618 3429 4674 Coronati
3455 4613 3639 4672 Notarii
3659 4608 3705 4662 S.

441 4720 747 4791 inSpicitur,
797 4728 855 4772 ut
910 4715 1075 4781 illud,
1121 4714 1381 4769 Sanctum
1428 4715 1636 4771 scilicet
1689 4715 1964 4773 Zenonem
2006 4732 2037 4772 a

438 4814 623 4870 Matris
667 4822 821 4867 utero
864 4807 1282 4867 sanctiﬁcatum.
1337 4807 1652 4865 Ordinatum
1704 4810 2034 4884 Episc0pum

438 4907 808 4961 Veronensem
832 4945 847 4968 ,
897 4911 953 4957 et
1005 4901 1227 4956 similia.
1258 4900 1377 4956 Alia
1418 4903 1810 4973 ampliﬁcasse,
1836 4921 2034 4975 nempe

440 4997 620 5051 omnia
672 4996 812 5051 idola
859 4994 1095 5051 Veronae
1142 4992 1439 5049 destructa.
1495 4992 1687 5049 Plures
1740 4994 2033 5050 aedificatas

442 5085 737 5143 Ecclesias.
786 5084 854 5140 Et
887 5084 1020 5159 illud
1049 5085 1191 5156 quod
1233 5074 1466 5139 diversis
1507 5083 1686 5139 verbis
1712 5086 1943 5155 exprimi
1978 5087 2031 5142 in

440 5195 545 5236 ms.
591 5179 793 5233 notavi.
836 5175 894 5233 in
938 5193 1067 5249 pace
1110 5176 1424 5232 drfunctum
1481 5192 1604 5233 esse
1639 5178 1696 5233 S.
1739 5178 2033 5235 Zenonem.

438 5272 587 5327 Idem
625 5271 850 5343 quippe,
890 5280 946 5326 et
997 5270 1048 5324 lu
1093 5269 1310 5341 hymnis
1338 5271 1535 5326 factum
1567 5271 1732 5327 fuisse
1759 5271 2026 5340 videmus,

439 5364 711 5436 praecipue
738 5364 791 5419 in
822 5362 1026 5434 hymno
1073 5359 1327 5417 Prtesulis
1361 5361 1544 5417 Sancti
1569 5363 1621 5417 in
1654 5377 1763 5439 quo
1791 5363 2027 5438 legitur:

437 5454 664 5531 Magnus
710 5454 916 5510 Επειεὶ
961 5453 1127 5523 fuerat
1172 5452 1430 5509 Sacerdos
1452 5494 1468 5521 ,
1496 5462 1555 5507 ιιι
1590 5454 1643 5509 in
1672 5454 1832 5511 editis
1858 5471 1888 5510 a
1918 5455 2026 5511 Do-

430 5547 597 5604 minis
622 5545 929 5603 Balleriniis
975 5546 1117 5601 inter
1145 5555 1495 5600 monumenta
1542 5559 1662 5617 pag.
1717 5544 1838 5601 168.
1894 5545 2028 5603 Fer-

427 5641 604 5695 rarius
643 5654 773 5695 vero
813 5654 882 5696 ex
907 5637 1029 5694 aliis
1055 5652 1185 5694 mss.
1222 5637 1350 5711 legit
1379 5654 1392 5692 :
1422 5635 1625 5708 Μανίῳ·
1652 5636 1856 5692 Excelsi
1897 5638 2021 5710 fuit,

431 5743 480 5789 et
510 5733 788 5790 Sacerdos.
846 5734 950 5789 Pro
981 5734 1143 5790 variis
1185 5745 1419 5805 namque
1460 5731 1525 5785 D.
1560 5730 1797 5787 Zenonis
1824 5731 2023 5788 solem-

433 5826 692 5887 nitatibus
719 5827 881 5885 verba
912 5828 1212 5898 mutabant,
1242 5829 1315 5885 ita
1363 5839 1424 5911 ut
1456 5830 1510 5887 in
1534 5831 1673 5890 festo
1710 5831 2020 5914 Ordinatio-

2143 4714 2348 4770 Zeuoni
2386 4712 2830 4785 contemporanei
2863 4712 2968 4767 vita
3010 4723 3436 4779 remanserunt,
3465 4710 3572 4765 lucc
3599 4720 3709 4762 con-

2141 4809 2355 4864 cinnata
2408 4806 2575 4863 fuisse
2622 4822 2652 4860 a
2707 4805 3005 4861 verosimili
3054 4820 3162 4859 non
3214 4803 3463 4869 abludit,
3501 4795 3711 4874 quamvis

2142 4903 2286 4958 enim
2308 4901 2445 4969 aliis,
2467 4909 2518 4956 et
2541 4900 2662 4957 aliis
2686 4898 2869 4955 verbis
2895 4900 2947 4954 in
2973 4899 3201 4954 diversis
3231 4915 3370 4955 mss.
3399 4898 3643 4969 legantur,
3671 4892 3712 4943 in

2140 5010 2199 5050 re
2230 5005 2406 5057 tamen
2434 4993 2799 5057 conveniunt;
2821 5006 2887 5046 ex
2915 5007 3025 5064 quo
3044 4991 3341 5061 conjicitur
3399 5003 3610 5053 omnes,
3637 4979 3712 5047 qui

2137 5085 2195 5142 S.
2230 5084 2469 5141 Zenonis
2502 5085 2761 5140 miracula
2794 5096 3157 5141 narraverunt
3181 5126 3196 5147 ,
3225 5101 3397 5139 unum
3426 5098 3537 5156 prie
3565 5073 3709 5135 mani-

2135 5178 2236 5234 bus
2262 5178 2518 5235 habuisse
2545 5178 2806 5253 scriptuut
2839 5178 3085 5233 mutilum
3130 5178 3259 5234 licet
3291 5220 3308 5247 ,
3338 5188 3395 5233 et
3434 5184 3706 5233 corrosutu,

2136 5271 2222 5326 cui
2253 5284 2375 5325 sese
2404 5269 2848 5326 conformarint:
2893 5285 2998 5325 non
3056 5269 3221 5340 igitur
3292 5270 3452 5325 unica
3499 5260 3709 5340 populari

2134 5363 2433 5419 traditione
2465 5364 2711 5419 nituntur
2737 5380 2798 5419 ea
2824 5406 2837 5428 ,
2860 5378 2983 5435 qua:
3010 5362 3078 5419 de
3108 5364 3164 5421 S.
3189 5362 3439 5428 Zenone,
3463 5371 3518 5417 et
3547 5354 3710 5430 pmi-

2134 5473 2239 5529 pue
2266 5474 2385 5529 qua:
2410 5458 2477 5515 de
2502 5457 2734 5514 Gallieni
2776 5456 2909 5513 Filia
2950 5459 3151 5528 scripta
3199 5458 3478 5529 leguntur.
3511 5455 3625 5510 Haec
3653 5449 3709 5503 de

2135 5553 2305 5624 prima
2327 5552 2659 5624 conjectura,
2685 5568 2790 5625 qua
2812 5551 3026 5608 Domini
3057 5550 3340 5607 Ballerinii
3367 5548 3703 5613 narrationem

2131 5645 2418 5715 impetunt.

2200 5742 2364 5816 Magis
2387 5744 2629 5815 profecto
2653 5755 2807 5815 urget
2827 5743 3068 5801 secunda
3090 5744 3251 5813 ratio,
3284 5757 3391 5816 qua
3423 5739 3575 5799 verba
3617 5735 3703 5791 is“

2126 5838 2179 5896 iu
2208 5836 2462 5897 Coronati
2491 5839 2805 5897 narratione
2832 5848 3107 5913 notantur.
3142 5836 3332 5913 Indica
3363 5837 3506 5895 nobis
3544 5835 3587 5892 si
3633 5847 3661 5903 ρ
