3902 6324
292 257 398 314 725

1717 258 2189 323 DlSSERTATlO.

3491 222 3597 322 72's

291 376 414 432 disti
440 374 701 434 Zenonem
722 374 1059 450 Episcopum,
1088 394 1238 449 quem
1271 395 1364 435 nos
1384 396 1452 441 ea:
1479 380 1625 445 iussu
1652 378 1887 453 Impera—
1916 384 1967 443 Λ
1998 377 2272 433 Ballerinii
2303 377 2517 442 (Adnot.
2545 377 2610 433 10
2635 419 2650 445 ,
2679 378 2732 432 in
2764 376 3001 433 Monum.
3037 391 3091 453 ι).
3128 375 3273 451 148).
3303 375 3506 448 Nempe
3538 380 3591 433 in

289 470 418 525 toris
438 470 909 541 perquirimus.-lta
939 469 1142 529 milites
1171 469 1229 527 8.
1258 469 1487 527 Zenoni.
1520 471 1728 541 Quibus
1760 472 1849 528 ille
1874 489 1888 526 :

291 560 359 616 At
395 562 486 618 ille
511 563 780 631 respondit
807 562 982 618 dicens
1029 578 1048 617 :
1101 562 1345 628 Quamvis
1374 564 1523 636 plura
1553 564 1654 621 sint
1683 565 1893 619 nomina

288 655 344 710 in
364 655 680 715 monasterio
708 664 884 711 nostro
919 654 984 713 de
1021 655 1227 713 nomine
1253 656 1352 710 isto
1381 671 1529 727 quem
1554 671 1641 711 vos
1671 656 1840 713 dicitis
1871 671 1892 711 :

286 754 457 803 tamen
485 746 623 816 quod
644 746 788 803 missi
810 747 951 814 estis,
1001 746 1174 802 dicite.
1233 747 1304 802 At
1342 745 1396 802 in
1426 761 1573 819 saepe
1602 746 1768 803 citato
1789 746 1893 803 hoc

286 837 607 894 Pistoriensi
659 853 763 896 ms.
807 838 925 895 lucc
955 839 1116 895 verba
1144 838 1360 896 desunt.
1398 839 1487 895 Sic
1508 840 1652 899 enim
1687 840 1886 897 habet:

187 947 192 956 '
284 928 478 987 Indica
507 931 650 986 nobis
673 931 718 986 si
743 931 915 987 vidisti
949 928 1206 987 Zenonem
1256 931 1593 1004 EpiscOpum,
1625 947 1774 1001 quem
1800 948 1893 988 nos

282 1037 348 1077 ea:
361 1026 524 1096 jussu
554 1022 709 1094 Regis
740 1024 1100 1096 perquirimus.
1121 1024 1186 1077 At
1210 1024 1301 1080 ille
1327 1024 1633 1095 respondit:
1660 1025 1741 1081 Ad
1765 1025 1890 1096 quid

282 1114 431 1170 missi
457 1116 580 1171 estis
601 1117 775 1175 dicite.
807 1115 1070 1173 Videntur
1116 1118 1298 1188 itaque
1342 1118 1408 1173 ab
1451 1117 1558 1174 alio
1587 1117 1795 1189 adjecta
1826 1133 1890 1175 ea

279 1209 523 1274 ratione,
573 1225 678 1280 qua
727 1211 1010 1281 superius,
1066 1226 1263 1283 nempe
1296 1220 1352 1266 ut
1380 1226 1444 1268 ex
1475 1214 1695 1268 cartulis
1722 1211 1891 1269 Coro-

283 1302 400 1357 nati
432 1300 642 1358 Notarii
663 1306 922 1372 corrosis,
947 1313 1001 1359 et
1026 1304 1229 1360 mutilis
1252 1305 1323 1359 ita
1349 1306 1585 1360 narratio
1607 1306 1890 1363 continua-

278 1404 459 1463 retur,
491 1406 551 1451 ut
582 1411 679 1465 pro
709 1396 1032 1454 lectionibus
1072 1398 1124 1453 in
1155 1398 1333 1452 ofﬁcio
1362 1398 1420 1454 S.
1452 1397 1687 1454 Zenonis
1732 1399 1913 1454 sufﬁ-t

277 1486 433 1542 ciens
460 1495 646 1554 esset,
677 1504 784 1544 non
816 1488 992 1544 solum
1038 1504 1136 1560 pro
1177 1482 1281 1544 die’
1303 1487 1477 1556 festo,
1507 1489 1603 1546 sed
1636 1506 1733 1561 pro
1776 1498 1886 1546 tota

274 1589 506 1649 octava;
531 1580 672 1653 quod
701 1582 823 1638 etin
850 1582 970 1637 aliis
999 1582 1321 1641 narrationis
1348 1582 1509 1653 hujus
1531 1582 1663 1639 locis
1686 1583 1888 1639 factum

273 1688 425 1740 esse,
451 1690 522 1735 ex
548 1673 780 1731 diversis
811 1691 943 1731 mss.
975 1688 1218 1749 apparet.

1995 469 2253 527 Coronati
2284 470 2596 526 narratione
2624 478 2706 525 ter
2742 469 2961 536 unicam
2985 469 3248 540 appellari
3280 468 3443 525 ﬁliam
3468 470 3593 525 Gal-

1992 563 2144 629 Iieni,
2177 578 2302 619 cum
2335 571 2531 633 praeter
2572 561 2736 616 tiliam
2764 601 2778 625 ,
2826 561 2963 616 duos
3004 561 3165 619 etiam
3198 562 3465 617 masculos
3498 561 3595 617 ha-

1993 657 2189 725 buerit,
2216 667 2360 711 utex
2385 655 2708 711 Gruteriana
2738 654 3115 725 inscriptione,
3160 670 3214 726 p.
3257 655 3367 711 275
3411 669 3596 712 οειθιι-

1992 750 2126 805 dunt
2148 750 2269 820 ipsi.
2298 748 2432 804 Nam
2451 764 2574 804 cum
2590 747 2870 804 Gallienus
2890 762 3053 805 unam
3073 755 3281 804 tantum
3310 749 3476 804 ﬁliam
3501 749 3598 806 ha-

1992 844 2190 909 buerit,
2224 843 2367 913 quod
2405 843 2573 899 verbo
2612 841 2768 898 unica
2796 843 3138 912 exprimitur,
3181 841 3284 898 hoc
3326 844 3596 899 sermonis

1992 935 2283 1004 barbarici,
2315 950 2419 1006 qua
2445 945 2552 991 tota
2577 934 2693 991 luce
2716 936 2950 993 narratio
2974 934 3261 1008 redundat,
3285 936 3595 993 donandum

1992 1038 2097 1085 est.
3273 1030 3277 1034 ’
3424 1096 3437 1107 ν

2065 1120 2219 1188 Quod
2247 1120 2463 1177 tandem
2506 1136 2613 1178 non
2652 1119 2992 1194 probandum
3024 1121 3237 1177 videtur
3269 1140 3282 1177 :
3314 1121 3595 1177 Ethnicum

1994 1210 2369 1284 Imperatorem
2388 1212 2583 1268 Zenoni
2606 1213 2930 1279 concessisse,
2942 1221 3000 1267 ut
3020 1213 3160 1267 idola
3179 1214 3351 1267 omnia
3365 1214 3596 1269 destruc-

1994 1315 2091 1373 ret,
2111 1315 2155 1360 et
2170 1307 2223 1359 in
2241 1306 2431 1361 Christi
2452 1306 2656 1360 nomine
2674 1303 2934 1360 Ecclesias
2957 1300 3231 1376 fabricaret
3248 1322 3261 1357 :
3276 1314 3594 1377 exaggerate

1992 1400 2192 1457 dictum
2217 1399 2406 1466 fuisse,
2436 1397 2706 1454 fatendum
2734 1407 2841 1465 est,
2873 1412 2979 1453 non
3012 1412 3044 1451 a
3071 1396 3371 1464 Coronato,
3403 1398 3495 1454 sed
3527 1398 3593 1454 ab

1994 1492 2163 1562 ipsius
2211 1489 2761 1547 eonsarcinatoribus.
2816 1488 3122 1560 Caeteroqui
3180 1491 3326 1545 enim
3379 1499 3593 1545 constat

1999 1585 2298 1643 Gallienum
2363 1583 2541 1639 edicto
2581 1582 2801 1653 publico
2841 1583 3131 1637 mandasse
3178 1582 3431 1654 religiosa
3475 1585 3594 1639 loca

1992 1675 2314 1733 Christianis
2354 1676 2722 1741 restituenda;
2765 1690 2936 1747 quare
2973 1692 3000 1730 a
3039 1675 3335 1731 verosimili
3372 1690 3477 1730 non
3509 1677 3592 1730 vi-

342 1766 515 1825 Tanti
536 1784 667 1825 vero
692 1768 901 1825 faciunt
934 1771 1202 1840 pra-cipue
1228 1770 1612 1831 Tillemontius
1644 1772 1878 1840 tertiam,
1920 1774 1966 1834 Β
1995 1770 2150 1825 detur
2178 1768 2435 1835 alienum,
2465 1777 2522 1823 et
2547 1767 2611 1821 D.
2662 1766 2869 1823 Zenoni
2919 1769 3279 1837 concessisse,
3312 1777 3371 1823 ut
3401 1769 3590 1824 Eccle-

266 1877 439 1932 quam
465 1862 735 1932 objiciunt
762 1862 975 1918 Domini
1004 1862 1281 1919 Bullerinii
1305 1865 1697 1934 conjecturam,
1729 1871 1788 1919 ut
1817 1874 1907 1921 ca‘

266 1953 387 2010 sola
421 1964 590 2012 totam
621 1954 691 2011 de
719 1953 951 2011 Gallieni
984 1956 1361 2026 lmperationis
1403 1955 1508 2011 ﬁlia
1557 1972 1588 2011 a
1634 1956 1883 2013 daemone

267 2048 513 2105 liberata
539 2048 905 2104 narrationem
932 2063 1195 2107 corruere
1224 2048 1557 2105 existiment.
1588 2049 1766 2119 Quare
1796 2050 1881 2107 vel

263 2155 390 2196 cum
446 2140 763 2197 Mabillonio
809 2141 864 2197 in
909 2141 1131 2213 antiquo
1179 2140 1455 2214 Rbythmo
1502 2139 1881 2213 Gallum,,non

263 2233 582 2297 Gallienum
613 2232 898 2308 legendum
933 2243 1121 2304 putant
1151 2231 1259 2308 (At
1300 2233 1604 2291 Gallienum
1636 2251 1764 2292 vere
1793 2236 1875 2293 le-

261 2327 507 2397 gendum
534 2342 602 2383 ex
627 2325 884 2383 Lobieusi
927 2343 1030 2384 ins.
1077 2327 1310 2398 probant
1338 2328 1679 2389 solertissimi
1706 2327 1877 2385 Vero-

260 2433 468 2474 nenscs
498 2418 759 2491 editores)
786 2419 868 2477 vel
892 2420 1056 2475 alium
1087 2435 1117 2477 a
1146 2418 1395 2476 Gallieno
1424 2420 1749 2493 imperatore
1788 2420 1876 2475 di-

261 2527 490 2571 versum
519 2510 827 2568 Gallienum
854 2514 1185 2584 confingunt.
1217 2510 1540 2583 Conjcctura
1581 2514 1787 2577 eruitur
1809 2529 1876 2571 ex

259 2620 325 2661 eo
362 2602 521 2673 quod
559 2603 838 2661 Gallienus
876 2604 1101 2659 liberata
1152 2619 1179 2658 a
1224 2604 1472 2659 daemone
1520 2604 1627 2661 ﬁlia
1673 2620 1876 2661 corona

255 2710 451 2764 aurea,
475 2712 631 2767 quam
655 2696 767 2767 ipse
794 2696 1063 2751 Gallienus
1096 2696 1387 2768 Imperator
1409 2698 1573 2771 capite
1594 2714 1688 2753 suo
1708 2709 1876 2772 gesta-

257 2793 364 2859 bat,
392 2792 608 2847 donnrit
640 2793 698 2849 S.
730 2791 1082 2864 Episcopum.
1132 2791 1332 2848 Volunt
1373 2794 1519 2850 enim
1550 2804 1667 2849 ante
1703 2793 1871 2850 Aure-

256 2887 464 2941 lianum
495 2886 550 2940 in
574 2887 774 2959 generis
802 2895 1157 2941 ornamentum
1186 2884 1434 2944 Romanis
1461 2885 1872 2959 Imperatoribus

253 2997 358 3035 non
374 2980 563 3050 fuisse
582 2981 636 3034 in
655 2996 774 3035 usu.
797 2979 967 3050 Quam
996 2994 1127 3035 vero
1154 2980 1310 3051 longe
1330 2995 1362 3035 a
1388 2982 1616 3035 veritate
1640 2979 1868 3048 distent,

252 3086 318 3127 es
349 3071 612 3144 pluribus
651 3072 884 3143 antiquis
921 3071 1337 3127 numismatibus
1383 3071 1728 3128 manifestum
1760 3081 1865 3128 est.

1989 1861 2125 1917 siam
2155 1870 2515 1928 construeret,
2564 1860 2633 1916 de
2674 1877 2780 1933 qua
2832 1862 2889 1918 8.
2940 1861 3234 1917 Przesuletn
3278 1875 3588 1919 sermonem

1992 1954 2264 2018 habuisse,
2306 1953 2555 2024 superius
2594 1953 2847 2009 vidimus.
2899 1953 3015 2010 Non
3043 1965 3220 2010 autem
3251 1954 3305 2009 in
3334 1955 3589 2011 omnibus

1990 2061 2121 2102 mss.
2155 2046 2271 2103 hanc
2321 2045 2687 2116 reperiuntur,
2756 2046 2952 2103 desunt
3018 2046 3161 2103 enim
3218 2048 3270 2102 in
3318 2062 3422 2105 ms.
3478 2047 3589 2103 Ab-

1986 2141 2145 2196 batia:
2216 2140 2276 2197 8.
2353 2139 2652 2196 Salvatoris
2716 2139 2911 2195 Montis
2963 2140 3189 2206 Amiati,
3246 2137 3389 2210 quod
3420 2138 3588 2195 refert

1984 2234 2265 2307 Ughellus.

2058 2327 2136 2384 De
2163 2331 2264 2383 hac
2292 2328 2452 2397 igitur
2481 2327 2737 2384 Coronati
2779 2326 2984 2383 Notarii
3012 2328 3320 2386 narratione
3348 2327 3424 2382 ita
3451 2340 3580 2382 sen-

1985 2420 2225 2476 tiendum
2267 2421 2499 2477 videtur.
2528 2420 2819 2490 Prologum
2871 2419 3111 2477 additum
3154 2434 3275 2476 esse
3318 2434 3347 2477 a
3392 2420 3577 2483 variis,

1983 2514 2128 2584 quod
2158 2513 2277 2581 ipsa
2304 2512 2358 2566 in
2388 2512 2631 2582 pluribus
2657 2526 2761 2567 ms.
2792 2510 3082 2567 diversitas
3125 2511 3335 2566 suadet.
3374 2511 3448 2564 Ex
3492 2525 3587 2565 an-

1986 2604 2148 2676 tiquis
2173 2615 2351 2659 autem
2380 2602 2636 2659 Coronati
2666 2603 3030 2658 monumentis
3051 2604 3169 2658 sola
3190 2604 3297 2658 duo
3324 2603 3585 2659 miracula

1982 2708 2012 2747 a
2042 2694 2300 2764 temporis
2349 2693 2543 2764 injuria
2589 2693 2807 2750 residua
2843 2693 3208 2761 remansisse;
3239 2694 3449 2750 scilicet
3482 2694 3584 2749 mi-

1980 2789 2222 2844 raculum
2248 2787 2484 2844 hominis
2523 2787 2576 2842 in
2622 2788 2891 2856 Athesim,
2928 2787 3053 2843 dum
3084 2789 3322 2858 plaustro
3351 2786 3582 2844 ferretur

1976 2879 2236 2949 demersi,
2284 2895 2346 2935 ac
2396 2895 2427 2934 a
2457 2880 2513 2937 8.
2550 2879 2767 2935 Zenone
2821 2871 3054 2946 liberati,
3107 2890 3160 2936 et
3200 2879 3580 2935 liberationem

1975 2973 2126 3031 Filiae
2154 2973 2500 3047 Imperatoris
2528 2972 2794 3040 Gallieni;
2822 2990 2941 3045 qua:
2970 2983 3148 3029 tamen
3182 2974 3441 3028 miracula
3469 2991 3576 3030 non

1976 3066 2155 3124 verbis
2200 3067 2453 3122 Coronati
2504 3079 2812 3135 narrantur,
2865 3068 2965 3122 nisi
3026 3066 3165 3122 forte
3216 3067 3573 3138 quibttsdam,

252 3164 543 3237 Augustus
564 3167 615 3220 in
643 3164 848 3220 nummi
877 3162 1055 3234 efﬁgie
1083 3177 1283 3219 corona
1325 3162 1532 3219 radiata
1572 3164 1749 3234 capite
1777 3180 1864 3220 re-
1898 3156 1943 3221 C
1977 3179 2095 3235 quae
2117 3161 2307 3218 eodem
2344 3164 2395 3216 in
2434 3177 2537 3217 ms.
2568 3161 2839 3233 leguntur.
2880 3160 3035 3229 Quod
3060 3161 3310 3216 evenisse
3336 3159 3572 3227 videtur,

253 3257 487 3323 dimitus
513 3255 817 3329 inspicitur.
842 3256 1110 3327 Trajanus
1136 3270 1351 3327 quoque
1379 3254 1591 3317 duobus
1618 3259 1670 3312 in
1702 3272 1865 3311 num-

252 3353 358 3409 mis
386 3360 449 3417 et
480 3349 799 3417 Valerianus
826 3349 1061 3407 Gallieni
1087 3348 1267 3417 Pater,
1300 3349 1578 3406 Gallienus
1606 3364 1734 3405 vero
1767 3350 1869 3405 tri-

250 3446 352 3503 bus
396 3446 455 3501 in
515 3444 933 3503 numismatibus
979 3444 1071 3500 tali
1122 3459 1323 3499 corona
1372 3442 1625 3499 videntur
1662 3444 1860 3499 ornati.

252 3539 380 3594 Haec
408 3537 747 3593 numismata
773 3536 993 3593 exhibet
1033 3536 1340 3595 liarduinus
1394 3543 1518 3609 post
1565 3534 1865 3590 secundum

248 3630 364 3687 Caii
397 3628 571 3691 Plinii
621 3638 841 3685 tomum‘
865 3629 933 3685 ab
959 3630 1077 3703 ipso
1107 3628 1333 3684 editum.
1386 3627 1453 3683 Et
1479 3627 1533 3691 in
1565 3628 1864 3682 numisma-

249 3726 398 3783 tibus
428 3727 621 3787 aureis
656 3727 1025 3787 Romanorum
1067 3726 1458 3800 lmperatorum
1488 3729 1556 3785 ab
1574 3729 1775 3793 Jacobs
1797 3729 1866 3787 de

245 3821 340 3879 Bie
393 3823 674 3892 collectis,
722 3824 857 3881 Ta'b.
913 3823 986 3880 40
1039 3824 1335 3894 Pupienus,
1398 3825 1530 3881 Tab.
1582 3824 1647 3881 41
1692 3834 1747 3880 et
1792 3825 1863 3880 42

242 3914 518 3987 Philippi,
562 3925 714 3985 pater
740 3924 798 3972 et
828 3916 1000 3981 tilius,
1034 3916 1167 3971 Tah.
1225 3917 1296 3972 42
1349 3916 1703 3984 Hostilianas,
1759 3917 1863 3973 Ta-

244 4007 367 4062 bula
406 4010 487 4065 45
531 4007 878 4073 λΕηιὶΙίωιιιε,
925 4007 1059 4075 Tal).
1101 4008 1173 4065 44
1208 4008 1521 4065 Valerianus
1575 4018 1631 4065 et
1658 4010 1861 4067 Gallie-

241 4118 345 4159 nus
395 4101 600 4171 eadem
649 4117 852 4161 corona
917 4103 1126 4159 radiata
1195 4104 1439 4176 insigniti
1499 4104 1854 4175 aspiciuntur.

242 4194 437 4257 Romae
467 4196 697 4266 insuper
745 4197 798 4251 in
841 4196 1150 4254 Barbarinis
1200 4195 1407 4253 :edibus
1456 4197 1583 4253 dum
1636 4197 1856 4269 antiqua

241 4300 501 4346 cementa
549 4288 940 4356 effoderentur,
996 4290 1266 4349 nomisma
1308 4300 1581 4361 repertum
1627 4301 1748 4361 est,
1802 4302 1862 4347 ut

241 4383 517 4440 Romana:
591 4382 976 4440 Litteratorum
1039 4386 1417 4456 ephemeridcs
1488 4387 1615 4441 anni
1696 4386 1857 4453 l677,

241 4492 368 4550 pag.
403 4477 538 4542 175,
568 4476 845 4544 referunt,
902 4478 1071 4533 tribus
1118 4477 1444 4549 imaginibus
1500 4478 1849 4549 insculptum,

1972 3260 2099 3329 quia
2125 3255 2381 3312 Coronati
2412 3256 2580 3313 verba
2609 3256 2948 3327 interpolalis
3000 3265 3054 3311 et
3080 3256 3353 3326 corruptis
3381 3255 3572 3311 litteris

1971 3367 2193 3408 sensum
2227 3349 2524 3421 perfectum
2558 3365 2666 3405 non
2698 3349 3095 3421 exprimebaut,
3144 3349 3209 3403 ad
3254 3348 3574 3403 continuan-

1968 3445 2092 3501 dam
2122 3444 2486 3499 narrationem
2518 3443 2619 3497 alia
2651 3452 2773 3498 sunt
2818 3441 3019 3510 addita,
3050 3450 3103 3497 et
3142 3440 3418 3513 quaedam,
3449 3454 3573 3510 quae

1969 3553 2077 3592 non
2102 3536 2382 3608 probanda
2414 3536 2684 3603 videntur,
2723 3535 2838 3591 hch
2877 3550 2942 3591 ea
2983 3546 3129 3605 sunt,
3162 3552 3280 3607 qua:
3306 3536 3363 3590 in
3391 3535 3568 3590 omni-

1967 3633 2067 3687 bus
2094 3629 2496 3699 exemplaribus
2528 3645 2634 3684 non
2660 3616 3029 3700 reperiuntur,
3075 3636 3137 3683 ut
3172 3643 3241 3683 ex
3270 3627 3568 3683 collatione

1968 3741 2070 3780 ms.
2120 3725 2350 3796 quisque
2393 3724 2665 3794 conjicere
2712 3731 2916 3793 potest.
2964 3722 3077 3778 Hoc
3124 3731 3181 3777 et
3225 3723 3277 3777 in
3316 3721 3572 3792 praesenti

1966 3834 2095 3887 ms.,
2142 3834 2304 3890 quem
2354 3816 2587 3874 ﬁdeliter
2638 3818 2979 3885 exhibemus,
2999 3820 3042 3874 si
3072 3831 3194 3873 cum
3225 3817 3372 3873 edito
3395 3832 3428 3872 a
3454 3818 3569 3873 Do-

1966 3916 2130 3971 tninis
2159 3912 2461 3970 Balleriniis
2487 3913 2821 3978 conferatur,
2856 3913 3054 3984 poterit
3078 3910 3376 3968 observari.
3422 3909 3569 3968 Nihil

1965 4018 2142 4065 autem
2174 4010 2375 4064 certius
2416 4009 2468 4064 in
2510 4008 2697 4063 eadem
2742 4008 3051 4062 narratione
3088 4006 3351 4062 contineri
3383 4005 3569 4065 dicen-

1962 4102 2091 4158 dum
2140 4110 2251 4170 est,
2303 4117 2465 4173 quam
2523 4117 2779 4157 coronam
2842 4116 2873 4156 a
2933 4100 3182 4157 Gallieno
3239 4101 3298 4154 Ι).
3357 4099 3566 4157 Zenoni

1963 4196 2237 4261 donatam,
2287 4205 2345 4251 ut
2378 4211 2451 4251 ex
2500 4194 2660 4250 variis
2706 4178 3125 4251 numismatibus
3159 4195 3567 4265 comprobatur.

2038 4288 2058 4343 Ι
2097 4290 2200 4345 Ms.
2227 4287 2557 4343 Pistoriense
2591 4287 2905 4342 Monasterii
2948 4285 3006 4343 S.
3037 4286 3259 4342 Joannis
3285 4285 3564 4358 Baptista).

2035 4384 2092 4439 lu
2122 4384 2467 4440 solemnitate
2490 4382 2546 4438 S.
2579 4381 2817 4437 Zenonis
2871 4382 3145 4453 Episcopi,
3195 4391 3251 4439 et
3293 4382 3428 4438 Con.
3480 4382 3563 4436 Ad

1973 4475 2221 4548 Vesperas
2250 4475 2372 4530 Aut.
2409 4491 2427 4530 :
2457 4474 2720 4530 Dominus
2749 4473 2908 4530 Jesus
2938 4473 3183 4531 Christus
3208 4515 3223 4545 ,
3273 4490 3391 4531 cum
3439 4474 3565 4530 reti-

242 4545 447 4641 nentpe
476 4569 775 4637 Valeriani,
808 4568 1039 4629 Gallieni
1066 4545 1480 4641 ltttperatorum,
1504 4583 1558 4626 et
1584 4545 1852 4627 Valeriani
1882 4545 1936 4606 D
1958 4545 2081 4641 quis
2093 4570 2156 4625 de
2185 4567 2469 4633 Laudibus,
2501 4568 2555 4622 in
2580 4567 2683 4637 fine
2710 4566 2881 4622 Laud.

235 4664 478 4734 junioris
501 4705 516 4731 ,
550 4664 639 4719 ubi
666 4662 948 4721 Gallienus
981 4664 1186 4721 radiata
1231 4681 1434 4723 corona
1479 4666 1849 4739 distinguitur.

239 4755 474 4815 Cautius
508 4757 669 4828 igitur
694 4757 747 4815 in
779 4757 942 4814 rebus
968 4756 1204 4828 antiquis
1231 4758 1497 4830 agendum
1526 4768 1645 4828 est,
1678 4775 1855 4831 neque

236 4851 389 4907 enim
443 4851 630 4915 omnia
674 4850 893 4921 antiqua
958 4860 1307 4911 monumenta
1366 4863 1645 4924 perSpecta
1696 4853 1855 4911 nobis

238 4954 390 5012 sunt,
427 4945 661 5015 plurima
687 4945 984 5015 perierunt.
1010 4944 1240 5001 Temere
1273 4944 1562 5016 aliquando
1589 4960 1856 5017 spernun-

241 5046 328 5094 tur
356 5039 590 5110 antiqua
622 5052 915 5107 mss.,qu:e
929 5037 1100 5107 magis
1132 5052 1258 5093 vera
1282 5046 1430 5107 sunt,
1463 5038 1590 5094 utin
1621 5039 1721 5105 hac
1746 5036 1852 5096 Co-

239 5132 423 5193 ronati
468 5132 782 5189 narratione
831 5131 1094 5203 contingit
1123 5152 1135 5186 :
1168 5147 1236 5189 eo
1282 5134 1483 5188 etcnitn
1516 5133 1714 5204 capite,
1745 5149 1853 5206 quo

238 5224 514 5283 inﬁrmari
545 5225 850 5295 putabatur,
900 5225 1071 5297 magis
1095 5226 1406 5283 conﬁrmari
1447 5228 1849 5298 conspicimus;

239 5333 363 5375 uim
390 5332 466 5381 es
494 5319 595 5372 hac
614 5333 644 5371 a
674 5316 924 5373 Gallieno
964 5317 1021 5375 8.
1056 5317 1262 5375 Zenoni
1290 5334 1491 5375 corona
1519 5319 1662 5375 dono
1703 5320 1849 5388 data,

242 5428 351 5467 non
407 5411 590 5485 omnia
620 5425 741 5480 qua:
768 5411 819 5466 in
847 5426 909 5467 ea
940 5411 1287 5473 continentur
1331 5414 1472 5469 inter
1511 5411 1720 5470 fabulas
1758 5430 1879 5487 reg

241 5502 523 5559 censenda
555 5515 678 5557 esse
705 5502 984 5559 evidenter
1012 5514 1307 5574 appareat,
1343 5505 1613 5576 praecipue
1640 5522 1759 5578 qua:
1786 5508 1854 5565 de

242 5594 485 5651 Gallieni
517 5596 621 5651 ﬁlia
646 5596 977 5657 scribuntur.
1128 5651 1139 5661 ,

318 5690 516 5762 Neque
541 5691 754 5747 veritati
799 5691 866 5746 de
901 5689 1138 5747 Gallieni
1169 5690 1294 5746 ﬁliae
1327 5691 1642 5749 liberatione
1667 5693 1853 5773 ofﬁcit,

253 5783 407 5863 quod
440 5782 703 5855 adnatant
743 5783 901 5841 iidem
928 5799 1111 5873 rerum
1138 5783 1512 5867 historicarnpi
1546 5784 1857 5861 peritissimi

2380 4718 2384 4721 _
2609 4664 2674 4717 D.
2706 4677 2915 4718 omnes.

2322 4758 2457 4815 Car.
2485 4758 2630 4815 Ecce
2651 4756 2917 4817 Sacerdos
2943 4755 3166 4830 Magnus
3193 4774 3207 4811 :

2616 4871 2918 4929 HYMNUS.

2335 4979 2504 5030 Sancti
2526 4976 2737 5029 Zenonis
2762 4977 2983 5040 praesulis

2270 5041 2512 5106 Hymnum
2534 5040 2713 5093 Christi
2729 5041 3003 5106 deferimus

2271 5104 2363 5166 Qui
2383 5106 2586 5154 evitavit
2601 5104 2833 5153 saeculum

2270 5168 2515 5218 Mercatus
2536 5166 2714 5216 Christi
2742 5167 2993 5229 praemium

2330 5230 2423 5289 Qui
2450 5231 2503 5279 in
2517 5228 2845 5280 adolescentia

2269 5293 2364 5343 Dei
2390 5299 2635 5356 praecepta
2662 5293 2841 5356 tenuit,

2269 5353 2567 5418 Stipemque
2588 5353 2769 5417 largam
2786 5354 2977 5417 jugiter

2268 5419 2500 5480 Erogavit
2524 5418 2839 5480 pauperibus.

2334 5480 2557 5539 Piscandi
2582 5487 2686 5529 arte
2715 5492 2831 5529 usus
2853 5485 2930 5528 est

2272 5545 2460 5604 Dogma
2480 5554 2700 5602 sequens
2722 5540 3061 5605 orthodoxum,
3078 5577 3089 5583 -

2274 5608 2447 5657 Merslt
2472 5617 2668 5666 manum
2693 5606 2739 5651 in
2766 5604 2992 5666 gurgite,

2272 5667 2484 5718 Piscavit
2515 5663 2688 5715 ChriSti
2712 5663 2934 5726 gratiam.

2338 5730 2496 5780 [nstar
2518 5726 2657 5776 Petri
2678 5723 2881 5789 apostoli

2274 5794 2439 5858 Digna
2460 5791 2658 5842 sortitus
2678 5790 2878 5856 merita,
