3798 6322
425 324 524 377 727

732 442 876 491 Pater
898 440 1286 499 Pistoriensium,

729 504 1004 567 Confessor,
1017 514 1212 567 gemma
1228 502 1513 567 prae-saltm).

790 563 997 629 Crebris
1008 563 1205 629 quoque
1223 563 1428 627 jejuuiis

728 626 897 678 Carnis
919 626 1102 689 repulit
1125 626 1260 686 vitia,

728 690 876 753 ξτερο
898 690 1121 744 docendo
1146 691 1379 753 populum

726 751 985 802 Destruxit
1006 752 1172 802 mundi
1199 752 1344 801 idola.

792 814 997 877 Magnus
1021 816 1244 863 existens
1266 815 1487 865 medicus
1502 850 1514 873 ,

723 875 916 927 Inﬁrma
937 890 1114 927 sanans
1140 890 1361 938 corpora,

730 941 876 1004 Szepe
904 938 1088 1004 liberos
1111 941 1301 1004 animos

728 1001 971 1055 Obsessos
990 1015 1016 1049 a
1035 1001 1247 1052 diabolo.

788 1065 941 1115 'l‘auta
969 1064 1192 1125 repletus
1211 1068 1368 1125 gratia

726 1128 861 1179 Obiit
880 1128 934 1190 in
958 1126 1135 1177 Christi
1160 1129 1405 1190 requiem,

726 1190 790 1241 Et
813 1189 955 1238 nobis
976 1202 1176 1251 semper
1198 1189 1409 1239 maxima

729 1252 962 1304 Ostendit
983 1251 1237 1300 mirabilia.

790 1314 1041 1376 Rogemus
1063 1326 1184 1374 ergo
1206 1312 1370 1376 populi

728 1378 1072 1428 Confessorem
1097 1376 1332 1425 Altissimi
1349 1416 1363 1434 ,

733 1442 787 1491 Ut
818 1440 925 1503 ipse
949 1438 1090 1503 nobis
1111 1438 1349 1503 impetret

723 1500 905 1553 Pacem
931 1508 983 1550 et
1005 1500 1375 1561 indulgentiam.
1445 1500 1620 1551 Amen.

501 1613 533 1681 ᾖ
558 1651 571 1664 .
604 1609 707 1666 Ora
738 1624 836 1680 pro
864 1609 1038 1676 nobis,
1067 1607 1228 1663 Beate
1254 1607 1424 1662 Zeno.

502 1706 575 1773 ti}.
609 1702 842 1773 Utdigni
873 1700 961 1758 eff.
993 1716 1170 1772 prom.
1203 1699 1424 1754 Christi.

486 1796 569 1851 Ad
604 1796 745 1869 Mag.
771 1796 891 1850 Ant.
918 1795 1053 1849 Dum
1091 1794 1237 1849 Zetto
1274 1793 1624 1849 Pontiﬁcatus
1657 1793 1864 1847 honore
1892 1791 2011 1862 pol-

416 1891 552 1947 leret
581 1889 756 1952 valde,
790 1888 996 1943 meritis
1021 1900 1124 1941 non
1159 1887 1345 1957 paucis
1371 1885 1748 1951 existentibus,
1777 1883 2008 1941 Gallieni

412 1985 640 2039 Cassaris
686 1982 851 2038 tiliam
900 1997 929 2035 a
981 1981 1199 2036 ruinosa
1238 1990 1391 2052 peste
1420 1980 1513 2035 Dei
1547 1980 1743 2035 virtute
1772 1980 2009 2035 sanavit.

421 2074 509 2130 Ps.
534 2073 680 2147 May.

886 2170 965 2224 Ad
994 2169 1126 2226 Mat.
1160 2169 1540 2223 Invitatorium.

494 2287 877 2343 Confessorum
908 2286 1110 2355 Regem
1141 2284 1450 2339 adoremus.
1495 2282 1594 2352 Qui
1636 2282 1879 2338 ccclesiis
1925 2297 2012 2337 re-

414 2383 504 2452 gni
536 2381 823 2445 meritum,
857 2387 912 2434 et
934 2380 1161 2451 gloriam
1192 2377 1418 2433 contulit
1440 2385 1630 2433 sancto
1656 2390 1755 2431 suo
1784 2373 2007 2431 Zenoni.

418 2475 512 2531 Ps.
555 2473 751 2541 Venite,
783 2474 941 2531 exuit.

914 2565 980 2621 In
1009 2567 1175 2637 primo
1207 2565 1365 2623 Nact.
1390 2566 1509 2620 Ant.

376 2720 399 2738 .
481 2685 565 2740 Ab
590 2694 742 2740 utero
771 2684 961 2740 matris
994 2685 1090 2738 fuit
1116 2683 1452 2738 santilicatns
1481 2683 1669 2737 beatus
1701 2681 1871 2748 Zeno,
1901 2690 1956 2737 et
1980 2696 2009 2736 a

409 2779 692 2836 cunabulis
718 2778 1053 2836 benedictus.
1086 2777 1179 2832 Ps.
1209 2776 1401 2832 Beatus
1445 2777 1521 2830 vir
1567 2777 1681 2844 qui.
1709 2775 1830 2831 Ant.
1873 2774 2008 2829 Pro-

410 2873 594 2928 bitatis
647 2882 702 2928 et
737 2873 977 2927 scientiae
1021 2871 1240 2943 jugibus
1285 2870 1633 2926 incrementis
1655 2869 1721 2924 ad
1756 2869 1859 2923 hoc
1885 2884 2010 2940 pcr-

408 2966 620 3035 tingere
652 2964 870 3031 meruit,
902 2974 962 3019 ut
994 2979 1089 3034 per
1115 2963 1462 3019 sacerrimam
1496 2962 1659 3017 vitam
1714 2972 1897 3032 pastor
1954 2961 2008 3017 in

411 3058 624 3129 populis
654 3058 984 3114 efﬁceretur.
1019 3055 1112 3111 Ps.
1164 3057 1334 3124 Quare
1379 3056 1530 3127 frent.
1560 3055 1684 3109 Aul.
1726 3054 2008 3111 Continuis

406 3151 629 3222 jejuniis
657 3160 712 3206 et
755 3150 1088 3211 orationibus
1118 3149 1327 3205 crebris
1367 3164 1399 3203 a
1425 3148 1653 3205 Domino
1681 3149 1915 3219 petebat,
1950 3161 2005 3205 ut

1538 321 1623 378 DE
1663 320 1903 378 SANtITl
1946 319 2235 378 ZENONIS
2275 319 2544 376 EPOCIM
3520 329 3590 386 iiii

2042 446 2094 504 Α
2122 441 2385 512 impares,
2416 450 2470 495 et
2523 441 2734 512 penitus
2776 440 2840 495 ad
2881 440 3225 513 exprimenda
3268 459 3369 514 quas
3406 450 3591 516 gessimus

2119 534 2447 600 inefﬁcaces,
2480 534 2751 605 quomodo
2802 535 2881 590 rei
2931 535 3207 591 materiam
3234 538 3471 595 verborum
3492 557 3592 598 ωω-

2121 627 2317 699 positio
2360 632 2466 683 non
2516 628 2830 699 :rquiparat,
2879 643 2945 683 ea
2988 637 3166 684 tamen
3194 644 3306 701 qua:
3338 632 3395 686 de
3416 633 3596 693 hostile.

2119 722 2275 776 nonis
2314 721 2599 777 virtutibus
2631 725 2713 777 vel
2736 721 2976 791 scriptis,
3004 723 3086 777 vel
3112 722 3409 778 carminibus
3428 725 3598 787 ediscere

2116 813 2407 878 valuimus,
2431 812 2786 869 disseramus.
2827 814 2865 883 πῆ
2889 858 2903 870 .
2933 814 3015 867 Ab
3042 823 3195 869 utero
3217 816 3382 872 matris
3404 816 3481 873 luit
3498 836 3603 876 sauc-

2121 905 2354 962 tilieatus
2384 905 2444 960 B.
2472 905 2620 962 Zeno
2644 948 2657 972 ,
2688 915 2743 960 et
2770 922 2799 960 a
2824 907 3109 962 cunabulis
3148 906 3431 964 benedictus
3461 911 3512 965 ab
3540 913 3605 968 ita:

2118 999 2426 1068 pertingere
2453 999 2668 1064 meruit,
2705 1009 2760 1054 ut
2789 1011 2972 1069 pastor
3014 998 3066 1054 in
3111 1000 3315 1070 populis
3348 1017 3427 1072 per
3449 1008 3610 1063 sacerri-

2118 1107 2260 1147 mam
2285 1092 2447 1147 vitam
2472 1092 2797 1148 efficeretur.

2204 1186 2277 1253 ξ’.
2319 1186 2375 1241 In
2422 1202 2639 1244 omnem
2691 1197 2889 1243 terram
2964 1190 3130 1244 exivit
3191 1204 3348 1246 sonus
3406 1206 3616 1247 conversa-

2119 1279 2278 1335 tionis
2321 1279 2462 1348 eius,
2490 1290 2546 1337 et
2568 1280 2838 1339 Sanctitas
2871 1284 3174 1340 luculenter
3209 1285 3426 1342 emicuit.
3463 1285 3519 1342 Ut
3554 1288 3619 1342 Pa-

2116 1380 2253 1435 διον,
2280 1382 2387 1428 CIC.

2759 1470 2902 1527 Lact.
2947 1471 3068 1527 III.

2189 1561 2245 1616 In
2273 1561 2461 1617 diebus
2485 1562 2835 1634 Imperatoris
2872 1564 3107 1622 Gallieni
3131 1609 3147 1634 ,
3173 1568 3266 1639 qui
3294 1582 3381 1637 per
3404 1570 3622 1624 successio-

2118 1669 2215 1709 nes
2253 1652 2525 1712 Cassarum
2552 1658 2843 1728 vigesimus
2869 1662 3133 1731 septimus
3161 1662 3214 1715 in
3242 1677 3415 1717 eorum
3446 1673 3515 1718 est
3533 1674 3626 1718 cata-

2119 1748 2241 1819 logo
2262 1748 2605 1822 subrogatus,
2652 1767 2761 1823 quo
2808 1756 2969 1808 etiam
3023 1764 3268 1826 tempore
3310 1756 3550 1828 Dionysius
3574 1760 3627 1812 rit

2042 1834 2087 1893 Β
2117 1841 2597 1899 reverendissimus
2632 1858 2663 1898 a
2707 1844 2867 1901 beato
2918 1846 3082 1902 Petro
3127 1848 3383 1918 Apostolo
3418 1851 3629 1919 vigesima

2118 1944 2303 1989 sextus
2352 1934 2609 1990 Romana:
2660 1938 2982 2007 prmsidcbat
3031 1939 3320 2006 Ecclesi:e,
3349 1942 3397 1996 in
3430 1943 3630 2014 producit

2120 2026 2305 2093 italiae,
2338 2027 2391 2082 iu
2415 2025 2649 2083 Ciritatc
2672 2029 2886 2085 Verona
2908 2031 2967 2085 Β.
2989 2031 3226 2087 Zenonis
3248 2043 3365 2089 acta
3380 2035 3625 2089 claruerunt.

2117 2118 2278 2189 Cujus
2324 2121 2422 2174 viri
2469 2121 2695 2176 virtutes
2736 2122 2802 2177 ad
2849 2122 3111 2194 liquidum
3158 2141 3291 2193 quas
3328 2126 3378 2180 iu
3415 2142 3628 2181 conversa-

2119 2212 2267 2268 tione
2324 2212 2406 2268 vel
2451 2214 2501 2269 in
2548 2214 2824 2270 miraculis
2854 2218 3067 2287 peregit
3096 2218 3367 2288 explicare
3408 2236 3496 2275 non
3534 2218 3632 2273 sulti-

2116 2305 2343 2371 cicntes,
2385 2306 2593 2377 aliquas
2625 2317 2807 2364 tamen
2845 2308 3003 2379 juxta
3048 2312 3195 2382 quod
3224 2312 3472 2383 attingere
3505 2328 3632 2384 pessu—

2115 2409 2255 2462 mus,
2282 2412 2536 2454 enarrare
2564 2399 2799 2455 veridiea
2821 2402 3031 2457 ratione
3056 2417 3335 2459 conamur.

2201 2487 2274 2558 ἢ.
2318 2488 2375 2545 ln
2412 2492 2693 2547 secretiori
2718 2504 2870 2564 parte
2898 2491 3139 2549 Oratorii
3188 2496 3448 2552 continuis
3482 2496 3632 2568 jejunis

2113 2590 2171 2637 et
2197 2582 2404 2638 crebris
2433 2584 2765 2641 orationibus
2813 2602 2843 2640 a
2894 2586 3126 2644 Domino
3180 2590 3429 2659 petebat;
3479 2590 3535 2645 Ut
3569 2592 3631 2643 sibi

2112 2674 2426 2746 dignaretur
2475 2676 2654 2731 aditus
2694 2677 3096 2747 praedicationis
3126 2679 3179 2735 in
3223 2681 3429 2752 populis
3465 2682 3630 2752 aperire.

2125 2769 2159 2837 Ῡ
2188 2810 2201 2823 .
2250 2769 2332 2824 Ad
2381 2770 2780 2826 convertendus
2808 2771 2862 2826 in
2904 2788 3151 2829 amorem
3212 2775 3455 2845 Episcopi
3490 2775 3632 2830 animas

2111 2858 2390 2915 hominum
2422 2861 2510 2918 die
2534 2871 2805 2934 noctuque
2841 2860 3057 2920 deditus
3091 2877 3231 2921 erat.
3261 2865 3351 2932 Ut,
3379 2877 3473 2921 etc.

2185 2954 2249 3010 In
2271 2956 2496 3012 secundo
2521 2955 2678 3011 Noct.
2700 2958 2816 3011 Ant.
2844 2956 3089 3013 Affabilis
3115 2959 3188 3015 ita
3216 2969 3336 3014 erat
3362 2961 3410 3013 in
3438 2959 3631 3015 sermoni-

2114 3048 2234 3110 bus.
2260 3058 2316 3105 et
2346 3051 2399 3104 in
2432 3049 2616 3105 habitu
2646 3050 2793 3104 mitis
2814 3091 2829 3116 ,
2855 3061 2912 3104 ut
2938 3050 3078 3106 Deus
3107 3052 3160 3106 in
3193 3051 3289 3106 illo
3318 3050 3632 3107 collaudantur

2106 3142 2177 3197 ab
2195 3143 2445 3198 omnibus
2467 3142 2805 3199 venientibus
2827 3144 2890 3198 ad
2905 3158 3061 3199 se.—
3076 3143 3169 3200 Ps.
3198 3143 3327 3199 Cum
3348 3144 3632 3200 inuam—Au.

412 3244 515 3298 sibi
549 3244 749 3298 aditum
798 3243 1202 3315 praedicationis
1252 3244 1305 3298 in
1352 3243 1564 3315 populis
1610 3243 1865 3315 aperiret.
1914 3242 2008 3299 Ps.
2037 3230 2082 3295 C
2119 3237 2253 3291 Dum
2283 3236 2543 3293 exercitio
2577 3238 2891 3306 piscationis
2921 3238 3237 3309 fungeretur
3275 3240 3327 3295 in
3366 3237 3635 3303 ﬂuvio,ridit

411 3336 654 3410 Domine,
679 3340 801 3409 quid
826 3341 979 3394 mult.

502 3433 534 3501 ir
563 3471 574 3484 .
617 3433 699 3488 Ab
729 3440 881 3509 utero
895 3432 1083 3488 matris
1109 3431 1208 3487 fuit
1232 3431 1598 3488 sanetilicatus
1625 3431 1822 3488 Beatus
1840 3432 2011 3489 Zeno.

500 3527 572 3594 ti.
606 3527 674 3582 Et
701 3543 732 3580 a
759 3529 1038 3584 cunabulis
1069 3528 1408 3585 benedictus.

631 3641 696 3697 In
729 3641 885 3698 Festo
927 3643 991 3699 S.
1028 3644 1249 3701 Zenonis
1290 3644 1534 3717 Episcopi
1565 3654 1612 3700 et
1640 3643 1795 3716 Conf.

1094 3758 1235 3815 Lecl.
1276 3760 1327 3814 1.

485 3848 619 3905 Olim
670 3850 1122 3920 peritissimortun
1175 3852 1585 3924 disciplinabilis
1638 3869 1755 3910 mos
1781 3857 2008 3924 exstitit,

416 3945 657 4001 virorum
682 3944 1028 4017 indagatione
1053 3944 1294 4016 diligenti
1328 3958 1639 4003 sanctorum
1669 3951 1801 4004 vitas
1824 3952 2011 4022 exqui-

412 4054 563 4105 rere,
595 4052 890 4110 earumque
918 4040 1114 4094 seriem
1139 4040 1263 4111 styli
1310 4038 1491 4095 officio
1518 4039 1767 4108 sollicite,
1813 4059 1876 4099 ac
1927 4060 2014 4100 ra-

415 4128 746 4185 tionabiliter
774 4131 1050 4186 memoria:
1077 4130 1407 4202 posteritatis
1428 4134 1724 4205 assignare,
1746 4146 2010 4206 quatenus

415 4220 485 4274 ob
505 4236 618 4276 suae
643 4223 877 4278 studium
900 4224 1179 4291 doctrin-.e,
1202 4226 1438 4281 virorum
1470 4222 1520 4281 in
1556 4228 1689 4283 orbe
1713 4229 2011 4286 imitatione

419 4313 720 4383 potirentur
747 4358 761 4381 ,
787 4327 841 4370 et
870 4332 1055 4371 eorum
1077 4318 1398 4391 quandoque
1435 4323 1713 4377 conSortio
1742 4324 1791 4377 in
1820 4338 2011 4393 peren-

417 4408 499 4462 nis
528 4410 652 4463 vitze
671 4410 841 4479 gloria
864 4409 1187 4469 fruerentur.
1217 4412 1306 4469 Sic
1333 4417 1534 4471 etenim
1561 4417 1724 4473 instat
1747 4419 2009 4488 sapientis

418 4518 572 4558 mens
600 4503 666 4560 ad
694 4500 1091 4578 investigandas
1127 4520 1437 4566 sanctorum
1470 4513 1634 4579 ritas,
1659 4524 1932 4584 tamquam
1963 4515 2007 4569 si

2119 3328 2407 3399 quemdam
2456 3328 2730 3384 hominem
2787 3330 2842 3384 in
2886 3330 3126 3399 plaustro
3153 3332 3428 3388 sedentem
3449 3347 3528 3402 per
3546 3345 3632 3400 pra-

2117 3434 2244 3489 reps
2269 3419 2322 3474 in
2345 3432 2559 3474 amnem
2582 3419 2843 3492 demergi.
2879 3421 3155 3477 PrJ’erba
3189 3441 3322 3478 mea.
3345 3426 3458 3478 Ant.
3483 3423 3555 3477 Vir
3575 3420 3631 3475 Dei

2116 3512 2322 3567 elevata
2350 3528 2564 3568 sursum
2598 3529 2755 3569 manu
2786 3515 2913 3571 fecit
2940 3517 3150 3587 signum
3182 3529 3385 3573 sancta:
3408 3518 3562 3573 Crucis
3584 3515 3633 3569 di-

2114 3619 2276 3659 cens:
2310 3616 2586 3662 revertere
2618 3614 2788 3674 retro,
2815 3608 3067 3673 Satanas,
3085 3624 3155 3664 ne
3179 3610 3412 3680 perimas
3436 3610 3631 3665 hominem

2114 3712 2275 3767 quem
2331 3696 2474 3753 Deus
2512 3700 2737 3754 creavit.
2790 3699 2881 3754 Ps.
2943 3700 3165 3757 Domine
3216 3700 3460 3757 Dominus
3502 3711 3629 3755 noua.

2130 3789 2166 3857 Ῡ
2192 3829 2205 3843 .
2257 3788 2525 3846 Sacerdos
2573 3791 2666 3846 Dei
2722 3791 2871 3848 Zeno
2931 3794 3155 3849 sedebat
3220 3810 3386 3866 super
3448 3790 3627 3863 lapidem.

2131 3883 2204 3952 ti.
2236 3884 2303 3939 Et
2323 3885 2453 3940 artis
2488 3886 2802 3955 apostolicae
2846 3887 3170 3945 documenta
3200 3906 3429 3963 sequens
3457 3886 3629 3961 piscaba-

2116 3985 2202 4031 tur
2232 3978 2285 4032 in
2318 3976 2563 4034 ﬂumine.

2774 4073 2913 4129 Lect.
2939 4074 2966 4128 Ι
2983 4074 3042 4130 γ.

2187 4162 2314 4218 Fuit
2338 4163 2520 4233 itaque
2540 4179 2570 4219 a
2592 4166 2779 4222 matris
2805 4176 2961 4223 utero
2987 4169 3379 4238 sanctiﬁcatus,
3406 4180 3455 4226 et
3477 4184 3502 4226 a
3523 4182 3629 4224 cutu-

2114 4256 2257 4312 bulis
2301 4258 2639 4325 benedictus,
2669 4271 2725 4315 ut
2756 4263 3054 4319 assertione
3082 4264 3266 4319 divina
3320 4267 3373 4320 in
3419 4280 3477 4319 eo
3517 4262 3627 4332 repeti

2113 4349 2407 4412 videretur.
2450 4352 2593 4423 quod
2643 4352 2892 4410 Jeremiae
2917 4355 3117 4410 dictum
3144 4366 3229 4412 est
3265 4377 3277 4411 :
3308 4358 3576 4426 Priusquam
3599 4365 3628 4406 lt

2115 4442 2404 4498 formarem
2438 4445 2492 4498 in
2546 4448 2725 4512 utero,
2760 4448 2883 4503 novi
2928 4457 3001 4515 te,
3034 4458 3091 4503 et
3120 4461 3408 4522 antequam
3435 4447 3637 4506 exiresdr'

2115 4546 2306 4589 ventre
2338 4577 2355 4603 ,
2406 4537 2739 4594 sanctificavi
2786 4549 2860 4597 te.
2916 4541 3159 4613 Denique
3210 4544 3484 4614 probitatis
3526 4551 3629 4612 atque

414 4597 609 4669 aliquis
628 4600 834 4707 .sitieu‘s
884 4601 1080 4658 ardore
1128 4605 1260 4661 solis
1307 4605 1532 4662 adnsms
1575 4607 1732 4662 avide
1776 4607 2004 4663 fontium
2036 4623 2087 4682 υ
2112 4597 2588 4701 scie,,,i,,;j,,gib,,s
2618 4633 2969 4688 ίηαιθηιεηιίε
2997 4597 3524 4707 πἠοίρέέξίίηέέτε
3555 4597 3628 4687 ,,;...

412 4691 761 4762 concupiscat
787 4692 1009 4761 ﬂuenta,
1044 4698 1129 4752 vel
1167 4701 1328 4754 etiam
1379 4701 1424 4754 si
1463 4700 1583 4770 quis
1612 4701 2009 4758 desideratissi-

413 4800 558 4839 mtnn
583 4801 647 4841 ex
672 4798 879 4840 remota
901 4787 1117 4857 regione
1144 4790 1330 4846 audire
1358 4792 1560 4847 ambiat
1590 4794 1837 4850 nuntium
1871 4837 1887 4857 ,
1917 4807 2010 4851 aut

418 4887 569 4933 certe
591 4879 634 4934 si
664 4880 885 4950 quilibet
917 4878 1236 4936 deliciarum
1259 4882 1488 4954 dapibus
1510 4885 1769 4941 educatus
1801 4888 1853 4943 in
1866 4904 2006 4959 quo-

415 4972 537 5025 dam
567 4973 859 5046 longinquo
887 4974 1078 5031 itinere
1113 4976 1342 5045 positus,
1393 4979 1627 5034 esuriem
1681 4982 1746 5036 ad
1789 4982 2005 5037 solitam

411 5066 492 5118 sui
522 5067 704 5135 cupiat
728 5070 931 5122 ventris
980 5070 1265 5137 pervenire
1305 5070 1629 5127 satietatem.
1678 5075 1713 5141 tt
1738 5115 1750 5127 .
1783 5074 1878 5129 llic
1926 5087 2009 5131 est

410 5173 567 5215 sacer
599 5159 821 5217 antistes
873 5162 1042 5228 Zeno,
1070 5179 1227 5232 quem
1259 5168 1469 5236 gemina
1512 5167 1707 5223 virtute
1749 5170 2005 5228 Dominus

411 5252 713 5307 sanctitatis
767 5262 822 5308 ct
876 5255 1155 5323 sapientiae
1204 5258 1498 5315 decoravit.
1531 5261 1696 5331 Cujus
1742 5263 2002 5332 przerlara

403 5342 677 5399 fulserunt
709 5345 758 5399 in
787 5345 986 5402 mundo
1015 5348 1296 5415 miracula,
1328 5360 1382 5405 et
1408 5351 1463 5405 in
1497 5354 1649 5414 caelis
1673 5354 1902 5424 adeptus
1921 5367 2000 5411 est

407 5438 736 5509 Angelorum
767 5441 1114 5496 commercia.
1164 5443 1238 5513 ᾖ.
1284 5442 1390 5499 Iste
1417 5446 1618 5516 estqui
1663 5456 1789 5502 ante
1835 5448 1998 5503 Deum

401 5544 623 5601 magnas
656 5532 880 5588 virtutes
901 5543 1154 5602 Operatus
1174 5547 1280 5601 est,
1307 5543 1365 5592 et
1385 5538 1560 5594 omnis
1585 5547 1727 5594 terra
1748 5538 1993 5596 doctrina

403 5622 519 5690 ejus
546 5625 750 5694 repleta
769 5634 871 5681 est.
901 5624 1088 5699 Cujus,
1112 5638 1215 5683 etc.

1065 5739 1207 5796 Lect.
1240 5742 1266 5796 I
1278 5743 1327 5798 I.

464 5845 572 5901 Nos
600 5847 780 5918 itaque
810 5850 932 5907 licet
963 5853 1079 5923 eis;
1125 5857 1214 5930 “qui
1247 5859 1369 5914 talia
1417 5860 1800 5932 conscripsere
1828 5861 1997 5920 simus

2112 4720 2241 4787 ruit,
2275 4731 2334 4777 ut
2355 4738 2450 4791 per
2473 4724 2825 4780 sacerrimam
2855 4727 3019 4780 vitam
3060 4738 3247 4797 pastor
3278 4730 3329 4783 in
3362 4726 3543 4800 populis
3562 4740 3630 4779 me-

2112 4827 2344 4872 rerelur.
2375 4817 2577 4888 Nempe
2604 4818 2826 4874 audiant
2858 4820 3039 4890 populi
3068 4835 3283 4886 omnes,
3336 4824 3423 4893 qui
3461 4822 3556 4891 ejus
3573 4833 3631 4872 ru.

2114 4909 2266 4979 piunt
2296 4924 2456 4964 nosse
2485 4911 2744 4966 miracula
2776 4953 2790 4975 ,
2813 4911 2936 4981 quia
2975 4910 3028 4966 in
3056 4926 3275 4969 onmem
3317 4924 3499 4969 terram
3521 4921 3631 4966 sonus

2113 4994 2243 5059 exiit
2298 5005 2737 5059 conversationis
2791 5004 2941 5074 ejus,
2998 5016 3053 5060 et
3099 5008 3358 5063 sanctitas
3405 5007 3629 5062 luculenter

2112 5096 2353 5151 emicuit.
2393 5096 2431 5165 ti)
2452 5134 2467 5148 .
2495 5095 2742 5151 Aﬂ'ahilis
2770 5096 2843 5151 ita
2869 5107 2985 5153 erat
3010 5100 3061 5152 in
3086 5101 3446 5165 sermonibus,
3471 5110 3629 5156 etman-

2110 5190 2417 5255 suetudiue,
2447 5198 2607 5259 atque
2641 5188 2826 5244 habitu
2854 5191 3016 5244 mitis.
3048 5189 3119 5245 Ut
3148 5193 3288 5247 Deus
3308 5195 3360 5247 in
3386 5194 3471 5248 illo
3490 5190 3629 5247 collatio

2107 5281 2330 5338 daretur
2355 5284 2423 5335 ab
2448 5281 2700 5337 omnibus
2728 5284 2794 5336 ad
2824 5297 2882 5338 se
2910 5284 3271 5341 venientibus.
3303 5288 3337 5356 ἢν
3361 5329 3373 5340 .
3409 5285 3627 5340 ltaexisu-

2106 5375 2198 5431 b.tt
2226 5377 2428 5443 alacer,
2460 5385 2518 5430 ut
2548 5390 2671 5430 mox
2702 5374 2767 5430 ad
2793 5390 2916 5431 eum
2950 5389 3302 5447 properantes
3332 5376 3624 5443 relictis,ido-

2104 5468 2169 5524 lis
2197 5510 2214 5537 ,
2272 5469 2499 5524 Domino
2542 5468 2830 5524 crederent
2860 5467 2989 5524 Jesu
3036 5467 3274 5526 Christo.
3331 5470 3397 5528 Ut
3435 5471 3563 5526 Deus.

2774 5583 2913 5640 Lecl.
2954 5582 3019 5641 V.

2175 5677 2304 5733 Erat
2332 5675 2474 5731 enim
2506 5676 2701 5731 sedens
2722 5692 2775 5731 In
2797 5675 3123 5731 Monasterio
3152 5679 3206 5731 in
3233 5677 3496 5745 secretiori
3517 5681 3622 5746 parte

2103 5771 2286 5841 Oppidi
2320 5771 2649 5827 Veronensis
2679 5771 2951 5826 continuis
2973 5770 3221 5845 jejuniis,
3270 5783 3325 5828 et
3361 5769 3623 5828 orationibus

2101 5865 2310 5931 crebris
2340 5869 2369 5921 a
2412 5866 2638 5921 Dotnino
2667 5866 2901 5938 petebat,
2931 5875 2989 5923 ut
3017 5866 3116 5923 sibi
3149 5866 3451 5933 dignaretur
3472 5864 3618 5920 aditum
