3902 6324
144 370 230 426 729
1520 387 1995 449 DISSERTA'I'IU.

3318 419 3422 475 750

137 490 518 561 priedi'cationis
550 496 828 553 melliferm
862 498 911 554 in
944 501 1155 572 populis
1186 505 1418 574 aperire.
1454 504 1618 576 Igitur
1648 506 1719 577 ad,
1744 509 1794 571 A
1820 509 1950 569 tilia:
1994 514 2205 574 daemon
2255 522 2493 581 clamare
2533 526 2723 584 dicens
2751 547 2763 582 :
2793 529 2910 585 Non
2954 533 3201 604 egrediar
3227 551 3255 591 a
3297 551 3421 595 cor-

138 588 516 644 convertendas
545 590 597 644 in
620 604 865 648 amorem
910 593 1113 651 Christi
1167 598 1376 655 animas
1431 600 1711 658 hominum

138 680 212 735 die
231 692 495 753 noctuque
524 683 740 740 deditus
766 696 902 742 erat.
937 688 1145 746 Revera
1169 691 1311 761 quod
1342 692 1576 749 Sanctus
1599 694 1715 765 ejus

137 774 347 846 Spiritus
420 792 674 847 purarum
745 781 1080 838 illuminator
1151 788 1449 854 mentium,
1527 788 1717 845 doctor

137 868 403 932 existebat,
430 870 565 926 sicut
606 871 721 943 ipsa
760 876 959 932 veritas
1000 877 1258 949 loquitur,
1302 879 1491 936 dicens
1539 901 1552 937 :
1596 882 1714 939 Non

137 960 261 1016 enim
321 976 416 1016 vos
462 965 597 1019 estis
647 966 741 1036 qui
794 967 1094 1040 loquimini,
1137 971 1232 1027 sed
1278 971 1512 1044 Spiritus
1542 976 1715 1034 Patris

134 1052 304 1119 vestri,
345 1054 435 1124 qui
468 1055 707 1126 loquitur
732 1059 786 1114 in
826 1060 996 1117 vobis.
1048 1062 1121 1119 Ita
1150 1078 1281 1121 sane
1322 1066 1553 1125 affabilis
1598 1082 1715 1127 erat

137 1146 183 1201 in
208 1160 471 1213 sermone,
506 1150 633 1206 etin
664 1151 847 1208 habitu
894 1155 1069 1224 mitis,
1104 1164 1162 1212 ut
1185 1157 1308 1229 jure
1338 1160 1480 1216 Deus
1510 1163 1563 1217 in
1596 1163 1714 1234 ipso

136 1241 520 1298 collaudaretur
548 1243 614 1299 ab
636 1244 889 1302 omnibus
921 1248 1266 1305 venientibus
1292 1251 1358 1307 ad
1380 1266 1461 1308 se.
1492 1253 1568 1307 lta
1594 1254 1712 1310 ala-

135 1349 235 1402 cer,
264 1345 317 1390 et
344 1335 397 1390 in
427 1335 745 1407 splendifico
762 1338 937 1394 nitore
959 1338 1223 1398 facundiae
1246 1343 1477 1411 vividus,
1508 1353 1567 1401 ut
1589 1364 1711 1403 mox

136 1430 193 1483 ad
221 1445 337 1485 eum
364 1438 743 1501 properantes,
778 1433 982 1488 relictis
1007 1433 1163 1490 idolis
1194 1444 1248 1490 et
1289 1439 1553 1508 pravitate
1584 1456 1715 1510 gen-

137 1522 344 1587 tilitatis,
374 1523 603 1579 Domino
629 1525 917 1581 crederent
944 1526 1073 1584 Jesu
1103 1527 1339 1585 Christo.
1361 1531 1435 1601 ri).
1483 1532 1616 1587 Dum
1660 1534 1712 1589 in

134 1615 279 1671 ﬂuvio
308 1615 471 1673 Adasi
505 1619 820 1690 piscationis
841 1625 1109 1679 exercitio
1155 1623 1490 1697 fungeretur,
1517 1628 1714 1683 erectis

134 1724 329 1765 sursum
360 1712 557 1776 oculis,
591 1714 725 1768 vidit
748 1715 1022 1772 hominem
1058 1718 1108 1772 in
1140 1717 1378 1788 plaustro
1407 1720 1711 1787 sedentem,

135 1803 287 1875 bobus
314 1805 619 1874 subjunctis
646 1807 700 1861 in
722 1823 934 1864 amnem
958 1808 1218 1881 demergi.
1265 1811 1300 1881 Ῡ
1326 1851 1339 1864 .
1374 1811 1542 1866 Tanta
1566 1811 1709 1867 enim

132 1896 395 1951 velocitate
427 1895 721 1963 ferebatur,
754 1910 811 1954 ut
864 1902 1073 1957 cunctis
1101 1902 1481 1959 ostenderetur
1507 1903 1712 1974 antiqui
1744 1902 1788 1962 Β

134 1988 284 2044 hostis
314 2000 432 2044 arte
461 2002 761 2060 peractum.
790 1993 992 2052 Bobus.

771 2105 915 2163 Lcct.
955 2106 1029 2166 γι
1042 2150 1053 2164 .

192 2194 289 2250 Per
339 2195 483 2251 idem
534 2207 747 2269 tempus
798 2201 945 2271 juxta
1014 2201 1212 2259 Urbem
1268 2202 1532 2260 Veronam
1581 2204 1709 2261 dum

132 2288 399 2358 egrediens
429 2289 572 2345 idem
600 2293 682 2346 vir
725 2307 753 2347 a
793 2296 1143 2359 monasterio,
1189 2298 1240 2351 in
1284 2296 1446 2351 Adasi
1489 2296 1711 2353 flumine

130 2381 423 2451 piscationis
450 2384 714 2438 exercitio
744 2385 1078 2456 fungeretur,
1112 2390 1309 2443 erectis
1336 2404 1552 2445 sursum
1580 2406 1710 2446 ocu-

131 2472 205 2537 lis,
229 2472 355 2528 vidit
384 2490 448 2529 cx
481 2474 710 2532 adverso
740 2477 1026 2549 quemdam
1082 2481 1355 2538 hominem
1387 2487 1437 2538 in
1470 2484 1711 2554 plaustro

129 2566 410 2637 sedentem,
444 2568 617 2625 bobus
647 2572 947 2642 subjunctis
997 2590 1093 2645 per
1139 2592 1381 2650 princeps
1409 2578 1462 2634 in
1493 2595 1707 2637 amnem

127 2664 370 2738 demergi.
426 2669 597 2725 'l‘anta
651 2674 849 2745 quippe
905 2678 1231 2737 miserabilis
1288 2681 1577 2739 velocitate
1631 2684 1711 2739 fe-

129 2761 350 2829 rebatur,
371 2773 426 2819 ut
453 2766 629 2836 palam
659 2771 869 2825 cunctis
891 2773 1239 2828 cernentibus
1262 2774 1483 2832 daretur
1510 2779 1709 2835 intelli-

128 2852 169 2920 gi
199 2852 298 2908 hoc
324 2857 522 2913 diaboli
576 2867 693 2915 arte
735 2860 898 2918 fuiSse
928 2873 1224 2937 peractum.
1277 2868 1505 2926 Sanctus
1528 2871 1711 2942 itaque

129 2945 199 2999 vir
222 2946 344 3002 dum
373 2948 592 3007 intentis
635 2951 927 3010 luminibus
956 2956 1059 3011 hoc
1084 2972 1114 3012 a
1144 2958 1305 3030 longe
1349 2964 1706 3033 prospiceret,

124 3043 358 3109 cognovit
400 3044 794 3116 lymphaticum
828 3050 926 3103 viri
961 3052 1201 3119 ruinam,
1254 3054 1453 3109 factum
1502 3056 1706 3112 diaboli

123 3146 247 3188 esse.
281 3134 465 3208 itaque
516 3140 718 3196 interea
749 3141 843 3196 Vir
885 3143 982 3199 Dei
1023 3145 1231 3201 elevata
1263 3163 1478 3203 sursum
1512 3164 1703 3221 manu,

123 3224 237 3284 fecit
287 3231 499 3301 signum
548 3245 748 3291 sancta:
804 3240 983 3294 crucis
1036 3240 1309 3312 frequenti
1362 3244 1476 3299 vice
1524 3244 1703 3300 dixit:

123 3321 399 3383 Revertere
428 3338 597 3395 retro,
630 3328 852 3397 Satana,
883 3349 951 3389 ne
975 3336 1209 3405 perimas
1239 3336 1512 3396 hominem
1546 3356 1705 3410 quem

121 3414 249 3474 Deus
275 3428 509 3478 creavit.

195 3515 264 3584 ti.
297 3516 453 3585 Quod
498 3520 710 3590 signum
743 3530 803 3575 ιιι
835 3522 964 3579 vidit
1008 3523 1288 3591 diabolus,
1338 3526 1485 3582 velut
1528 3525 1709 3584 fumus

119 3619 144 3658 a
172 3617 329 3664 vento
358 3621 548 3679 raptus
594 3615 833 3682 evanuit,
882 3623 939 3670 et
965 3616 1313 3678 clamoribus.
1364 3633 1428 3674 ac
1468 3620 1707 3676 stridore

116 3699 337 3758 nefando
367 3702 437 3759 de
461 3705 569 3760 alta
600 3723 735 3777 rupe
765 3723 888 3763 cum
937 3710 1139 3780 impetu
1171 3710 1449 3768 decideret
1478 3713 1581 3778 ait,
1629 3714 1660 3782 ᾖ
1687 3754 1701 3768 .

113 3793 171 3849 Et
199 3798 241 3850 si
290 3814 399 3854 non
447 3799 538 3856 hic
583 3817 669 3857 me
708 3803 973 3871 permittis
1006 3804 1215 3860 animas
1260 3805 1534 3862 hominum
1582 3822 1703 3863 mea

113 3885 420 3947 obsessione
469 3892 689 3959 lucrari,
738 3902 918 3949 tamen
973 3906 1191 3965 paratus
1238 3912 1357 3952 sum
1405 3899 1457 3953 in
1507 3900 1704 3968 patrias

111 3989 251 4038 notas
292 3984 717 4057 circumquaque
740 3989 872 4042 sitas
897 3988 965 4043 ad
993 3999 1138 4044 tuum
1175 3989 1521 4061 pertinaciter
1549 3992 1702 4049 obire

111 4072 568 4143 impedimentum.
603 4080 670 4135 Et
694 4079 764 4148 si,
793 4092 900 4136 etc.
1393 4123 1403 4127 -

169 4169 231 4224 In
258 4169 387 4226 III.
419 4170 584 4226 Noct.
615 4172 739 4228 Ant.
771 4174 970 4229 Beatus
996 4174 1141 4230 Zeno
1171 4175 1331 4243 dixit,
1359 4193 1466 4232 non
1498 4187 1550 4233 te
1575 4193 1699 4246 per-

105 4264 257 4320 mittit
286 4267 554 4323 Dominus
576 4269 781 4340 aliquid
804 4285 963 4340 agere
981 4270 1243 4326 adversus
1269 4287 1486 4328 servum
1515 4289 1694 4328 stmm.

104 4355 188 4414 Ps.
202 4359 449 4428 Domine,
462 4364 799 4434 quis.——Anl.
815 4365 1130 4422 Miserabilis
1155 4368 1328 4436 Pater,
1352 4376 1571 4440 totaque
1603 4371 1700 4425 do-

103 4465 209 4506 mus
244 4456 395 4526 regia
436 4470 673 4512 mmmre
705 4456 1065 4525 afﬂigebatur,
1099 4472 1166 4515 eo
1192 4459 1333 4529 quod
1364 4463 1536 4529 puella
1560 4464 1699 4517 acri-

104 4550 173 4596 ter
214 4546 606 4604 sutIocaretur.
656 4547 749 4604 Ps.
782 4547 1023 4616 Domine,
1055 4552 1110 4606 in
1135 4551 1250 4605 viri.
1282 4552 1404 4606 Ant.
1432 4552 1698 4610 Sacerdos

102 4634 186 4692 Dei
208 4620 358 4697 Zeno
386 4642 622 4697 sedebat
645 4657 810 4713 super
837 4643 1095 4713 lapidein,
1119 4652 1176 4699 et
1200 4645 1334 4700 artis
1383 4647 1694 4715 apostolica:

100 4728 411 4790 documenta
457 4750 719 4805 sequens.
753 4735 1064 4806 piscabatur
1097 4737 1148 4792 in
1183 4737 1425 4795 ﬂumine.
1454 4738 1548 4795 Ps.
1583 4739 1695 4796 Do-

99 4824 230 4879 mini.
296 4829 378 4898 Ῡ.
428 4827 586 4894 Quod
635 4828 849 4899 signum
898 4838 956 4884 ut
1006 4830 1140 4885 vidit
1185 4830 1424 4899 daemon,
1474 4835 1696 4890 evanuit

100 4916 231 4972 velut
272 4918 465 4975 fumus
512 4920 583 4989 ἡ.
642 4918 779 4977 Cum
820 4921 1153 4978 clamoribus
1204 4933 1259 4980 et
1305 4925 1543 4981 stridore
1592 4943 1691 4982 ne-

97 5007 262 5068 fando.

734 5085 878 5143 Lect.
926 5085 1034 5143 VII
1048 5128 1060 5143 .

158 5175 244 5232 llis
294 5178 488 5247 itaque
539 5181 803 5247 peractis,
845 5195 965 5235 cum
1016 5181 1321 5239 detestabili
1388 5184 1590 5241 ululatu
1641 5200 1696 5243 et

95 5267 315 5324 clamore
348 5271 632 5325 discessit.
665 5270 950 5328 Festinans
974 5277 1153 5345 itaque
1179 5277 1389 5333 daemon
1419 5280 1693 5350 ingressus

96 5368 167 5413 est
192 5361 298 5417 eiio
348 5363 620 5433 palatium
668 5361 901 5420 Cmsaris
931 5365 1185 5435 Gallieni,
1222 5380 1601 5443 arreptamque
1632 5373 1692 5428 fi-

97 5450 207 5509 liam
236 5458 381 5527 ejus,
413 5472 528 5524 quo
560 5468 687 5513 tunc
718 5472 962 5527 tempore
994 5462 1147 5518 unica
1180 5465 1496 5531 parentibus
1526 5478 1645 5523 erat
1673 5486 1687 5535 ;

96 5554 245 5620 erepit
287 5551 601 5609 crudeliter
653 5569 874 5611 vexare.
931 5556 1253 5615 Miserabilis
1309 5574 1439 5631 ergo
1502 5560 1684 5631 Pater,

93 5645 349 5719 simulque
402 5657 519 5702 tota
569 5646 762 5703 domus
816 5648 993 5722 regia,
1049 5651 1103 5705 in
1163 5653 1435 5708 tristitiam
1493 5670 1681 5726 versa,

94 5741 429 5795 cruciabatur
461 5749 519 5794 et
569 5755 804 5798 mmrare
833 5743 1032 5815 ingenti
1060 5743 1421 5817 afﬂigebatur,
1449 5764 1515 5804 eo
1540 5749 1683 5821 quod

94 5832 280 5889 acriter
311 5832 503 5904 puella
532 5833 906 5916 sut'focaretur.
940 5837 1070 5904 Qua:
1101 5837 1225 5892 dum
1275 5840 1477 5895 crudeli
1528 5858 1687 5897 vexa-

97 5920 232 5981 tione
277 5924 679 5996 'c'orripcl'et'ur,
734 5923 900 5998 cdipll
958 5936 1053 5998 per
1111 5946 1171 5986 os
1217 5930 1494 5990 infantulae
1542 5935 1683 6005 regis

1823 620 1953 676 pore
1984 608 2110 672 isto.
2140 612 2242 667 nisi
2274 613 2422 671 Zeno
2448 617 2735 690 episcOpus
2763 623 2994 691 venerit,
3021 640 3087 683 ac
3129 643 3225 698 per
3257 630 3424 700 ipsius

1823 698 2108 768 imperium
2141 713 2367 762 coactus
2397 709 2660 779 migrabo.
2696 712 2814 768 Mox
2849 716 3029 788 itaque
3076 728 3134 774 ut
3165 698 3422 795 bocVRegi

1821 789 2069 848 Gallieno
2118 796 2369 868 innotuit,
2427 801 2605 858 missis
2649 809 3052 877 apparitoribus
3080 814 3309 870 sollicita
3343 789 3423 872 ιιῖ-

1822 885 2063 941 tentione
2089 889 2254 959 carpit
2297 892 2645 967 investigare,
2685 899 2842 956 sicuti
2870 901 3129 961 Sanctum
3159 909 3424 978 potuisset

1821 976 2066 1034 invenire
2111 982 2307 1038 virum.
2374 986 2446 1056 ἢ.
2502 989 2790 1047 Festinans
2840 993 3021 1067 itaque
3067 976 3278 1056 daemon
3332 1003 3416 1059 in-

1817 1086 2036 1142 gressus
2064 1088 2149 1131 est
2178 1078 2437 1149 palatium
2488 1082 2720 1141 Caesaris
2767 1086 3017 1145 Gallieni.
3051 1090 3120 1147 Et
3168 1108 3416 1167 compre-

1817 1165 2043 1223 hensam
2076 1169 2192 1240 ejus
2219 1172 2384 1229 filiam
2413 1177 2581 1247 carpit
2614 1187 2720 1234 tam
2746 1181 3044 1241 crudeliter
3071 1165 3309 1245 vexare;
3342 1190 3373 1259 ᾖ
3399 1230 3413 1244 .

1818 1258 2137 1317 Miserabilis
2178 1273 2328 1332 pater
2372 1277 2589 1341 totaque
2633 1273 2826 1332 domus
2872 1278 3019 1350 regia
3077 1284 3316 1340 cruciatu
3343 1258 3422 1343 et

1817 1367 2055 1411 maerore
2086 1356 2444 1429 affligebatur.
2476 1362 2545 1419 Et
2571 1379 2749 1436 comp.

2441 1476 2581 1533 Lact.
2635 1478 2804 1537 VIII.

1891 1586 1971 1644 Ex
2007 1589 2161 1661 jussu
2193 1600 2374 1648 autem
2421 1593 2586 1666 Regis
2612 1597 2814 1655 milites
2845 1599 2911 1656 ad
2943 1601 3118 1658 virum
3148 1604 3243 1660 Dei
3270 1621 3425 1677 gres-

1814 1682 1965 1739 sibus
1996 1696 2242 1757 pergunt.
2272 1688 2368 1745 Ille
2394 1706 2524 1745 vero
2554 1693 2785 1750 sedebat
2814 1711 2980 1767 super
3026 1699 3285 1771 lapidem,
3329 1705 3421 1775 qui

1817 1776 1869 1831 in
1903 1781 2151 1849 proximo
2183 1792 2300 1838 erat
2329 1783 2665 1854 Monasterii,
2717 1798 2779 1844 et-
2812 1793 2946 1847 artis
2974 1795 3287 1864 apostolica:
3326 1795 3425 1854 do-

1819 1881 2069 1930 cumenta
2100 1878 2407 1946 perliciens,
2440 1896 2505 1935 ex
2536 1897 2688 1937 more
2737 1884 3046 1954 piscabatur
3094 1889 3145 1945 in
3175 1888 3419 1948 ﬂumine.

1820 1965 2111 2025 Venientes
2140 1986 2270 2041 ergo
2288 1972 2522 2042 milites,
2557 1977 2681 2046 quia
2710 1977 2923 2048 ignotus
2951 1980 3032 2036 eis
3060 1991 3199 2047 erat,
3243 1998 3426 2055 cmpe-

1812 2071 1940 2114 runt
1988 2061 2221 2119 sollicite
2270 2074 2518 2121 sanctum
2582 2066 2676 2122 Dei
2730 2068 3065 2142 interrogare
3113 2073 3357 2131 dicentes
3405 2095 3419 2132 :

1811 2152 1945 2221 Quis
1975 2168 2036 2209 es
2066 2164 2142 2220 tu,
2168 2154 2332 2213 homo
2362 2157 2500 2213 Dei?
2551 2158 2731 2217 indica
2777 2163 2933 2220 nobis
2964 2165 3009 2219 si
3040 2165 3217 2221 vidisti
3250 2166 3424 2223 Zeno-

1814 2260 1938 2299 nem
1975 2246 2324 2318 Episcopum,
2357 2266 2516 2320 quem
2565 2268 2665 2325 nos
2695 2269 2761 2311 ex
2810 2255 2959 2326 jussu
3003 2256 3167 2330 Regis
3207 2262 3425 2332 perquio

1813 2339 2007 2395 rimus.
2041 2341 2109 2396 At
2140 2341 2232 2397 ille
2263 2345 2541 2415 respondit
2573 2366 2586 2401 :
2622 2346 2700 2402 Ad
2729 2348 2857 2420 quid
2889 2350 3041 2407 missi
3069 2354 3200 2408 estis
3231 2354 3415 2413 dicite.

1814 2430 1929 2501 Ego
1976 2434 2121 2487 enim
2176 2438 2422 2503 quamvis
2474 2438 2717 2494 tantillus
2787 2456 2978 2497 servus
3028 2444 3184 2511 sim,
3241 2456 3420 2502 tamen

1811 2525 2014 2583 ChriSIi
2059 2527 2210 2584 Zeno
2252 2546 2436 2586 vocor.
2487 2532 2654 2604 Igitur
2698 2534 3044 2592 conferentes
3073 2539 3139 2593 ad
3186 2540 3417 2597 invicem

1812 2620 2037 2688 milites,
2072 2621 2317 2676 dicentes
2347 2625 2489 2679 inter
2518 2641 2578 2679 se
2607 2644 2620 2679 :
2651 2626 2790 2694 Quid
2822 2629 2990 2685 multa
3014 2630 3418 2702 colloquimur?

1810 2714 2116 2772 iudicemus
2155 2733 2252 2786 pro
2290 2735 2394 2789 qua
2421 2737 2480 2775 re
2508 2720 2759 2778 destinati
2792 2740 2982 2781 sumus
3012 2727 3079 2782 ad
3131 2727 3291 2784 istum
3341 2731 3419 2785 vi-

1814 2828 1954 2866 rum.
1981 2811 2131 2868 Tunc
2160 2823 2409 2884 patenter
2435 2814 2750 2874 intimantes
2770 2818 2935 2875 beato
2956 2819 3239 2877 Sacerdoti
3270 2824 3421 2880 dixe-

1811 2912 1940 2959 runt.
1967 2924 1981 2959 :
2014 2903 2188 2976 Rogat
2232 2915 2284 2960 te
2315 2905 2429 2962 Rex
2456 2909 2643 2964 venire
2668 2910 2733 2964 ad
2779 2927 2860 2979 se,
2907 2913 3029 2983 quia
3061 2914 3177 2969 vult
3225 2915 3416 2971 faciem

1815 3005 1960 3049 tuam
1986 2995 2190 3051 videre.
2226 2996 2363 3064 Quid
2394 3014 2570 3055 meam
2609 2999 2719 3057 Rex
2752 3004 2860 3057 vult
2909 3019 3136 3062 cernere
3184 3004 3417 3063 faciem?

1811 3089 1901 3160 qui
1949 3090 2192 3145 omnium
2234 3090 2665 3148 Christianorum
2702 3096 2999 3152 manifestis
3049 3099 3268 3156 indiciis
3320 3099 3421 3157 iiii-

1812 3182 1984 3236 micus
2014 3197 2137 3239 esse
2167 3197 2275 3239 non
2318 3184 2556 3242 desinit?
2586 3186 2653 3242 At
2688 3186 2769 3243 illi
2798 3192 3213 3262 respondentes,
3264 3193 3416 3249 dixe-

1735 3287 1779 3351 ρ
1817 3285 1944 3331 runt
1979 3295 1993 3329 :
2023 3275 2286 3334 Obsecrat
2314 3279 2460 3336 enim
2493 3291 2545 3338 te
2574 3282 2711 3347 Rex,
2762 3292 2817 3338 ut
2865 3282 3029 3340 filiam
3076 3287 3267 3357 ipsius,
3297 3305 3418 3359 qum

1816 3371 2041 3427 immani
2067 3373 2356 3430 atrocitate
2385 3391 2413 3430 a
2443 3363 2694 3432 daemone
2726 3387 2977 3446 vexatur,
3011 3381 3230 3435 sanitati
3261 3375 3438 3437 restiA

1814 3470 1957 3531 tuas,
1984 3463 2106 3533 quia
2137 3466 2294 3520 unica
2329 3466 2404 3520 illi
2437 3476 2541 3521 est.
2573 3467 2667 3523 Ille
2692 3484 2822 3523 vero
2850 3471 2983 3524 dixit
3004 3471 3083 3525 eis
3114 3490 3126 3526 :
3156 3471 3417 3529 Dominus

1809 3557 1970 3614 Jesus
1997 3556 2243 3615 Christus
2270 3561 2623 3632 Omnipotens
2653 3570 2758 3618 est.
2786 3561 2883 3631 Ite,
2919 3564 3110 3635 inquit,
3153 3581 3254 3637 ego
3282 3582 3414 3637 pan-

1811 3652 1961 3706 latim
1992 3652 2298 3723 subsequor
2321 3668 2437 3709 vos.
2464 3653 2693 3725 Oportet
2721 3656 2867 3712 enim
2916 3669 2974 3711 ut
3019 3658 3282 3714 mirabilia
3318 3661 3415 3717 Dei

1808 3743 1930 3800 luce
1957 3744 2156 3800 clarius
2185 3746 2437 3801 omnibus
2466 3748 2901 3805 manifestentur.
2945 3750 3064 3818 Quo
3098 3752 3245 3807 dicto
3275 3754 3414 3808 mili-

1809 3846 1889 3892 tes
1918 3837 2057 3893 viam
2103 3854 2205 3908 qua
2254 3850 2538 3908 venerunt,
2570 3843 2918 3912 repedarunt.
2972 3843 3009 3914 ἡ
3031 3883 3044 3898 .
3073 3844 3414 3915 lngredieute

1805 3927 2009 3985 Christi
2066 3932 2388 3989 coufessore
2420 3933 2697 4004 palatium,
2733 3946 2787 3991 et
2826 3935 2964 3991 Iacto
3010 3937 3187 3993 crucis
3234 3939 3410 4008 signo,

1805 4038 1928 4077 mox
1960 4023 2125 4095 caipit
2152 4024 2365 4080 daemon
2397 4026 2864 4083 clainaredicens:
2888 4028 2994 4095 Tu,
3023 4027 3190 4096 Zeno,
3219 4028 3413 4099 expel-

1806 4118 1872 4173 lis
1921 4133 2028 4174 me.
2086 4118 2201 4191 Ego
2254 4129 2475 4193 propter
2522 4132 2667 4176 tuam
2718 4121 3065 4178 sanctitatem
3111 4132 3260 4179 stare
3303 4138 3411 4179 non

1807 4228 2049 4281 possum.
2096 4213 2133 4281 ᾖ
2159 4254 2171 4267 .
2223 4214 2288 4269 Ει
2337 4214 2381 4268 si
2413 4214 2538 4270 hinc
2567 4214 2780 4280 abiero,
2810 4229 2877 4270 eo
2909 4214 3198 4281 Veronam,
3231 4215 3413 4287 ibique

1804 4304 2051 4362 invenies
2084 4322 2190 4361 me.
2224 4308 2335 4377 Ego
2364 4317 2587 4379 prepter
2657 4315 2688 4378 γ
2717 4350 2729 4358 .
2762 4307 2947 4364 Gloria
2981 4308 3147 4364 Patri.
3186 4309 3318 4380 Ego.

2458 4428 2599 4480 Lect.
2646 4419 2752 4475 IX.

1876 4534 2160 4606 Exurgens
2201 4549 2329 4590 vero
2370 4534 2557 4590 beatus
2585 4535 2852 4590 Sacerdos
2880 4533 3047 4601 Zeno,
3098 4550 3167 4589 ne
3209 4535 3410 4592 diutius

1801 4625 2229 4682 absconderetur
2276 4626 2469 4681 civitas
2517 4642 2678 4691 supra
2740 4620 2981 4682 montem
3033 4628 3233 4697 posita,
3283 4628 3410 4687 fecit

1725 4689 2126 4784 I)orationem,
2158 4719 2506 4790 perrexitque
2557 4719 2621 4773 ad
2657 4720 2936 4789 palatium,
2987 4721 3076 4776 ubi
3125 4722 3404 4778 cruciaba-

1803 4822 1889 4867 tur
1943 4823 2000 4867 et
2040 4812 2462 4869 lamentabilitcr
2491 4811 2830 4884 afﬂigebatur
2860 4822 3083 4885 prosunt
3116 4815 3222 4870 tilia
3266 4815 3380 4870 Rex

1798 4906 2032 4963 Sanctus
2058 4921 2276 4979 quoque
2302 4907 2602 4979 EpiscOpus
2629 4923 2749 4964 cum
2771 4909 2936 4965 celeri
2968 4909 3407 4981 peregrinatione

1799 5000 1902 5056 iter
1950 5012 2158 5075 ageret,
2190 5008 2317 5056 ante
2363 5016 2484 5056 eum
2540 5003 2787 5071 provenit
2834 5016 2993 5072 quam
3038 5002 3089 5056 hi
3133 5003 3223 5071 qui
3256 5003 3404 5059 missi

1798 5094 2012 5149 fuerant
2062 5091 2283 5148 milites.
2333 5093 2676 5164 lngrediente
2727 5094 2992 5165 siquidem
3042 5092 3243 5151 Christi
3275 5110 3406 5151 con—

1805 5189 2014 5242 fessore
2064 5187 2346 5257 palatium.
2396 5197 2449 5242 et
2479 5189 2623 5242 tacto
2666 5187 2859 5243 Crucis
2887 5190 3043 5259 signo
3073 5191 3238 5259 οωρὶι
3265 5205 3402 5245 eon-

1797 5279 1974 5334 festim
2021 5294 2119 5351 per
2157 5294 2220 5335 os
2271 5281 2550 5336 infantulae
2596 5282 2809 5337 daemon
2856 5282 3117 5351 clamare,
3163 5284 3399 5339 dicens:

1798 5374 1941 5431 Ecce
1974 5384 2028 5429 tu
2061 5374 2209 5431 Zeno
2251 5376 2445 5431 venisti
2493 5376 2560 5432 ad
2606 5378 2985 5446 expellendum
3036 5394 3145 5444 me,
3195 5390 3247 5432 et
3297 5392 3398 5450 ego

1798 5476 2020 5540 propter
2079 5479 2226 5524 tuam
2279 5472 2616 5526 sanctitatem
2666 5478 2810 5526 stare
2859 5470 2979 5526 non'
3009 5485 3248 5542 possum.
3304 5470 3396 5527 llis

1789 5562 2009 5635 quidem
2074 5562 2275 5619 auditis
2341 5574 2530 5621 tenens
2590 5565 2855 5622 Sacerdos
2906 5580 3123 5620 manum
3178 5565 3394 5634 puellm,

1789 5656 1969 5712 dixit:
2019 5656 2077 5712 In
2110 5656 2338 5714 Nomine
2374 5658 2585 5714 Domini
2629 5660 2795 5714 nosu-i
2841 5658 2969 5714 Jesu
3000 5659 3201 5713 Christi
3257 5675 3397 5731 pra--

1789 5750 1931 5819 cipio
1958 5752 2078 5815 tibi,
2122 5752 2205 5807 exi
2236 5753 2305 5807 ab
2334 5768 2420 5819 ea,
2468 5754 2699 5809 da'inon.
2736 5754 2913 5809 Atille
2942 5753 3154 5825 publica
3186 5763 3239 5810 et
3270 5754 3392 5811 bor—

1788 5843 1933 5900 rihili
1977 5859 2109 5900 voce
2151 5844 2317 5916 cmpit
2358 5845 2593 5901 clamare
2638 5845 2868 5902 dicens:
2912 5856 2967 5902 et
3021 5847 3069 5903 si
3115 5848 3240 5905 hinc
3278 5865 3307 5904 a
3341 5859 3394 5905 te

1788 5932 1945 5993 fuero
1992 5937 2273 6009 eitpnlsus,
2322 5949 2389 5993 eo
2430 5936 2723 6003 Veronam,
2772 5939 2953 6007 ibique
2996 5940 3239 5999 inVenies
3283 5960 3390 6007 mei
