3902 6324
158 370 236 424 753

1493 341 1780 406 DISSERT
1796 337 1968 398 \TIO.

3289 328 3392 385 751

161 481 359 551 Martyris
387 479 458 533 tui
505 492 678 532 annua
706 478 865 532 beata
891 472 1230 543 confessionis
1259 469 1575 525 solt-"mirare
1601 466 1691 521 ιω-
1717 459 1772 518 Α
1794 453 1995 510 etenim
2027 451 2169 524 quod
2199 452 2268 508 de
2308 435 2612 510 Obstetricc
2662 446 2936 503 incredula
2980 443 3193 508 asserit,
3241 443 3395 510 (‘ttjtlS

157 578 308 645 tiﬁcas,
336 581 431 631 etc.
456 571 512 628 ιιι
537 569 676 626 festo
695 581 871 625 autem
895 564 1263 623 Ordinationis
1289 563 1507 632 dempto
1529 557 1697 614 verbo

156 666 368 737 martyris,
407 666 698 733 repositum
731 661 827 717 fuit
855 660 973 729 ejus
1005 660 1126 713 loco
1174 655 1505 725 confessoris,
1558 652 1690 707 reli-

152 763 231 818 ctis
271 759 376 814 aliis
401 757 558 812 beam
600 755 974 827 Confessionis,
1021 767 1142 823 quze
1193 760 1397 805 tantum
1445 746 1693 819 martyri,

153 867 238 908 non
271 849 552 907 conlessori
597 848 940 904 conveniunt.
993 844 1218 914 Reliqua
1280 859 1348 898 ex
1406 840 1698 898 collatione

152 961 248 1000 cum
271 943 406 999 edito
435 957 463 995 a
499 941 746 996 Dominis
777 938 1078 997 Balleriniis
1130 935 1320 992 lectori
1349 933 1580 989 notanda
1612 948 1699 988 re-

154 1037 435 1107 linquimus:
465 1021 528 1092 .ea
569 1035 713 1090 enim
762 1032 1021 1088 ﬁdelitate
1065 1043 1166 1086 ms.
1218 1029 1322 1084 hoc
1368 1027 1698 1082 Pistoriense

152 1129 464 1194 exhibuimus,
500 1138 557 1184 ut
585 1129 749 1184 etiam
789 1125 1150 1180 Amanuensis
1182 1124 1410 1178 intactos
1437 1119 1696 1174 exhibue-

153 1226 289 1282 riotus
309 1236 535 1280 errores.

705 1331 928 1389 CAPUT
966 1330 1055 1388 ιν.

154 1468 222 1519 Η,
258 1464 363 1514 QU£
392 1463 601 1503 CONTRA
639 1462 685 1503 S.
721 1462 944 1501 ZENONIS
973 1460 1220 1501 EPOCHAH
1251 1456 1452 1498 TERTIO
1483 1455 1700 1497 ςιειῖιο

205 1555 611 1597 MANUTENENDAM
657 1554 865 1594 FACERE
912 1552 1264 1599 \‘lDEBANTUR,
1313 1548 1554 1590 SUBLATA
1602 1549 1700 1588 1AM

207 1649 310 1689 εςδε
362 1647 721 1697 ειιιιιιιηιῐιιιιιιες
775 1646 995 1686 ΕΑΜυΕΙί
1046 1645 1181 1685 NUNC
1236 1643 1430 1684 TERTIO
1487 1641 1701 1681 ςᾸξιῖυιο

203 1741 592 1783 ΕΟΝῐ-’ῙΚΙΔΝΒΔΜ
623 1740 795 1780 VABHS
828 1738 1141 1780 BATIONIBUS
1168 1734 1492 1777 SUSCIPIMUS.

1801 547 2181 606 intemeratum
2249 548 2571 617 inspectum
2639 543 2880 612 Deiparrc
2921 539 3158 610 Virginis
3196 537 3397 592 cando-

1801 657 1916 699 rem
1950 641 2236 696 combusta
2268 655 2479 704 manus,
2520 649 2574 694 et
2603 637 2761 694 Pueri
2787 635 2914 690 Jesu
2945 645 3130 692 sanata
3175 629 3393 695 dicitur,

1769 750 2065 805 -uusquam
2097 735 2148 792 in
2200 733 2448 790 Patribus
2477 730 2652 802 quarti
2683 727 2865 786 saeculi
2897 726 3128 796 legitur:
3161 724 3278 792 ejus
3318 731 3398 780 ta-

1800 844 1924 884 men
1975 826 2051 882 rei
2103 827 2351 883 meminit
2391 824 2642 881 Clemens
2687 819 3106 883 Alexandrinus,
3138 831 3258 888 quae
3295 831 3393 870 ex-

1796 928 1960 976 eunte
1987 919 2225 974 secundo
2253 920 2452 974 sarculo
2482 926 2540 972 ut
2567 913 2879 987 apocrypha
2923 909 3295 981 rejiciebatur,
3339 917 3398 962 ιιι

1800 1028 1864 1067 ex
1894 1012 2226 1084 Hieronymo
2257 1010 2415 1066 iidem
2451 1017 2639 1068 notant
2671 1005 2878 1063 Domini
2909 1003 3183 1060 Ballerinii
3217 999 3302 1074 (L.
3333 1016 3393 1067 tt,

1801 1103 1893 1162 Tr.
1928 1122 2039 1171 vttt,
2071 1105 2249 1161 adnot.
2290 1106 2400 1174 17).

1874 1197 2127 1254 Tractatu
2162 1212 2289 1252 vero
2317 1197 2510 1266 quinto
2539 1193 2663 1250 libri
2691 1191 2849 1263 primi
2883 1189 3044 1244 verba
3092 1187 3180 1242 illa
3211 1204 3224 1241 :
3258 1184 3397 1252 Quid

1800 1290 1937 1359 quod
1967 1290 2109 1344 illius
2153 1283 2484 1358 Sacriﬁcium
2511 1286 2770 1359 publicum
2798 1292 2896 1351 est,
2943 1292 3088 1335 tuum
3129 1288 3394 1335 secretum.

1801 1380 1957 1438 Illius
2005 1399 2034 1434 a
2079 1382 2257 1452 quovis
2303 1380 2455 1436 libere
2503 1378 2718 1438 tractari
2763 1384 2947 1447 potest,
2993 1381 3138 1428 tuum
3191 1371 3337 1425 etiam
3367 1387 3399 1423 a

1804 1474 2112 1532 Christianis
2158 1475 2288 1546 ipsis
2360 1473 2570 1527 minime
2618 1467 2905 1526 consecrari
2968 1466 3079 1520 sine
3125 1460 3398 1533 sacrilegio

1804 1569 1964 1630 videri
2005 1585 2109 1624 non
2154 1577 2339 1640 potest,
2388 1565 2726 1637 apertissime
2769 1568 2962 1632 quarto
3003 1556 3202 1614 sacculo
3234 1571 3399 1627 repu-

1802 1678 1970 1736 gnare
1997 1663 2338 1724 ostendimus
2370 1674 2530 1728 supra
2562 1672 2682 1728 cap.
2713 1656 2770 1720 2,
2805 1653 2833 1725 §
2865 1655 2916 1708 6.

1880 1757 2104 1814 Accedit
2131 1765 2186 1812 et
2230 1755 2359 1812 illud
2397 1753 2542 1826 quod
2572 1753 2640 1808 de
2689 1757 2912 1821 peccato
2959 1746 3255 1817 primorum
3309 1757 3400 1814 pa.

153 1842 228 1915 §l.
255 1843 307 1898 S.
339 1841 559 1897 Zenonis
586 1840 813 1911 episcOpi
863 1837 1169 1895 Veronensis
1205 1848 1250 1891 et
1304 1832 1546 1906 martyris
1575 1850 1698 1906 epo-

1815 1863 2022 1912 rentum
2068 1853 2121 1910 in
2169 1864 2422 1906 sermone
2467 1848 2535 1904 de
2578 1842 2990 1902 circumcisione
3038 1838 3290 1910 exprimit
3341 1837 3399 1893 S.

202 1937 281 1989 cha
302 1952 361 1990 ea:
378 1935 462 2000 iis,
489 1951 606 2005 quia
629 1936 766 1989 circa
789 1933 950 2006 ipsius
982 1947 1236 1986 sermones
1272 1938 1388 1982 sunt
1416 1928 1701 1992 obscrvota,

203 2040 330 2099 atque
370 2031 530 2084 etiam
575 2028 888 2084 observando
935 2037 1098 2094 sunt,
1149 2027 1298 2082 tertio
1342 2023 1534 2078 sreculo
1599 2033 1706 2076 sta-

205 2124 366 2179 tuenda
395 2123 705 2178 ostenditur.

207 2241 348 2296 Multa
379 2257 479 2312 pro
528 2255 587 2295 re
618 2239 992 2305 disseruimus,
1031 2253 1154 2308 quae
1187 2237 1272 2291 hie
1317 2234 1549 2291 breviter
1580 2249 1706 2305 per-

148 2335 377 2404 stringere
405 2333 599 2390 inutile
631 2347 736 2388 nou
765 2331 998 2388 videtur.
1069 2331 1147 2386 Ea
1196 2329 1338 2386 enim
1387 2344 1494 2385 non
1538 2327 1708 2383 modo

151 2427 204 2481 ad
228 2426 470 2484 elevanda
503 2425 722 2495 objecta
748 2425 970 2488 faciunt,
1002 2425 1127 2494 quin
1161 2430 1215 2478 et
1239 2422 1304 2477 ad
1335 2420 1708 2478 stabiliendum

152 2523 200 2576 [ι.
241 2521 464 2580 Zenonis
508 2519 793 2591 Epocbarn
838 2520 1072 2578 masime
1111 2516 1440 2572 conducunt.
1493 2515 1710 2572 Lectori

152 2622 299 2676 tamen
329 2623 383 2670 ιιι
427 2613 785 2670 detrahamus
818 2611 1114 2676 fastidium,
1159 2609 1297 2675 loca,
1349 2610 1438 2664 ubi
1470 2607 1586 2663 hinc
1622 2622 1713 2662 su-

150 2723 226 2776 pra
249 2707 402 2767 iusius
433 2715 671 2766 tractata
715 2714 863 2770 sunt,
897 2704 1168 2761 indicasse
1193 2703 1446 2758 sufﬁciat.
1487 2701 1579 2757 ltla
1614 2716 1711 2772 po.

150 2800 326 2854 tissima
363 2801 684 2870 conjectura
732 2808 838 2863 est,
885 2813 986 2868 qua
1035 2794 1444 2852 evidentissime
1485 2794 1712 2850 demou-

148 2904 322 2950 snatur
345 2894 400 2950 S.
433 2894 719 2954 Zenonem
763 2893 928 2948 tertio
969 2892 1172 2946 saecqu
1204 2889 1476 2955 ﬂoruisse,
1509 2890 1716 2946 scilicet

151 2986 325 3045 nullum
352 2987 645 3058 vestigium
677 2986 761 3042 vel
794 2985 912 3046 leve
943 2986 996 3040 in
1042 2985 1213 3055 ipsius
1250 2982 1596 3040 sermonibus
1626 2997 1712 3038 re-

147 3079 283 3146 periri
307 3093 635 3150 posse,_quo
675 3079 932 3138 saeculum
974 3084 1224 3148 quartum
1263 3075 1550 3131 indicetur.
1579 3074 1716 3130 Nus-

145 3184 278 3238 quam
339 3169 532 3232 Arium
588 3169 676 3226 vel
724 3186 821 3240 per
867 3169 1115 3228 umbram
1167 3168 1427 3228 nominat.
1485 3166 1716 3222 Errores

1807 1950 1974 2005 Zeno.
2005 1949 2169 2002 Adam
2199 1947 2381 2000 ctenim
2407 1961 2520 1998 cum
2551 1942 2797 2012 inclytum
2829 1953 3033 2010 pomum
3058 1936 3153 1988 hoc
3183 1933 3404 1987 membro

1808 2043 2079 2112 decerpsit,
2111 2040 2184 2094 sic
2213 2039 2265 2092 in
2293 2054 2450 2110 genus
2482 2037 2762 2089 humanum
2798 2034 2890 2104 jus
2936 2029 3114 2082 mortis
3154 2025 3356 2080 induxit
3385 2039 3404 2077 :

1812 2136 2118 2192 Necessario
2162 2149 2282 2204 ergo
2329 2130 2596 2185 luxurioso
2642 2126 2833 2198 populo
2875 2120 3013 2176 Deus
3059 2119 3154 2172 hoc
3200 2117 3405 2188 signum

1811 2232 1968 2297 dedit,
2005 2239 2060 2284 ut
2097 2228 2269 2284 locum
2320 2221 2598 2277 motrirolis
2631 2220 2798 2288 culpa:
2833 2232 2947 2270 cum
2981 2215 3206 2277 denotat,
3254 2211 3406 2263 etiam

1807 2325 1916 2380 alia
1951 2321 2172 2378 crimina
2215 2317 2462 2390 fugienda
2503 2320 2776 2386 cognoscat
2839 2326 2856 2364 :
2903 2307 3110 2364 scilicet
3156 2316 3408 2374 peccasse

1812 2419 1984 2475 Adam
2017 2431 2123 2472 nou
2155 2414 2382 2475 vetitum
2414 2407 2626 2465 edendo
2657 2420 2898 2476 pomum,
2941 2401 3036 2457 sed
3079 2415 3183 2454 non
3211 2411 3410 2466 empe-

1811 2523 1953 2569 etata
2002 2511 2246 2581 jussione
2294 2505 2389 2562 Dei
2435 2497 2849 2560 concutnbendo
2894 2512 3014 2552 cum
3068 2495 3198 2548 Eva.
3276 2491 3409 2558 Quae

1813 2605 2000 2678 opinio
2030 2605 2158 2658 licet
2185 2616 2301 2662 eam
2332 2597 2477 2656 Zeno
2507 2610 2615 2652 non
2663 2602 2721 2648 ut
2762 2605 2936 2656 suam,
2971 2588 3064 2644 sed
3094 2596 3153 2642 ut
3179 2586 3407 2640 aliorum

1813 2698 2084 2764 retulerit,
2115 2707 2172 2750 ut
2201 2695 2404 2765 optime
2433 2690 2552 2746 aliis
2578 2686 2823 2743 adductis
2850 2685 2912 2740 S.
2947 2681 3193 2737 Doctoris
3242 2678 3409 2733 texti-

1817 2795 1916 2850 bus
1949 2834 1962 2857 ,
2011 2791 2207 2862 quibus
2251 2803 2378 2844 vera
2435 2795 2487 2842 et
2533 2779 2835 2839 communis
2884 2776 3088 2849 peccati
3132 2773 3407 2844 originalis

1802 2880 2082 2944 sententia
2112 2883 2454 2953 exprimitur,
2490 2876 2697 2934 Domini
2731 2871 3003 2930 Ballerinii
3052 2867 3410 2939 comprobant

1816 2979 1980 3053 (Diss.
2015 2995 2077 3050 ιι,
2104 2994 2149 3032 c.
2182 2979 2238 3048 4)
2265 2992 2279 3040 ;
2311 2973 2445 3030 adeo
2474 2982 2656 3027 tamen
2687 2968 2902 3038 antiqua
2931 2975 3035 3028 est,
3072 2975 3128 3018 ut
3172 2963 3288 3033 ejus
3319 2977 3411 3016 ve-

1817 3073 1974 3144 sngia
2007 3073 2059 3128 in
2089 3087 2200 3127 uno
2227 3072 2286 3126 S.
2315 3070 2592 3124 Clemente
2621 3063 2988 3120 Alexandrino
3033 3075 3099 3116 ex
3146 3058 3267 3114 aliis
3309 3057 3404 3113 SS.

1821 3166 2072 3222 Patribus
2114 3166 2362 3234 legatur:
2403 3169 2597 3231 quarto
2626 3173 2753 3213 vero
2797 3155 2998 3212 satculo
3044 3155 3111 3208 ita
3141 3151 3408 3216 obsoleta,

143 3273 298 3317 cutura
331 3262 523 3329 ﬁdem,
574 3279 707 3332 quos
751 3263 836 3317 vel
883 3263 1078 3326 innuit,
1128 3261 1210 3316 vel
1257 3258 1530 3326 confutat,
1581 3248 1785 3316 ArioC
1820 3270 1878 3316 ut
1908 3274 1975 3314 ne
1999 3256 2223 3313 verbum
2256 3253 2469 3325 quidem
2522 3254 2575 3306 in
2621 3248 2862 3321 ejusdem
2909 3246 3013 3302 aevi
3054 3243 3412 3315 scriptoribus

143 3357 410 3414 anteriores
440 3357 792 3426 probavimus
821 3373 948 3428 cap.
979 3357 1028 3424 1,
1059 3356 1088 3427 §
1121 3357 1208 3422 11,
1239 3356 1326 3422 12,
1360 3356 1448 3422 15,
1480 3355 1565 3419 14,
1621 3355 1708 3422 15,

148 3449 218 3514 16,
246 3454 326 3517 17,
362 3455 694 3510 Arianorum
743 3453 990 3521 prOprias
1035 3465 1286 3508 errorum
1332 3464 1549 3506 suorum
1593 3447 1710 3508 for-

142 3544 305 3610 mulas,
337 3561 516 3615 neque
548 3547 662 3601 suis
691 3545 746 3602 in
778 3545 1000 3614 scriptis
1041 3545 1098 3600 S.
1131 3544 1405 3602 Zenonem
1439 3543 1710 3599 indicasse

141 3641 469 3706 comperimus
499 3640 531 3711 ᾗ
567 3639 654 3705 18,
695 3638 782 3703 l9,
823 3653 946 3696 cum
987 3636 1084 3696 SS.
1133 3638 1321 3696 Patres
1362 3636 1493 3693 Ario
1523 3648 1707 3707 potue-

142 3728 283 3782 riores
310 3729 374 3785 de
404 3730 473 3786 iis
523 3732 862 3800 frequentem
905 3729 1234 3790 mentionem
1269 3728 1515 3791 iecerint,
1550 3726 1580 3799 §
1621 3726 1704 3792 l9,

139 3819 208 3887 20,
248 3824 330 3878 2|.
365 3824 608 3881 Tantum
652 3840 783 3879 vero
810 3823 986 3886 abest,
1030 3821 1172 3893 quod
1218 3821 1279 3877 S.
1327 3820 1474 3876 Zeno
1519 3829 1705 3876 contra

140 3912 294 3968 Arium
335 3917 647 3988 scripserit,
703 3924 762 3970 ut
804 3915 857 3972 in
907 3914 1025 3985 ejus
1072 3914 1414 3970 sermonibus
1442 3912 1706 3969 dictiones

137 4009 357 4076 quasdam
416 4011 677 4072 Petavius
705 4009 1041 4081 redarguerit
1069 4007 1189 4081 (sed
1222 4009 1529 4079 perperam)
1564 4017 1702 4062 tam-

136 4115 266 4169 quam
311 4104 686 4160 Arianismum
735 4102 1063 4160 redolentes.
1114 4101 1172 4162 Si
1223 4117 1455 4172 namque
1499 4100 1564 4158 .S.
1619 4100 1706 4157 bic

133 4192 292 4251 doctor
318 4206 442 4267 post
472 4197 668 4258 Arium
697 4195 898 4252 saeculo
937 4204 1131 4266 quarto
1168 4194 1494 4265 scripsisset,
1529 4195 1704 4266 suspi-

134 4288 310 4345 tionem
342 4307 568 4348 onmem
617 4289 885 4348 sentiendi
932 4305 1052 4344 cum
1081 4288 1214 4345 Ario
1255 4288 1428 4358 ipsum
1460 4287 1706 4346 sublatu-

133 4396 225 4438 rum
253 4382 435 4452 fuisse,
457 4381 762 4456 putandum
790 4391 890 4438 est.
924 4381 954 4456 δ
981 4381 1072 4450 9.2,
1089 4381 1159 4437 de
1181 4381 1490 4442 Haeresibus
1508 4391 1704 4452 quarto

131 4479 301 4534 seculo
330 4479 568 4552 exortis,
606 4478 806 4538 nullam
839 4476 1168 4538 mentionem
1199 4473 1325 4532 facit
1349 4489 1469 4546 cap.
1499 4473 1556 4540 2,
1589 4473 1617 4546 ᾗ
1650 4476 1697 4530 1.

130 4567 235 4636 Qua:
264 4589 386 4628 vero
415 4572 487 4628 de
516 4572 730 4644 publica
779 4570 1017 4626 Ecclesia
1047 4568 1309 4632 aediﬁcata
1337 4569 1581 4634 disserit,
1611 4569 1696 4628 vel

130 4665 247 4732 quod
291 4683 318 4722 a
367 4667 636 4722 feralibus
699 4664 891 4721 edictis
949 4663 1258 4734 redemptos
1314 4660 1705 4723 Veronensium

130 4752 478 4826 largitionibus
511 4755 706 4813 ﬁdeles
750 4762 1162 4818 commemorat,
1196 4767 1258 4809 ea
1301 4762 1358 4808 et
1391 4752 1550 4810 tertio
1599 4767 1707 4810 Ste-

129 4849 229 4902 t'ulo
273 4851 576 4908 convenire
627 4849 1034 4906 demonstratur
1081 4846 1110 4919 §
1156 4847 1213 4914 ‘2,
1256 4857 1310 4902 et
1359 4847 1414 4902 '5.
1461 4845 1703 4902 Tertium

130 4955 233 4998 vero
257 4945 517 5000 saeculum
567 4952 754 5016 aperte
805 4941 1072 5013 designari
1105 4955 1137 4995 a
1165 4942 1223 4995 S.
1256 4939 1476 4998 Zenone
1524 4955 1589 5002 ex
1639 4955 1705 4995 eo

129 5047 328 5103 constat,
360 5038 488 5109 quia
521 5037 578 5092 in
621 5035 844 5092 nummis
879 5031 1071 5090 excudi
1117 5033 1282 5088 solere
1336 5051 1353 5085 ι
1390 5032 1516 5089 dicit
1560 5051 1580 5086 ι
1629 5032 1706 5088 si-

127 5144 255 5196 gnum
299 5130 642 5196 idololatriae,
699 5129 973 5198 eademque
1005 5126 1167 5193 idola,
1197 5142 1313 5196 qua:
1340 5126 1626 5192 colerentur
1655 5128 1709 5182 in

129 5223 332 5295 τριηριοξ
358 5226 414 5279 4.
450 5221 951 5279 Anacbronismum
996 5235 1128 5279 vero
1180 5234 1301 5275 esse
1338 5219 1707 5292 quadringen-

130 5323 275 5371 torum
323 5331 604 5372 annorum
654 5324 778 5370 nota
836 5314 890 5368 in
938 5326 1192 5370 sermone
1240 5311 1307 5370 de
1363 5309 1707 5376 Continentia

130 5409 513 5466 amanuensium
593 5422 779 5462 errore
836 5405 1087 5478 illapsum
1135 5403 1514 5472 ostendimus,
1573 5404 1601 5475 ᾗ
1650 5405 1703 5461 6.

130 5497 266 5558 lnane
287 5519 416 5559 vero
444 5510 821 5556 commentum
847 5514 968 5556 esse
987 5499 1153 5554 alium
1183 5497 1460 5554 Zenonem
1485 5497 1542 5554 S.
1576 5501 1706 5556 Am-

130 5593 268 5650 brosii
297 5595 642 5666 temporibus
670 5593 896 5665 lingere,
925 5599 1142 5656 constat
1168 5608 1232 5648 ex
1261 5591 1349 5658 iis,
1378 5606 1498 5662 quae
1543 5589 1707 5656 tertio

128 5683 216 5741 hoc
239 5689 411 5761 capite
445 5695 582 5744 sunt
606 5687 858 5744 adducta.

185 5781 290 5836 Alia
320 5785 371 5836 in
405 5785 762 5849 sermonibus
790 5779 845 5838 S.
885 5778 1121 5856 Zenonis
1151 5794 1258 5854 non
1306 5777 1538 5848 desunt,
1583 5793 1706 5846 qua!

1815 3353 1884 3408 de
1914 3368 1975 3407 ea
2011 3350 2329 3420 reperiatur.

1889 3443 1962 3499 Ea
1992 3415 2191 3506 etiam,
2225 3455 2344 3511 qua:
2389 3437 2456 3492 de
2501 3434 2754 3492 secundis
2787 3431 2990 3502 nuptiis
3033 3442 3089 3488 et
3145 3429 3318 3485 tertiis
3351 3428 3411 3482 S.
3457 3415 3474 3429 ’

1815 3539 1962 3598 Zeno
1992 3533 2202 3607 profert
2234 3543 2391 3590 tract.
2441 3548 2492 3594 v,
2540 3531 2632 3586 lib.
2667 3545 2707 3597 ι,
2751 3528 2945 3588 mirum
2992 3525 3046 3582 in
3097 3522 3314 3579 modum
3349 3522 3413 3576 iis

1814 3631 2187 3697 consentiunt,
2211 3644 2332 3700 quae
2355 3625 2693 3689 S.lrett:1}tts,
2712 3623 2968 3680 Clemens
2991 3617 3411 3682 Alexandrinus,

1811 3726 2106 3795 Origenes,
2149 3720 2544 3781 Tertullianus,
2589 3718 2789 3785 aliique
2821 3711 3180 3769 vetustissimi
3227 3710 3414 3764 Patres

1812 3819 1866 3874 in
1913 3832 2031 3872 eam
2076 3813 2403 3872 sententiam
2435 3810 2710 3866 dixerunt.
2743 3807 2878 3864 Vide
2927 3805 3218 3875 septimum
3254 3809 3415 3869 caput

1810 3911 2212 3970 dissertationis
2253 3909 2540 3968 secundae,
2570 3914 2626 3961 et
2655 3905 2724 3960 ibi
2746 3919 2832 3970 ea,
2864 3918 2987 3973 qua:
3012 3900 3171 3956 iidem
3201 3894 3411 3952 Domini

1812 4004 2086 4062 Ballerinii
2118 4000 2488 4060 eruditissime
2517 3999 2815 4054 disserunt.

1885 4098 2142 4152 'l‘ractatn
2175 4108 2302 4149 vero
2342 4108 2437 4148 seu
2485 4104 2741 4146 sermone
2765 4102 2917 4142 xxvn
2950 4084 3071 4140 libri
3099 4081 3321 4138 secundi
3354 4097 3408 4148 ιι.

1810 4193 1878 4259 5,
1911 4188 2345 4263 persecutionem
2377 4183 2638 4242 Ecclesim
2669 4180 2955 4236 vindemia:
3000 4189 3324 4248 comparans
3351 4174 3410 4228 S.

1811 4285 1988 4350 Zeno,
2020 4283 2135 4336 lucc
2167 4281 2332 4336 habet
2361 4298 2373 4332 :
2403 4281 2470 4333 At
2495 4278 2580 4331 ubi
2610 4275 2879 4330 vindemia:
2902 4273 3091 4334 venerit
3117 4281 3337 4338 tempus,
3361 4267 3416 4324 id

1810 4389 1883 4434 est
1901 4375 2266 4447 persecutionis
2290 4373 2434 4433 dies.
2471 4370 2660 4440 passim
2703 4383 2814 4424 uva:
2857 4366 3197 4436 diripiuntur,
3240 4360 3293 4414 id
3340 4371 3414 4415 est

1810 4470 2189 4528 inconsiderate
2227 4467 2416 4524 sanctis
2445 4462 2682 4518 omnibus
2709 4462 2928 4516 violenta
2955 4460 3178 4530 infertur
3205 4472 3407 4510 manus.

1812 4566 1892 4626 Ad
1918 4563 2143 4620 torcular
2166 4567 2555 4632 comparantur,
2586 4555 2640 4608 id
2662 4563 2736 4618 est
2762 4555 2832 4612 ad
2857 4550 3101 4624 supplicii
3125 4549 3294 4605 locum
3319 4547 3412 4601 de-

1733 4644 1784 4708 D
1813 4659 2091 4713 ducuntur.
2143 4653 2218 4714 Ab
2251 4651 2505 4724 operariis
2545 4647 2735 4702 ibidem
2776 4646 3157 4709 concultontur,
3207 4642 3302 4696 hoc
3341 4649 3414 4695 est

1813 4767 2013 4812 summa
2038 4764 2156 4806 cum
2195 4743 2501 4802 contumelia
2544 4759 2574 4796 a
2612 4737 3056 4815 persecutionibus
3087 4735 3230 4790 illusi
3252 4737 3416 4806 jugu-

1816 4847 2010 4912 lantur,
2065 4851 2171 4898 etc.
2234 4841 2363 4909 Qua:
2419 4847 2744 4909 prmsentcm
2788 4833 3256 4904 persecutionem,
3314 4843 3413 4881 seu

1814 4938 2152 5009 frequentera
2203 4948 2267 4988 ac
2313 4932 2525 4988 obviam
2581 4927 2844 4986 indicant.
2891 4925 3169 4981 Conantur
3194 4921 3411 4992 quidem

1815 5030 2027 5085 Domini
2058 5026 2336 5086 Butler-inii
2370 5024 2532 5080 verba
2565 5022 2680 5076 haec
2708 5019 2774 5074 ad
2809 5017 3248 5092 persecutionem
3275 5016 3413 5069 Con-

1815 5121 2004 5179 SIantii
2034 5121 2085 5176 in
2118 5117 2431 5176 Catholicos
2457 5114 2770 5177 amandare,
2818 5122 2873 5167 at
2920 5110 3070 5166 nullo
3113 5107 3414 5179 Opitulante

1817 5227 1961 5276 textu
1981 5261 1996 5286 ,
2025 5227 2083 5274 et
2111 5232 2231 5288 quae
2261 5231 2326 5271 ex
2357 5213 2478 5268 aliis
2505 5212 2752 5270 Pati-ibus
2802 5207 3045 5279 ejusdem
3075 5206 3184 5264 teri
3210 5205 3414 5275 prmiu-

1813 5322 1944 5370 cunt
1964 5354 1978 5378 ,
2030 5319 2215 5380 aperte
2244 5318 2455 5378 tempus
2484 5303 2790 5362 Constantii
2817 5309 3150 5367 contratant,
3180 5298 3321 5370 quod
3354 5298 3407 5351 in

1808 5405 1864 5462 S.
1896 5403 2136 5460 Zenonis
2167 5401 2347 5458 verbis
2373 5400 2592 5455 minime
2640 5399 2934 5455 observare
2979 5395 3122 5450 licet.
3161 5392 3412 5461 Apertius

1812 5499 1865 5555 in
1895 5512 2147 5556 sermone
2173 5495 2240 5551 de
2271 5494 2550 5552 Patientisc
2606 5491 2886 5555 laudibus,
2943 5487 3086 5541 illam
3128 5466 3366 5539 ell‘erens
3393 5522 3409 5548 ,

1812 5592 1891 5648 sic
1913 5592 1983 5646 ait
2017 5608 2030 5646 :
2062 5589 2138 5644 Tu
2165 5590 2443 5662 prophetas
2473 5585 2752 5656 provexisti
2776 5598 2794 5635 :
2831 5579 3033 5636 Christo
3061 5587 3112 5630 tu
3136 5575 3416 5646 Apostolos

1813 5685 2108 5760 pltttinasti.
2139 5681 2217 5741 Tu
2245 5681 2550 5752 quotidiana
2595 5678 2890 5748 Martyrum
2922 5685 3082 5728 mater
3124 5687 3200 5732 es,
3247 5677 3298 5722 et
3325 5685 3415 5724 σοι

1811 5797 1941 5836 roua
1997 5779 2112 5851 (lib.
2146 5795 2159 5832 ι
2195 5787 2260 5834 tr.
2295 5793 2345 5834 Vl
2367 5817 2383 5844 ,
2418 5793 2470 5832 n.
2499 5773 2576 5845 8).
2613 5773 2688 5826 De
2716 5765 3000 5840 Propltetis
3051 5773 3108 5820 et
3159 5761 3395 5833 Aposto-

128 5881 502 5958 antiquitatcm
549 5895 676 5948 ante
713 5891 964 5964 quartum
1011 5879 1267 5948 sacculum
1311 5878 1552 5951 itldicant
1593 5895 1604 5932 :
1816 5877 1884 5944 lis
1937 5891 2103 5964 agens
2149 5886 2393 5955 tempore
2422 5868 2699 5950 praeterito
2739 5864 2996 5963 loquitur,
3025 5877 3146 5920 cunt
3195 5873 3325 5920 vero
3350 5859 3420 5920 de
