3902 6324
553 299 656 358 735

1731 297 1818 352 DE
1849 294 2093 353 SANCTI
2133 295 2424 351 ZENONIS
2466 295 2739 352 EPOCIIA

3670 310 3743 363 77.6

552 419 873 492 Martyribns
903 419 1178 492 praesenti.
1217 415 1362 473 Idem
1392 419 1446 474 in
1501 432 1755 474 sern‘ione
1782 417 1850 471 l3
1880 416 1973 470 lib.
2008 431 2020 470 I
2045 456 2058 480 ,
2093 431 2145 470 ιι.
2179 423 2225 478 Α
2257 414 2322 467 ab
2351 415 2602 468 omnibus
2624 430 2729 468 non
2757 415 2931 469 solum
2965 414 3129 486 vulgi,
3150 416 3244 471 sed
3270 428 3322 475 et
3343 419 3470 475 Cleri
3491 419 3746 505 hominibus,

555 513 639 578 ll,
675 512 984 585 Martyrium
1030 527 1152 567 cum
1199 510 1624 567 circumcisione
1662 507 1952 565 conferens
1985 527 1996 562 :
2031 507 2154 563 Non

552 605 854 678 sanguinem
885 605 1050 659 sterili
1088 605 1409 658 solemnitate
1451 603 1788 670 dimittimus,
1821 602 1912 656 sed
1936 601 2152 670 pudoris

553 699 852 771 sanguinem
876 699 1176 764 retinemus,
1202 715 1348 767 quem
1373 697 1640 751 ambitiose
1670 696 1968 766 plerumque
1988 693 2155 762 e/I'utr-

555 791 748 859 dimus,
783 808 898 845 cum
943 808 1037 863 pro
1082 792 1288 845 nomine
1334 788 1545 844 Domini
1593 789 1856 842 diabolum
1909 788 2154 841 movendo

553 895 814 940 vastantus
842 884 958 958 (Tr.
985 901 1057 939 vit
1076 928 1090 951 ,
1121 903 1178 939 ιι.
1213 884 1266 956 l)
1286 901 1304 949 ;
1327 892 1382 938 et
1408 898 1659 938 sermone
1689 881 1934 953 sequenti
1957 881 2023 935 de
2047 880 2156 935 Hu-

554 980 804 1046 militate,
821 977 1180 1033 idololatriam
1202 987 1524 1046 praesentem
1547 974 1798 1044 exprimit
1824 983 2014 1029 contra
2033 972 2155 1028 Phi-

559 1072 820 1142 losophos
847 1087 1011 1143 agens
1045 1072 1264 1125 nomine
1287 1071 1624 1127 Graecorum.
1657 1067 1886 1123 Arianos
1907 1081 2036 1122 vero
2067 1065 2152 1119 in-

559 1167 802 1236 telligere
869 1163 1321 1236 Philosophorum
1377 1164 1629 1228 nomine,
1693 1170 1750 1215 ut
1793 1161 2156 1215 Adnotatores

559 1260 901 1316 Veronenses
943 1257 1220 1329 explicant
1266 1257 1478 1327 (.ldnot.
1521 1255 1556 1309 ‘2
1601 1265 1647 1310 et
1684 1256 1738 1320 5,
1782 1256 1834 1307 in
1864 1250 2147 1324 eumdem),

558 1353 794 1409 alienum
840 1369 870 1406 a
899 1367 1062 1408 sensu
1105 1351 1168 1406 D.
1203 1351 1438 1405 Zenonis
1467 1347 1700 1414 videtur,
1745 1362 1866 1400 nam
1913 1345 2156 1400 inﬁdeles

562 1448 787 1519 przecise
808 1447 1000 1516 carpit.
1030 1446 1180 1514 Quod
1199 1461 1335 1498 nunc
1355 1444 1552 1514 faciunt
1574 1442 1826 1511 infideles.
1853 1439 2154 1494 lnlidelium

562 1557 695 1598 vero
736 1543 953 1597 nomine
983 1555 1091 1596 non
1126 1521 1350 1604 Ariani,
1393 1539 1485 1609 qui
1532 1537 1846 1593 lustralibus
1892 1533 2155 1603 Baptismi

562 1636 716 1706 aquis
748 1634 1118 1705 ﬁngebantur.
1150 1631 1243 1685 sed
1281 1630 1482 1685 ethnici
1529 1629 1904 1698 designantur.
1936 1624 2076 1680 Vide
2102 1635 2158 1680 et

559 1739 717 1784 tract.
770 1728 874 1794 15,
909 1743 1061 1793 num,
1091 1725 1146 1780 2.
1185 1726 1342 1781 Plura
1376 1727 1519 1780 enim
1569 1723 1879 1794 hujusmodi
1928 1733 2053 1777 sunt
2102 1721 2154 1775 in

2253 511 2343 580 qui
2371 507 2626 565 Coronati
2653 511 3018 564 narrationem
3068 512 3122 565 in
3150 513 3460 584 antiphonas
3477 556 3490 576 ,
3517 515 3720 574 lectiones
3737 563 3749 584 ,

2256 601 2603 672 responsoria
2627 644 2641 663 ,
2669 618 2880 668 versus,
2913 613 3074 674 atque
3101 605 3326 676 hymnos
3353 607 3629 673 scindentes,
3650 612 3750 666 eain

2250 695 2461 750 Ofﬁciis
2493 695 2698 750 Divinis
2730 707 3036 752 uterentur.
3107 699 3333 753 Necesse
3371 701 3531 770 itaque
3567 712 3633 756 est
3667 705 3752 772 opi-

2257 789 2372 844 nari
2394 830 2410 856 ,
2458 788 2726 844 Veronam
2759 791 2829 844 ita
2862 791 3081 846 Patroni
3111 793 3233 857 sui,
3263 809 3413 863 quem
3443 804 3572 849 tanto
3592 811 3751 866 semper

2254 881 2514 952 obsequio
2555 891 2609 937 et
2659 883 2865 939 honore
2904 884 3072 939 coluit
3113 885 3369 951 oblitam,
3422 895 3473 940 nt
3524 897 3613 942 tam
3636 903 3755 958 parte

2259 985 2502 1044 tempore
2551 976 2707 1030 annis
2738 976 2946 1031 scilicet
2989 977 3118 1042 270,
3174 993 3342 1046 neque
3386 978 3590 1035 Zenonis
3631 983 3755 1036 :ctatis

2258 1071 2397 1124 nulla
2426 1071 2474 1123 in
2503 1084 2562 1125 ea
2596 1071 2854 1125 memoria
2895 1071 3249 1140 reperiretur.
3274 1070 3400 1139 Quis
3428 1073 3631 1142 prudens
3647 1089 3758 1130 suum

2258 1159 2359 1215 hoc
2390 1161 2444 1215 in
2475 1163 2714 1215 animum
2746 1161 3000 1218 inducere
3042 1164 3276 1232 poterit?
3321 1163 3525 1219 Extabat
3549 1179 3654 1234 ergo
3675 1181 3760 1235 sep-
3845 1209 3847 1212 .

2259 1256 2389 1308 timo
2417 1257 2612 1310 sa'culo
2637 1255 2899 1310 memoria
2926 1257 3186 1326 temporis
3216 1271 3324 1328 quo
3368 1257 3555 1311 vixerat
3571 1257 3618 1313 8.
3638 1257 3759 1313 Zeno.

2257 1347 2446 1418 Itaque
2477 1351 2522 1402 si
2552 1361 2743 1419 quarto
2787 1349 2986 1404 sa‘culo
3027 1349 3085 1404 8.
3121 1348 3268 1404 Zeno
3297 1348 3528 1413 vixisset,
3557 1365 3644 1403 non
3670 1360 3763 1404 teta-
3848 1368 3849 1374 η

2261 1457 2392 1512 pore
2422 1441 2649 1498 Gallieni
2673 1484 2686 1504 ,
2720 1442 2812 1498 sed
2844 1457 2986 1498 anno
3013 1441 3120 1497 580
3149 1442 3390 1506 circiter,
3421 1441 3672 1508 Gratiano,
3691 1441 3766 1495 Va-

2261 1534 2558 1590 lentiniano
2642 1545 2695 1590 et
2748 1535 3054 1590 Theodosio
3117 1535 3512 1604 imperantibus.
3553 1534 3766 1601 Quomodo

2259 1627 2565 1684 Coronatus
2593 1609 3177 1685 Ecclesitchroncnsi
3208 1629 3283 1682 ita
3313 1629 3475 1696 potuit
3499 1626 3770 1692 illudere,ut
3850 1660 3851 1680 ι

2267 1722 2470 1792 patenti
2502 1721 2783 1778 mendacio
2807 1723 2875 1777 ita
2906 1723 3284 1787 assentiretur,
3306 1721 3526 1791 illudque
3549 1720 3766 1775 celebriori

558 1823 904 1880 sermonibus
949 1823 1008 1878 D.
1043 1822 1276 1878 Zenonis
1308 1819 1646 1876 observanda
1673 1860 1690 1888 ,
1720 1833 1840 1889 qua:
1863 1817 1975 1887 jam
2017 1817 2162 1887 piget
2192 1822 2239 1880 B
2266 1814 2595 1870 solemnitati
2625 1815 2943 1870 decantaret
2976 1816 3088 1884 ipsa
3116 1815 3166 1868 in
3200 1812 3469 1869 Ecclesia?
3494 1815 3563 1867 An
3585 1813 3771 1882 antiquos

559 1918 912 1990 perscrutari.

559 2054 586 2121 ξ
616 2053 680 2109 ll.
709 2054 945 2109 Traditio
971 2066 1208 2110 constans
1246 2064 1398 2122 atque
1439 2053 1738 2108 continuata
1795 2051 1856 2108 S.
1901 2049 2158 2106 Zenonem

798 2162 1024 2220 tempore
1055 2148 1274 2206 Gallieni
1315 2151 1555 2220 ﬂoruisse
1585 2149 1922 2203 demonstrat.

632 2285 967 2340 Veronensis
999 2284 1261 2340 Ecclesia:
1309 2287 1528 2356 antiqua
1578 2285 1758 2341 omnia
1808 2293 2158 2339 monumenta

561 2381 699 2433 hanc
755 2379 1100 2434 traditionem
1164 2389 1457 2443 testantur,
1505 2380 1564 2434 8.
1613 2377 1893 2435 Zenonem
1949 2376 2160 2432 scilicet

560 2473 794 2528 Gallieni
827 2474 1170 2544 imperatoris
1201 2482 1359 2529 astate
1388 2473 1505 2544 ejus
1535 2473 1798 2528 Ecclesia
1827 2471 2155 2527 Cathedram

559 2569 816 2625 tenuisse.
845 2569 972 2624 Haec
1000 2570 1171 2625 lector
1197 2569 1383 2625 videre
1412 2570 1613 2640 poterit
1659 2569 1710 2621 in
1753 2567 1890 2622 libro
1915 2566 2005 2637 qui
2045 2564 2154 2620 SS.

563 2662 938 2734 EpiscOporum
970 2662 1345 2718 Veronensium
1376 2663 1588 2734 antiqua
1615 2671 1944 2715 monumenta
1972 2659 2157 2713 inscri-

557 2759 712 2824 bitur,
745 2757 892 2813 edito
914 2774 941 2811 a
976 2757 1250 2827 Raphacle
1277 2757 1496 2827 Bagatta
1521 2801 1534 2821 ,
1571 2765 1625 2810 et
1653 2754 1891 2824 Baptista
1914 2753 2152 2818 Peri-tto,

555 2868 618 2908 ac
648 2851 888 2906 Venetils
918 2851 1206 2922 impresso.
1238 2865 1382 2906 anno
1413 2850 1567 2916 1576,
1602 2862 1656 2906 et
1686 2851 1737 2904 in
1762 2850 1951 2904 ultima
1977 2849 2156 2904 Domi-

558 2961 752 3000 norum
782 2944 1199 3000 Ballcriniorum
1234 2945 1536 3000 Veronensi
1567 2944 1806 2999 editione
1838 2958 2152 3000 sermonum

558 3038 616 3094 8.
651 3039 887 3094 Zenonis
915 3051 1037 3108 post
1079 3039 1304 3094 Dissert.
1352 3039 1587 3094 tertiam.
1621 3039 1912 3094 Testantur
1941 3047 1995 3092 et
2041 3051 2156 3090 mo-

558 3143 815 3188 numenta
867 3133 1121 3189 Ecclesiae
1184 3133 1341 3204 hnjns
1388 3131 1758 3188 Pistoriensis.
1831 3131 2154 3186 Kalendaria

2266 1907 2453 1963 Patres
2477 1919 2692 1962 nostros
2717 1909 2787 1962 ita
2813 1906 3153 1978 impudentes
3176 1907 3520 1962 habebimus?
3543 1905 3771 1960 Coromtus

2265 2003 2442 2074 itaque
2473 2004 2530 2058 8.
2562 2003 2795 2058 Zenonis
2823 2012 3037 2058 aetatem
3068 2004 3312 2057 narravit
3350 2001 3615 2057 secundum
3641 2001 3773 2055 lict-le-

2262 2095 2356 2149 size
2382 2094 2734 2159 Veronensis,
2761 2110 2864 2149 non
2892 2095 3034 2166 vulgi
3067 2095 3434 2149 traditionem.

2335 2189 2402 2243 Λι
2431 2187 2613 2250 dices,
2643 2187 2746 2242 alia
2781 2203 2906 2243 esse
2932 2228 2946 2251 ,
2978 2203 3099 2257 qua»
3125 2185 3361 2240 fabulam
3390 2185 3582 2255 sapiunt
3617 2185 3658 2238 in
3679 2183 3774 2238 anti-

2263 2281 2385 2352 quis
2414 2280 2622 2335 Ofﬁciis
2657 2279 2914 2335 Ecclesia:
2965 2279 3296 2334 Veronensis
3324 2278 3391 2332 de
3417 2277 3613 2331 Zenone
3635 2276 3771 2330 relata.

2260 2376 2394 2444 Qua:
2442 2385 2568 2430 sunt
2600 2375 2752 2431 hare?
2780 2375 2917 2429 Nihil
2950 2382 3099 2429 certe
3126 2373 3275 2428 aliud
3327 2374 3464 2443 quod
3497 2368 3776 2441 improbabile

2259 2469 2524 2533 videatur,
2553 2469 2654 2522 nisi
2685 2468 2810 2522 illud
2838 2487 2850 2520 :
2877 2467 2936 2524 S.
2969 2466 3246 2522 Zenonem
3277 2465 3483 2522 scilicet
3509 2464 3649 2518 fuisse
3670 2474 3778 2516 sanc-

2261 2562 2553 2627 tiﬁcatum,
2583 2563 2735 2632 quasi
2768 2561 3064 2630 Baptistam
3112 2560 3349 2614 alterum
3389 2559 3439 2613 in
3468 2567 3606 2613 utero
3626 2554 3778 2616 Matris,

2259 2657 2304 2712 si
2336 2658 2411 2710 ita
2439 2657 2787 2726 intelligenda
2815 2664 2942 2709 sunt
2969 2669 3033 2709 ea
3059 2653 3256 2710 verba:
3289 2650 3415 2707 Fuit
3436 2653 3592 2722 itaque
3611 2649 3780 2704 amatus

2259 2761 2403 2803 utero
2425 2750 2800 2818 sancti/iratus,
2837 2757 2882 2802 et
2911 2765 2942 2801 a
2969 2746 3238 2801 cunabulis
3271 2745 3572 2806 benedictus.
3598 2753 3644 2797 ut
3663 2757 3781 2794 asser-

2259 2843 2395 2896 tione
2425 2841 2599 2895 divina
2637 2842 2690 2894 in
2725 2856 2781 2894 eo
2824 2840 2983 2907 repeti
3009 2840 3270 2892 videretur
3299 2837 3433 2909 quod
3459 2837 3667 2892 Jeremia:
3705 2835 3783 2884 dic.

2259 2945 2370 2988 tum
2401 2945 2496 2988 est.
2528 2933 2841 3004 Priusquam
2869 2943 2916 2990 te
2948 2934 3224 3004 formarem
3255 2934 3314 2986 in
3345 2942 3516 2996 utero,
3555 2930 3652 2983 novi
3679 2937 3730 2991 te,
3751 2935 3782 2978 ct

2257 3038 2530 3098 antequam
2561 3029 2724 3082 exires
2752 3027 2815 3080 de
2840 3038 3012 3080 ventre
3053 3026 3379 3090 sancti/icaui
3405 3035 3451 3079 te
3469 3022 3616 3098 (Lect.
3651 3037 3690 3074 tv
3721 3021 3781 3088 (If-

2258 3124 2364 3193 ﬁcii
2412 3123 2473 3178 S.
2524 3122 2651 3176 Zen.
2690 3123 2812 3176 Vid.
2851 3139 2968 3194 sup.
3013 3138 3112 3177 ms.
3149 3120 3377 3175 Martial.
3422 3120 3480 3176 S.
3510 3119 3648 3174 Joau.
3686 3115 3782 3184 Bap-

557 3243 772 3300 qnoquc
813 3243 876 3283 ac
925 3226 1304 3300 Martyrologia
1327 3226 1442 3281 fere
1483 3226 1662 3280 omnia
1691 3225 1994 3295 celebriora
2020 3240 2156 3294 prcc-
2182 3220 2226 3280 C
2263 3219 2397 3272 tistce
2428 3214 2612 3285 Pist.).
2645 3215 2799 3284 Quod
2846 3215 3006 3270 aliter
3034 3215 3232 3286 legitur
3261 3216 3314 3270 in
3368 3215 3469 3268 vita
3515 3230 3540 3266 a
3579 3211 3784 3266 Coronam

556 3324 736 3394 cipue,
772 3333 826 3378 et
858 3324 908 3378 in
943 3323 1028 3389 iis,
1059 3322 1196 3392 quod
1224 3339 1330 3391 pra:
1358 3321 1570 3376 caeteris
1597 3321 1816 3376 maximi
1848 3320 2152 3375 faciendum

556 3425 674 3484 est,
705 3415 1143 3488 Martyrologium
1177 3414 1507 3471 Romanum.
1555 3413 1610 3469 ln
1649 3413 1836 3469 eadem
1884 3417 2154 3470 sententia

558 3521 812 3564 auctores
831 3507 898 3563 ad
924 3508 1180 3564 szeculum
1214 3508 1486 3564 decimum
1533 3518 1750 3562 sextum
1782 3521 1953 3577 usque
2002 3507 2156 3562 fuere

559 3617 770 3656 omnes.
811 3599 944 3668 Quae
975 3601 1159 3672 opinio
1187 3603 1240 3656 in
1278 3616 1466 3657 eorum
1495 3601 1632 3656 adeo
1679 3601 1879 3656 insedit
1920 3601 2114 3656 animis
2139 3643 2152 3665 ,

562 3705 614 3746 ut
648 3709 931 3748 sermones
960 3694 1136 3763 potius
1169 3709 1276 3749 non
1305 3709 1429 3750 esse
1464 3692 1522 3749 8.
1553 3693 1787 3749 Zenonis
1814 3704 2115 3748 assererem
2138 3737 2151 3760 ,

560 3800 625 3840 ea
653 3786 867 3842 ratione
921 3802 1026 3858 qua
1051 3786 1372 3842 videbantur
1401 3787 1630 3844 Gallieni
1663 3788 1998 3858 temporibus
2029 3803 2160 3843 con-

561 3881 747 3936 venire
775 3897 882 3934 non
917 3894 1076 3950 posse
1098 3922 1113 3948 ,
1138 3889 1194 3935 ut
1223 3882 1279 3936 S.
1311 3881 1540 3937 Zenonis
1569 3880 1844 3951 Epocham
1868 3896 1897 3932 a
1927 3879 2156 3936 Gallieni

561 3974 803 4045 ejusdem
867 3985 1027 4029 astate
1077 3991 1328 4030 animare
1401 3991 1507 4030 non
1560 3986 1904 4045 cogerentur.
1968 3973 2023 4028 ld
2090 3974 2159 4030 de

560 4069 712 4124 Sixto
738 4068 966 4125 Senensi
1004 4079 1166 4140 atque
1210 4068 1427 4123 Lahbeo
1449 4069 1746 4124 observant
1773 4067 1957 4122 eximii
1988 4066 2160 4120 Balle-

561 4163 708 4218 rinii.
737 4163 1067 4220 Traditionis
1115 4173 1293 4218 tamen
1343 4163 1502 4233 hujus
1548 4163 1765 4234 penitus
1808 4162 2157 4234 ittSpiciettd:e

562 4263 689 4309 sunt
723 4257 868 4310 vires
910 4266 965 4310 et
996 4255 1366 4312 fundamenta.

636 4346 881 4413 Primus,
914 4349 1002 4418 qui
1035 4348 1314 4404 traditioni
1341 4348 1463 4403 huic
1493 4347 1838 4405 fundamenta
1866 4348 2078 4420 iecerit,
2105 4358 2162 4403 ιιι

567 4438 778 4498 Domini
802 4439 1068 4496 Ballcrinii
1091 4443 1402 4512 epinantur,
1441 4441 1746 4499 Coronatus
1758 4443 2010 4499 Notarius
2026 4443 2160 4498 Vitae

565 4531 623 4586 S.
654 4531 889 4588 Zenonis
911 4535 1145 4605 scriptor
1172 4536 1337 4591 fuisse
1360 4536 1618 4593 creditur.
1645 4535 1742 4592 Cui
1761 4537 2050 4602 traditioni,
2073 4554 2161 4590 seu

2259 3311 2478 3368 Notario
2523 3327 2618 3381 per
2663 3311 2924 3366 Dominus
2973 3309 3301 3366 Ballerinios
3341 3308 3478 3363 inter
3509 3313 3782 3361 monumenta

2259 3405 2426 3462 relata
2450 3447 2463 3470 ,
2490 3420 2683 3475 nempe
2712 3422 2724 3458 :
2749 3403 2822 3458 Et
2849 3404 2969 3468 quia
2996 3405 3108 3472 ipse
3136 3401 3392 3456 Dominus
3431 3402 3552 3456 dixit
3576 3400 3683 3452 bona
3704 3409 3787 3461 opt-

2257 3497 2493 3552 rantibus
2517 3514 2534 3552 :
2573 3495 2886 3566 Priusquam
2911 3506 2958 3550 te
2980 3500 3262 3568 formarem
3292 3496 3347 3549 iu
3374 3505 3530 3558 utero,
3559 3490 3657 3545 nari
3680 3494 3780 3548 te,“

2260 3601 2534 3660 antequam
2560 3591 2726 3645 exires
2754 3592 2818 3644 de
2836 3603 3039 3657 ventre,
3069 3593 3400 3663 sanctiﬁcavi
3429 3599 3493 3646 te.
3535 3587 3623 3642 Ille
3645 3587 3748 3640 enim
3767 3597 3787 3632 tt

2261 3686 2531 3739 cunabulis
2554 3685 2873 3751 benedictus,
2905 3696 2953 3739 et
2997 3703 3030 3739 a
3055 3697 3232 3740 ventre
3255 3686 3599 3754 sanctiﬁcatus
3624 3688 3724 3735 erat.
3744 3677 3789 3730 Αι

2263 3793 2368 3832 non
2403 3788 2782 3848 przeoccupato
2823 3779 2874 3831 in
2907 3790 3120 3834 veteres
3146 3781 3359 3844 animo,
3390 3791 3443 3835 et
3487 3793 3627 3849 quem
3666 3773 3794 3842 ptimo

2261 3883 2482 3944 aspectu
2517 3875 2630 3928 haec
2659 3874 2818 3928 verba
2847 3889 3067 3930 sensum
3099 3875 3358 3946 ingerunt
3406 3876 3575 3930 statim
3601 3880 3670 3927 est
3692 3868 3791 3922 acri-

2265 3969 2556 4038 pienilutn,
2603 3969 2698 4023 sed
2753 3968 2878 4039 quid
2936 3969 3035 4040 ipsi
3087 3970 3403 4043 Scriptores
3442 3967 3626 4035 antiqui
3653 3961 3790 4020 iisdem

2264 4062 2445 4117 verbis
2472 4062 2780 4131 exprimere
2808 4061 3142 4117 voluerunt:
3176 4078 3240 4118 ea
3287 4065 3434 4119 enim
3479 4061 3621 4117 verba
3658 4073 3671 4110 :
3705 4053 3793 4106 Fuit

2262 4161 2434 4230 itaque
2458 4177 2491 4214 a
2519 4161 2698 4215 matris
2720 4171 2862 4215 utero
2888 4161 3261 4231 sanctiﬁcatus,
3299 4172 3347 4216 et
3374 4179 3406 4214 a
3427 4157 3668 4214 cunabulis
3685 4156 3792 4206 bent-

2263 4254 2433 4308 dictus
2453 4297 2467 4320 ,
2501 4262 2557 4307 ιιι
2583 4253 2636 4307 in
2668 4270 2768 4308 ms.
2797 4253 2929 4308 Pist.
2975 4255 3026 4308 in
3063 4253 3169 4308 vita
3200 4253 3512 4325 supradicta
3539 4269 3552 4304 :
3583 4247 3667 4302 Ille
3699 4243 3793 4297 enim

2265 4363 2297 4400 a
2320 4346 2590 4400 cunabulis
2619 4345 2940 4413 benedictus,
2970 4356 3018 4401 et
3052 4363 3082 4399 a
3123 4357 3300 4402 ventre
3327 4347 3659 4414 sanctiﬁcata:
3683 4345 3762 4393 erat
3786 4375 3794 4388 .

2267 4454 2373 4496 non
2402 4440 2889 4496 sanctiﬁcationem
2933 4443 2984 4495 in
3014 4449 3170 4496 utero
3192 4482 3206 4500 ,
3239 4450 3298 4496 et
3352 4450 3620 4510 antequam
3658 4442 3796 4488 nasce-

2267 4543 2416 4589 retur
2481 4533 2701 4604 proprie
2769 4533 3111 4603 signiftcant,
3171 4533 3266 4588 sed
3336 4543 3457 4602 post
3510 4528 3796 4586 nativitatem.

567 4625 738 4694 potius
785 4627 1089 4696 prtejudicio
1147 4645 1279 4682 unus
1321 4628 1606 4685 Coronatus
1668 4628 1920 4684 Notarius
1964 4631 2164 4702 septimi
2190 4625 2245 4684 D
2270 4630 2312 4684 Α
2339 4631 2519 4684 matris
2546 4639 2687 4683 utero
2717 4630 3090 4695 sanctiﬁcatus,
3120 4639 3168 4682 et
3195 4645 3228 4682 α
3254 4627 3523 4683 cunabulis
3549 4619 3794 4678 benedictus.

567 4716 647 4772 vel
673 4719 841 4771 octavi
883 4721 1056 4772 stcculi
1091 4722 1314 4791 scriptor
1341 4725 1735 4791 fundamentum
1776 4723 1945 4795 posuit
1975 4739 2038 4776 ex
2065 4739 2164 4791 quo

567 4811 660 4863 alii
689 4810 902 4864 subinde
931 4814 1287 4883 antiquitatem
1316 4832 1414 4869 non
1441 4815 1640 4870 Zenoni
1664 4817 1852 4881 solum,
1883 4817 1974 4870 sed
2004 4815 2166 4870 Vero-

568 4903 712 4956 nmsi
732 4904 885 4956 etiam
916 4901 1165 4957 Ecclesia'
1187 4903 1525 4974 honorificam
1547 4907 1894 4979 praedicarunt
1919 4906 2160 4978 (Dissert.

569 5012 649 5063 pr.
682 5012 798 5065 cap.
833 4995 887 5061 2,
919 4995 1037 5065 ξε,
1069 5012 1182 5067 cap.
1216 4999 1280 5060 5,
1318 4997 1346 5068 §
1390 4999 1468 5066 5).
1517 4998 1784 5069 Pluraque
1830 5007 2160 5069 congerunt,

571 5097 628 5142 ιιι
673 5089 964 5142 narrationi
1013 5089 1170 5159 hujus
1199 5089 1453 5144 Coronati
1485 5090 1807 5156 detrahant,
1853 5091 1920 5145 de
1969 5091 2164 5161 quibus

570 5192 730 5248 supra
759 5181 989 5248 egimus.
1015 5180 1169 5235 Modo
1200 5189 1402 5249 tamen,
1433 5189 1492 5235 nt
1521 5182 1886 5250 indulgentius
1909 5196 2158 5252 agamus;

571 5261 710 5326 si
735 5271 880 5328 Zeno
902 5283 1096 5344 quarto
1127 5275 1359 5336 szrculo,
1391 5290 1532 5328 anno
1560 5277 1767 5332 scilicet
1797 5276 1902 5332 580
1943 5275 2164 5330 circiter

570 5364 797 5419 oliiisset
825 5365 905 5435 (ut
934 5366 1144 5420 Domini
1170 5366 1446 5421 Balleriuii
1469 5367 1778 5438 opinantur,
1807 5366 1948 5436 quod
1975 5381 2166 5421 eonce-

571 5458 808 5514 dendnm
843 5476 946 5515 non
1004 5476 1124 5516 esse
1161 5478 1228 5516 ex
1283 5462 1347 5516 iis
1405 5478 1524 5531 quae
1566 5477 1727 5532 supra
1769 5462 2159 5532 expendimus,

569 5555 827 5628 constat),
849 5553 1153 5612 Coronatus
1176 5572 1304 5610 vero
1323 5558 1491 5626 ipsius
1522 5556 1686 5610 vitam
1715 5558 1946 5626 septimo
1968 5557 2166 5610 szeculo

569 5646 814 5716 scripsit,
848 5648 1041 5704 demus
1068 5664 1210 5704 anno
1231 5649 1338 5705 650
1363 5691 1376 5714 ,
1413 5665 1605 5719 nempe
1625 5649 1781 5704 anuis
1813 5648 1915 5704 270
1937 5659 2077 5718 post.
2103 5649 2161 5704 S.

573 5737 811 5794 Zenonis
841 5751 1099 5808 mortem;
1140 5754 1196 5798 ut
1227 5743 1530 5799 Coronatus
1556 5741 1930 5813 prtejudicium
1961 5739 2062 5795 hoc
2089 5740 2170 5812 (ut

585 5831 804 5896 dicitur)
841 5833 1066 5890 feliciter
1096 5836 1229 5891 adeo
1260 5838 1540 5904 vnlgaret,
1573 5835 1643 5890 ita
1670 5844 1728 5890 ιιι
1754 5835 2169 5905 amplecteretur

2269 4723 2527 4792 Prnprins
2557 4723 2740 4793 itaque
2769 4736 2962 4776 sensus
2984 4735 3108 4777 esse
3135 4721 3374 4788 videtur,
3406 4722 3462 4776 8.
3491 4719 3725 4775 Zenonem
3746 4710 3799 4760 in-

2269 4814 2469 4869 fantem
2492 4816 2674 4868 statim
2706 4825 2890 4868 natum
2919 4814 3251 4883 baptizatum
3281 4813 3450 4870 fuisse
3470 4855 3485 4875 ,
3512 4808 3639 4882 quod
3662 4801 3798 4877 primis

2269 4907 2378 4961 illis
2428 4906 2687 4961 Ecclesia:
2743 4907 3082 4976 temporibus
3133 4921 3238 4961 non
3293 4907 3371 4960 ita
3417 4907 3607 4976 passim
3652 4902 3797 4953 faclltm

2275 5001 2444 5056 fuisse
2473 5010 2718 5064 constat;
2753 4999 2969 5068 plurimi
3000 4999 3141 5054 enim
3171 4999 3345 5053 adulti
3372 5000 3439 5054 ab
3471 4991 3732 5053 idololatria
3752 4984 3798 5036 ad

2269 5091 2457 5147 Fidem
2485 5091 2966 5158 convcrtebantnr,
2999 5093 3068 5146 ita
3099 5103 3156 5146 ut
3204 5091 3374 5147 veluti
3405 5090 3631 5162 quredam
3665 5084 3799 5148 singu-

2271 5185 2396 5241 laris
2420 5186 2778 5255 przerogativa
2826 5186 2878 5240 in
2923 5186 2981 5240 8.
3028 5186 3245 5240 Zenone
3279 5185 3555 5240 videretur
3587 5186 3800 5235 commen-

2269 5277 2447 5333 danda
2472 5319 2487 5343 ,
2523 5287 2578 5332 ιιι
2613 5280 2726 5348 ipse
2752 5293 2780 5332 a
2813 5277 3139 5334 Christianis
3168 5279 3493 5334 Parentibus
3533 5285 3666 5332 ortus
3696 5265 3799 5336 iudl‘

2271 5381 2490 5426 caretur
2517 5389 2530 5424 :
2564 5387 2731 5441 quare
2761 5379 2816 5427 et
2841 5371 2894 5426 in
2921 5386 3021 5426 tus.
3049 5371 3168 5426 haec
3205 5389 3328 5442 qn:e
3359 5378 3642 5441 sequuntur
3662 5358 3800 5416 terim.

2270 5481 2462 5520 verum
2493 5465 2635 5521 hunc
2665 5481 2882 5520 sensum
2913 5465 3234 5522 conﬁrmant
3268 5484 3281 5520 :
3314 5465 3546 5536 Denique
3568 5454 3799 5531 ρνυὺἰισιίδι

2269 5570 2422 5630 atque
2452 5560 2681 5614 scientia:
2725 5560 2932 5632 iugibus
2975 5561 3301 5616 incrementis
3331 5560 3400 5612 ad
3447 5561 3536 5612 hoc
3574 5552 3800 5629 pertingit?

2269 5654 2490 5718 meruit,
2516 5662 2570 5706 ut
2599 5668 2688 5722 per
2713 5653 3043 5706 sacerrimam
3072 5655 3225 5706 vitam
3255 5664 3434 5720 pastor
3453 5652 3509 5717 in
3535 5645 3708 5717 populis
3728 5653 3802 5690 mr-

2269 5757 2485 5800 reretur.
2516 5745 2646 5800 Item
2678 5745 2731 5799 in
2757 5745 2887 5801 vita.
2916 5743 2984 5800 Et
3007 5747 3076 5800 ad
3104 5744 3205 5800 hoc
3241 5746 3528 5816 pertingere
3554 5735 3740 5796 meruit,
3764 5736 3800 5778 υι

2273 5851 2365 5906 per
2395 5840 2548 5892 vitam
2574 5849 2809 5892 sanctam
2842 5850 3019 5908 pastor
3047 5840 3100 5892 in
3132 5837 3331 5908 populo
3357 5853 3464 5892 esse
3489 5839 3743 5888 mereretur.
3767 5829 3800 5873 (⁸
