3902 6324
117 290 191 343 ’13⁸1
1409 284 1658 363 nissun'

1790 284 1873 342 to.
1899 361 1903 365 ν
3222 298 3329 358 758

116 407 198 459 idco
217 402 314 473 quia
340 402 386 453 in
411 415 602 454 omnem
631 408 820 455 terram
847 401 1003 457 exivit
1029 417 1186 457 sonus
1212 405 1349 477 ejus,
1377 413 1427 485 et
1458 401 1625 458 Sanc-
1657 408 1702 466 A
1733 403 1811 460 De
1840 404 1944 461 hoc
1974 408 2259 479 miraculo,
2293 421 2349 468 et
2394 412 2629 473 lectione
2667 416 2906 474 secunda
2940 419 3164 476 secundi
3194 420 3334 479 Noc-

115 500 203 553 titas
221 492 415 548 enecuit.
451 490 648 560 Quibus
678 493 1125 564 significatur,‘ea
1147 493 1216 548 de
1242 494 1498 579 causaad
1526 493 1629 548 Ca-
1664 496 1669 499 ’
1733 499 1876 553 turni
1902 542 1916 565 ,
1950 516 2069 572 qum
2099 503 2151 558 in
2184 504 2375 565 Olllcio
2398 488 2459 563 ’8.
2494 509 2735 568 Zenonis
2763 512 2814 567 in
2849 528 3091 581 praesens
3113 516 3332 587 legitur,

116 588 303 644 tltedratn
346 581 700 641 Veronensem
750 584 1018 642 sublatum
1072 585 1240 641 fuisse
1307 584 1585 640 Zenonem
1610 625 1626 651 ,
1698 588 1713 599 “
1734 589 1970 648 habetur
1999 596 2226 652 mentio.
2262 597 2370 654 Sed
2395 616 2509 656 cum
2540 613 2812 674 propterea
2837 594 3119 660 Gentilium
3150 581 3338 663 Sinceri-

113 680 216 751 quod
255 694 277 732 a
321 677 611 733 cbristiauis
667 679 987 749 parentibus
1036 678 1381 735 sanctissime
1429 677 1629 750 iugiter
1732 681 1877 739 dotes
1928 686 2172 744 adversus
2227 705 2341 744 eum
2393 691 2714 767 (Zenonem)
2772 697 3189 766 conclamarent,
3244 699 3338 754 l'ir

112 773 234 826 vitam
259 767 535 825 traduxerit
562 770 732 824 sacris
759 769 957 825 studiis
998 778 1312 841 occupatus.
1355 768 1508 839 Quod
1536 786 1631 826 au—
1729 787 1942 832 sanctus
1964 778 2255 835 doctrinam
2294 799 2441 837 suam
2470 785 2723 842 miraculo
2751 788 3098 860 comprobavit
3130 806 3150 845 :
3197 789 3339 845 Nam

115 876 191 918 :ctu
211 861 428 918 Jeremiat
475 869 676 916 textum
707 860 985 933 Baptismo
1022 862 1256 918 Zenonis
1289 861 1507 917 infantis
1537 878 1629 918 ac-

1793 872 1955 927 uuinis
1986 874 2227 944 cadaver,
2258 878 2395 947 quod
2423 887 2545 934 tunc
2572 884 2706 953 forte
2724 883 2778 937 in
2797 884 2960 954 ﬂuuio
2982 883 3334 953 volutabatur,

110 954 530 1021 commodaverint,
555 956 638 1011 vel
665 956 1001 1021 Coronatus,
1033 956 1119 1013 vel
1146 957 1274 1023 alii,
1324 956 1426 1011 hoc
1470 972 1629 1013 enco-

1798 982 1893 1038 nge
1919 970 2145 1038 uocauit,
2178 979 2229 1025 et
2270 972 2320 1026 ei
2349 971 2504 1026 vitam
2551 991 2665 1028 cum
2716 976 2948 1030 omnium
2994 978 3339 1033 admiratione

111 1051 294 1106 m'nstice
315 1046 496 1104 factum
525 1048 693 1105 fuisse
717 1050 1002 1106 dicendum
1026 1067 1040 1115 ;
1074 1066 1194 1105 nam
1224 1052 1474 1108 cautione
1497 1066 1631 1122 qua-
1731 1059 1976 1114 restituit.
2011 1060 2125 1127 Quo
2150 1063 2401 1120 miraculo
2424 1067 2661 1124 universa
2688 1086 2815 1140 pene
2836 1068 3027 1125 Civitas
3047 1072 3339 1129 simulacris

108 1149 197 1200 dum
214 1142 432 1200 Jeremia:
459 1152 663 1199 textum
695 1144 747 1198 in
793 1158 897 1200 ms.
952 1144 1269 1200 Pistoriensi
1300 1145 1523 1201 allatum
1554 1145 1630 1199 vi-
1732 1150 1944 1205 deorum
1995 1156 2232 1227 rejectis,
2280 1156 2472 1213 Christi
2510 1158 2696 1217 Fidem
2740 1164 2982 1232 suscepit.
3037 1163 3198 1221 Plura
3251 1164 3341 1222 hic

109 1240 264 1294 datus.
305 1237 366 1293 Ut
424 1237 704 1308 assertione
738 1235 915 1291 diuina
953 1237 1008 1290 in
1055 1252 1116 1291 eo
1159 1238 1322 1307 repeti
1370 1237 1631 1291 uideretur
1732 1258 1891 1313 quam
1912 1244 1965 1300 in
1987 1246 2275 1321 Anonymo
2297 1250 2578 1323 Pipiniano
2596 1255 2866 1327 leguntur,
2890 1273 3142 1328 quaecum
3167 1276 3340 1331 neque

106 1331 204 1401 quod
219 1327 434 1384 Ieremia:
457 1328 650 1382 dictum
679 1338 784 1396 est,
811 1338 919 1384 etc.
955 1327 1097 1382 Nihil
1145 1329 1327 1400 itaque
1371 1330 1422 1382 in
1466 1327 1630 1384 Vero-

1796 1345 2037 1393 tronatus
2068 1353 2255 1397 narret
2300 1359 2368 1399 ex
2399 1343 2519 1401 aliis
2566 1347 2955 1406 vetustioribus
2979 1364 3111 1407 mss.
3160 1362 3337 1408 ortum

108 1425 242 1478 neasis
262 1422 492 1477 Ecclesia:
517 1420 724 1477 Ofﬁciis
752 1419 823 1477 de
868 1420 927 1477 S.
992 1420 1212 1477 Zenone
1270 1422 1629 1493 incongruum
1736 1426 1991 1485 habuisse
2011 1430 2322 1489 dicendum.
2356 1435 2473 1492 Non
2502 1453 2533 1492 a
2556 1439 2677 1495 solo
2711 1442 2892 1512 itaque
2915 1442 3193 1499 Coronato
3234 1444 3342 1503 No-

104 1518 410 1574 etlabulosutn
440 1516 729 1588 reperitur,
763 1517 904 1589 quod
956 1517 1232 1572 traditioni
1260 1516 1386 1571 huic
1412 1517 1631 1573 officere
1735 1520 1872 1574 tario
1902 1536 1966 1577 ea
2002 1539 2122 1593 qua:
2150 1524 2219 1582 de
2263 1526 2320 1583 8.
2363 1528 2587 1587 Zenone
2616 1532 2869 1604 leguntur
2903 1545 3027 1591 sunt
3054 1535 3298 1593 derivata
3324 1580 3338 1605 ,

107 1613 245 1684 ponit.
266 1607 386 1665 Vide
406 1623 523 1680 quas
543 1609 614 1665 de
639 1609 871 1666 Gallieni
906 1609 1012 1664 lilia
1046 1624 1144 1681 per
1169 1609 1229 1665 S.
1263 1608 1537 1664 Zenonem
1569 1609 1630 1664 li-
1733 1613 1828 1667 sed
1857 1624 1950 1669 aut
1980 1617 2048 1672 ab
2096 1617 2359 1676 Ecclesia:
2409 1621 2738 1681 Veronensis
2794 1627 3084 1685 traditione
3105 1673 3120 1699 ,
3154 1631 3243 1686 vel
3274 1632 3343 1688 ab

105 1708 238 1762 berata
259 1717 285 1758 a
310 1704 549 1759 (temone
573 1717 737 1775 supra
763 1703 1021 1760 diximus.
1733 1706 2140 1776 antiquioribus
2164 1717 2555 1771 monumentis.
2609 1718 2789 1786 Quare
2834 1728 2889 1776 et
2937 1720 3184 1778 liberalia
3216 1722 3341 1779 lilia:

154 1798 341 1855 Atenim
381 1812 511 1853 vero
540 1797 670 1853 illud
696 1813 949 1855 asserere
968 1839 983 1863 ,
1015 1798 1082 1853 ab
1115 1813 1215 1853 una
1242 1794 1497 1853 Coronati
1525 1796 1633 1853 No-
1665 1813 1709 1872 Β
1738 1797 1971 1856 Gallieni
2008 1804 2357 1873 imperatoris
2379 1823 2409 1863 a
2442 1808 2701 1868 Dccmoue
2734 1813 2875 1868 inter
2904 1814 3111 1872 fabulas
3139 1815 3342 1873 adscri-

103 1895 188 1949 tarii
209 1894 488 1949 narratione
518 1907 771 1949 manasse
793 1936 806 1958 ,
835 1893 895 1950 8.
935 1892 1209 1949 Zenonem
1239 1892 1499 1949 Ecclesia:
1532 1892 1631 1948 Ve-
1739 1891 1913 1948 benda
1963 1911 2069 1951 non
2103 1909 2215 1963 est,
2256 1915 2434 1973 neque
2472 1902 2530 1960 S.
2564 1902 2801 1961 Zenonis
2843 1905 3062 1978 Epocha
3109 1909 3342 1966 Gallieni

102 1988 265 2043 roncnsi
304 1986 574 2056 puduisse
615 1994 861 2057 tempore
901 1986 1136 2043 Gallieni
1185 1987 1549 2058 imperatoris,
1602 2003 1630 2041 a
1739 1994 1982 2059 tempore
2013 1991 2177 2047 veluti
2204 1991 2337 2049 falsa
2360 1997 2666 2066 spernenda
2692 2014 2852 2064 ,cttm
2875 2000 3011 2057 niltil
3038 2002 3092 2057 in
3122 2001 3206 2058 bis
3230 2003 3343 2059 liis-

101 2096 177 2151 quo
206 2089 252 2136 et
287 2080 519 2137 Ecclesia
549 2078 922 2147 Veronensis,
955 2088 1141 2150 totque
1184 2079 1275 2134 alii
1304 2079 1442 2135 hanc
1468 2079 1633 2136 tradi-
1736 2079 1927 2136 toricis
1956 2079 2112 2139 l‘actis
2140 2084 2466 2156 reprehendi
2500 2089 2705 2159 possit,
2748 2091 2890 2162 quod
2921 2092 3340 2163 improbandqu

102 2174 252 2229 tionem
271 2173 565 2244 acceperint
588 2213 603 2238 ,
637 2186 745 2228 non
776 2173 907 2227 satis
937 2179 1130 2226 tutum.
1161 2170 1301 2240 Quid
1329 2172 1371 2228 si
1394 2171 1635 2228 Gorona-
1737 2170 2003 2227 videatur.

101 2274 160 2320 tas
182 2264 400 2322 Notarius
425 2266 493 2321 ab
522 2264 734 2321 Officiis
766 2263 1101 2320 Veronensis
1131 2264 1391 2320 Ecclesia:
1422 2264 1478 2319 lit
1510 2279 1633 2319 mu-
1809 2262 1947 2320 Illud
1975 2280 2107 2321 vero
2139 2269 2358 2325 maximi
2383 2271 2435 2327 in
2460 2271 2560 2329 hac
2591 2289 2649 2329 re
2680 2275 2936 2346 ponderis
2962 2294 3087 2337 esse
3137 2282 3334 2340 dicen-

102 2368 261 2427 tratus,
303 2376 412 2431 qua:
457 2359 647 2414 suain
688 2358 917 2415 historia
949 2358 1208 2429 collegit?
1236 2357 1365 2432 (hoc
1412 2357 1464 2412 in
1505 2373 1629 2414 sen-
1738 2354 1865 2411 dum
1911 2368 2014 2415 est.
2067 2361 2122 2416 Si
2173 2363 2498 2421 traditonem
2550 2368 2806 2427 Ecclesia:
2860 2371 3190 2433 Veronensis
3241 2394 3341 2450 pro

101 2450 221 2507 tentia
246 2436 585 2508 Domitiorum
630 2451 1046 2507 Balleriniorum
1096 2449 1300 2507 dictum
1347 2451 1469 2506 volo
1490 2493 1506 2517 ,
1543 2453 1637 2523 qui
1738 2450 2078 2510 vindicandis
2110 2455 2167 2511 8.
2199 2456 2435 2515 Zenonis
2463 2464 2811 2521 sermonibus
2838 2482 2961 2524 cum
2990 2469 3235 2542 ejusdem
3253 2490 3345 2531 ec-

100 2543 362 2600 Coronatum
414 2543 701 2601 Notarium
746 2545 949 2600 saeculo
985 2543 1257 2614 septimo,
1309 2544 1395 2600 vel
1442 2552 1637 2601 octavo
1737 2543 1921 2601 clcsia:
1951 2546 2280 2607 Veronensis
2308 2553 2453 2609 circa
2481 2564 2696 2613 aetatem
2737 2558 2857 2631 ejus
2885 2561 2954 2616 de
2994 2563 3052 2619 S.
3084 2565 3166 2620 sui
3198 2566 3343 2623 Prte-

97 2636 321 2707 scripsisse
349 2635 690 2710 opinantur).
725 2636 835 2692 llac
873 2636 1076 2692 etenim
1123 2634 1420 2692 constituta
1468 2636 1639 2693 Coro-
1738 2638 1876 2694 sulis
1903 2641 2194 2700 traditione
2219 2644 2586 2704 conferamus.
2611 2649 2742 2708 .lnre
2771 2652 2994 2724 quidem
3035 2672 3099 2713 ac
3149 2660 3343 2717 merito

100 2733 178 2785 uati
198 2731 378 2789 Notarii
408 2732 636 2803 Epocba
658 2772 675 2799 ,
704 2746 827 2787 cum
873 2739 1000 2785 ante
1045 2730 1338 2799 septimum
1379 2739 1433 2787 et
1485 2741 1638 2787 octa-
1741 2730 1955 2789 Domini
1986 2733 2261 2793 Ballerinii
2291 2737 2345 2794 in
2377 2738 2479 2797 hac
2503 2743 2798 2804 traditione
2821 2747 3339 2826 insistunt(Dissert.

100 2839 188 2879 rum
217 2825 448 2882 saeculum
476 2824 673 2882 Ofﬁcia
697 2823 765 2880 de
787 2822 845 2880 8.
875 2822 1095 2879 Zenone
1116 2823 1173 2877 in
1202 2820 1441 2879 Ecclesia
1463 2822 1635 2879 Vero~
1741 2840 1790 2893 ι,
1819 2826 1846 2899 §
1877 2825 1954 2899 ι),
1988 2837 2046 2884 ut
2096 2830 2154 2887 S.
2204 2829 2481 2890 Zenonem
2543 2852 2856 2897 sermonum
2909 2820 3189 2902 auctorem
3244 2847 3343 2906 de-

100 2919 212 2974 ηειπεί
236 2920 489 2976 celebrata
520 2918 696 2975 fuisse
738 2918 792 2974 in
839 2917 1062 2974 dubium
1102 2917 1239 2972 verti
1292 2931 1397 2972 non
1432 2917 1635 2988 possit;
1742 2928 2080 2989 monstrent,
2110 2939 2211 2979 ms.
2244 2925 2515 2985 Remense
2555 2934 2759 2989 saeculo
2785 2951 2928 2991 nono
2954 2939 3229 3013 antiquius
3249 2942 3345 2999 ad-

98 3009 361 3069 Coronatum
393 3014 580 3083 potius
624 3013 694 3068 ab
721 3012 927 3069 Officiis
961 3010 1221 3067 Ecclesia:
1254 3011 1633 3079 Veronensis,
1741 3012 1977 3083 ducunt,
2020 3015 2261 3073 Ratberii
2308 3021 2547 3092 episcopi
2597 3024 2926 3084 Veronensis
2972 3009 3344 3097 testimonium

99 3120 214 3175 quam
253 3107 619 3164 Veronensem
657 3105 956 3162 Ecclesiam
986 3120 1015 3158 a
1046 3103 1324 3159 Coronato
1364 3104 1638 3175 accepisse
1741 3107 1941 3164 saeculo
1969 3106 2183 3165 decimo
2211 3113 2536 3182 scribentis,
2569 3117 2658 3187 qui
2688 3118 2863 3175 tribus
2887 3121 2937 3177 in
2968 3122 3105 3180 locis
3124 3125 3345 3184 Sermo-

98 3197 323 3254 diccndum
348 3210 452 3256 est.
474 3198 620 3255 Nam
657 3196 980 3267 antiquioris
1017 3195 1121 3251 tevi
1151 3197 1504 3267 praesumptio
1534 3196 1639 3252 hoc
1663 3214 1708 3275 (ς
1745 3215 1841 3256 nes
1869 3200 1927 3257 S.
1960 3201 2196 3260 Zenonis
2224 3204 2442 3273 laudnt,
2473 3210 2742 3283 Anonymi
2776 3214 3055 3284 cujusdam
3095 3216 3342 3276 Monaclti

100 3289 256 3346 madet.
297 3291 442 3348 Licet
469 3292 623 3349 enim
682 3302 878 3363 quarto
929 3299 986 3346 et
1028 3291 1218 3361 quinto
1259 3290 1456 3346 szeculo
1502 3289 1639 3345 forte
1741 3291 1992 3350 Cteoobii
2024 3295 2352 3356 Veronensis
2381 3344 2396 3371 ,
2443 3304 2534 3374 qui
2580 3319 2863 3364 sermones
2909 3309 2968 3366 8.
3001 3311 3235 3371 Zenonis
3283 3330 3343 3372 se

101 3398 177 3436 ιιοη
197 3383 364 3441 eodem
390 3384 558 3442 modo
585 3383 779 3440 Officia
809 3382 1193 3439 Ecclesiastica
1234 3380 1435 3437 fuerint
1456 3381 1641 3452 dispo-

1798 3393 1937 3463 gisse
1992 3404 2239 3464 testatur,
2298 3398 2439 3456 idem
2488 3404 2804 3475 comprobat
2840 3405 3083 3467 Joannes
3120 3410 3339 3483 quidam

99 3474 403 3547 sitmutpost
441 3477 722 3534 decimum
766 3476 1028 3532 Surculum
1075 3474 1338 3545 ἀίδνοείῑδ
1388 3475 1642 3547 legum!!!“
1743 3484 2033 3557 Presbyter
2073 3490 2469 3549 mansionarius
2515 3474 2762 3553 ecclesia:
2795 3474 3154 3559 Veronensis:
3189 3504 3343 3562 Alios

99 3569 279 3640 antiquis
304 3571 352 3626 in
389 3586 519 3627 mss.
552 3571 755 3627 Forma
802 3580 982 3626 tamen
1029 3569 1347 3634 Ofﬁciorntn
1396 3580 1638 3640 mutata,
1742 3577 1905 3634 etiam
1947 3582 2116 3638 citam
2155 3584 2344 3641 επηουιί
2405 3602 2499 3643 χιγ
2547 3600 2601 3646 ει
2646 3605 2715 3646 κν
2774 3603 3060 3664 θυρίσι-88,
3120 3597 3342 3657 penum

99 3656 286 3716 historia:
308 3672 622 3718 sanctorum
646 3703 662 3730 ,
689 3678 811 3735 quae
833 3677 864 3718 a
893 3662 1084 3732 primis
1115 3662 1336 3718 saeculis
1368 3663 1419 3717 in
1453 3662 1642 3718 Eccle-
1740 3670 1872 3728 Cato
1897 3672 2119 3732 Ordinis
2162 3675 2588 3737 Praedicatorum
2610 3725 2625 3750 ,
2676 3683 3026 3742 Guillelmum
3047 3656 3059 3664 ’
3078 3688 3344 3748 Poetren-

100 3752 155 3807 sia
179 3755 448 3828 legebatur,
482 3757 699 3813 nullum
754 3754 1126 3828 pmjudicium
1170 3756 1367 3812 aﬂerre
1408 3756 1641 3814 evidens
1741 3778 1897 3835 gum,
1930 3765 2150 3823 Petrum
2178 3768 2247 3826 de
2275 3768 2590 3842 Natalibus,
2622 3773 2870 3833 Flavium
2898 3777 3185 3849 Blondum,
3207 3799 3346 3855 quos

98 3856 174 3900 est.
278 3936 285 3941 ’
841 3942 876 3944 Η
952 3943 960 3944 7
1039 3942 1044 3944 Δ
1115 3941 1156 3944 μ
1406 3943 1411 3944 γ
1741 3859 1926 3916 videas
1955 3860 2345 3921 Dissertatione
2376 3866 2547 3937 prima
2578 3883 2700 3942 cap.
2726 3871 2780 3939 3,
2809 3871 2837 3944 ς
2881 3873 2933 3929 1.
2958 3874 3175 3932 Additis
3204 3893 3339 3934 mss.

148 3936 334 4001 Constat
359 3943 593 4002 ulterius
618 3944 724 3999 alia
752 3943 807 3999 in
840 3942 1083 3999 Ecclesia
1114 3941 1417 4000 Veronensi
1447 3958 1645 4000 monu—
1742 3954 2027 4023 omnibus,
2087 3957 2141 4013 in
2217 3936 2444 4031 quorum
2519 3936 2662 4020 non—
2694 3936 2905 4024 tantum
2978 3968 3188 4039 Titulo,
3245 3975 3342 4031 sed

97 4046 233 4092 menta
256 4040 547 4110 antiquitus
571 4039 744 4096 fuisse
772 4049 976 4112 praeter
1004 4037 1269 4094 Coronati
1291 4038 1498 4095 Notarii
1518 4054 1643 4095 nar-
1744 4046 1950 4118 pluries
1974 4048 2058 4105 vel
2084 4049 2138 4105 in
2168 4053 2460 4124 principio,
2489 4056 2574 4112 vel
2604 4057 2656 4113 in
2687 4060 2796 4116 line
2816 4075 3130 4119 sermonum
3245 4066 3344 4124 Zc-

96 4128 324 4187 tationem.
357 4132 463 4204 [psi
489 4132 641 4188 enim
690 4132 875 4189 eximii
928 4132 1205 4188 Ballerinii
1245 4132 1540 4189 observant
1589 4134 1640 4187 in
1744 4141 1901 4197 nonis
1924 4157 2124 4199 nomen
2153 4144 2484 4203 inscribitur.
2509 4147 2690 4218 Idem,
2721 4160 2777 4208 et
2799 4151 2852 4208 in
2886 4152 2989 4210 hoc
3015 4153 3343 4216 Pistoriensi

94 4221 295 4281 Gironati
324 4229 643 4284 narratione
689 4227 883 4284 deesse
911 4226 1234 4283 miraculum
1264 4242 1292 4281 a
1324 4227 1389 4282 D.
1424 4226 1644 4284 Zenone
1743 4232 2042 4305 Capitulari
2073 4250 2199 4303 ms.,
2228 4246 2285 4295 et
2315 4254 2415 4295 nos
2446 4241 2878 4302 observavimus.

97 4324 308 4381 patratum
323 4336 338 4374 :
355 4318 563 4392 Neutpe
577 4331 843 4375 mortuum
861 4321 1021 4392 ﬂuvio
1031 4320 1323 4392 abreptum,
1340 4321 1458 4375 uitta
1472 4320 1638 4375 reddi-

1817 4328 2001 4399 Neqne
2043 4329 2337 4403 pauciora,
2388 4347 2566 4404 neque
2615 4335 2843 4394 minoris
2895 4342 3235 4399 auctoritatis
3275 4344 3342 4400 ad

96 4416 269 4466 tou.....
315 4411 473 4485 Cujus
516 4414 765 4469 miraculi
787 4430 824 4484 μ
866 4413 1125 4470 Coronato
1152 4413 1270 4470 licet
1309 4414 1645 4487 praetermitti
1748 4420 2096 4479 traditionem
2153 4424 2333 4480 :etatis
2362 4422 2421 4481 S.
2453 4426 2692 4485 Zenonis
2718 4412 2951 4489 Gallieni
2998 4435 3344 4509 imperatoris
3395 4498 3407 4507 _

95 4504 377 4563 tertiatertiam
424 4510 633 4582 profert
665 4508 965 4579 Anonymus
992 4505 1338 4580 Pipinianus,
1362 4515 1418 4561 ut
1446 4522 1539 4561 nos
1580 4521 1636 4560 ea

1803 4530 1863 4570 vo
1910 4528 2208 4589 suppetunt
2236 4531 2578 4591 argumenta.
2629 4522 2701 4579 Et
2732 4527 2909 4595 primo
2934 4544 3039 4585 ms.
3072 4504 3344 4591 lientense

94 4595 382 4657 dictum“.
410 4603 762 4658 restituimus.
805 4604 1127 4674 Anonymus
1176 4599 1495 4672 Pipinianus
1535 4600 1635 4655 Go-

1821 4624 1927 4681 quo
1946 4609 2204 4668 Coronati
2228 4611 2438 4670 Notarii
2464 4615 2570 4672 vita
2599 4616 2668 4674 de
2689 4618 2746 4675 8.
2772 4619 2989 4679 Zenone
3008 4623 3213 4682 inserta
3235 4636 3341 4695 est,

95 4699 243 4746 renato
292 4693 515 4751 Notario
562 4694 855 4765 posterior,
897 4707 1059 4766 quem
1115 4692 1404 4765 scripsisse
1467 4702 1636 4749 octavo

1805 4718 1869 4759 tae
1897 4704 1948 4759 in
1976 4719 2043 4760 ea
2069 4717 2222 4776 parte
2260 4707 2642 4778 potissimum,
2669 4726 2775 4784 qua
2819 4712 2889 4770 de
2918 4713 3151 4772 Gallieni
3174 4692 3346 4791 impe-

93 4784 489 4852 adamante,
514 4788 599 4843 vel
618 4786 799 4843 saltem
820 4787 1029 4843 ineunte
1046 4786 1237 4843 swculo
1256 4802 1416 4853 nono.
1439 4786 1645 4857 Optime
1749 4798 1944 4852 ratoris
1972 4797 2079 4853 ﬁlia
2109 4813 2138 4853 a
2167 4798 2430 4857 daemonis
2460 4802 2779 4862 obsessione
2821 4805 3051 4866 liberata
3096 4811 3234 4884 agit,
3252 4784 3346 4870 ἐι)

94 4886 142 4927 αῖ
163 4875 260 4946 ίνω
279 4886 537 4938 contextu
570 4881 804 4955 probam
828 4881 1042 4937 Domini
1074 4880 1346 4936 Ballel‘illii
1367 4921 1383 4944 ν
1415 4878 1648 4977 δρα-πηί-
1751 4891 1967 4961 injectis
1995 4891 2251 4951 falsitatis
2296 4894 2516 4954 indiciis
2546 4898 2816 4958 vindicata
2861 4919 2960 4975 pro
2987 4875 3345 4977 genuina'ba-

92 4970 283 5027 natlem
306 4989 334 5028 a
353 4972 642 5031 Coronan
672 4974 1102 5045 praetermissum
1131 4988 1233 5029 suo
1279 4973 1335 5029 in
1365 4972 1644 5046 thythmo
1752 4983 1925 5041 benda
1955 4994 2070 5052 est,
2095 5001 2258 5058 quam
2291 4989 2555 5060 septimo,
2606 4970 2935 5051 vel-octavo
2974 4970 3175 5055 εξηουιο
3218 5016 3349 5058 εχει..

93 5070 487 5126 commemoravit
514 5069 608 5124 his
641 5069 826 5126 verbis
855 5087 869 5123 :
902 5069 1177 5125 illm-tuum
1200 5084 1228 5124 e
1252 5068 1413 5139 ﬂuuio
1438 5083 1634 5139 exemp-

1803 5092 1901 5133 ιεεθ
1952 5088 2144 5149 putant
2189 5080 2403 5138 Domini
2452 5082 2766 5155 Ballerinii;
2813 5089 3030 5162 ignotus
3077 5091 3344 5167 Scriptor,

93 5170 173 5217 tum
205 5170 470 5226 suscitauit.
516 5168 640 5225 Non
682 5184 711 5223 a
738 5168 1012 5225 Coronato
1053 5168 1234 5239 itaque
1280 5166 1521 5235 accepit,
1549 5163 1645 5220 sed
1750 5186 1908 5242 quem
1941 5171 1993 5227 in
2025 5188 2128 5229 ms.
2152 5173 2381 5246 Capituli
2414 5175 2745 5239 Veronensis
2772 5185 2958 5241 sa‘culi
3005 5190 3130 5244 noni
3163 5163 3352 5262 reper-

94 5252 279 5317 aliunde.
338 5263 675 5322 Undenam‘t
727 5264 812 5321 An
879 5278 948 5319 ex
1024 5262 1237 5333 vulgari
1322 5257 1650 5357 traditione?
1753 5273 1864 5320 tum
1905 5264 2366 5325 aBartltolomzeo
2409 5269 2776 5347 Campagnola
2820 5278 3065 5349 ejusdem
3115 5252 3347 5357 Capituli

92 5347 242 5411 Nonne
271 5364 325 5411 et
370 5357 555 5428 potuit
586 5356 667 5413 ab
694 5356 818 5413 aliis
848 5352 1216 5412 monumentis
1261 5350 1647 5409 vetustioribus
1753 5357 2090 5416 Cancellario
2108 5362 2387 5434 accepisse
2410 5364 2603 5423 dicunt
2649 5369 2817 5428 iidem
2849 5347 3126 5450 Eallerinii
3145 5421 3161 5445 ,
3192 5347 3348 5450 cujus

93 5440 289 5505 habere?
314 5452 447 5509 Sine
471 5452 591 5508 ulla
623 5453 803 5524 itaque
830 5452 1041 5508 ratione
1063 5449 1273 5522 opinari
1297 5462 1328 5503 e
1354 5446 1502 5519 vulgi
1527 5445 1650 5501 Tri-
1753 5453 2014 5524 scriptum
2043 5454 2303 5514 exhibent
2333 5460 2475 5516 inter
2505 5475 2856 5522 monumenta
2888 5446 3012 5541 pag.
3058 5440 3160 5527 ist
3191 5489 3206 5539 ;
3231 5440 3349 5529 δίο-

93 5538 173 5594 viis
194 5544 431 5603 habuisse
454 5589 470 5614 ,
500 5546 877 5619 przejudicium
902 5554 1016 5612 est,
1054 5559 1242 5602 eorum
1271 5543 1366 5614 qui
1390 5541 1634 5613 antiquo-

1810 5545 1989 5615 tcltus,
2040 5565 2201 5621 quem
2254 5551 2417 5609 iidem
2446 5565 2697 5614 auctores
2725 5538 3100 5619 Zenonianum
3155 5577 3351 5623 vocant

90 5645 185 5690 mn
208 5640 389 5713 scripta
422 5642 613 5697 minus
643 5642 904 5713 probant,
932 5656 1055 5698 cum
1101 5639 1258 5697 valde
1303 5638 1530 5695 arduum
1574 5637 1649 5693 sit
1753 5640 1805 5697 in
1834 5640 1952 5697 Vita
1979 5640 2037 5699 8.
2064 5641 2303 5700 Zenonis
2333 5644 2440 5713 hic,
2473 5646 2619 5703 circa
2644 5648 2809 5706 finem
2833 5652 3021 5709 saeculi
3050 5670 3120 5725 tv,
3151 5655 3353 5731 vixisse

93 5722 132 5779 in
154 5744 254 5787 eant
280 5736 614 5790 sententiam
639 5736 754 5801 ire;
788 5722 1129 5792 VeronenSes
1164 5733 1420 5792 videlicet
1446 5731 1645 5789 nullam
1754 5734 1971 5803 dicitur,
2003 5736 2290 5808 ipsumque
2319 5738 2603 5806 antiquiori
2635 5740 2811 5811 aliqua
2843 5722 3349 5819 mpnumento'usum

91 5830 274 5888 l'fotstts
295 5825 363 5886 de
387 5826 621 5888 Zenone
642 5828 884 5887 notitiam
916 5828 1280 5902 antiquiorem
1312 5826 1646 5886 retinuisse:
1755 5828 2081 5900 conjiciunt;
2111 5847 2279 5902 quare
2307 5832 2635 5903 reprehendi
2666 5832 2809 5893 forte
2851 5853 2959 5896 non
3011 5842 3212 5912 poterit
3257 5845 3350 5921 qui
