3902 6324
506 260 614 319 759

1215 258 1305 315 ns
1342 256 1663 317 OPlNlONE
1702 254 2067 316 causam.
2109 238 2308 311 cuum
2353 255 2509 313 ΖΕΝ.
2555 252 2969 317 MARTYBIUM
3632 274 3708 331 uti

507 380 714 436 diceret
739 377 1031 451 priejudicii
1061 377 1180 433 loco
1222 378 1534 435 habendum
1565 394 1689 437 esse
1718 395 1907 436 eorum
1939 363 2111 435 asser-
2144 376 2193 438 Δ
2220 393 2342 450 quae
2384 380 2436 434 in
2474 379 2679 435 Divinis
2732 378 2936 437 Ofﬁciis
2987 378 3367 436 recitabantur.
3414 379 3711 459 Martyrulogia

508 469 1080 541 tionem,qaidicnnt
1107 470 1249 526 hunc
1295 470 1668 527 Zenonianum
1714 472 2032 529 Monachum
2077 487 2107 527 a

507 563 768 620 Coronati
798 563 1005 619 Nutarii
1036 561 1383 631 narratione,
1423 581 1583 637 quam
1631 565 1771 623 forte
1817 581 2107 637 numquam

506 658 642 713 vidit
663 701 677 724 ,
706 658 1008 728 sumpsisse
1027 700 1042 724 ,
1078 673 1200 729 quae
1226 656 1294 713 de
1314 657 1370 714 S.
1400 656 1623 715 Zenone
1647 660 1860 731 scriptis
1891 656 2111 715 manda-

507 752 603 803 vit.
634 750 953 822 Anonymus
982 750 1111 805 item
1145 749 1462 821 Pipinianus
1488 765 1631 806 nono
1652 750 1882 807 cadente
1907 751 2111 806 smculo

514 842 789 908 scribens,
826 842 980 912 cujus
1014 841 1281 911 flytbmus
1313 840 1556 898 Ratberii
1588 841 1921 899 Veronensis
1968 843 2112 913 epis-

508 934 631 1007 copi
656 952 818 992 tnanu
841 936 1184 1005 conscriptus
1199 935 1352 992 Lobii
1376 945 1546 1003 extat,
1570 950 1730 1007 quem
1759 936 1827 992 de
1855 934 2111 992 Gallieno

506 1028 839 1100 imperatore
866 1029 1276 1100 intelligendum
1307 1029 1358 1085 in
1387 1045 1453 1086 eo
1481 1044 1714 1086 versu...
1742 1030 1788 1087 A
1817 1029 1965 1086 malo
2000 1027 2113 1101 spi-

508 1122 614 1175 ritu
644 1121 857 1177 sanavit
883 1120 1115 1193 Gallieni
1146 1120 1385 1175 ﬁliam...

579 1207 750 1286 supra
781 1215 1085 1270 notavimus
1115 1230 1249 1271 mss.
1290 1216 1470 1271 omnia
1507 1215 1569 1274 S.
1612 1213 1883 1271 Zenonem
1935 1216 2110 1285 impe-

507 1316 663 1362 rante
699 1305 944 1363 Gallieno
970 1308 1171 1363 vixisse
1204 1307 1460 1376 probant,
1488 1317 1547 1362 ut
1572 1306 1712 1379 apud
1744 1308 1961 1363 eosdem
1991 1306 2113 1362 Bal—

507 1398 734 1455 lerinios
767 1399 818 1454 in
847 1398 1051 1456 Ofﬁciis
1083 1416 1180 1471 pro
1212 1400 1269 1457 S.
1300 1399 1519 1456 Zenone
1549 1399 1734 1457 videre
1764 1408 1943 1472 potest
1973 1403 2114 1457 inter

509 1502 858 1549 tuonumcnta
911 1508 1031 1565 pag.
1068 1508 1227 1550 CLXIV
1275 1502 1331 1549 et
1382 1494 1767 1563 sequentibus,
1818 1509 1940 1566 quae
1988 1500 2113 1549 sunt

505 1588 803 1642 conformis
855 1603 957 1642 ms.
991 1586 1114 1643 huic
1158 1588 1476 1644 Pistoriensi
1504 1604 1663 1659 supra
1697 1588 1870 1644 relato
1911 1588 1964 1644 in
2007 1590 2114 1645 ﬁne

509 1680 536 1752 §
568 1680 732 1746 tertii,
755 1694 875 1750 cap.
904 1679 956 1733 5.
995 1678 1122 1735 Hinc
1154 1696 1284 1734 mss.
1317 1680 1576 1736 Ecclesia:
1597 1676 1932 1735 Veronensis
1980 1679 2114 1733 alia-

2192 489 2425 551 .quoque
2454 474 2595 530 idem
2622 473 2945 531 conﬁrmant
2969 517 2983 542 ,
3012 482 3117 527 tam
3154 471 3488 538 Veronensis,
3514 493 3641 546 quam
3662 482 3713 538 ab

2212 566 2415 621 exteris
2427 566 2511 620 vel
2525 567 2747 637 scripta,
2763 567 2844 622 vel
2860 561 3024 621 edita.
3038 564 3167 621 Vide
3179 581 3296 635 qua:
3308 564 3513 622 referant
3528 569 3718 630 Peretlus

2212 667 2268 713 et
2293 656 2510 728 Bagatta
2539 656 2592 712 in
2615 658 2849 730 antiquis
2866 656 3231 713 monumentis
3251 656 3307 713 S.
3322 658 3636 729 episcoporum
3652 681 3719 720 ve.

2215 750 2548 815 ronensium,
2566 750 2707 822 p.12
2731 762 2781 807 et
2805 751 3171 822 sequentibus.
3189 749 3479 821 Videqntea
3503 768 3575 809 me
3596 755 3721 812 relata

2213 852 2337 899 sunt
2355 843 2450 899 lib.
2482 859 2541 908 ll,
2561 844 2627 899 dc
2646 844 2903 918 Martyris
2925 844 2982 899 S.
3008 843 3265 908 Zenonis,
3285 858 3396 913 cap.
3418 845 3524 912 1,2,
3541 848 3585 913 Δ,
3601 847 3721 913 7,Η.

2287 938 2549 996 Auctores
2587 954 2716 995 vero
2754 938 2843 994 hic
2886 938 3166 1009 colligere,
3213 938 3301 1008 qui
3347 939 3590 995 traditioni
3636 941 3726 997 liuic

2213 1030 2596 1104 suﬂ‘ragantur,
2660 1047 2769 1087 non
2820 1040 3072 1101 oportet,
3122 1044 3245 1085 eum
3293 1044 3493 1096 omnes,
3522 1034 3595 1102 qui
3637 1044 3728 1089 ante

2216 1124 2484 1196 Dupinum
2524 1134 2579 1180 et
2617 1123 3024 1181 Tillemontium
3066 1124 3369 1193 scripsere,
3407 1124 3604 1180 Gallieni
3650 1126 3731 1179 im-

2216 1218 2486 1289 peratoris
2515 1226 2760 1288 tempore
2784 1214 3058 1289 Epocbam
3104 1215 3164 1273 S.
3196 1213 3421 1271 Zenonis
3443 1216 3726 1271 constituant.

2213 1313 2346 1381 Quis
2385 1312 2585 1384 itaque,
2618 1311 2662 1366 si
2690 1310 2829 1367 bene
2857 1311 3069 1381 sapiat,
3120 1309 3313 1381 Dupini
3366 1317 3416 1363 et
3463 1307 3729 1364 Tillemontii

2216 1404 2542 1461 sententiam
2607 1403 2839 1475 probare
2888 1403 3121 1467 audeat,
3193 1400 3599 1472 potentissimum
3642 1415 3732 1456 cum

2218 1499 2562 1555 traditionem
2623 1506 2702 1553 tot
2744 1498 2959 1554 smeulis
3008 1498 3290 1568 probatam
3343 1495 3481 1550 falsis
3533 1493 3736 1567 vanisque

2217 1592 2619 1661 suspicionibus
2641 1589 2787 1646 inani
2819 1590 3004 1645 labore
3034 1587 3294 1645 vellicare
3322 1588 3577 1651 siutausi,
3612 1598 3656 1641 ut
3675 1605 3738 1642 su-

2220 1686 2399 1754 perius
2424 1682 2784 1739 ostendimus.
2826 1682 2887 1737 Si
2935 1694 3064 1752 ergo
3107 1678 3329 1736 traditio
3357 1679 3423 1735 de
3468 1678 3745 1734 sermnibus

505 1786 737 1842 rumque
762 1771 1121 1827 ecclesiarum
1144 1814 1157 1838 ,
1186 1788 1306 1841 qua:
1330 1771 1521 1826 eadem
1551 1769 1739 1827 Ofﬁcia
1771 1786 1801 1825 a
1836 1770 2111 1825 Veroncn-
2139 1772 2192 1832 B
2219 1775 2276 1830 S.
2299 1774 2535 1831 Zenonis
2567 1774 2729 1830 tantis
2758 1788 2867 1828 non
2907 1772 3091 1842 adjuta
3124 1771 3394 1844 suﬂ‘ragiis
3425 1785 3512 1842 pro
3534 1771 3743 1826 constanti

507 1866 659 1920 sibus
687 1877 1037 1936 acceperunt,
1080 1876 1155 1920 tot
1188 1873 1313 1920 sunt
1344 1865 1735 1937 irrefragabilia
1765 1874 2105 1935 argumenta,

502 1960 701 2030 quibus
722 1958 965 2029 ejusdem
996 1959 1258 2015 Ecclesiae
1288 1958 1621 2016 Veronensis
1662 1959 1884 2015 traditio
1918 1960 2110 2029 proba-

506 2061 630 2118 tur;
664 2065 841 2122 nenue
884 2067 914 2107 a
963 2051 1110 2123 vulgi
1158 2051 1469 2109 rumoribus
1498 2060 1615 2109 orta
1659 2050 1891 2108 dicenda
1939 2063 2105 2119 sunt,

519 2188 573 2209 .-

2218 1877 2275 1925 et
2298 1884 2421 1924 vera
2453 1868 2765 1937 accipienda
2791 1874 2877 1922 est
2897 1870 2982 1931 (ut
3006 1880 3127 1921 eam
3162 1866 3393 1921 libenter
3417 1862 3637 1934 accipio).
3669 1877 3746 1932 qua

2220 1962 2288 2017 de
2310 1975 2473 2017 causa
2496 1959 2715 2016 traditio
2741 1959 2809 2015 de
2840 1959 2900 2014 S.
2930 1957 3169 2014 Zenonis
3199 1966 3359 2015 {etate
3378 1956 3602 2013 Gallieno
3624 1956 3748 2025 impe-

2223 2063 2447 2124 peraute
2469 2053 2542 2107 sit
2566 2050 2869 2124 respuenda
2888 2091 2902 2117 ,
2932 2064 3039 2106 non
3069 2048 3249 2106 video.

1674 2266 2206 2331 DISSERTATIO
2249 2268 2499 2333 SECUN
2507 2268 2638 2332 DA.

574 2412 933 2475 MTIONUH,
981 2412 1143 2466 QUAS
1185 2410 1253 2456 Ι).
1285 2412 1350 2456 D.
1387 2410 1757 2457 BALLEIINII
1804 2410 1926 2453 PRO
1969 2410 2054 2454 ET
2086 2408 2341 2457 CONTRA
2383 2410 2611 2457 SANCTl
2654 2410 2924 2458 ZENONIS
2969 2411 3365 2460 IARTIBIUI
3412 2408 3724 2461 AFFEIBNTt

1785 2510 2055 2557 “ABEN
2098 2510 2181 2556 IT
2222 2512 2553 2557 ιυυιαιῠι.

573 2624 704 2680 Sine
748 2616 953 2696 judicio
1001 2635 1065 2678 ac
1109 2626 1318 2677 temere
1348 2616 1591 2675 facturus
1639 2633 1772 2675 sane
1820 2617 2032 2685 videar,
2066 2617 2111 2672 si

500 2720 568 2775 de
602 2718 661 2775 S.
705 2716 944 2774 Zenonis
987 2717 1249 2785 martyrio
1286 2714 1512 2770 audeam
1549 2713 1811 2785 judicium
1842 2715 2002 2769 ferre.
2029 2712 2112 2768 Ab

501 2812 604 2868 hoc
636 2810 860 2868 ferendo
882 2811 1088 2882 judicio
1114 2810 1323 2865 libratis
1347 2810 1471 2864 hinc
1493 2808 1619 2864 inde
1645 2807 1944 2864 rationibus
1985 2818 2111 2862 eru-

504 2904 759 2960 ditissimi
787 2902 1061 2958 Ballerinii
1092 2910 1371 2971 tantopere
1398 2902 1449 2955 in
1473 2900 1531 2955 S.
1552 2899 1786 2956 Zenonis
1806 2900 1963 2955 rebus
1991 2915 2112 2954 ver-

500 2997 602 3051 sati
634 2992 1033 3051 abstinuerunt.
1066 2992 1204 3060 Quid
1236 3009 1336 3065 ego
1363 2993 1567 3049 viribus
1591 3037 1605 3062 ,
1640 2992 1858 3063 ingenio
1882 3033 1896 3059 ,
1927 2991 2105 3048 erudi-

507 3089 658 3145 tiOne
690 3088 1125 3143 instruetissimis
1154 3086 1287 3141 viris
1318 3087 1632 3157 ornatisque
1660 3086 1923 3140 bonarum
1959 3084 2106 3139 litte-

500 3194 683 3238 rarum
705 3184 938 3247 artibus,
965 3181 1103 3236 adeo
1133 3184 1302 3250 impar
1323 3179 1597 3234 afﬁrmare
1625 3178 1949 3234 attentabu?
1970 3176 2104 3233 Cum

501 3292 631 3333 vero
659 3273 795 3331 illud
827 3275 977 3330 venit
1020 3276 1071 3328 in
1111 3283 1348 3330 mentem
1378 3315 1392 3338 ,
1439 3289 1544 3329 non
1576 3287 1754 3328 causa:
1785 3270 2108 3327 difﬁcultate

500 3371 826 3426 absterritus
871 3366 1103 3424 eximios
1149 3368 1294 3422 viros
1342 3366 1618 3421 alterutra:
1661 3364 1905 3435 opinioni
1949 3379 2106 3418 suum

501 3464 814 3518 cohibuisse
842 3476 1156 3523 assensum,
1190 3474 1253 3514 ac
1283 3459 1435 3514 facile
1460 3457 1778 3529 quaestionis
1809 3456 1968 3526 hujus
1986 3456 2106 3511 exi-

505 3562 616 3609 nnn
667 3554 963 3609 lectoribus
1014 3551 1348 3623 permisisse.
1391 3548 1666 3605 Lectorum
1700 3548 1927 3624 judicio,
1970 3547 2109 3620 quod

502 3665 606 3703 non
634 3647 851 3719 difﬁcile
882 3647 1009 3718 ferri
1038 3646 1254 3716 poterit,
1298 3645 1472 3699 omnia
1498 3644 1823 3698 remittimus.
1863 3642 1993 3698 Sine
2024 3653 2106 3696 te-

505 3741 772 3800 meritatis
810 3750 970 3807 nota,
1020 3739 1122 3796 hoc
1149 3739 1280 3794 mibi
1313 3754 1474 3809 posse
1500 3752 1718 3794 sumere
1754 3752 1860 3793 non
1896 3734 2102 3791 difﬁde.

502 3837 716 3893 Norunt
740 3834 937 3906 quippe
963 3833 1177 3903 ingenui
1201 3832 1277 3899 hi,
1302 3832 1685 3902 sapientesque
1709 3830 1805 3884 viri
1828 3826 2107 3884 Ciceronis

502 3930 768 3985 monitum
802 3969 817 3995 ,
862 3927 1057 3983 obesse
1091 3922 1287 3979 scilicet
1328 3925 1625 3992 plerumque
1663 3922 1748 3985 iis,
1787 3921 1874 3991 qui
1914 3921 2109 3974 discere

500 4022 680 4078 volunt
705 4020 989 4075 auctoritas
1009 4034 1211 4085 eorum,
1242 4020 1329 4089 qui
1359 4032 1412 4071 se
1439 4014 1621 4069 docere
1645 4013 1948 4085 proﬁtentur
1970 4029 1989 4067 :
2018 4013 2108 4067 de-

498 4115 676 4169 sinunt
707 4114 846 4166 enim
862 4127 1011 4166 suum
1031 4111 1294 4184 judicium
1319 4107 1594 4161 adhibere:
1618 4106 1673 4160 id
1698 4104 1885 4159 habent
1907 4116 2102 4170 ratum,

506 4206 646 4276 quod
678 4204 741 4259 ab
769 4221 827 4258 eo
854 4220 1003 4274 quem
1028 4202 1266 4273 probant,
1290 4201 1588 4272 judicatum
1617 4198 1788 4253 uident
1823 4195 1941 4267 (De
1972 4195 2101 4251 Nat.

504 4295 713 4370 deor.
751 4297 959 4361 Norunt,
1003 4296 1059 4353 S.
1095 4294 1372 4353 Ambrosii
1400 4292 1657 4348 eﬂatum:
1698 4293 1873 4362 Aperit
1896 4289 1994 4345 sibi
2020 4288 2105 4343 di—

502 4372 938 4463 ligentiajanuam
954 4390 1172 4444 veritatis
1188 4388 1280 4457 (In
1295 4386 1421 4441 Luc.
1438 4387 1493 4441 in
1511 4389 1771 4458 procem).
1791 4385 1866 4439 Ac
1881 4382 2108 4455 proinde

502 4488 684 4543 studio
710 4488 982 4558 praecipuo
1007 4486 1184 4541 omnia
1210 4485 1335 4540 hinc
1358 4482 1483 4539 inde
1506 4482 1819 4553 seligentes,
1851 4495 1971 4550 qum
1990 4488 2103 4535 tum

506 4581 577 4636 ab
606 4581 670 4636 iis
692 4580 1088 4651 producuntur,
1114 4579 1203 4650 qui
1232 4578 1290 4635 S.
1315 4577 1592 4632 Zenonem
1615 4582 1909 4647 martyrem
1938 4573 2105 4629 fuisse

2220 2620 2316 2674 l‘llt:
2334 2620 2646 2690 episcOpum
2676 2622 3097 2690 proclamantes,
3124 2619 3371 2676 inferunt
3392 2616 3589 2690 primo:
3616 2612 3753 2683 itaque

2218 2710 2348 2766 nihil
2376 2710 2439 2766 de
2466 2712 2711 2784 martyrio
2737 2717 2848 2788 ejus
2873 2712 3198 2768 Ambrosium
3220 2712 3518 2785 cognouisse
3543 2711 3684 2778 palam
3702 2705 3755 2757 ri-

2218 2808 2392 2873 detur,
2422 2818 2470 2862 et
2495 2808 2541 2863 si
2562 2806 2862 2862 Antbrosius
2885 2807 3017 2863 nihil
3042 2807 3105 2862 de
3126 2806 3219 2862 illo
3243 2805 3469 2867 rescivit,
3492 2804 3598 2876 jam
3624 2798 3753 2855 Zeno-

2217 2917 2331 2954 nrm
2354 2918 2455 2955 non
2487 2902 2759 2973 martyrio,
2793 2901 2884 2956 sed
2914 2900 3143 2956 naturali
3170 2908 3341 2955 morte
3357 2899 3412 2953 in
3437 2913 3556 2970 pace
3577 2894 3757 2965 functum

2215 2991 2683 3060 probabilissimum
2706 3004 2799 3061 est,
2820 2992 2919 3048 nisi
2942 3010 3043 3061 quo
3064 2992 3208 3064 paris
3233 2991 3402 3048 artatis
3423 2998 3565 3061 atque
3581 2982 3761 3040 auderi-

2214 3086 2335 3140 tatis
2365 3086 2667 3142 documento
2693 3088 2949 3155 Ambrosii
2990 3088 3342 3142 testimonium
3369 3084 3584 3140 elidatur
3613 3076 3761 3151 (Αρηά

2211 3176 2408 3235 Butler.
2444 3179 2665 3236 Dissert.
2698 3195 2780 3246 ut,
2809 3198 2855 3234 ιτ.
2887 3181 2944 3247 2,
2980 3178 3110 3252 gs).
3140 3178 3479 3236 Gravissimc
3507 3187 3627 3231 vero
3664 3184 3762 3226 co“-

2213 3281 2295 3329 tra
2327 3275 2651 3346 praecipuam
2685 3290 2828 3329 vera:
2854 3274 3078 3330 critices
3110 3274 3290 3345 legem
3321 3284 3550 3344 peccare
3588 3280 3667 3321 eos
3696 3261 3761 3331 qni

2213 3369 2287 3423 ita
2310 3367 2539 3426 ﬁdenter
2557 3379 2830 3430 asserunt,
2852 3366 3010 3423 facile
3033 3363 3463 3422 demonstratur.
3487 3360 3763 3427 Praecpta!“

2211 3461 2431 3517 eritices
2458 3472 2541 3517 est
2579 3461 2883 3517 carendum
2916 3502 2931 3527 ,
2966 3461 3201 3515 maxime
3230 3476 3302 3515 ne
3330 3464 3599 3513 auctorum
3628 3446 3763 3504 verbis

2214 3569 2407 3610 sensus
2440 3554 2562 3609 illos
2588 3553 2911 3625 afﬁugamus
2931 3595 2946 3620 ,
2980 3568 3117 3622 quos
3144 3552 3265 3623 ipsa
3297 3549 3464 3608 verba
3495 3562 3594 3602 non
3626 3537 3766 3610 expri-

2215 3659 2365 3704 munt
2391 3692 2404 3717 ,
2436 3664 2610 3720 neque
2641 3652 2829 3704 eadem
2858 3649 3022 3704 verba
3051 3646 3413 3719 epiniouibus
3443 3640 3626 3700 nostris
3652 3646 3767 3708 apte—

2213 3759 2354 3799 mus.
2390 3742 2631 3799 Meminit
2663 3743 2945 3815 cujusdam
2980 3741 3218 3799 Zenonis
3248 3742 3304 3797 in
3338 3737 3561 3811 epistola
3584 3732 3642 3789 ad
3662 3731 3765 3801 53"“

2210 3836 2385 3906 grium
2416 3837 2472 3893 S.
2509 3837 2834 3893 Ambrosius
2876 3836 2958 3892 itis
2998 3836 3218 3893 verbis:
3278 3835 3353 3890 Tu
3384 3843 3549 3888 autem
3577 3829 3670 3882 sine
3706 3820 3767 3873 alo
3848 3890 3849 3893 η

2214 3927 2371 3981 terius
2401 3928 2583 3999 fratris
2621 3928 2840 3983 consilio
2882 3928 2980 3983 hoc
3004 3927 3273 4001 judicium
3303 3925 3399 3982 tibi
3428 3923 3565 3979 solas
3576 3917 3769 3993 judican-

2213 4022 2334 4075 dum
2359 4022 2580 4094 putaris,
2608 4022 2661 4076 in
2682 4039 2783 4094 quo
2816 4029 2986 4077 tamen
3008 4031 3129 4077 ante
3139 4020 3440 4092 judicium,
3464 4009 3770 4087 prejudicim

2215 4117 2416 4187 feceris,
2462 4128 2517 4172 ut
2558 4116 2787 4191 puellam
2828 4115 3053 4172 Zenonis
3095 4115 3315 4171 Sancta
3344 4112 3594 4169 memoria!
3610 4100 3770 4176 judicio

2212 4208 2506 4279 probatam,
2548 4212 2763 4283 ejusque
2790 4209 3164 4279 sanctiﬁcatum
3193 4206 3574 4268 benedictione,
3607 4203 3700 4269 post
3719 4200 3771 4244 tot
3848 4224 3849 4283 ξ

2211 4317 2396 4370 (uiuos,
2421 4302 2530 4356 sine
2556 4314 2766 4356 auctore
2792 4300 3190 4365 criminationis,
3218 4300 3340 4355 sine
3362 4302 3666 4353 accusatore.
3692 4287 3771 4337 δίκε

2212 4397 2504 4466 professore
2544 4392 2824 4449 delationis
2859 4394 2915 4448 in
2944 4393 3236 4467 periculum
3270 4404 3457 4447 reatus
3473 4378 3773 4442 deducendum
3848 4424 3849 4455 ἶ

2210 4484 2520 4543 arbitrarere
2554 4486 2640 4560 (S.
2675 4484 2827 4543 Amb.
2858 4487 2948 4544 h'b.
2981 4502 3055 4555 vr.
3084 4504 3202 4559 cap.
3231 4476 3362 4556 86).
3396 4480 3653 4542 Iudicium
3695 4471 3772 4527 Ιιεο

2212 4583 2381 4637 cteris
2400 4580 2634 4652 appello,
2667 4598 2733 4637 an
2760 4597 2825 4636 cx
2865 4580 2948 4637 bis
2983 4590 3196 4637 tantum
3224 4580 3421 4637 verbis
3444 4575 3604 4651 possit
3628 4562 3775 4625 inferri
3848 4580 3849 4623 ἢ

502 4676 733 4746 probant
759 4717 773 4743 ,
806 4682 917 4729 tum
945 4689 1009 4730 ea
1038 4716 1052 4738 ,
1084 4688 1206 4744 qua:
1232 4679 1423 4727 contra
1453 4671 1522 4725 ab
1552 4669 1618 4725 iis
1647 4668 1945 4724 aﬂ’cruntur
1965 4709 1979 4732 ,
2014 4666 2106 4736 qui
2134 4637 2187 4700 Β
2212 4672 2488 4731 Zenonem
2521 4672 2665 4731 hunc
2695 4670 3067 4731 Veronensem
3113 4673 3288 4730 fuisse
3335 4672 3640 4745 episcopum
3664 4660 3771 4731 Sya-
3848 4678 3849 4746 ξ

501 4779 797 4841 martyrem
831 4767 995 4822 fuisse
1025 4772 1264 4836 negant:
1308 4779 1529 4820 causam
1566 4762 1869 4828 instruunt,
1899 4773 1958 4816 ut
1985 4760 2104 4830 ejus

499 4864 697 4919 veritas
722 4860 879 4917 facile
900 4858 1229 4930 deprehendi
1250 4860 1318 4912 ab
1340 4870 1662 4927 unoquoque
1684 4854 1874 4924 possit.
1900 4854 2107 4910 Instru-

500 4962 584 5011 (ειη
617 4954 800 5024 itaque
829 4966 1015 5017 causa,
1048 4950 1318 5005 sententia
1350 4947 1571 5002 ferenda
1600 4958 1703 5014 est,
1733 4964 1841 5003 non
1871 4959 1976 5003 tam
2005 4962 2104 5001 au-

501 5047 771 5103 ctoritatis
835 5061 995 5117 quam
1045 5044 1273 5100 rationis
1321 5050 1595 5101 momenta
1647 5042 1945 5113 pensando.
1990 5042 2104 5098 Hoc

500 5138 804 5207 Opitulante
837 5139 946 5195 Deo
975 5150 1076 5209 pro
1105 5137 1308 5193 viribus
1340 5145 1599 5205 prmstare
1622 5136 1878 5206 suscipio.

499 5231 529 5303 §
566 5232 617 5287 ί.
665 5231 810 5287 Nam
839 5230 900 5287 S.
929 5229 1228 5285 Ambrosius
1253 5230 1309 5283 in
1331 5236 1509 5283 testem
1533 5228 1704 5283 vocari
1731 5227 1894 5300 possit
1922 5234 2103 5284 contra

959 5321 1021 5378 S.
1054 5320 1278 5377 Zenonis
1313 5319 1638 5390 martyrium.

568 5418 671 5485 Qui
699 5417 1070 5474 confessorem
1097 5414 1156 5471 8.
1187 5414 1485 5478 Zenonem,
1513 5428 1619 5467 non
1645 5424 1937 5486 martyrem
1967 5413 2102 5471 fuis-

496 5528 559 5569 se
583 5513 889 5576 aftirniant,
929 5511 989 5567 S.
1024 5508 1292 5565 Ambrosii
1326 5506 1702 5562 auctoritatem
1726 5516 2095 5577 exaggerant,

499 5607 641 5661 hunc
673 5622 831 5678 quem
854 5616 1145 5676 suppurent
1177 5599 1388 5657 Zenoni
1414 5606 1667 5655 asserunt
1698 5600 1750 5653 in
1779 5598 2006 5670 epistola
2031 5601 2099 5658 ad

499 5703 781 5772 Syagrium
813 5701 898 5774 (ut
925 5700 1116 5757 volunt
1143 5696 1381 5755 Zenonis
1422 5694 1822 5768 successorem)
1848 5696 2097 5753 eumdem

500 5789 770 5849 Zenoracut
798 5808 905 5849 non
947 5799 1239 5862 martyrem
1267 5789 1451 5846 dicere
1474 5825 1491 5857 ,
1536 5785 1631 5844 sed
1660 5799 1863 5845 sanctae
1890 5803 2096 5847 memo‘

2209 4768 2309 4837 grii
2347 4767 2693 4823 decessorem
2717 4810 2733 4834 ,
2764 4768 2836 4822 ita
2868 4774 2926 4823 ut
2959 4782 3022 4823 ex
3053 4782 3119 4822 eo
3143 4809 3158 4835 ,
3197 4767 3353 4837 quod
3388 4767 3533 4820 bene
3550 4761 3773 4816 Zenonem

2211 4869 2501 4931 martyrem
2528 4874 2635 4914 non
2673 4858 2871 4915 dixerit
2900 4859 3221 4915 Ambrosius
3244 4901 3261 4927 ,
3309 4856 3411 4916 sed
3459 4857 3659 4915 δεῖται
3689 4858 3775 4903 ηδ’

2210 4953 2425 5020 moriar,
2455 4950 2728 5025 conjicere
2760 4955 3066 5025 prudenter
3090 4953 3212 5026 quis
3242 4954 3430 5021 possit
3458 4952 3515 5008 3.
3542 4948 3772 5005 Zenonem
3848 4958 3849 4967 ‘

2208 5043 2580 5102 Veronensem
2603 5047 2918 5118 episcopum
2941 5091 2955 5116 ,
2993 5057 3294 5119 martyrem
3331 5062 3445 5103 non
3470 5032 3775 5101 fuisse?!“-

2211 5153 2318 5211 que
2365 5138 2564 5193 etenim
2606 5138 2673 5193 de
2715 5138 2937 5195 Zenone
2979 5140 3031 5194 in
3076 5140 3243 5195 citata
3292 5139 3533 5211 cpisset:
3569 5133 3663 5190 ulla
3697 5125 3775 5182 alis

2207 5233 2413 5288 mentio
2445 5231 2520 5286 ﬁt.
2551 5230 2621 5287 At
2648 5231 2718 5289 de
2741 5233 2846 5289 hoc
2877 5233 3107 5305 egimus,
3134 5242 3190 5290 et
3215 5232 3277 5287 in
3305 5234 3458 5290 libro
3485 5230 3649 5305 primo
3683 5232 3779 5277 sef-

2206 5341 2429 5382 monum
2456 5324 2513 5382 S.
2540 5326 2777 5383 Zenonis
2795 5341 2915 5401 cap.
2948 5327 3037 5396 ii,
3057 5336 3113 5384 et
3143 5328 3196 5383 in
3222 5327 3422 5384 addita
3442 5319 3781 5383 dissensum!e

2204 5435 2324 5491 cap.
2360 5420 2416 5489 3,
2448 5419 2477 5492 §
2504 5420 2556 5476 l.

2207 5514 2236 5587 ς
2278 5513 2346 5570 ll.
2390 5513 2753 5571 Discutiuntur
2800 5536 2859 5573 ea
2896 5533 3013 5589 qua
3050 5519 3122 5573 ad
3150 5519 3467 5575 elcmndant
3500 5516 3559 5573 3.
3586 5502 3783 5580 (ἔτισαῦ
3848 5548 3849 5559 η

2278 5609 2461 5684 Magni
2505 5613 2865 5668 auctoritatem
2916 5623 3254 5685 opponuntur
3280 5631 3302 5670 :
3324 5615 3421 5683 qui
3470 5612 3533 5671 S.
3565 5609 3782 5667 2mm

2246 5702 2254 5711 ’
2278 5712 2557 5775 martyrem
2596 5706 2846 5777 appellat.
3848 5702 3849 5751 ξ

2283 5792 2407 5852 Prw
2449 5795 2756 5854 nocentem
2796 5798 3052 5857 Ambrosii
3084 5799 3392 5857 testimonio
3431 5796 3628 5869 sanior
3664 5782 3785 5845 sit!“
3848 5798 3849 5803 ‘
