3902 6324
152 249 228 306 ut
1507 237 1969 313 DISSERTATIO.

3291 259 3396 321 742

147 376 207 423 est
232 365 283 422 S.
315 363 537 438 Gregorii
555 363 737 437 Magni
756 381 870 434 quae
888 380 983 440 pro
1006 364 1259 440 Martyrio
1283 370 1543 442 antiquior
1564 388 1689 443 sup-
1716 370 1762 430 Α
1791 368 2039 424 Januarii
2066 371 2334 445 episcopus
2390 382 2437 426 et
2466 375 2731 440 confessor
2784 375 3082 432 nominatur
3100 417 3116 444 ,
3144 385 3293 449 atque
3324 380 3396 432 uti

149 460 247 528 petit
271 460 553 512 auctoritas.
595 456 648 512 Is
670 459 805 513 enim
833 460 918 525 qui
947 459 1144 514 duobus
1166 471 1278 532 post
1313 461 1518 516 saeculis
1542 462 1687 527 vixit,

147 569 239 605 runt
257 550 443 605 Athesis
464 550 763 606 miraculum
784 553 1007 607 recitaus
1028 550 1315 625 Martyrem
1338 554 1483 608 illum
1514 553 1689 626 appel-
1712 568 1723 577 ‘

147 644 263 709 lavit,
301 643 406 712 ﬁeri
444 644 605 712 potuit
647 652 701 698 ut
756 647 999 700 memoria
1034 646 1212 718 lapsus
1249 664 1366 702 eum
1412 647 1695 720 Martyrem

144 740 305 792 dictant
346 737 633 804 crediderit,
666 756 814 810 quem
840 741 1092 807 Joannes,
1135 759 1167 796 a
1210 759 1307 813 quo
1340 743 1403 798 de
1444 742 1692 798 miraculo

144 832 281 899 {iterat
308 831 593 897 instructus,
618 832 903 901 simplicem
951 833 1249 907 episwpum
1271 843 1318 889 et
1346 835 1691 905 confessorem

143 912 538 996 pronuntiaverat,
577 927 676 980 nisi
706 926 839 995 forte
864 926 972 1001 ipse
997 927 1249 996 Joannes,
1284 939 1332 984 et
1357 932 1409 983 in
1432 930 1581 984 titulo
1614 928 1693 984 la—

142 1033 240 1087 psus
270 1015 570 1090 probabilius
606 1020 871 1075 credatur.
916 1021 996 1077 Ita
1034 1029 1221 1079 contra
1263 1021 1320 1079 S.
1370 1023 1691 1092 Gregorium

141 1110 353 1181 Magnum
394 1111 447 1166 S.
491 1111 761 1170 Zenonem
801 1113 1089 1189 Martyrem
1131 1117 1496 1188 appellantem
1528 1132 1695 1189 argu-

141 1212 407 1259 mentantur
435 1204 528 1271 hi,
570 1206 662 1276 qui
702 1208 874 1276 ipsum
908 1208 968 1265 S.
1002 1208 1372 1265 Veronensem
1403 1211 1695 1282 praesulem

138 1306 382 1352 autumant
397 1296 775 1355 Conlessorem
796 1300 973 1373 (Apud
994 1300 1189 1356 Baller.
1215 1300 1439 1359 Dissert.
1462 1320 1540 1370 ιιι,
1565 1318 1615 1359 c.
1637 1301 1693 1372 2,

138 1390 161 1463 §
197 1392 267 1462 2).
296 1392 642 1463 Inspiciamus
673 1394 834 1451 modo
863 1410 931 1451 an
960 1396 1115 1468 juxta
1148 1412 1291 1453 verae
1318 1396 1535 1454 critices
1569 1413 1698 1455 nor-

139 1501 252 1541 mam
282 1486 592 1558 procedant.

191 1581 306 1636 Cum
351 1582 415 1636 de
458 1581 558 1639 SS.
602 1581 860 1640 Ecclesia:
891 1583 1142 1641 Patribus
1172 1585 1381 1656 agitur,
1434 1586 1697 1643 Doctores

136 1675 294 1742 critici,
320 1683 370 1731 et
393 1674 632 1743 Dupinus
658 1674 799 1746 ipse.
831 1691 894 1732 ac
924 1676 1305 1735 Tillemontius
1336 1679 1404 1734 ita
1444 1679 1698 1750 praescri-

1798 464 2060 533 confessor
2076 463 2280 532 quidem
2304 466 2353 517 in
2370 465 2487 532 ipsa
2515 468 2626 539 ejus
2650 464 2882 523 Ecclesia
2905 467 3239 525 Brundusina
3261 486 3397 524 nunc

1797 570 1999 624 quoque
2028 556 2268 627 temporis
2291 558 2496 611 colitur.
2529 556 2695 632 Urget
2724 561 2943 632 quidem
2972 562 3131 618 nimis
3165 565 3279 618 lucc
3311 580 3397 619 ra—

1802 644 1876 701 tio
1903 664 1915 699 :
1946 644 2004 702 S.
2040 646 2340 718 Gregorius
2370 649 2424 704 in
2455 653 2797 724 appellandos
2825 652 2887 708 8.
2919 653 3221 709 Iuvenalem
3255 654 3399 710 Nar-

1797 739 2023 794 niensem
2054 740 2366 814 episc0pum,
2391 754 2436 799 et
2468 743 2530 799 S.
2558 743 2808 799 Leucium
2832 747 3124 819 episcopum
3151 746 3398 802 Brundu-

1795 831 1967 886 siuum
1994 841 2244 904 martyres
2280 834 2507 891 errat-it:
2546 838 2744 892 erravit
2778 839 2957 907 itaque
2989 839 3041 893 in
3073 839 3399 911 appellando

1799 934 2041 999 martyre
2072 927 2130 984 8.
2165 928 2416 986 Zenone:
2454 932 2652 987 erravit
2687 948 2816 1002 ergo
2851 933 2906 988 in
2930 935 3202 991 omnibus.
3226 935 3400 995 Parti-

1799 1018 2015 1076 culares
2046 1036 2263 1079 errores
2290 1021 2343 1077 in
2371 1023 2491 1080 aliis
2517 1026 2574 1079 S.
2609 1023 2928 1097 Gregorium
2958 1042 3172 1083 errasse
3194 1069 3209 1093 ,
3238 1030 3399 1085 mini-

1802 1127 1888 1167 me
1916 1112 2170 1184 probant.
2216 1117 2286 1171 At
2331 1131 2438 1173 non
2480 1118 2682 1173 erravit
2723 1118 2777 1173 in
2809 1119 3131 1190 appellando
3163 1132 3401 1194 martyre

1801 1203 1860 1260 8.
1893 1203 2156 1263 Iuvenale
2185 1207 2442 1280 episcOpo
2474 1209 2775 1266 Narnieuse
2795 1253 2809 1278 ,
2840 1220 2896 1265 ιιι
2931 1212 2983 1267 in
3014 1211 3402 1270 dissertatione

1802 1305 1924 1368 post.
1953 1297 2089 1352 duos
2120 1298 2285 1354 libros
2314 1300 2383 1355 de
2411 1299 2800 1365 Sermonibus,
2839 1312 2890 1357 et
2918 1303 3177 1377 Martyrio
3208 1304 3266 1361 S.
3300 1304 3401 1361 Ze-

1802 1389 1961 1445 nonis
2011 1391 2387 1460 ostendimus,
2456 1410 2631 1464 ueque
2692 1409 2906 1451 errasse
2964 1396 3304 1452 convincitur
3346 1398 3400 1453 in

1801 1486 1860 1545 S.
1895 1487 2096 1545 Lcucio
2118 1490 2372 1561 episcopo
2398 1489 2761 1548 Brundusina.
2790 1490 3051 1548 Fatentur
3074 1493 3275 1549 etenim
3301 1493 3401 1564 ipsi

1803 1582 2017 1639 Domini
2055 1582 2329 1640 Ballerinii
2367 1584 2486 1639 aliis
2526 1585 2579 1642 in
2618 1585 2948 1643 editionib’ns
2987 1587 3260 1642 Leontium
3298 1604 3403 1644 non

1804 1673 2051 1730 Leucium
2102 1675 2386 1745 appellari.
2448 1675 2633 1732 Verum
2683 1679 2886 1747 quidem
2923 1690 2995 1734 est
3038 1678 3308 1735 Leontium
3349 1680 3403 1735 in

135 1766 259 1832 bunt,
281 1782 461 1836 nempe
482 1765 741 1823 Veterum
771 1769 1121 1841 probatorum
1143 1771 1480 1841 Scriptorum
1505 1779 1691 1826 aucto-
1727 1773 1776 1833 B
1802 1767 2109 1825 editionibus
2143 1777 2258 1842 post
2298 1768 2589 1826 Romanam
2632 1771 2780 1849 illum
2818 1773 3073 1845 appellari
3120 1790 3220 1828 non
3260 1772 3400 1827 Leu-

135 1863 309 1918 ritatem
330 1878 358 1917 a
379 1861 678 1919 Catholicis
695 1879 903 1920 summa
926 1866 1271 1921 veneratione
1294 1867 1694 1938 excipiendam,

136 1970 276 2025 neque
309 1955 374 2010 ab
406 1970 470 2011 ea
506 1955 608 2011 nisi
649 1958 1045 2028 urgentissimis
1087 1959 1389 2015 rationibus
1435 1958 1698 2016 receden-

133 2046 253 2102 dum.

191 2141 444 2213 Urgensne
481 2143 627 2198 ratio
654 2152 739 2198 est
767 2143 1031 2200 incertum
1063 2143 1120 2200 8.
1161 2143 1432 2201 Ambrosii
1465 2154 1690 2216 textum,

131 2248 352 2305 expresso
377 2234 434 2291 S.
469 2233 719 2306 Gregorii
745 2237 910 2292 textui
940 2238 1258 2307 opponere?
1294 2237 1567 2295 Zenonem
1594 2257 1694 2294 no-

133 2327 269 2380 mioat
293 2327 613 2383 Ambrosius
635 2370 650 2397 ,
678 2337 734 2382 at
764 2344 941 2399 neque
969 2329 1293 2401 Episcopum
1324 2330 1486 2398 dicit,
1523 2347 1698 2403 neque

132 2415 481 2484 Veronensem,
524 2436 702 2492 neque
730 2421 942 2495 Syagrii
979 2421 1345 2479 decessorem.
1373 2425 1429 2479 Si
1455 2441 1582 2480 vero
1604 2425 1700 2483 de-

133 2520 202 2567 tur
225 2512 348 2585 (non
372 2514 539 2569 datur
571 2512 786 2587 tamen)
817 2516 878 2572 S.
911 2516 1255 2571 Ambrosium
1288 2517 1563 2575 Zenonem
1597 2521 1699 2575 Ve-

131 2622 378 2666 ronensetn
411 2613 726 2669 nominasse
760 2613 1095 2685 (incidenter
1127 2613 1417 2687 nominet),
1451 2632 1571 2687 qua:
1598 2634 1698 2672 ne-

131 2702 319 2758 cessitas
338 2703 487 2759 illum
517 2713 811 2778 martyrem
831 2707 1107 2777 appellare
1128 2706 1154 2761 ἲ
1173 2706 1358 2779 Neque
1381 2710 1695 2783 episcopum

130 2790 358 2851 Zenonem
406 2797 548 2853 dicit
604 2797 944 2855 Ambrosius.
998 2800 1107 2855 Cur
1149 2800 1328 2871 itaque
1376 2801 1693 2873 episc0putn

130 2884 266 2944 fuisse
315 2897 368 2945 et
437 2890 815 2948 Veronensem
861 2893 1241 2949 contendunt?
1293 2895 1349 2952 Si
1400 2904 1694 2969 martyrem

131 2976 362 3037 Zenonem
394 2984 614 3052 nolunt,
641 2988 1089 3058 quiamartyrem
1123 2987 1444 3045 Ambrosius
1475 3006 1581 3044 non
1613 2990 1697 3045 di-

127 3072 181 3125 cit
202 3089 215 3139 ;
236 3090 398 3146 neque
424 3078 744 3149 episcopum
780 3078 961 3151 itaque
991 3079 1181 3144 fuisse,
1213 3096 1387 3163 neque
1412 3080 1696 3135 Veronen-

1801 1852 1955 1915 cium.
1987 1862 2051 1915 At
2076 1880 2189 1917 cum
2211 1871 2323 1937 ejus
2360 1880 2543 1937 corpus
2570 1863 2854 1920 Brundusii
2877 1858 3194 1935 requiescens
3214 1866 3406 1922 ibidem

1802 1956 2059 2022 tradatur,
2105 1956 2437 2013 Brundusina
2471 1969 2640 2013 autem
2684 1958 2819 2014 Urbs
2861 1958 3063 2014 nullum
3099 1964 3404 2034 cujusquam

1803 2049 1866 2104 8.
1892 2047 2094 2104 Leontii
2121 2067 2305 2123 corpus
2326 2051 2469 2122 apud
2505 2068 2557 2106 se
2578 2053 2895 2124 requiescens
2919 2070 3161 2125 umquam
3182 2069 3406 2127 agnove-

1800 2143 1889 2207 rit,
1922 2151 1977 2196 ut
2011 2141 2141 2201 illud
2183 2143 2243 2197 8.
2279 2141 2454 2197 Leucii
2494 2144 2718 2216 episcopi
2747 2145 2869 2198 olim
2896 2144 3094 2212 habuit,
3128 2155 3404 2214 antequam

1800 2234 2145 2290 Beneventum
2167 2240 2557 2308 transferretur,
2579 2237 2758 2293 melior
2781 2238 2980 2293 videtur
3005 2238 3152 2293 lectio
3170 2239 3405 2311 priorum

1801 2325 2039 2399 Gregorii
2066 2327 2370 2395 editionum,
2402 2345 2516 2400 qua:
2540 2346 2653 2384 cum
2684 2331 2906 2403 quinque
2942 2347 3065 2386 mss.
3098 2332 3151 2387 in
3178 2330 3403 2387 Benedi-

1803 2424 1940 2478 ctina
1961 2423 2198 2495 allegatis
2223 2422 2474 2478 Leucium
2493 2424 2799 2496 μνεία-ωτι.
2830 2424 3114 2483 Leontium
3144 2442 3272 2481 vero
3296 2442 3405 2482 non

1802 2514 2059 2571 Leucium
2104 2514 2162 2571 8.
2202 2514 2519 2586 Gregorium
2559 2516 2844 2587 scripsisse
2881 2532 2948 2582 ex
2991 2518 3110 2586 ipso
3146 2527 3406 2575 contextu

1803 2608 2046 2678 epistola:
2077 2608 2208 2663 satis
2229 2607 2508 2663 evidenter
2530 2609 2778 2679 emergit.
2808 2608 2942 2664 Nam
2970 2610 3012 2664 si
3037 2609 3106 2664 de
3132 2610 3187 2664 S.
3215 2608 3398 2665 Leucii

1802 2700 2039 2771 episcopi
2067 2700 2304 2772 reliquiis
2333 2702 2569 2770 egisset,
2604 2701 2919 2772 episcopum
2952 2701 3097 2756 illum
3127 2701 3402 2759 nominas-

1804 2805 1891 2851 set
1929 2796 2219 2867 Gregorius
2243 2838 2257 2863 ,
2299 2804 2355 2851 et
2386 2796 2700 2867 episcopum
2743 2797 3143 2857 Brundisinum.
3189 2798 3390 2853 Solum-

1804 2888 1965 2943 modo
2000 2889 2056 2946 8.
2081 2890 2333 2960 martyris
2355 2904 2553 2959 corpus
2578 2888 2982 2947 inBrnndnsina
3006 2888 3233 2946 ecclesia
3254 2890 3404 2961 quic-

1804 2996 1955 3035 scere
2012 2980 2206 3035 asserit
2252 2979 2313 3037 S.
2366 2980 2625 3049 perutiles.
2677 2980 2812 3047 Quia
2853 2981 3085 3054 ejusdem
3128 2982 3405 3039 beatissimi

1805 3073 2044 3143 martyris
2076 3087 2262 3145 corpus
2299 3073 2351 3126 in
2384 3070 2668 3127 Brundusii
2698 3073 2929 3141 ecclesia,
2978 3076 3063 3129 cui
3100 3075 3405 3131 uisitationis

127 3177 217 3219 sem
243 3167 419 3224 eadem
453 3170 671 3226 ratione
713 3170 871 3228 fateri
900 3183 1187 3244 coguntur.
1225 3171 1343 3228 Vid.
1375 3189 1425 3228 c.
1457 3174 1523 3241 3,
1560 3173 1589 3247 §
1624 3173 1693 3243 i,

1801 3165 2050 3236 impendit
2076 3166 2328 3236 ofﬁciunt,
2360 3182 2467 3222 esse
2493 3166 2827 3239 dignoscitur.
2868 3167 3002 3223 Nam
3040 3171 3293 3240 superius
3325 3170 3407 3225 in-

126 3272 279 3328 supra.

183 3350 632 3426 llrgentissimane
677 3360 791 3414 lucc
830 3359 1013 3415 ratio?
1056 3357 1113 3414 Is
1163 3360 1300 3414 enim
1352 3358 1695 3432 (Gregorius)

126 3446 195 3512 qui
215 3447 397 3505 duobus
423 3461 545 3520 post
574 3453 778 3508 steculis
811 3454 939 3508 vixit
958 3497 972 3519 ,
1007 3470 1123 3508 cum
1148 3452 1350 3509 Athesis
1386 3451 1695 3509 miraculum

126 3539 312 3595 recitatis
334 3555 618 3615 martyrem
645 3543 797 3599 illum
825 3545 1123 3618 appellavit,
1150 3546 1266 3614 ﬁeri
1288 3549 1476 3617 potuit,
1506 3554 1561 3599 ut
1587 3561 1694 3599 me~

126 3631 256 3683 moria
288 3632 463 3705 lapsus
508 3650 629 3688 eum
668 3646 945 3708 martyrem
977 3638 1171 3691 dictant
1211 3637 1514 3704 crediderit,
1546 3653 1694 3706 quem

122 3716 334 3791 Joannes,
360 3741 391 3780 a
421 3742 529 3799 quo
561 3727 625 3782 de
648 3729 895 3807 miracqu
924 3734 1090 3801 fuerat
1110 3732 1389 3784 instructus
1410 3731 1692 3802 simplicem

120 3813 376 3884 episcopum
407 3829 456 3875 et
501 3824 848 3891 confessorem
889 3823 1308 3893 pronuntiaverat
1355 3839 1373 3876 :
1405 3823 1503 3877 nisi
1557 3827 1692 3894 forte

123 3901 210 3965 ipse
230 3904 447 3966 Joannes
488 3928 556 3965 eo
596 3911 649 3966 in
692 3913 840 3968 titulo
870 3912 1045 3985 lapsus
1072 3915 1389 3987 probabilius
1418 3914 1687 3973 credatur;

119 3995 164 4051 Si
183 4001 383 4059 aliunde
413 4014 576 4063 certo
605 4016 883 4063 constaret
914 4008 972 4064 S.
1012 4007 1287 4063 Zenonem
1318 4009 1689 4065 confessorem

119 4103 204 4143 non
227 4104 521 4168 martyrem
563 4096 749 4163 fuisse,
783 4106 910 4154 tunc
938 4100 1199 4155 memoria
1228 4101 1439 4174 lapsum
1470 4099 1528 4157 S.
1558 4100 1694 4158 Gre-

115 4184 293 4249 gorium
324 4189 492 4247 fuisse
519 4232 536 4256 ,
565 4192 779 4269 opinari
811 4193 1029 4249 obvium
1055 4204 1207 4250 certe
1236 4195 1561 4252 crediderim
1589 4213 1600 4249 :
1637 4205 1693 4251 at

116 4290 215 4334 cum
234 4296 296 4337 ex
322 4284 493 4340 allato
522 4284 585 4342 8.
612 4286 888 4343 Ambrosii
916 4289 1121 4344 incerto
1146 4297 1294 4345 textu
1319 4305 1424 4345 non
1452 4300 1688 4359 constet,

114 4375 359 4431 memoriae
387 4377 606 4447 lapsum
650 4378 968 4437 adiuvenire
1024 4391 1227 4435 tantum
1261 4381 1456 4450 abest,
1511 4392 1568 4436 ut
1601 4398 1693 4436 ur-

112 4466 392 4532 geatissima
422 4471 569 4526 ratio
598 4472 669 4527 sit
693 4514 709 4539 ,
742 4475 869 4543 quin
898 4474 1185 4529 calumnia:
1223 4474 1342 4529 loco
1379 4474 1689 4530 habendum

112 4572 245 4615 nemo
260 4562 381 4632 jure
406 4564 765 4621 inliciabitur.

170 4652 609 4725 Urgentissimam
640 4660 904 4714 rationem
945 4659 1081 4717 forte
1108 4660 1329 4716 credent
1362 4661 1418 4718 8.
1453 4660 1691 4718 Zenonis

109 4756 339 4825 martyrio
368 4756 728 4813 adversantes
752 4798 767 4823 ,
807 4759 949 4829 quod
994 4759 1046 4813 in
1079 4758 1139 4815 S.
1177 4757 1426 4832 Gregorio
1458 4760 1690 4832 defectus

109 4842 153 4894 id
168 4849 350 4915 generis
370 4851 487 4904 sine
508 4853 740 4924 exemplo
765 4868 864 4905 non
891 4852 1018 4907 sint.
1047 4849 1187 4905 Nam
1213 4851 1266 4905 Μ
1275 4851 1428 4906 olano
1449 4852 1692 4907 animad—

108 4951 301 5000 rertente
346 4948 400 5002 in
456 4947 689 5002 secunda
742 4947 972 5003 Usuardi
1016 4949 1259 5017 editione,
1315 4948 1378 5005 8.
1423 4947 1691 5005 Iuvenalis

109 5032 394 5096 Narniensis
419 5044 698 5116 episcopus
728 5046 876 5110 cuius
903 5049 1034 5118 festa
1065 5044 1173 5100 dies
1219 5062 1250 5100 ν
1277 5064 1435 5102 nonas
1476 5046 1607 5101 Maii
1637 5048 1692 5101 in

109 5124 314 5188 Romano
346 5133 732 5207 Marty'rologio
763 5140 1018 5209 signatur,
1052 5148 1247 5209 martyr
1279 5140 1468 5194 dicitur
1496 5139 1587 5195 lib.
1614 5156 1689 5208 tv,

110 5212 145 5271 ἓ.
163 5221 241 5285 12,
261 5241 291 5277 a
314 5225 376 5281 8.
411 5226 688 5302 Gregorio,
714 5245 827 5285 cum
856 5247 1022 5285 merus
1044 5230 1307 5297 confessor
1331 5230 1508 5301 fuerit.
1534 5230 1694 5286 Aliud

108 5327 185 5368 nos
196 5321 480 5393 exemplum
500 5322 764 5389 offerimus
779 5340 846 5379 ea:
861 5324 1074 5396 epistola
1096 5324 1219 5378 olim
1233 5324 1325 5391 75,
1347 5323 1436 5380 lib.
1456 5342 1532 5395 ιχ,
1553 5342 1689 5380 nunc

108 5402 165 5458 62
185 5450 199 5473 ,
226 5410 314 5466 lib.
336 5428 391 5468 Vt
417 5455 433 5479 ,
472 5413 557 5469 ubi
582 5415 723 5470 idem
751 5413 995 5485 Pontifex
1028 5416 1374 5471 beatissimum
1403 5415 1688 5489 Martyrem

108 5513 233 5558 vocat
252 5505 312 5562 S.
343 5507 595 5564 Leucium
617 5512 918 5584 episcopum
938 5504 1351 5579 Brundusinum,
1378 5510 1467 5584 qui
1494 5511 1548 5566 in
1570 5509 1687 5565 lau-

108 5590 210 5647 dato
240 5596 638 5675 Martyrologio,
680 5618 773 5657 nec
800 5599 1242 5658 nonCalendario
1274 5619 1368 5657 ms.
1399 5600 1689 5657 Bibliothe-

109 5700 169 5737 ca:
190 5685 575 5759 Casanatensis,
606 5694 796 5767 scripto
818 5693 1025 5749 ineunte
1051 5694 1237 5750 saeculo
1260 5711 1342 5761 ιι,
1375 5694 1443 5748 ad
1470 5688 1685 5748 Monas-

109 5777 271 5833 terium
290 5781 556 5853 quoddam
575 5781 989 5839 Beneventanum
1018 5785 1139 5840 olim
1165 5784 1469 5856 pertinente,
1502 5799 1561 5840 ttt
1591 5784 1682 5841 Id.

1803 3260 1949 3316 dicat
1978 3260 2271 3317 ecclesiam
2302 3263 2613 3317 monasterii
2635 3304 2650 3330 ,
2680 3264 2762 3317 cui
2798 3271 3030 3333 prmerat
3058 3264 3405 3336 Opportunus

1801 3354 1991 3419 abbas,
2026 3354 2115 3423 qui
2140 3369 2326 3410 sacras
2355 3355 2615 3426 reliquias
2645 3355 2954 3424 expetebat,
2988 3355 3204 3411 nomine
3238 3358 3404 3426 ipsius

1802 3446 1977 3501 sancti
1998 3447 2308 3501 decoratam
2334 3446 2515 3502 fuisse.
2555 3446 2867 3502 Sanctuario
2892 3447 3119 3520 ejusdem
3140 3448 3403 3520 martyris,

1800 3555 1915 3609 qua:
1954 3540 2019 3593 de
2048 3540 2260 3594 ecclesia
2288 3539 2483 3594 nomini
2519 3539 2682 3609 ipsius
2706 3541 2894 3603 dicata,
2931 3550 2985 3594 ut
3024 3541 3230 3606 astruit,
3263 3545 3404 3613 furto

1799 3635 1973 3690 ablata
1998 3645 2136 3689 sunt.
2179 3637 2357 3705 Quare
2384 3635 2428 3689 si
2462 3635 2528 3691 de
2560 3644 2746 3690 sancto
2770 3634 2998 3702 Leucio,
3034 3636 3127 3707 qui
3159 3636 3407 3692 Brundu-

1799 3725 1933 3780 sinte
1964 3726 2221 3781 Ecclesiae
2246 3726 2536 3799 episeopus
2586 3714 2704 3794 luit,
2749 3728 2959 3782 locutus
2985 3725 3195 3793 luisset,
3223 3729 3407 3800 utique

1799 3826 1855 3874 et
1884 3816 1987 3873 hoc
2014 3817 2324 3874 indicasset.
2361 3819 2442 3873 An
2476 3833 2565 3885 ne,
2599 3827 2655 3874 et
2684 3821 2735 3873 in
2775 3820 2877 3875 hoc
2904 3822 3163 3875 memoria
3192 3820 3403 3892 lapsum

1799 3910 1856 3967 S.
1881 3910 2202 3982 Gregorium
2222 3910 2489 3979 dicemus,
2513 3915 2566 3966 in
2589 3927 2712 3967 eum
2737 3912 3034 3968 calumnias
3052 3914 3403 3971 cumulando?

1802 4003 1956 4074 Quod
1984 4022 2100 4060 vero
2132 4004 2470 4061 Brundusina
2495 4005 2732 4061 ecclesia.
2771 4047 2783 4081 τ
2822 4046 2835 4059 .
2866 4008 3065 4061 nullum
3099 4010 3400 4082 cujusquam

1802 4095 1863 4153 S.
1896 4096 2102 4152 Leontii
2131 4113 2319 4168 corpus
2347 4096 2488 4166 apud
2515 4114 2569 4152 se
2595 4099 2915 4169 requiescens
2941 4115 3216 4171 numquam
3243 4115 3405 4171 agno-

1797 4192 1943 4257 verit,
1968 4193 2136 4264 gratis
2162 4190 2446 4247 asseritur.
2499 4189 2713 4246 Nullam
2750 4191 2818 4246 de
2862 4207 2929 4247 eo
2965 4208 3111 4248 nunc
3147 4196 3404 4263 temporis

1797 4296 2012 4341 exstare
2036 4284 2350 4340 memoriam
2370 4285 2421 4338 in
2438 4284 2625 4340 eadem
2643 4283 2885 4341 Ecclesia
2907 4286 3075 4341 asseri
3100 4296 3302 4359 potest.
3338 4289 3406 4341 At

1796 4389 1954 4434 sexto
1982 4378 2184 4435 saeculo
2215 4376 2502 4434 Brundusii
2534 4393 2639 4431 non
2664 4376 2997 4449 requievisse
3028 4394 3227 4448 corpus
3255 4379 3405 4449 ejus-

1796 4472 1918 4528 dem
1941 4473 1999 4528 S.
2026 4471 2260 4538 Leontii,
2293 4472 2416 4543 quis
2442 4480 2631 4526 contra
2659 4470 2716 4526 S.
2746 4470 2991 4541 Gregorii
3019 4473 3399 4528 auctoritatem

1716 4570 1769 4630 Ι)
1799 4566 1994 4621 mntire
2034 4564 2270 4620 audeat?
2314 4564 2458 4633 Quot
2500 4564 2822 4620 Sanctorum
2857 4580 3087 4637 corpora
3128 4567 3313 4623 amitis
3345 4569 3400 4624 in

1796 4661 2042 4717 ecclesiis
2064 4661 2384 4726 extiterunt,
2407 4675 2638 4731 quorum
2661 4675 2767 4715 non
2792 4669 2874 4715 est
2906 4662 3188 4727 memoria,
3220 4662 3400 4730 bellis,

1795 4754 2063 4810 incendiis
2085 4796 2100 4821 ,
2134 4753 2521 4808 vastationibus
2551 4752 2881 4825 absumpta?
2913 4753 3044 4808 Nam
3080 4753 3134 4808 in
3168 4754 3404 4812 editione

1795 4861 2020 4903 romana
2043 4846 2373 4901 multitudine
2398 4845 2871 4916 antiquissimorum
2894 4848 3262 4921 exemplarium
3280 4864 3404 4904 usos

1802 4957 1863 4998 se
1894 4942 2055 4998 fuisse
2082 4949 2367 5006 testantur,
2395 4943 2483 5014 qui
2508 4957 2625 4998 eam
2659 4955 2914 4998 curarunt
2941 4940 3255 5000 editiOnem.
3284 4943 3401 5003 Non

1802 5047 1995 5109 urgent
2019 5036 2202 5107 itaque
2231 5035 2477 5091 adductae
2505 5035 2780 5103 rationes;
2811 5051 2978 5106 quare
3006 5052 3035 5091 a
3068 5036 3125 5090 8.
3154 5037 3403 5110 Gregorii

1800 5128 2101 5185 assertione
2130 5125 2199 5184 de
2242 5127 2301 5183 8.
2344 5125 2582 5183 Zenonis
2610 5125 2870 5200 Martyrio
2903 5127 3263 5185 tecedcndnm
3296 5147 3403 5187 non

1801 5233 1906 5279 est.

1873 5312 2047 5369 Minus
2076 5323 2232 5386 urget
2269 5312 2500 5371 assertio
2526 5311 2782 5370 Coronati
2815 5314 3045 5385 Notarti,
3088 5316 3179 5388 qui
3212 5316 3267 5372 S.
3303 5316 3400 5372 Ze-

1796 5409 1955 5463 nonis
1984 5409 2149 5463 vitam
2185 5409 2507 5480 conscripsit
2553 5425 2567 5461 :
2615 5409 2797 5463 multis
2837 5412 3037 5465 etenim
3082 5408 3404 5478 improbabi-

1793 5499 1938 5556 libus
1983 5502 2238 5557 refertam
2276 5517 2399 5558 esse
2444 5501 2682 5557 fatentur
2736 5500 2957 5573 ipsimet
2986 5544 2998 5567 ,
3068 5502 3155 5573 qui
3212 5514 3402 5557 contra

1794 5595 2107 5671 Martyrium
2145 5597 2199 5655 S.
2234 5596 2470 5671 zenonis
2493 5598 2802 5669 opinantur.
2835 5594 3200 5667 Illlpl'ObtllJile
3235 5596 3405 5668 scrip-

1792 5700 1907 5747 tum
1946 5707 2068 5748 cum
2108 5691 2163 5747 S.
2210 5670 2455 5764 Gregorii
2500 5690 2820 5746 auctoritate
2849 5686 3101 5745 conferre
3156 5689 3274 5761 quis
3307 5706 3403 5743 an-

1789 5783 1951 5842 dcat?
1982 5785 2036 5842 Si
2066 5785 2186 5856 quis
2212 5799 2340 5841 vero
2373 5782 2630 5850 auderet,
2669 5780 2829 5836 istum
2863 5780 3061 5853 injuria
3103 5798 3203 5854 pro
3233 5797 3391 5839 vene-
