  <div class='ocr_page' id='page_1' title='image "/cluster/home/n/w/nwhite01/storage/ocr_20150623/11/hvd.32044015471287/377.png"; bbox 0 0 3902 6324; ppageno 0'>
   <div class='ocr_carea' id='block_1_1' title="bbox 483 149 589 208">
    <p class='ocr_par' dir='ltr' id='par_1_1' title="bbox 483 149 589 208">
     <span class='ocr_line' id='line_1_1' title="bbox 483 149 589 208; baseline 0.038 -4"><span class='ocrx_word' id='word_1_1' title='bbox 483 149 589 208; x_wconf 66' lang='grc'><strong>’145</strong></span> 
     </span>
    </p>
   </div>
   <div class='ocr_carea' id='block_1_2' title="bbox 1248 158 2997 238">
    <p class='ocr_par' dir='ltr' id='par_1_2' title="bbox 1248 158 2997 238">
     <span class='ocr_line' id='line_1_2' title="bbox 1248 158 2997 238; baseline 0.013 -23"><span class='ocrx_word' id='word_1_2' title='bbox 1248 158 1340 216; x_wconf 88' lang='lat' dir='ltr'><strong>DE</strong></span> <span class='ocrx_word' id='word_1_3' title='bbox 1375 158 1701 219; x_wconf 82' lang='lat' dir='ltr'><strong><em>OPINIONE</em></strong></span> <span class='ocrx_word' id='word_1_4' title='bbox 1743 161 2105 221; x_wconf 77' lang='lat' dir='ltr'><strong><em>BALLERIN.</em></strong></span> <span class='ocrx_word' id='word_1_5' title='bbox 2147 166 2351 226; x_wconf 71' lang='lat' dir='ltr'><strong><em>(IIRCA</em></strong></span> <span class='ocrx_word' id='word_1_6' title='bbox 2390 169 2539 228; x_wconf 87' lang='grc' dir='ltr'><strong><em>ΖΕΝ.</em></strong></span> <span class='ocrx_word' id='word_1_7' title='bbox 2581 173 2997 238; x_wconf 74' lang='lat' dir='ltr'><strong><em>MARTYRIUM</em></strong></span> 
     </span>
    </p>
   </div>
   <div class='ocr_carea' id='block_1_3' title="bbox 3623 201 3705 257">
    <p class='ocr_par' dir='ltr' id='par_1_3' title="bbox 3623 201 3705 257">
     <span class='ocr_line' id='line_1_3' title="bbox 3623 201 3705 257; baseline 0.049 -4"><span class='ocrx_word' id='word_1_8' title='bbox 3623 201 3705 257; x_wconf 68' lang='lat' dir='ltr'><strong><em>7M</em></strong></span> 
     </span>
    </p>
   </div>
   <div class='ocr_carea' id='block_1_4' title="bbox 482 266 3707 372">
    <p class='ocr_par' dir='ltr' id='par_1_4' title="bbox 482 266 3707 372">
     <span class='ocr_line' id='line_1_4' title="bbox 482 266 3707 372; baseline 0.011 -51"><span class='ocrx_word' id='word_1_9' title='bbox 482 266 691 372; x_wconf 40' lang='lat' dir='ltr'><strong><em>patique</em></strong></span> <span class='ocrx_word' id='word_1_10' title='bbox 735 268 793 325; x_wconf 88' lang='grc'><strong><em>8.</em></strong></span> <span class='ocrx_word' id='word_1_11' title='bbox 839 267 1157 372; x_wconf 81' lang='lat' dir='ltr'><strong><em>Pontiﬁcem</em></strong></span> <span class='ocrx_word' id='word_1_12' title='bbox 1194 272 1536 345; x_wconf 78' lang='lat' dir='ltr'><strong><em>aﬂ&#39;ecturum,</em></strong></span> <span class='ocrx_word' id='word_1_13' title='bbox 1574 292 1734 333; x_wconf 92' lang='lat' dir='ltr'><strong><em>nemo</em></strong></span> <span class='ocrx_word' id='word_1_14' title='bbox 1770 294 1877 334; x_wconf 87' lang='lat' dir='ltr'><strong><em>non</em></strong></span> <span class='ocrx_word' id='word_1_15' title='bbox 1918 280 2085 336; x_wconf 81' lang='lat' dir='ltr'><strong><em>videt.</em></strong></span> <span class='ocrx_word' id='word_1_16' title='bbox 2116 282 2167 343; x_wconf 83' lang='lat' dir='ltr'><strong>A</strong></span> <span class='ocrx_word' id='word_1_17' title='bbox 2193 284 2352 341; x_wconf 82' lang='lat' dir='ltr'><strong><em>Missa</em></strong></span> <span class='ocrx_word' id='word_1_18' title='bbox 2378 287 2428 342; x_wconf 92' lang='lat' dir='ltr'><strong><em>in</em></strong></span> <span class='ocrx_word' id='word_1_19' title='bbox 2458 290 2705 349; x_wconf 90' lang='lat' dir='ltr'><strong><em>oratione</em></strong></span> <span class='ocrx_word' id='word_1_20' title='bbox 2727 304 2974 363; x_wconf 89' lang='lat' dir='ltr'><strong><em>secreta;</em></strong></span> <span class='ocrx_word' id='word_1_21' title='bbox 3006 302 3064 353; x_wconf 88' lang='lat' dir='ltr'><strong><em>et</em></strong></span> <span class='ocrx_word' id='word_1_22' title='bbox 3098 295 3163 352; x_wconf 87' lang='lat' dir='ltr'><strong><em>ad</em></strong></span> <span class='ocrx_word' id='word_1_23' title='bbox 3193 295 3327 356; x_wconf 88' lang='lat' dir='ltr'><strong><em>Deus</em></strong></span> <span class='ocrx_word' id='word_1_24' title='bbox 3356 305 3436 372; x_wconf 85' lang='lat' dir='ltr'><strong><em>qui</em></strong></span> <span class='ocrx_word' id='word_1_25' title='bbox 3453 307 3534 363; x_wconf 88' lang='lat' dir='ltr'><strong><em>tali</em></strong></span> <span class='ocrx_word' id='word_1_26' title='bbox 3565 309 3707 368; x_wconf 86' lang='lat' dir='ltr'><strong><em>Eccle-</em></strong></span> 
     </span>
    </p>
   </div>
   <div class='ocr_carea' id='block_1_5' title="bbox 484 359 2084 445">
    <p class='ocr_par' dir='ltr' id='par_1_5' title="bbox 484 359 2084 445">
     <span class='ocr_line' id='line_1_5' title="bbox 484 359 2084 445; baseline 0.01 -32"><span class='ocrx_word' id='word_1_27' title='bbox 484 359 563 417; x_wconf 91' lang='lat' dir='ltr'><strong><em>De</em></strong></span> <span class='ocrx_word' id='word_1_28' title='bbox 600 361 700 417; x_wconf 83' lang='lat' dir='ltr'><strong><em>hac</em></strong></span> <span class='ocrx_word' id='word_1_29' title='bbox 735 379 864 420; x_wconf 89' lang='lat' dir='ltr'><strong><em>vero</em></strong></span> <span class='ocrx_word' id='word_1_30' title='bbox 892 365 997 420; x_wconf 81' lang='lat' dir='ltr'><strong><em>vita</em></strong></span> <span class='ocrx_word' id='word_1_31' title='bbox 1030 380 1059 420; x_wconf 88' lang='lat' dir='ltr'><strong><em>a</em></strong></span> <span class='ocrx_word' id='word_1_32' title='bbox 1099 366 1372 425; x_wconf 86' lang='lat' dir='ltr'><strong><em>Coronato</em></strong></span> <span class='ocrx_word' id='word_1_33' title='bbox 1402 370 1678 444; x_wconf 84' lang='lat' dir='ltr'><strong><em>descripta</em></strong></span> <span class='ocrx_word' id='word_1_34' title='bbox 1705 372 1886 429; x_wconf 77' lang='lat' dir='ltr'><strong><em>videas</em></strong></span> <span class='ocrx_word' id='word_1_35' title='bbox 1922 388 2084 445; x_wconf 82' lang='lat' dir='ltr'><strong>supra</strong></span> 
     </span>
    </p>
   </div>
   <div class='ocr_carea' id='block_1_6' title="bbox 484 454 1484 537">
    <p class='ocr_par' dir='ltr' id='par_1_6' title="bbox 484 454 1484 537">
     <span class='ocr_line' id='line_1_6' title="bbox 484 454 1484 537; baseline 0.012 -29"><span class='ocrx_word' id='word_1_36' title='bbox 484 454 873 537; x_wconf 79' lang='lat' dir='ltr'><strong><em>dissertatione</em></strong></span> <span class='ocrx_word' id='word_1_37' title='bbox 904 458 1097 529; x_wconf 88' lang='lat' dir='ltr'><strong><em>prima,</em></strong></span> <span class='ocrx_word' id='word_1_38' title='bbox 1129 476 1249 533; x_wconf 87' lang='lat' dir='ltr'><strong><em>cap.</em></strong></span> <span class='ocrx_word' id='word_1_39' title='bbox 1279 464 1333 529; x_wconf 79' lang='grc'>5,</span> <span class='ocrx_word' id='word_1_40' title='bbox 1369 464 1397 535; x_wconf 85' lang='lat'>§</span> <span class='ocrx_word' id='word_1_41' title='bbox 1428 464 1484 520; x_wconf 75' lang='lat'><strong><em>3.</em></strong></span> 
     </span>
    </p>
   </div>
   <div class='ocr_carea' id='block_1_7' title="bbox 556 547 2084 628">
    <p class='ocr_par' dir='ltr' id='par_1_7' title="bbox 556 547 2084 628">
     <span class='ocr_line' id='line_1_7' title="bbox 556 547 2084 628; baseline 0.008 -25"><span class='ocrx_word' id='word_1_42' title='bbox 556 547 773 605; x_wconf 84' lang='lat' dir='ltr'><strong><em>Addunt</em></strong></span> <span class='ocrx_word' id='word_1_43' title='bbox 818 560 1076 620; x_wconf 60' lang='lat' dir='ltr'><strong><em>praeterea</em></strong></span> <span class='ocrx_word' id='word_1_44' title='bbox 1110 570 1123 607; x_wconf 92' lang='lat'><strong>:</strong></span> <span class='ocrx_word' id='word_1_45' title='bbox 1153 551 1221 608; x_wconf 84' lang='lat' dir='ltr'><strong><em>In</em></strong></span> <span class='ocrx_word' id='word_1_46' title='bbox 1252 557 1557 628; x_wconf 87' lang='lat' dir='ltr'><strong><em>perantiquo</em></strong></span> <span class='ocrx_word' id='word_1_47' title='bbox 1586 557 1824 615; x_wconf 86' lang='lat' dir='ltr'><strong><em>Remensi</em></strong></span> <span class='ocrx_word' id='word_1_48' title='bbox 1843 560 2084 616; x_wconf 82' lang='lat' dir='ltr'><strong><em>codice...</em></strong></span> 
     </span>
    </p>
   </div>
   <div class='ocr_carea' id='block_1_8' title="bbox 484 640 2091 726">
    <p class='ocr_par' dir='ltr' id='par_1_8' title="bbox 484 640 2091 726">
     <span class='ocr_line' id='line_1_8' title="bbox 484 640 2091 726; baseline 0.008 -31"><span class='ocrx_word' id='word_1_49' title='bbox 484 640 568 695; x_wconf 89' lang='lat' dir='ltr'><strong><em>ubi</em></strong></span> <span class='ocrx_word' id='word_1_50' title='bbox 595 644 870 713; x_wconf 70' lang='lat' dir='ltr'><strong><em>exponitur</em></strong></span> <span class='ocrx_word' id='word_1_51' title='bbox 895 645 1206 701; x_wconf 80' lang='lat' dir='ltr'><strong><em>miraculum</em></strong></span> <span class='ocrx_word' id='word_1_52' title='bbox 1228 648 1455 718; x_wconf 79' lang='lat' dir='ltr'><strong><em>Athesis,</em></strong></span> <span class='ocrx_word' id='word_1_53' title='bbox 1481 650 1673 706; x_wconf 90' lang='lat' dir='ltr'><strong><em>inserta</em></strong></span> <span class='ocrx_word' id='word_1_54' title='bbox 1699 662 1949 726; x_wconf 87' lang='lat' dir='ltr'><strong><em>apparent</em></strong></span> <span class='ocrx_word' id='word_1_55' title='bbox 1975 655 2091 723; x_wconf 89' lang='lat' dir='ltr'><strong><em>ipsa</em></strong></span> 
     </span>
    </p>
   </div>
   <div class='ocr_carea' id='block_1_9' title="bbox 483 734 2090 818">
    <p class='ocr_par' dir='ltr' id='par_1_9' title="bbox 483 734 2090 818">
     <span class='ocr_line' id='line_1_9' title="bbox 483 734 2090 818; baseline 0.007 -27"><span class='ocrx_word' id='word_1_56' title='bbox 483 734 546 791; x_wconf 79' lang='lat' dir='ltr'><strong><em>S.</em></strong></span> <span class='ocrx_word' id='word_1_57' title='bbox 575 735 808 807; x_wconf 86' lang='lat' dir='ltr'><strong><em>Gregorii</em></strong></span> <span class='ocrx_word' id='word_1_58' title='bbox 831 737 1050 794; x_wconf 77' lang='lat' dir='ltr'><strong><em>verba...</em></strong></span> <span class='ocrx_word' id='word_1_59' title='bbox 1082 748 1127 794; x_wconf 89' lang='lat' dir='ltr'><strong><em>et</em></strong></span> <span class='ocrx_word' id='word_1_60' title='bbox 1147 740 1202 795; x_wconf 92' lang='lat' dir='ltr'><strong><em>in</em></strong></span> <span class='ocrx_word' id='word_1_61' title='bbox 1220 740 1303 797; x_wconf 88' lang='lat' dir='ltr'><strong><em>his</em></strong></span> <span class='ocrx_word' id='word_1_62' title='bbox 1332 759 1426 813; x_wconf 87' lang='lat' dir='ltr'><strong><em>pro</em></strong></span> <span class='ocrx_word' id='word_1_63' title='bbox 1457 759 1515 798; x_wconf 91' lang='lat' dir='ltr'><strong><em>eo</em></strong></span> <span class='ocrx_word' id='word_1_64' title='bbox 1542 744 1684 815; x_wconf 84' lang='lat' dir='ltr'><strong><em>quod</em></strong></span> <span class='ocrx_word' id='word_1_65' title='bbox 1702 746 1844 818; x_wconf 88' lang='lat' dir='ltr'><strong><em>apud</em></strong></span> <span class='ocrx_word' id='word_1_66' title='bbox 1868 747 1929 802; x_wconf 86' lang='lat' dir='ltr'><strong><em>S.</em></strong></span> <span class='ocrx_word' id='word_1_67' title='bbox 1960 745 2090 802; x_wconf 83' lang='lat' dir='ltr'><strong><em>Gre-</em></strong></span> 
     </span>
    </p>
   </div>
   <div class='ocr_carea' id='block_1_10' title="bbox 479 829 2091 911">
    <p class='ocr_par' dir='ltr' id='par_1_10' title="bbox 479 829 2091 911">
     <span class='ocr_line' id='line_1_10' title="bbox 479 829 2091 911; baseline 0.005 -27"><span class='ocrx_word' id='word_1_68' title='bbox 479 829 680 901; x_wconf 81' lang='lat' dir='ltr'><strong><em>gorium</em></strong></span> <span class='ocrx_word' id='word_1_69' title='bbox 724 829 968 886; x_wconf 80' lang='lat' dir='ltr'><strong><em>scribitur</em></strong></span> <span class='ocrx_word' id='word_1_70' title='bbox 1008 850 1028 885; x_wconf 73' lang='grc' dir='ltr'><strong><em>ι</em></strong></span> <span class='ocrx_word' id='word_1_71' title='bbox 1064 832 1133 889; x_wconf 85' lang='lat' dir='ltr'><strong><em>ad</em></strong></span> <span class='ocrx_word' id='word_1_72' title='bbox 1176 833 1571 894; x_wconf 86' lang='lat' dir='ltr'><strong><em>ostendendum</em></strong></span> <span class='ocrx_word' id='word_1_73' title='bbox 1616 838 1867 893; x_wconf 89' lang='lat' dir='ltr'><strong><em>tneritum</em></strong></span> <span class='ocrx_word' id='word_1_74' title='bbox 1898 848 2091 911; x_wconf 84' lang='lat' dir='ltr'><strong><em>marty-</em></strong></span> 
     </span>
    </p>
   </div>
   <div class='ocr_carea' id='block_1_11' title="bbox 481 919 2088 997">
    <p class='ocr_par' dir='ltr' id='par_1_11' title="bbox 481 919 2088 997">
     <span class='ocr_line' id='line_1_11' title="bbox 481 919 2088 997; baseline 0.007 -22"><span class='ocrx_word' id='word_1_75' title='bbox 481 919 582 988; x_wconf 93' lang='lat' dir='ltr'><strong><em>ris,</em></strong></span> <span class='ocrx_word' id='word_1_76' title='bbox 608 939 629 974; x_wconf 64' lang='grc' dir='ltr'><strong><em>ι</em></strong></span> <span class='ocrx_word' id='word_1_77' title='bbox 662 920 853 977; x_wconf 85' lang='lat' dir='ltr'><strong><em>ibidem</em></strong></span> <span class='ocrx_word' id='word_1_78' title='bbox 873 925 1099 994; x_wconf 86' lang='lat' dir='ltr'><strong><em>positum</em></strong></span> <span class='ocrx_word' id='word_1_79' title='bbox 1126 926 1244 997; x_wconf 81' lang='lat' dir='ltr'><strong><em>fuit,</em></strong></span> <span class='ocrx_word' id='word_1_80' title='bbox 1273 944 1294 980; x_wconf 71' lang='grc' dir='ltr'><strong><em>ι</em></strong></span> <span class='ocrx_word' id='word_1_81' title='bbox 1322 927 1389 982; x_wconf 88' lang='lat' dir='ltr'><strong><em>ad</em></strong></span> <span class='ocrx_word' id='word_1_82' title='bbox 1414 928 1806 986; x_wconf 88' lang='lat' dir='ltr'><strong><em>ostendendum</em></strong></span> <span class='ocrx_word' id='word_1_83' title='bbox 1836 932 2088 988; x_wconf 89' lang='lat' dir='ltr'><strong><em>meritum</em></strong></span> 
     </span>
    </p>
   </div>
   <div class='ocr_carea' id='block_1_12' title="bbox 480 1014 2092 1098">
    <p class='ocr_par' dir='ltr' id='par_1_12' title="bbox 480 1014 2092 1098">
     <span class='ocr_line' id='line_1_12' title="bbox 480 1014 2092 1098; baseline 0.007 -27"><span class='ocrx_word' id='word_1_84' title='bbox 480 1014 846 1073; x_wconf 81' lang='lat' dir='ltr'><strong><em>Confessoris.</em></strong></span> <span class='ocrx_word' id='word_1_85' title='bbox 880 1037 900 1072; x_wconf 75' lang='grc' dir='ltr'><strong><em>ι</em></strong></span> <span class='ocrx_word' id='word_1_86' title='bbox 934 1018 1085 1075; x_wconf 83' lang='lat' dir='ltr'><strong><em>Unde</em></strong></span> <span class='ocrx_word' id='word_1_87' title='bbox 1099 1022 1324 1091; x_wconf 80' lang='lat' dir='ltr'><strong><em>suspicio</em></strong></span> <span class='ocrx_word' id='word_1_88' title='bbox 1350 1033 1457 1092; x_wconf 87' lang='lat' dir='ltr'><strong><em>est,</em></strong></span> <span class='ocrx_word' id='word_1_89' title='bbox 1499 1023 1837 1082; x_wconf 87' lang='lat' dir='ltr'><strong><em>Veronensem</em></strong></span> <span class='ocrx_word' id='word_1_90' title='bbox 1860 1028 2092 1098; x_wconf 86' lang='lat' dir='ltr'><strong><em>quicum-</em></strong></span> 
     </span>
    </p>
   </div>
   <div class='ocr_carea' id='block_1_13' title="bbox 479 1110 2088 1180">
    <p class='ocr_par' dir='ltr' id='par_1_13' title="bbox 479 1110 2088 1180">
     <span class='ocr_line' id='line_1_13' title="bbox 479 1110 2088 1180; baseline 0.009 -19"><span class='ocrx_word' id='word_1_91' title='bbox 479 1124 576 1178; x_wconf 85' lang='lat' dir='ltr'><strong><em>que</em></strong></span> <span class='ocrx_word' id='word_1_92' title='bbox 606 1110 793 1179; x_wconf 79' lang='lat' dir='ltr'><strong><em>fuerit,</em></strong></span> <span class='ocrx_word' id='word_1_93' title='bbox 823 1112 912 1180; x_wconf 86' lang='lat' dir='ltr'><strong><em>qui</em></strong></span> <span class='ocrx_word' id='word_1_94' title='bbox 939 1128 1053 1167; x_wconf 90' lang='lat' dir='ltr'><strong><em>eam</em></strong></span> <span class='ocrx_word' id='word_1_95' title='bbox 1079 1113 1395 1170; x_wconf 85' lang='lat' dir='ltr'><strong><em>additiouem</em></strong></span> <span class='ocrx_word' id='word_1_96' title='bbox 1432 1116 1485 1170; x_wconf 90' lang='lat' dir='ltr'><strong><em>in</em></strong></span> <span class='ocrx_word' id='word_1_97' title='bbox 1524 1134 1618 1173; x_wconf 78' lang='lat' dir='ltr'><strong><em>ins.</em></strong></span> <span class='ocrx_word' id='word_1_98' title='bbox 1646 1118 1737 1173; x_wconf 91' lang='lat' dir='ltr'><strong><em>illo</em></strong></span> <span class='ocrx_word' id='word_1_99' title='bbox 1770 1120 1893 1174; x_wconf 88' lang='lat' dir='ltr'><strong><em>olim</em></strong></span> <span class='ocrx_word' id='word_1_100' title='bbox 1926 1118 2088 1176; x_wconf 80' lang='lat' dir='ltr'><strong><em>Vero-</em></strong></span> 
     </span>
    </p>
   </div>
   <div class='ocr_carea' id='block_1_14' title="bbox 479 1202 2093 1287">
    <p class='ocr_par' dir='ltr' id='par_1_14' title="bbox 479 1202 2093 1287">
     <span class='ocr_line' id='line_1_14' title="bbox 479 1202 2093 1287; baseline 0.01 -33"><span class='ocrx_word' id='word_1_101' title='bbox 479 1202 645 1268; x_wconf 89' lang='lat' dir='ltr'><strong><em>nensi,</em></strong></span> <span class='ocrx_word' id='word_1_102' title='bbox 679 1219 814 1257; x_wconf 88' lang='lat' dir='ltr'><strong><em>nunc</em></strong></span> <span class='ocrx_word' id='word_1_103' title='bbox 852 1214 1023 1260; x_wconf 91' lang='lat' dir='ltr'><strong><em>autem</em></strong></span> <span class='ocrx_word' id='word_1_104' title='bbox 1064 1204 1308 1261; x_wconf 74' lang='lat' dir='ltr'><strong><em>Remensi</em></strong></span> <span class='ocrx_word' id='word_1_105' title='bbox 1341 1212 1607 1279; x_wconf 85' lang='lat' dir='ltr'><strong><em>apposuit,</em></strong></span> <span class='ocrx_word' id='word_1_106' title='bbox 1630 1228 1695 1266; x_wconf 76' lang='lat' dir='ltr'><strong><em>ea:</em></strong></span> <span class='ocrx_word' id='word_1_107' title='bbox 1721 1211 1955 1287; x_wconf 80' lang='lat' dir='ltr'><strong><em>Gregorii</em></strong></span> <span class='ocrx_word' id='word_1_108' title='bbox 1980 1230 2093 1271; x_wconf 82' lang='lat' dir='ltr'><strong><em>ver-</em></strong></span> 
     </span>
    </p>
   </div>
   <div class='ocr_carea' id='block_1_15' title="bbox 481 1296 2094 1384">
    <p class='ocr_par' dir='ltr' id='par_1_15' title="bbox 481 1296 2094 1384">
     <span class='ocr_line' id='line_1_15' title="bbox 481 1296 2094 1384; baseline 0.011 -34"><span class='ocrx_word' id='word_1_109' title='bbox 481 1297 557 1352; x_wconf 89' lang='lat' dir='ltr'><strong><em>bis</em></strong></span> <span class='ocrx_word' id='word_1_110' title='bbox 587 1296 872 1371; x_wconf 82' lang='lat' dir='ltr'><strong><em>Martyrem</em></strong></span> <span class='ocrx_word' id='word_1_111' title='bbox 908 1301 964 1355; x_wconf 91' lang='lat' dir='ltr'><strong><em>in</em></strong></span> <span class='ocrx_word' id='word_1_112' title='bbox 1001 1298 1364 1374; x_wconf 80' lang='lat' dir='ltr'><strong><em>Coufessorem</em></strong></span> <span class='ocrx_word' id='word_1_113' title='bbox 1393 1308 1711 1370; x_wconf 70' lang='lat' dir='ltr'><strong><em>correxisse.</em></strong></span> <span class='ocrx_word' id='word_1_114' title='bbox 1743 1307 2094 1384; x_wconf 81' lang='lat' dir='ltr'><strong><em>Sanctamque</em></strong></span> 
     </span>
    </p>
   </div>
   <div class='ocr_carea' id='block_1_16' title="bbox 481 1395 2094 1473">
    <p class='ocr_par' dir='ltr' id='par_1_16' title="bbox 481 1395 2094 1473">
     <span class='ocr_line' id='line_1_16' title="bbox 481 1395 2094 1473; baseline 0.007 -26"><span class='ocrx_word' id='word_1_115' title='bbox 481 1395 771 1465; x_wconf 80' lang='lat' dir='ltr'><strong><em>pontiﬁcem</em></strong></span> <span class='ocrx_word' id='word_1_116' title='bbox 800 1396 856 1450; x_wconf 88' lang='lat' dir='ltr'><strong><em>in</em></strong></span> <span class='ocrx_word' id='word_1_117' title='bbox 883 1413 941 1452; x_wconf 91' lang='lat' dir='ltr'><strong><em>eo</em></strong></span> <span class='ocrx_word' id='word_1_118' title='bbox 969 1398 1175 1467; x_wconf 85' lang='lat' dir='ltr'><strong><em>lapsum</em></strong></span> <span class='ocrx_word' id='word_1_119' title='bbox 1200 1410 1427 1469; x_wconf 83' lang='lat' dir='ltr'><strong><em>putasse,</em></strong></span> <span class='ocrx_word' id='word_1_120' title='bbox 1450 1402 1589 1473; x_wconf 89' lang='lat' dir='ltr'><strong><em>quod</em></strong></span> <span class='ocrx_word' id='word_1_121' title='bbox 1617 1400 1679 1458; x_wconf 92' lang='lat' dir='ltr'><strong><em>S.</em></strong></span> <span class='ocrx_word' id='word_1_122' title='bbox 1714 1402 1854 1457; x_wconf 83' lang='lat' dir='ltr'><strong><em>Zeno</em></strong></span> <span class='ocrx_word' id='word_1_123' title='bbox 1879 1402 2094 1459; x_wconf 77' lang='lat' dir='ltr'><strong><em>Verona:</em></strong></span> 
     </span>
    </p>
   </div>
   <div class='ocr_carea' id='block_1_17' title="bbox 481 1485 2094 1565">
    <p class='ocr_par' dir='ltr' id='par_1_17' title="bbox 481 1485 2094 1565">
     <span class='ocr_line' id='line_1_17' title="bbox 481 1485 2094 1565; baseline 0.006 -24"><span class='ocrx_word' id='word_1_124' title='bbox 481 1485 753 1557; x_wconf 82' lang='lat' dir='ltr'><strong><em>Confessor</em></strong></span> <span class='ocrx_word' id='word_1_125' title='bbox 779 1491 1071 1556; x_wconf 79' lang='lat' dir='ltr'><strong><em>haberetur,</em></strong></span> <span class='ocrx_word' id='word_1_126' title='bbox 1103 1508 1204 1546; x_wconf 90' lang='lat' dir='ltr'><strong><em>non</em></strong></span> <span class='ocrx_word' id='word_1_127' title='bbox 1233 1502 1453 1565; x_wconf 80' lang='lat' dir='ltr'><strong><em>martyr;</em></strong></span> <span class='ocrx_word' id='word_1_128' title='bbox 1483 1511 1585 1565; x_wconf 83' lang='lat' dir='ltr'><strong><em>qua</em></strong></span> <span class='ocrx_word' id='word_1_129' title='bbox 1623 1495 1797 1549; x_wconf 89' lang='lat' dir='ltr'><strong><em>eadem</em></strong></span> <span class='ocrx_word' id='word_1_130' title='bbox 1828 1497 1897 1550; x_wconf 90' lang='lat' dir='ltr'><strong><em>de</em></strong></span> <span class='ocrx_word' id='word_1_131' title='bbox 1934 1512 2094 1552; x_wconf 86' lang='lat' dir='ltr'><strong><em>causa</em></strong></span> 
     </span>
    </p>
   </div>
   <div class='ocr_carea' id='block_1_18' title="bbox 482 1577 2091 1662">
    <p class='ocr_par' dir='ltr' id='par_1_18' title="bbox 482 1577 2091 1662">
     <span class='ocr_line' id='line_1_18' title="bbox 482 1577 2091 1662; baseline 0.006 -29"><span class='ocrx_word' id='word_1_132' title='bbox 482 1577 773 1636; x_wconf 74' lang='lat' dir='ltr'><strong><em>Monachus</em></strong></span> <span class='ocrx_word' id='word_1_133' title='bbox 822 1579 1151 1639; x_wconf 87' lang='lat' dir='ltr'><strong><em>Zenonianus</em></strong></span> <span class='ocrx_word' id='word_1_134' title='bbox 1194 1583 1495 1658; x_wconf 70' lang='lat' dir='ltr'><strong><em>Gregorius»</em></strong></span> <span class='ocrx_word' id='word_1_135' title='bbox 1532 1588 1835 1660; x_wconf 82' lang='lat' dir='ltr'><strong><em>appellans,</em></strong></span> <span class='ocrx_word' id='word_1_136' title='bbox 1877 1591 2091 1662; x_wconf 85' lang='lat' dir='ltr'><strong><em>ejusque</em></strong></span> 
     </span>
    </p>
   </div>
   <div class='ocr_carea' id='block_1_19' title="bbox 480 1674 2169 1750">
    <p class='ocr_par' dir='ltr' id='par_1_19' title="bbox 480 1674 2169 1750">
     <span class='ocr_line' id='line_1_19' title="bbox 480 1674 2169 1750; baseline 0.005 -22"><span class='ocrx_word' id='word_1_137' title='bbox 480 1674 636 1729; x_wconf 81' lang='lat' dir='ltr'><strong><em>verba</em></strong></span> <span class='ocrx_word' id='word_1_138' title='bbox 677 1676 922 1743; x_wconf 88' lang='lat' dir='ltr'><strong><em>recitans,</em></strong></span> <span class='ocrx_word' id='word_1_139' title='bbox 957 1678 1201 1749; x_wconf 78' lang='lat' dir='ltr'><strong><em>martyris</em></strong></span> <span class='ocrx_word' id='word_1_140' title='bbox 1244 1679 1449 1734; x_wconf 82' lang='lat' dir='ltr'><strong><em>nomine</em></strong></span> <span class='ocrx_word' id='word_1_141' title='bbox 1487 1682 1863 1750; x_wconf 70' lang='lat' dir='ltr'><strong><em>praetermisso,</em></strong></span> <span class='ocrx_word' id='word_1_142' title='bbox 1907 1681 2092 1737; x_wconf 87' lang='lat' dir='ltr'><strong><em>Sancti</em></strong></span> <span class='ocrx_word' id='word_1_143' title='bbox 2120 1685 2169 1745; x_wconf 91' lang='lat' dir='ltr'><strong>B</strong></span> 
     </span>
    </p>
   </div>
   <div class='ocr_carea' id='block_1_20' title="bbox 480 1770 2086 1842">
    <p class='ocr_par' dir='ltr' id='par_1_20' title="bbox 480 1770 2086 1842">
     <span class='ocr_line' id='line_1_20' title="bbox 480 1770 2086 1842; baseline 0.002 -17"><span class='ocrx_word' id='word_1_144' title='bbox 480 1770 750 1842; x_wconf 82' lang='lat' dir='ltr'><strong><em>supposuit</em></strong></span> <span class='ocrx_word' id='word_1_145' title='bbox 765 1772 1013 1841; x_wconf 86' lang='lat' dir='ltr'><strong><em>scribens,</em></strong></span> <span class='ocrx_word' id='word_1_146' title='bbox 1034 1790 1053 1824; x_wconf 74' lang='grc' dir='ltr'><strong><em>ι</em></strong></span> <span class='ocrx_word' id='word_1_147' title='bbox 1075 1771 1143 1827; x_wconf 89' lang='lat' dir='ltr'><strong><em>ad</em></strong></span> <span class='ocrx_word' id='word_1_148' title='bbox 1158 1771 1556 1829; x_wconf 85' lang='lat' dir='ltr'><strong><em>ostendendum</em></strong></span> <span class='ocrx_word' id='word_1_149' title='bbox 1569 1774 1819 1830; x_wconf 88' lang='lat' dir='ltr'><strong><em>meritum</em></strong></span> <span class='ocrx_word' id='word_1_150' title='bbox 1837 1774 2043 1842; x_wconf 82' lang='lat' dir='ltr'><strong><em>Sancti,</em></strong></span> <span class='ocrx_word' id='word_1_151' title='bbox 2066 1794 2086 1829; x_wconf 76' lang='grc' dir='ltr'><strong><em>ι</em></strong></span> 
     </span>
    </p>
   </div>
   <div class='ocr_carea' id='block_1_21' title="bbox 480 1863 2095 1941">
    <p class='ocr_par' dir='ltr' id='par_1_21' title="bbox 480 1863 2095 1941">
     <span class='ocr_line' id='line_1_21' title="bbox 480 1863 2095 1941; baseline 0.003 -24"><span class='ocrx_word' id='word_1_152' title='bbox 480 1863 560 1917; x_wconf 80' lang='lat' dir='ltr'><strong><em>vel</em></strong></span> <span class='ocrx_word' id='word_1_153' title='bbox 585 1873 638 1917; x_wconf 90' lang='lat' dir='ltr'><strong><em>ut</em></strong></span> <span class='ocrx_word' id='word_1_154' title='bbox 668 1863 723 1919; x_wconf 89' lang='lat' dir='ltr'><strong><em>in</em></strong></span> <span class='ocrx_word' id='word_1_155' title='bbox 758 1880 853 1919; x_wconf 90' lang='lat' dir='ltr'><strong><em>ms.</em></strong></span> <span class='ocrx_word' id='word_1_156' title='bbox 888 1863 1216 1920; x_wconf 87' lang='lat' dir='ltr'><strong><em>Lectionario</em></strong></span> <span class='ocrx_word' id='word_1_157' title='bbox 1245 1865 1496 1921; x_wconf 75' lang='lat' dir='ltr'><strong><em>Brixiano</em></strong></span> <span class='ocrx_word' id='word_1_158' title='bbox 1536 1866 1742 1939; x_wconf 83' lang='lat' dir='ltr'><strong><em>legitur,</em></strong></span> <span class='ocrx_word' id='word_1_159' title='bbox 1772 1870 1922 1941; x_wconf 86' lang='lat' dir='ltr'><strong><em>cujus</em></strong></span> <span class='ocrx_word' id='word_1_160' title='bbox 1951 1884 2095 1922; x_wconf 89' lang='lat' dir='ltr'><strong><em>men-</em></strong></span> 
     </span>
    </p>
   </div>
   <div class='ocr_carea' id='block_1_22' title="bbox 481 1956 2092 2033">
    <p class='ocr_par' dir='ltr' id='par_1_22' title="bbox 481 1956 2092 2033">
     <span class='ocr_line' id='line_1_22' title="bbox 481 1956 2092 2033; baseline 0.003 -23"><span class='ocrx_word' id='word_1_161' title='bbox 481 1956 669 2012; x_wconf 88' lang='lat' dir='ltr'><strong><em>tionem</em></strong></span> <span class='ocrx_word' id='word_1_162' title='bbox 716 1957 961 2027; x_wconf 60' lang='lat' dir='ltr'><strong><em>ila/Teius</em></strong></span> <span class='ocrx_word' id='word_1_163' title='bbox 1002 1968 1173 2014; x_wconf 86' lang='lat' dir='ltr'><strong><em>noster</em></strong></span> <span class='ocrx_word' id='word_1_164' title='bbox 1213 1959 1267 2013; x_wconf 93' lang='lat' dir='ltr'><strong><em>in</em></strong></span> <span class='ocrx_word' id='word_1_165' title='bbox 1314 1960 1621 2033; x_wconf 75' lang='lat' dir='ltr'><strong><em>prtefatione</em></strong></span> <span class='ocrx_word' id='word_1_166' title='bbox 1658 1960 1728 2015; x_wconf 88' lang='lat' dir='ltr'><strong><em>ad</em></strong></span> <span class='ocrx_word' id='word_1_167' title='bbox 1775 1960 2092 2016; x_wconf 88' lang='lat' dir='ltr'><strong><em>Monachum</em></strong></span> 
     </span>
    </p>
   </div>
   <div class='ocr_carea' id='block_1_23' title="bbox 481 2047 2093 2123">
    <p class='ocr_par' dir='ltr' id='par_1_23' title="bbox 481 2047 2093 2123">
     <span class='ocr_line' id='line_1_23' title="bbox 481 2047 2093 2123; baseline 0.004 -19"><span class='ocrx_word' id='word_1_168' title='bbox 481 2047 838 2105; x_wconf 87' lang='lat' dir='ltr'><strong><em>Zenonianum</em></strong></span> <span class='ocrx_word' id='word_1_169' title='bbox 875 2068 997 2123; x_wconf 88' lang='lat' dir='ltr'><strong><em>pag.</em></strong></span> <span class='ocrx_word' id='word_1_170' title='bbox 1035 2052 1140 2109; x_wconf 73' lang='grc'><strong><em>517</em></strong></span> <span class='ocrx_word' id='word_1_171' title='bbox 1196 2050 1343 2107; x_wconf 84' lang='lat' dir='ltr'><strong><em>Hist.</em></strong></span> <span class='ocrx_word' id='word_1_172' title='bbox 1378 2053 1599 2122; x_wconf 85' lang='lat' dir='ltr'><strong><em>diplom.</em></strong></span> <span class='ocrx_word' id='word_1_173' title='bbox 1652 2072 1671 2104; x_wconf 73' lang='grc' dir='ltr'><strong><em>ι</em></strong></span> <span class='ocrx_word' id='word_1_174' title='bbox 1710 2053 1776 2109; x_wconf 89' lang='lat' dir='ltr'><strong><em>ad</em></strong></span> <span class='ocrx_word' id='word_1_175' title='bbox 1800 2054 2093 2111; x_wconf 87' lang='lat' dir='ltr'><strong><em>ostenden-</em></strong></span> 
     </span>
    </p>
   </div>
   <div class='ocr_carea' id='block_1_24' title="bbox 482 2143 2092 2215">
    <p class='ocr_par' dir='ltr' id='par_1_24' title="bbox 482 2143 2092 2215">
     <span class='ocr_line' id='line_1_24' title="bbox 482 2143 2092 2215; baseline 0.002 -16"><span class='ocrx_word' id='word_1_176' title='bbox 482 2144 609 2199; x_wconf 91' lang='lat' dir='ltr'><strong><em>dum</em></strong></span> <span class='ocrx_word' id='word_1_177' title='bbox 640 2143 892 2199; x_wconf 88' lang='lat' dir='ltr'><strong><em>meritum</em></strong></span> <span class='ocrx_word' id='word_1_178' title='bbox 917 2143 1315 2200; x_wconf 64' lang='lat' dir='ltr'><strong><em>Coniessoris.»</em></strong></span> <span class='ocrx_word' id='word_1_179' title='bbox 1349 2144 1470 2199; x_wconf 83' lang='lat' dir='ltr'><strong><em>Nisi</em></strong></span> <span class='ocrx_word' id='word_1_180' title='bbox 1490 2146 1623 2215; x_wconf 79' lang='lat' dir='ltr'><strong><em>forte</em></strong></span> <span class='ocrx_word' id='word_1_181' title='bbox 1642 2147 1739 2201; x_wconf 89' lang='lat' dir='ltr'><strong><em>hoc</em></strong></span> <span class='ocrx_word' id='word_1_182' title='bbox 1760 2163 1859 2202; x_wconf 90' lang='lat' dir='ltr'><strong><em>ms.</em></strong></span> <span class='ocrx_word' id='word_1_183' title='bbox 1891 2145 2092 2202; x_wconf 86' lang='lat' dir='ltr'><strong><em>Lectio-</em></strong></span> 
     </span>
    </p>
   </div>
   <div class='ocr_carea' id='block_1_25' title="bbox 485 2236 2095 2310">
    <p class='ocr_par' dir='ltr' id='par_1_25' title="bbox 485 2236 2095 2310">
     <span class='ocr_line' id='line_1_25' title="bbox 485 2236 2095 2310; baseline 0.001 -18"><span class='ocrx_word' id='word_1_184' title='bbox 485 2238 689 2292; x_wconf 89' lang='lat' dir='ltr'><strong><em>narium</em></strong></span> <span class='ocrx_word' id='word_1_185' title='bbox 709 2236 1018 2295; x_wconf 73' lang='lat' dir='ltr'><strong><em>Brixianam</em></strong></span> <span class='ocrx_word' id='word_1_186' title='bbox 1034 2238 1201 2310; x_wconf 86' lang='lat' dir='ltr'><strong><em>ipsam</em></strong></span> <span class='ocrx_word' id='word_1_187' title='bbox 1222 2236 1467 2293; x_wconf 88' lang='lat' dir='ltr'><strong><em>Coronati</em></strong></span> <span class='ocrx_word' id='word_1_188' title='bbox 1487 2239 1644 2293; x_wconf 81' lang='lat' dir='ltr'><strong><em>vitam</em></strong></span> <span class='ocrx_word' id='word_1_189' title='bbox 1664 2255 1726 2295; x_wconf 79' lang='lat' dir='ltr'><strong><em>ea:</em></strong></span> <span class='ocrx_word' id='word_1_190' title='bbox 1747 2240 1904 2295; x_wconf 87' lang='lat' dir='ltr'><strong><em>simili</em></strong></span> <span class='ocrx_word' id='word_1_191' title='bbox 1925 2255 2095 2295; x_wconf 79' lang='lat' dir='ltr'><strong><em>exem-</em></strong></span> 
     </span>
    </p>
   </div>
   <div class='ocr_carea' id='block_1_26' title="bbox 484 2332 2090 2406">
    <p class='ocr_par' dir='ltr' id='par_1_26' title="bbox 484 2332 2090 2406">
     <span class='ocr_line' id='line_1_26' title="bbox 484 2332 2090 2406; baseline 0.001 -19"><span class='ocrx_word' id='word_1_192' title='bbox 484 2332 573 2406; x_wconf 84' lang='lat' dir='ltr'><strong><em>plo</em></strong></span> <span class='ocrx_word' id='word_1_193' title='bbox 608 2333 850 2390; x_wconf 83' lang='lat' dir='ltr'><strong><em>Remensi</em></strong></span> <span class='ocrx_word' id='word_1_194' title='bbox 875 2343 1134 2403; x_wconf 88' lang='lat' dir='ltr'><strong><em>sumptam</em></strong></span> <span class='ocrx_word' id='word_1_195' title='bbox 1161 2336 1453 2398; x_wconf 87' lang='lat' dir='ltr'><strong><em>contineat,</em></strong></span> <span class='ocrx_word' id='word_1_196' title='bbox 1485 2335 1559 2389; x_wconf 91' lang='lat' dir='ltr'><strong><em>uti</em></strong></span> <span class='ocrx_word' id='word_1_197' title='bbox 1588 2350 1712 2389; x_wconf 86' lang='lat' dir='ltr'><strong><em>sane</em></strong></span> <span class='ocrx_word' id='word_1_198' title='bbox 1744 2334 1890 2389; x_wconf 89' lang='lat' dir='ltr'><strong><em>illam</em></strong></span> <span class='ocrx_word' id='word_1_199' title='bbox 1919 2335 2090 2389; x_wconf 88' lang='lat' dir='ltr'><strong><em>conti-</em></strong></span> 
     </span>
    </p>
   </div>
   <div class='ocr_carea' id='block_1_27' title="bbox 485 2425 2093 2494">
    <p class='ocr_par' dir='ltr' id='par_1_27' title="bbox 485 2425 2093 2494">
     <span class='ocr_line' id='line_1_27' title="bbox 485 2425 2093 2494; baseline -0.001 -12"><span class='ocrx_word' id='word_1_200' title='bbox 485 2437 577 2482; x_wconf 89' lang='lat' dir='ltr'><strong><em>net</em></strong></span> <span class='ocrx_word' id='word_1_201' title='bbox 613 2425 995 2483; x_wconf 87' lang='lat' dir='ltr'><strong><em>Lectionarium</em></strong></span> <span class='ocrx_word' id='word_1_202' title='bbox 1015 2427 1161 2482; x_wconf 88' lang='lat' dir='ltr'><strong><em>aliud</em></strong></span> <span class='ocrx_word' id='word_1_203' title='bbox 1196 2444 1293 2483; x_wconf 84' lang='lat' dir='ltr'><strong><em>ms.</em></strong></span> <span class='ocrx_word' id='word_1_204' title='bbox 1322 2426 1573 2483; x_wconf 76' lang='lat' dir='ltr'><strong><em>Ecclesia:</em></strong></span> <span class='ocrx_word' id='word_1_205' title='bbox 1595 2425 1930 2491; x_wconf 70' lang='lat' dir='ltr'><strong><em>Tridentinis,</em></strong></span> <span class='ocrx_word' id='word_1_206' title='bbox 1955 2426 2093 2494; x_wconf 88' lang='lat' dir='ltr'><strong><em>quod</em></strong></span> 
     </span>
    </p>
   </div>
   <div class='ocr_carea' id='block_1_28' title="bbox 486 2519 2089 2594">
    <p class='ocr_par' dir='ltr' id='par_1_28' title="bbox 486 2519 2089 2594">
     <span class='ocr_line' id='line_1_28' title="bbox 486 2519 2089 2594; baseline -0.004 -14"><span class='ocrx_word' id='word_1_207' title='bbox 486 2522 719 2580; x_wconf 89' lang='lat' dir='ltr'><strong><em>eamdem</em></strong></span> <span class='ocrx_word' id='word_1_208' title='bbox 728 2522 1045 2579; x_wconf 88' lang='lat' dir='ltr'><strong><em>additionem</em></strong></span> <span class='ocrx_word' id='word_1_209' title='bbox 1062 2531 1110 2578; x_wconf 88' lang='lat' dir='ltr'><strong><em>et</em></strong></span> <span class='ocrx_word' id='word_1_210' title='bbox 1125 2521 1405 2592; x_wconf 82' lang='lat' dir='ltr'><strong><em>formulam</em></strong></span> <span class='ocrx_word' id='word_1_211' title='bbox 1425 2519 1664 2594; x_wconf 81' lang='lat' dir='ltr'><strong><em>Gregorii</em></strong></span> <span class='ocrx_word' id='word_1_212' title='bbox 1684 2520 1846 2576; x_wconf 83' lang='lat' dir='ltr'><strong><em>verbis</em></strong></span> <span class='ocrx_word' id='word_1_213' title='bbox 1861 2523 2089 2591; x_wconf 67' lang='lat' dir='ltr'><strong><em>praefert.</em></strong></span> 
     </span>
    </p>
   </div>
   <div class='ocr_carea' id='block_1_29' title="bbox 558 2612 2093 2687">
    <p class='ocr_par' dir='ltr' id='par_1_29' title="bbox 558 2612 2093 2687">
     <span class='ocr_line' id='line_1_29' title="bbox 558 2612 2093 2687; baseline -0.004 -14"><span class='ocrx_word' id='word_1_214' title='bbox 558 2616 617 2674; x_wconf 89' lang='lat' dir='ltr'><strong><em>In</em></strong></span> <span class='ocrx_word' id='word_1_215' title='bbox 649 2631 750 2671; x_wconf 91' lang='lat' dir='ltr'><strong><em>ms.</em></strong></span> <span class='ocrx_word' id='word_1_216' title='bbox 783 2613 1039 2671; x_wconf 86' lang='lat' dir='ltr'><strong><em>Coronati</em></strong></span> <span class='ocrx_word' id='word_1_217' title='bbox 1079 2613 1152 2670; x_wconf 85' lang='lat' dir='ltr'><strong><em>ab</em></strong></span> <span class='ocrx_word' id='word_1_218' title='bbox 1194 2613 1425 2687; x_wconf 85' lang='lat' dir='ltr'><strong><em>Ugltello</em></strong></span> <span class='ocrx_word' id='word_1_219' title='bbox 1462 2612 1637 2669; x_wconf 89' lang='lat' dir='ltr'><strong><em>relato</em></strong></span> <span class='ocrx_word' id='word_1_220' title='bbox 1673 2614 1817 2669; x_wconf 88' lang='lat' dir='ltr'><strong><em>circa</em></strong></span> <span class='ocrx_word' id='word_1_221' title='bbox 1857 2613 2093 2668; x_wconf 90' lang='lat' dir='ltr'><strong><em>miracu-</em></strong></span> 
     </span>
    </p>
   </div>
   <div class='ocr_carea' id='block_1_30' title="bbox 486 2703 2092 2778">
    <p class='ocr_par' dir='ltr' id='par_1_30' title="bbox 486 2703 2092 2778">
     <span class='ocr_line' id='line_1_30' title="bbox 486 2703 2092 2778; baseline -0.004 -12"><span class='ocrx_word' id='word_1_222' title='bbox 486 2710 597 2766; x_wconf 85' lang='lat' dir='ltr'><strong><em>lum</em></strong></span> <span class='ocrx_word' id='word_1_223' title='bbox 627 2707 844 2765; x_wconf 77' lang='lat' dir='ltr'><strong><em>Athesis</em></strong></span> <span class='ocrx_word' id='word_1_224' title='bbox 879 2708 1254 2764; x_wconf 77' lang='lat' dir='ltr'><strong><em>excrescentis</em></strong></span> <span class='ocrx_word' id='word_1_225' title='bbox 1291 2706 1492 2763; x_wconf 89' lang='lat' dir='ltr'><strong><em>inserta</em></strong></span> <span class='ocrx_word' id='word_1_226' title='bbox 1536 2706 1595 2760; x_wconf 87' lang='grc'><strong><em>8.</em></strong></span> <span class='ocrx_word' id='word_1_227' title='bbox 1639 2705 1885 2778; x_wconf 80' lang='lat' dir='ltr'><strong><em>Gregorii</em></strong></span> <span class='ocrx_word' id='word_1_228' title='bbox 1928 2703 2092 2761; x_wconf 86' lang='lat' dir='ltr'><strong><em>verba</em></strong></span> 
     </span>
    </p>
   </div>
   <div class='ocr_carea' id='block_1_31' title="bbox 486 2798 2096 2872">
    <p class='ocr_par' dir='ltr' id='par_1_31' title="bbox 486 2798 2096 2872">
     <span class='ocr_line' id='line_1_31' title="bbox 486 2798 2096 2872; baseline -0.005 -13"><span class='ocrx_word' id='word_1_229' title='bbox 486 2802 711 2860; x_wconf 90' lang='lat' dir='ltr'><strong><em>minime</em></strong></span> <span class='ocrx_word' id='word_1_230' title='bbox 736 2800 990 2872; x_wconf 86' lang='lat' dir='ltr'><strong><em>leguntur</em></strong></span> <span class='ocrx_word' id='word_1_231' title='bbox 1019 2814 1084 2856; x_wconf 92' lang='lat' dir='ltr'><strong><em>ac</em></strong></span> <span class='ocrx_word' id='word_1_232' title='bbox 1116 2799 1172 2856; x_wconf 90' lang='lat' dir='ltr'><strong><em>in</em></strong></span> <span class='ocrx_word' id='word_1_233' title='bbox 1208 2798 1484 2867; x_wconf 80' lang='lat' dir='ltr'><strong><em>Remensi,</em></strong></span> <span class='ocrx_word' id='word_1_234' title='bbox 1513 2809 1567 2856; x_wconf 90' lang='lat' dir='ltr'><strong><em>et</em></strong></span> <span class='ocrx_word' id='word_1_235' title='bbox 1595 2800 1648 2854; x_wconf 90' lang='lat' dir='ltr'><strong><em>in</em></strong></span> <span class='ocrx_word' id='word_1_236' title='bbox 1677 2814 1781 2856; x_wconf 89' lang='lat' dir='ltr'><strong><em>ms.</em></strong></span> <span class='ocrx_word' id='word_1_237' title='bbox 1809 2798 2096 2855; x_wconf 89' lang='lat' dir='ltr'><strong><em>Lectiona—</em></strong></span> 
     </span>
    </p>
   </div>
   <div class='ocr_carea' id='block_1_32' title="bbox 487 2893 2096 2965">
    <p class='ocr_par' dir='ltr' id='par_1_32' title="bbox 487 2893 2096 2965">
     <span class='ocr_line' id='line_1_32' title="bbox 487 2893 2096 2965; baseline -0.001 -13"><span class='ocrx_word' id='word_1_238' title='bbox 487 2897 573 2953; x_wconf 90' lang='lat' dir='ltr'><strong><em>rio</em></strong></span> <span class='ocrx_word' id='word_1_239' title='bbox 599 2895 879 2961; x_wconf 73' lang='lat' dir='ltr'><strong><em>Brixiano,</em></strong></span> <span class='ocrx_word' id='word_1_240' title='bbox 920 2909 985 2952; x_wconf 86' lang='lat' dir='ltr'><strong><em>ac</em></strong></span> <span class='ocrx_word' id='word_1_241' title='bbox 1009 2894 1351 2951; x_wconf 90' lang='lat' dir='ltr'><strong><em>&#39;l‘ridentino.</em></strong></span> <span class='ocrx_word' id='word_1_242' title='bbox 1388 2894 1519 2963; x_wconf 68' lang='lat' dir='ltr'><strong><em>Qua:</em></strong></span> <span class='ocrx_word' id='word_1_243' title='bbox 1550 2894 1782 2950; x_wconf 84' lang='lat' dir='ltr'><strong><em>varietas</em></strong></span> <span class='ocrx_word' id='word_1_244' title='bbox 1813 2893 2096 2965; x_wconf 86' lang='lat' dir='ltr'><strong><em>conjectu-</em></strong></span> 
     </span>
    </p>
   </div>
   <div class='ocr_carea' id='block_1_33' title="bbox 490 2985 2094 3055">
    <p class='ocr_par' dir='ltr' id='par_1_33' title="bbox 490 2985 2094 3055">
     <span class='ocr_line' id='line_1_33' title="bbox 490 2985 2094 3055; baseline -0.001 -11"><span class='ocrx_word' id='word_1_245' title='bbox 490 3004 603 3044; x_wconf 87' lang='lat' dir='ltr'><strong><em>ram</em></strong></span> <span class='ocrx_word' id='word_1_246' title='bbox 644 2996 884 3044; x_wconf 87' lang='lat' dir='ltr'><strong><em>nostram</em></strong></span> <span class='ocrx_word' id='word_1_247' title='bbox 926 2988 1216 3043; x_wconf 89' lang='lat' dir='ltr'><strong><em>conlirmat</em></strong></span> <span class='ocrx_word' id='word_1_248' title='bbox 1239 3030 1253 3055; x_wconf 87' lang='lat'><strong><em>,</em></strong></span> <span class='ocrx_word' id='word_1_249' title='bbox 1287 2985 1542 3043; x_wconf 86' lang='lat' dir='ltr'><strong><em>Coronati</em></strong></span> <span class='ocrx_word' id='word_1_250' title='bbox 1583 2986 1790 3044; x_wconf 80' lang='lat' dir='ltr'><strong><em>Notarii</em></strong></span> <span class='ocrx_word' id='word_1_251' title='bbox 1824 2988 1989 3042; x_wconf 89' lang='lat' dir='ltr'><strong><em>vitam</em></strong></span> <span class='ocrx_word' id='word_1_252' title='bbox 2023 2986 2094 3043; x_wconf 92' lang='lat' dir='ltr'><strong><em>de</em></strong></span> 
     </span>
    </p>
   </div>
   <div class='ocr_carea' id='block_1_34' title="bbox 2191 378 3710 464">
    <p class='ocr_par' dir='ltr' id='par_1_34' title="bbox 2191 378 3710 464">
     <span class='ocr_line' id='line_1_34' title="bbox 2191 378 3710 464; baseline 0.021 -33"><span class='ocrx_word' id='word_1_253' title='bbox 2191 378 2283 432; x_wconf 76' lang='lat' dir='ltr'><strong><em>site</em></strong></span> <span class='ocrx_word' id='word_1_254' title='bbox 2326 380 2493 451; x_wconf 76' lang='lat' dir='ltr'><strong><em>fecisti</em></strong></span> <span class='ocrx_word' id='word_1_255' title='bbox 2542 382 2870 457; x_wconf 69' lang='lat' dir='ltr'><strong><em>Ponti/“irem.</em></strong></span> <span class='ocrx_word' id='word_1_256' title='bbox 2901 389 3105 455; x_wconf 83' lang='lat' dir='ltr'><strong><em>Quibus</em></strong></span> <span class='ocrx_word' id='word_1_257' title='bbox 3143 390 3405 451; x_wconf 78' lang='lat' dir='ltr'><strong><em>Ordinatio</em></strong></span> <span class='ocrx_word' id='word_1_258' title='bbox 3443 397 3493 453; x_wconf 88' lang='lat' dir='ltr'><strong><em>S.</em></strong></span> <span class='ocrx_word' id='word_1_259' title='bbox 3523 401 3710 464; x_wconf 76' lang='lat' dir='ltr'><strong><em>Zenonis</em></strong></span> 
     </span>
    </p>
   </div>
   <div class='ocr_carea' id='block_1_35' title="bbox 2192 480 3712 569">
    <p class='ocr_par' dir='ltr' id='par_1_35' title="bbox 2192 480 3712 569">
     <span class='ocr_line' id='line_1_35' title="bbox 2192 480 3712 569; baseline 0.018 -43"><span class='ocrx_word' id='word_1_260' title='bbox 2192 480 2382 569; x_wconf 69' lang='lat' dir='ltr'><strong><em>aperte</em></strong></span> <span class='ocrx_word' id='word_1_261' title='bbox 2409 490 2882 537; x_wconf 81' lang='lat' dir='ltr'><strong><em>commemoratur.</em></strong></span> <span class='ocrx_word' id='word_1_262' title='bbox 2911 483 2968 538; x_wconf 86' lang='lat' dir='ltr'><strong><em>In</em></strong></span> <span class='ocrx_word' id='word_1_263' title='bbox 2993 484 3161 553; x_wconf 87' lang='lat' dir='ltr'><strong><em>prima</em></strong></span> <span class='ocrx_word' id='word_1_264' title='bbox 3194 486 3362 558; x_wconf 80' lang='lat' dir='ltr'><strong><em>itaque</em></strong></span> <span class='ocrx_word' id='word_1_265' title='bbox 3383 493 3597 551; x_wconf 87' lang='lat' dir='ltr'><strong><em>oratione</em></strong></span> <span class='ocrx_word' id='word_1_266' title='bbox 3620 498 3712 569; x_wconf 87' lang='lat' dir='ltr'><strong><em>ipse</em></strong></span> 
     </span>
    </p>
   </div>
   <div class='ocr_carea' id='block_1_36' title="bbox 2191 563 3712 662">
    <p class='ocr_par' dir='ltr' id='par_1_36' title="bbox 2191 563 3712 662">
     <span class='ocr_line' id='line_1_36' title="bbox 2191 563 3712 662; baseline 0.017 -41"><span class='ocrx_word' id='word_1_267' title='bbox 2191 563 2251 622; x_wconf 92' lang='lat' dir='ltr'><strong><em>S.</em></strong></span> <span class='ocrx_word' id='word_1_268' title='bbox 2280 567 2575 640; x_wconf 77' lang='lat' dir='ltr'><strong><em>Gregorius</em></strong></span> <span class='ocrx_word' id='word_1_269' title='bbox 2596 616 2609 638; x_wconf 92' lang='lat'><strong><em>,</em></strong></span> <span class='ocrx_word' id='word_1_270' title='bbox 2636 576 2725 645; x_wconf 88' lang='lat' dir='ltr'><strong><em>qui</em></strong></span> <span class='ocrx_word' id='word_1_271' title='bbox 2760 575 2844 632; x_wconf 92' lang='lat' dir='ltr'><strong><em>bis</em></strong></span> <span class='ocrx_word' id='word_1_272' title='bbox 2872 577 2929 634; x_wconf 93' lang='grc'><strong><em>8.</em></strong></span> <span class='ocrx_word' id='word_1_273' title='bbox 2974 577 3246 637; x_wconf 89' lang='lat' dir='ltr'><strong><em>Zenonem</em></strong></span> <span class='ocrx_word' id='word_1_274' title='bbox 3277 582 3539 657; x_wconf 83' lang='lat' dir='ltr'><strong><em>Martyrem</em></strong></span> <span class='ocrx_word' id='word_1_275' title='bbox 3563 563 3712 662; x_wconf 79' lang='lat' dir='ltr'><strong><em>appel-</em></strong></span> 
     </span>
    </p>
   </div>
   <div class='ocr_carea' id='block_1_37' title="bbox 2194 663 3717 760">
    <p class='ocr_par' dir='ltr' id='par_1_37' title="bbox 2194 663 3717 760">
     <span class='ocr_line' id='line_1_37' title="bbox 2194 663 3717 760; baseline 0.018 -43"><span class='ocrx_word' id='word_1_276' title='bbox 2194 663 2333 720; x_wconf 89' lang='lat' dir='ltr'><strong><em>larat</em></strong></span> <span class='ocrx_word' id='word_1_277' title='bbox 2367 669 2781 727; x_wconf 85' lang='lat' dir='ltr'><strong><em>consuetudinis</em></strong></span> <span class='ocrx_word' id='word_1_278' title='bbox 2819 672 3073 729; x_wconf 76' lang='lat' dir='ltr'><strong><em>Ecclesia:</em></strong></span> <span class='ocrx_word' id='word_1_279' title='bbox 3121 674 3435 737; x_wconf 83' lang='lat' dir='ltr'><strong><em>Veronensis</em></strong></span> <span class='ocrx_word' id='word_1_280' title='bbox 3476 700 3568 740; x_wconf 88' lang='lat' dir='ltr'><strong><em>non</em></strong></span> <span class='ocrx_word' id='word_1_281' title='bbox 3602 687 3717 760; x_wconf 73' lang='lat' dir='ltr'><strong><em>igna-</em></strong></span> 
     </span>
    </p>
   </div>
   <div class='ocr_carea' id='block_1_38' title="bbox 2192 759 3718 852">
    <p class='ocr_par' dir='ltr' id='par_1_38' title="bbox 2192 759 3718 852">
     <span class='ocr_line' id='line_1_38' title="bbox 2192 759 3718 852; baseline 0.016 -41"><span class='ocrx_word' id='word_1_282' title='bbox 2192 772 2320 826; x_wconf 87' lang='lat' dir='ltr'><strong><em>rus,</em></strong></span> <span class='ocrx_word' id='word_1_283' title='bbox 2352 759 2734 818; x_wconf 78' lang='lat' dir='ltr'><strong><em>Confessorem</em></strong></span> <span class='ocrx_word' id='word_1_284' title='bbox 2778 764 2925 820; x_wconf 90' lang='lat' dir='ltr'><strong><em>dicit.</em></strong></span> <span class='ocrx_word' id='word_1_285' title='bbox 2976 765 3322 825; x_wconf 85' lang='lat' dir='ltr'><strong><em>Venerabilem</em></strong></span> <span class='ocrx_word' id='word_1_286' title='bbox 3356 772 3479 829; x_wconf 83' lang='lat' dir='ltr'><strong><em>diem</em></strong></span> <span class='ocrx_word' id='word_1_287' title='bbox 3509 781 3718 852; x_wconf 84' lang='lat' dir='ltr'><strong><em>complen-</em></strong></span> 
     </span>
    </p>
   </div>
   <div class='ocr_carea' id='block_1_39' title="bbox 2194 853 3720 932">
    <p class='ocr_par' dir='ltr' id='par_1_39' title="bbox 2194 853 3720 932">
     <span class='ocr_line' id='line_1_39' title="bbox 2194 853 3720 932; baseline 0.017 -25"><span class='ocrx_word' id='word_1_288' title='bbox 2194 853 2312 908; x_wconf 89' lang='lat' dir='ltr'><strong><em>dant</em></strong></span> <span class='ocrx_word' id='word_1_289' title='bbox 2338 872 2354 909; x_wconf 89' lang='lat'><em>:</em></span> <span class='ocrx_word' id='word_1_290' title='bbox 2409 855 2556 910; x_wconf 83' lang='lat' dir='ltr'><strong><em>Beati</em></strong></span> <span class='ocrx_word' id='word_1_291' title='bbox 2585 857 2906 930; x_wconf 79' lang='lat' dir='ltr'><strong><em>Confessoris</em></strong></span> <span class='ocrx_word' id='word_1_292' title='bbox 2936 862 3010 915; x_wconf 90' lang='lat' dir='ltr'><strong><em>tui</em></strong></span> <span class='ocrx_word' id='word_1_293' title='bbox 3048 861 3267 921; x_wconf 82' lang='lat' dir='ltr'><strong><em>Zenonis</em></strong></span> <span class='ocrx_word' id='word_1_294' title='bbox 3291 867 3536 928; x_wconf 69' lang='lat' dir='ltr'><strong><em>donatione</em></strong></span> <span class='ocrx_word' id='word_1_295' title='bbox 3565 873 3720 932; x_wconf 80' lang='lat' dir='ltr'><strong><em>Sancta</em></strong></span> 
     </span>
    </p>
   </div>
   <div class='ocr_carea' id='block_1_40' title="bbox 2196 946 3718 1038">
    <p class='ocr_par' dir='ltr' id='par_1_40' title="bbox 2196 946 3718 1038">
     <span class='ocr_line' id='line_1_40' title="bbox 2196 946 3718 1038; baseline 0.016 -38"><span class='ocrx_word' id='word_1_296' title='bbox 2196 946 2349 1001; x_wconf 87' lang='lat' dir='ltr'><strong><em>hodie</em></strong></span> <span class='ocrx_word' id='word_1_297' title='bbox 2374 947 2704 1006; x_wconf 89' lang='lat' dir='ltr'><strong><em>celebrantes.</em></strong></span> <span class='ocrx_word' id='word_1_298' title='bbox 2738 952 2869 1019; x_wconf 63' lang='lat' dir='ltr'><strong><em>Quae</em></strong></span> <span class='ocrx_word' id='word_1_299' title='bbox 2889 956 3168 1013; x_wconf 88' lang='lat' dir='ltr'><strong><em>orationes</em></strong></span> <span class='ocrx_word' id='word_1_300' title='bbox 3189 959 3386 1017; x_wconf 64' lang='lat' dir='ltr'><strong><em>eaedem</em></strong></span> <span class='ocrx_word' id='word_1_301' title='bbox 3412 974 3527 1019; x_wconf 88' lang='lat' dir='ltr'><strong><em>sunt</em></strong></span> <span class='ocrx_word' id='word_1_302' title='bbox 3547 982 3601 1023; x_wconf 80' lang='lat' dir='ltr'><strong><em>ac</em></strong></span> <span class='ocrx_word' id='word_1_303' title='bbox 3622 970 3718 1038; x_wconf 66' lang='lat' dir='ltr'><strong><em>illa,</em></strong></span> 
     </span>
    </p>
   </div>
   <div class='ocr_carea' id='block_1_41' title="bbox 2192 1039 3721 1125">
    <p class='ocr_par' dir='ltr' id='par_1_41' title="bbox 2192 1039 3721 1125">
     <span class='ocr_line' id='line_1_41' title="bbox 2192 1039 3721 1125; baseline 0.016 -33"><span class='ocrx_word' id='word_1_304' title='bbox 2192 1054 2314 1109; x_wconf 69' lang='lat' dir='ltr'><strong><em>quae</em></strong></span> <span class='ocrx_word' id='word_1_305' title='bbox 2343 1039 2395 1094; x_wconf 93' lang='lat' dir='ltr'><strong><em>in</em></strong></span> <span class='ocrx_word' id='word_1_306' title='bbox 2429 1041 2584 1097; x_wconf 91' lang='lat' dir='ltr'><strong><em>tertia</em></strong></span> <span class='ocrx_word' id='word_1_307' title='bbox 2612 1043 2772 1099; x_wconf 89' lang='lat' dir='ltr'><strong><em>missa</em></strong></span> <span class='ocrx_word' id='word_1_308' title='bbox 2803 1060 2896 1115; x_wconf 88' lang='lat' dir='ltr'><strong><em>pro</em></strong></span> <span class='ocrx_word' id='word_1_309' title='bbox 2928 1046 3169 1105; x_wconf 87' lang='lat' dir='ltr'><strong><em>Ecclesia</em></strong></span> <span class='ocrx_word' id='word_1_310' title='bbox 3205 1050 3505 1125; x_wconf 82' lang='lat' dir='ltr'><strong><em>Veronensi,</em></strong></span> <span class='ocrx_word' id='word_1_311' title='bbox 3534 1075 3614 1116; x_wconf 88' lang='lat' dir='ltr'><strong><em>seu</em></strong></span> <span class='ocrx_word' id='word_1_312' title='bbox 3631 1063 3721 1118; x_wconf 65' lang='lat' dir='ltr'><strong><em>Blo-</em></strong></span> 
     </span>
    </p>
   </div>
   <div class='ocr_carea' id='block_1_42' title="bbox 2194 1131 3724 1209">
    <p class='ocr_par' dir='ltr' id='par_1_42' title="bbox 2194 1131 3724 1209">
     <span class='ocr_line' id='line_1_42' title="bbox 2194 1131 3724 1209; baseline 0.016 -25"><span class='ocrx_word' id='word_1_313' title='bbox 2194 1133 2430 1190; x_wconf 89' lang='lat' dir='ltr'><strong><em>nasterio</em></strong></span> <span class='ocrx_word' id='word_1_314' title='bbox 2454 1131 2514 1189; x_wconf 89' lang='lat' dir='ltr'><strong><em>S.</em></strong></span> <span class='ocrx_word' id='word_1_315' title='bbox 2542 1134 2809 1204; x_wconf 77' lang='lat' dir='ltr'><strong><em>Zenonis,</em></strong></span> <span class='ocrx_word' id='word_1_316' title='bbox 2836 1149 2891 1192; x_wconf 90' lang='lat' dir='ltr'><strong><em>et</em></strong></span> <span class='ocrx_word' id='word_1_317' title='bbox 2922 1139 2973 1194; x_wconf 93' lang='lat' dir='ltr'><strong><em>in</em></strong></span> <span class='ocrx_word' id='word_1_318' title='bbox 3006 1140 3094 1196; x_wconf 88' lang='lat' dir='ltr'><strong><em>die</em></strong></span> <span class='ocrx_word' id='word_1_319' title='bbox 3133 1141 3482 1202; x_wconf 89' lang='lat' dir='ltr'><strong><em>Ordinationis</em></strong></span> <span class='ocrx_word' id='word_1_320' title='bbox 3514 1149 3565 1206; x_wconf 89' lang='grc'><strong><em>8.</em></strong></span> <span class='ocrx_word' id='word_1_321' title='bbox 3586 1151 3724 1209; x_wconf 88' lang='lat' dir='ltr'><strong><em>Zeno-</em></strong></span> 
     </span>
    </p>
   </div>
   <div class='ocr_carea' id='block_1_43' title="bbox 2195 1225 3721 1301">
    <p class='ocr_par' dir='ltr' id='par_1_43' title="bbox 2195 1225 3721 1301">
     <span class='ocr_line' id='line_1_43' title="bbox 2195 1225 3721 1301; baseline 0.014 -21"><span class='ocrx_word' id='word_1_322' title='bbox 2195 1225 2279 1281; x_wconf 90' lang='lat' dir='ltr'><strong><em>nis</em></strong></span> <span class='ocrx_word' id='word_1_323' title='bbox 2316 1228 2717 1296; x_wconf 81' lang='lat' dir='ltr'><strong><em>recitabantur,</em></strong></span> <span class='ocrx_word' id='word_1_324' title='bbox 2755 1241 2810 1286; x_wconf 91' lang='lat' dir='ltr'><strong><em>ut</em></strong></span> <span class='ocrx_word' id='word_1_325' title='bbox 2842 1231 3101 1289; x_wconf 78' lang='lat' dir='ltr'><strong><em>adnatant</em></strong></span> <span class='ocrx_word' id='word_1_326' title='bbox 3134 1234 3339 1293; x_wconf 88' lang='lat' dir='ltr'><strong><em>Domini</em></strong></span> <span class='ocrx_word' id='word_1_327' title='bbox 3372 1239 3632 1297; x_wconf 87' lang='lat' dir='ltr'><strong><em>Ballerinii.</em></strong></span> <span class='ocrx_word' id='word_1_328' title='bbox 3657 1244 3721 1301; x_wconf 86' lang='lat' dir='ltr'><strong><em>Si-</em></strong></span> 
     </span>
    </p>
   </div>
   <div class='ocr_carea' id='block_1_44' title="bbox 2195 1319 3726 1398">
    <p class='ocr_par' dir='ltr' id='par_1_44' title="bbox 2195 1319 3726 1398">
     <span class='ocr_line' id='line_1_44' title="bbox 2195 1319 3726 1398; baseline 0.015 -26"><span class='ocrx_word' id='word_1_329' title='bbox 2195 1328 2285 1373; x_wconf 87' lang='lat' dir='ltr'><strong><em>cut</em></strong></span> <span class='ocrx_word' id='word_1_330' title='bbox 2307 1319 2357 1373; x_wconf 94' lang='lat' dir='ltr'><strong><em>in</em></strong></span> <span class='ocrx_word' id='word_1_331' title='bbox 2390 1322 2552 1375; x_wconf 78' lang='lat' dir='ltr'><strong><em>missa</em></strong></span> <span class='ocrx_word' id='word_1_332' title='bbox 2580 1323 2761 1394; x_wconf 87' lang='lat' dir='ltr'><strong><em>itaque</em></strong></span> <span class='ocrx_word' id='word_1_333' title='bbox 2786 1336 2837 1379; x_wconf 90' lang='lat' dir='ltr'><strong><em>et</em></strong></span> <span class='ocrx_word' id='word_1_334' title='bbox 2861 1324 2914 1379; x_wconf 90' lang='lat' dir='ltr'><strong><em>itt</em></strong></span> <span class='ocrx_word' id='word_1_335' title='bbox 2941 1325 3132 1382; x_wconf 81' lang='lat' dir='ltr'><strong><em>Ofﬁcio</em></strong></span> <span class='ocrx_word' id='word_1_336' title='bbox 3163 1330 3362 1398; x_wconf 88' lang='lat' dir='ltr'><strong><em>pariter</em></strong></span> <span class='ocrx_word' id='word_1_337' title='bbox 3386 1331 3520 1389; x_wconf 89' lang='lat' dir='ltr'><strong><em>Zeno</em></strong></span> <span class='ocrx_word' id='word_1_338' title='bbox 3545 1335 3726 1394; x_wconf 81' lang='lat' dir='ltr'><strong><em>Confes-</em></strong></span> 
     </span>
    </p>
   </div>
   <div class='ocr_carea' id='block_1_45' title="bbox 2196 1419 3727 1497">
    <p class='ocr_par' dir='ltr' id='par_1_45' title="bbox 2196 1419 3727 1497">
     <span class='ocr_line' id='line_1_45' title="bbox 2196 1419 3727 1497; baseline 0.01 -23"><span class='ocrx_word' id='word_1_339' title='bbox 2196 1433 2289 1475; x_wconf 92' lang='lat' dir='ltr'><strong><em>sor</em></strong></span> <span class='ocrx_word' id='word_1_340' title='bbox 2330 1419 2564 1491; x_wconf 88' lang='lat' dir='ltr'><strong><em>legitur,</em></strong></span> <span class='ocrx_word' id='word_1_341' title='bbox 2609 1422 2660 1476; x_wconf 91' lang='lat' dir='ltr'><strong><em>in</em></strong></span> <span class='ocrx_word' id='word_1_342' title='bbox 2698 1420 3124 1495; x_wconf 77' lang='lat' dir='ltr'><strong><em>Martyrologiis,</em></strong></span> <span class='ocrx_word' id='word_1_343' title='bbox 3168 1436 3226 1482; x_wconf 89' lang='lat' dir='ltr'><strong><em>et</em></strong></span> <span class='ocrx_word' id='word_1_344' title='bbox 3261 1426 3619 1497; x_wconf 88' lang='lat' dir='ltr'><strong><em>Lectionariis,</em></strong></span> <span class='ocrx_word' id='word_1_345' title='bbox 3645 1448 3727 1490; x_wconf 86' lang='lat' dir='ltr'><strong><em>non</em></strong></span> 
     </span>
    </p>
   </div>
   <div class='ocr_carea' id='block_1_46' title="bbox 2196 1510 3729 1593">
    <p class='ocr_par' dir='ltr' id='par_1_46' title="bbox 2196 1510 3729 1593">
     <span class='ocr_line' id='line_1_46' title="bbox 2196 1510 3729 1593; baseline 0.011 -29"><span class='ocrx_word' id='word_1_346' title='bbox 2196 1510 2340 1581; x_wconf 85' lang='lat' dir='ltr'><strong><em>quod</em></strong></span> <span class='ocrx_word' id='word_1_347' title='bbox 2369 1511 2663 1585; x_wconf 65' lang='lat' dir='ltr'><strong><em>Martyrum</em></strong></span> <span class='ocrx_word' id='word_1_348' title='bbox 2691 1529 2796 1569; x_wconf 92' lang='lat' dir='ltr'><strong><em>non</em></strong></span> <span class='ocrx_word' id='word_1_349' title='bbox 2821 1526 3087 1585; x_wconf 84' lang='lat' dir='ltr'><strong><em>putarent,</em></strong></span> <span class='ocrx_word' id='word_1_350' title='bbox 3122 1520 3284 1575; x_wconf 90' lang='lat' dir='ltr'><strong><em>sicuti</em></strong></span> <span class='ocrx_word' id='word_1_351' title='bbox 3308 1536 3472 1593; x_wconf 91' lang='lat' dir='ltr'><strong><em>neque</em></strong></span> <span class='ocrx_word' id='word_1_352' title='bbox 3490 1522 3729 1581; x_wconf 82' lang='lat' dir='ltr'><strong><em>Confesso-</em></strong></span> 
     </span>
    </p>
   </div>
   <div class='ocr_carea' id='block_1_47' title="bbox 2196 1605 3730 1687">
    <p class='ocr_par' dir='ltr' id='par_1_47' title="bbox 2196 1605 3730 1687">
     <span class='ocr_line' id='line_1_47' title="bbox 2196 1605 3730 1687; baseline 0.011 -28"><span class='ocrx_word' id='word_1_353' title='bbox 2196 1619 2345 1672; x_wconf 90' lang='lat' dir='ltr'><strong><em>rem,</em></strong></span> <span class='ocrx_word' id='word_1_354' title='bbox 2383 1605 2478 1661; x_wconf 92' lang='lat' dir='ltr'><strong><em>sed</em></strong></span> <span class='ocrx_word' id='word_1_355' title='bbox 2516 1605 2804 1678; x_wconf 84' lang='lat' dir='ltr'><strong><em>Martyrem</em></strong></span> <span class='ocrx_word' id='word_1_356' title='bbox 2840 1612 3110 1678; x_wconf 83' lang='lat' dir='ltr'><strong><em>reputavit</em></strong></span> <span class='ocrx_word' id='word_1_357' title='bbox 3150 1612 3209 1669; x_wconf 92' lang='grc'><strong><em>8.</em></strong></span> <span class='ocrx_word' id='word_1_358' title='bbox 3240 1612 3539 1687; x_wconf 88' lang='lat' dir='ltr'><strong><em>Gregorius.</em></strong></span> <span class='ocrx_word' id='word_1_359' title='bbox 3583 1617 3668 1675; x_wconf 85' lang='lat' dir='ltr'><strong><em>Sed</em></strong></span> <span class='ocrx_word' id='word_1_360' title='bbox 3686 1628 3730 1676; x_wconf 91' lang='lat' dir='ltr'><strong><em>ut</em></strong></span> 
     </span>
    </p>
   </div>
   <div class='ocr_carea' id='block_1_48' title="bbox 2196 1700 3730 1774">
    <p class='ocr_par' dir='ltr' id='par_1_48' title="bbox 2196 1700 3730 1774">
     <span class='ocr_line' id='line_1_48' title="bbox 2196 1700 3730 1774; baseline 0.009 -19"><span class='ocrx_word' id='word_1_361' title='bbox 2196 1700 2495 1756; x_wconf 77' lang='lat' dir='ltr'><strong><em>ciliciorum</em></strong></span> <span class='ocrx_word' id='word_1_362' title='bbox 2527 1701 2690 1769; x_wconf 89' lang='lat' dir='ltr'><strong><em>ritui,</em></strong></span> <span class='ocrx_word' id='word_1_363' title='bbox 2728 1712 2782 1759; x_wconf 87' lang='lat' dir='ltr'><strong><em>et</em></strong></span> <span class='ocrx_word' id='word_1_364' title='bbox 2819 1707 3130 1774; x_wconf 89' lang='lat' dir='ltr'><strong><em>orationes,</em></strong></span> <span class='ocrx_word' id='word_1_365' title='bbox 3170 1718 3225 1764; x_wconf 92' lang='lat' dir='ltr'><strong><em>ct</em></strong></span> <span class='ocrx_word' id='word_1_366' title='bbox 3264 1708 3534 1767; x_wconf 86' lang='lat' dir='ltr'><strong><em>Lectiones</em></strong></span> <span class='ocrx_word' id='word_1_367' title='bbox 3560 1727 3730 1769; x_wconf 86' lang='lat' dir='ltr'><strong><em>accom-</em></strong></span> 
     </span>
    </p>
   </div>
   <div class='ocr_carea' id='block_1_49' title="bbox 2197 1792 3727 1874">
    <p class='ocr_par' dir='ltr' id='par_1_49' title="bbox 2197 1792 3727 1874">
     <span class='ocr_line' id='line_1_49' title="bbox 2197 1792 3727 1874; baseline 0.008 -27"><span class='ocrx_word' id='word_1_368' title='bbox 2197 1792 2514 1858; x_wconf 89' lang='lat' dir='ltr'><strong><em>modarent,</em></strong></span> <span class='ocrx_word' id='word_1_369' title='bbox 2546 1795 2699 1865; x_wconf 83' lang='lat' dir='ltr'><strong><em>plura</em></strong></span> <span class='ocrx_word' id='word_1_370' title='bbox 2745 1796 2814 1851; x_wconf 90' lang='lat' dir='ltr'><strong><em>de</em></strong></span> <span class='ocrx_word' id='word_1_371' title='bbox 2867 1797 2950 1853; x_wconf 88' lang='lat' dir='ltr'><strong><em>his</em></strong></span> <span class='ocrx_word' id='word_1_372' title='bbox 2978 1798 3142 1854; x_wconf 89' lang='lat' dir='ltr'><strong><em>citato</em></strong></span> <span class='ocrx_word' id='word_1_373' title='bbox 3191 1800 3285 1855; x_wconf 89' lang='lat' dir='ltr'><strong><em>lib.</em></strong></span> <span class='ocrx_word' id='word_1_374' title='bbox 3314 1801 3349 1855; x_wconf 70' lang='lat'><strong>2</strong></span> <span class='ocrx_word' id='word_1_375' title='bbox 3376 1802 3543 1859; x_wconf 85' lang='lat' dir='ltr'><strong><em>videre</em></strong></span> <span class='ocrx_word' id='word_1_376' title='bbox 3587 1814 3727 1874; x_wconf 86' lang='lat' dir='ltr'><strong><em>potes.</em></strong></span> 
     </span>
    </p>
   </div>
   <div class='ocr_carea' id='block_1_50' title="bbox 2195 1885 3729 1966">
    <p class='ocr_par' dir='ltr' id='par_1_50' title="bbox 2195 1885 3729 1966">
     <span class='ocr_line' id='line_1_50' title="bbox 2195 1885 3729 1966; baseline 0.007 -25"><span class='ocrx_word' id='word_1_377' title='bbox 2195 1885 2331 1943; x_wconf 89' lang='lat' dir='ltr'><strong><em>Illud</em></strong></span> <span class='ocrx_word' id='word_1_378' title='bbox 2365 1902 2494 1943; x_wconf 88' lang='lat' dir='ltr'><strong><em>vero</em></strong></span> <span class='ocrx_word' id='word_1_379' title='bbox 2523 1904 2628 1944; x_wconf 88' lang='lat' dir='ltr'><strong><em>non</em></strong></span> <span class='ocrx_word' id='word_1_380' title='bbox 2658 1889 3036 1962; x_wconf 87' lang='lat' dir='ltr'><strong><em>omittendum,</em></strong></span> <span class='ocrx_word' id='word_1_381' title='bbox 3068 1909 3264 1966; x_wconf 89' lang='lat' dir='ltr'><strong><em>nempe</em></strong></span> <span class='ocrx_word' id='word_1_382' title='bbox 3292 1895 3345 1952; x_wconf 93' lang='lat' dir='ltr'><strong><em>in</em></strong></span> <span class='ocrx_word' id='word_1_383' title='bbox 3372 1898 3558 1966; x_wconf 87' lang='lat' dir='ltr'><strong><em>scripto</em></strong></span> <span class='ocrx_word' id='word_1_384' title='bbox 3581 1897 3729 1953; x_wconf 79' lang='lat' dir='ltr'><strong><em>Mona-</em></strong></span> 
     </span>
    </p>
   </div>
   <div class='ocr_carea' id='block_1_51' title="bbox 2196 1981 3732 2061">
    <p class='ocr_par' dir='ltr' id='par_1_51' title="bbox 2196 1981 3732 2061">
     <span class='ocr_line' id='line_1_51' title="bbox 2196 1981 3732 2061; baseline 0.007 -25"><span class='ocrx_word' id='word_1_385' title='bbox 2196 1981 2283 2037; x_wconf 86' lang='lat' dir='ltr'><strong><em>clti</em></strong></span> <span class='ocrx_word' id='word_1_386' title='bbox 2329 1982 2625 2039; x_wconf 90' lang='lat' dir='ltr'><strong><em>Zenoniani</em></strong></span> <span class='ocrx_word' id='word_1_387' title='bbox 2656 1987 3047 2044; x_wconf 89' lang='lat' dir='ltr'><strong><em>correctionem</em></strong></span> <span class='ocrx_word' id='word_1_388' title='bbox 3083 1988 3185 2045; x_wconf 79' lang='lat' dir='ltr'><strong><em>Itoe</em></strong></span> <span class='ocrx_word' id='word_1_389' title='bbox 3216 1991 3376 2046; x_wconf 89' lang='lat' dir='ltr'><strong><em>modo</em></strong></span> <span class='ocrx_word' id='word_1_390' title='bbox 3405 1990 3580 2047; x_wconf 84' lang='lat' dir='ltr'><strong><em>iactam</em></strong></span> <span class='ocrx_word' id='word_1_391' title='bbox 3614 2010 3627 2047; x_wconf 74' lang='grc' dir='ltr'><strong><em>ι</em></strong></span> <span class='ocrx_word' id='word_1_392' title='bbox 3660 2008 3732 2061; x_wconf 84' lang='lat' dir='ltr'><strong><em>pro</em></strong></span> 
     </span>
    </p>
   </div>
   <div class='ocr_carea' id='block_1_52' title="bbox 2195 2075 3733 2151">
    <p class='ocr_par' dir='ltr' id='par_1_52' title="bbox 2195 2075 3733 2151">
     <span class='ocr_line' id='line_1_52' title="bbox 2195 2075 3733 2151; baseline 0.004 -20"><span class='ocrx_word' id='word_1_393' title='bbox 2195 2075 2378 2132; x_wconf 83' lang='lat' dir='ltr'><strong><em>verbis</em></strong></span> <span class='ocrx_word' id='word_1_394' title='bbox 2399 2077 2541 2132; x_wconf 87' lang='lat' dir='ltr'><strong><em>enim</em></strong></span> <span class='ocrx_word' id='word_1_395' title='bbox 2563 2077 2618 2133; x_wconf 89' lang='lat' dir='ltr'><strong><em>S.</em></strong></span> <span class='ocrx_word' id='word_1_396' title='bbox 2646 2078 2891 2151; x_wconf 83' lang='lat' dir='ltr'><strong><em>Gregorii</em></strong></span> <span class='ocrx_word' id='word_1_397' title='bbox 2913 2082 2981 2136; x_wconf 88' lang='lat' dir='ltr'><strong><em>ad</em></strong></span> <span class='ocrx_word' id='word_1_398' title='bbox 3009 2083 3377 2138; x_wconf 86' lang='lat' dir='ltr'><strong><em>ostendendum</em></strong></span> <span class='ocrx_word' id='word_1_399' title='bbox 3402 2086 3612 2142; x_wconf 87' lang='lat' dir='ltr'><strong><em>meritum</em></strong></span> <span class='ocrx_word' id='word_1_400' title='bbox 3628 2104 3733 2142; x_wconf 81' lang='lat' dir='ltr'><strong><em>utar-</em></strong></span> 
     </span>
    </p>
   </div>
   <div class='ocr_carea' id='block_1_53' title="bbox 2196 2171 3730 2243">
    <p class='ocr_par' dir='ltr' id='par_1_53' title="bbox 2196 2171 3730 2243">
     <span class='ocr_line' id='line_1_53' title="bbox 2196 2171 3730 2243; baseline 0.005 -20"><span class='ocrx_word' id='word_1_401' title='bbox 2196 2171 2344 2243; x_wconf 74' lang='lat' dir='ltr'><strong><em>tyris,</em></strong></span> <span class='ocrx_word' id='word_1_402' title='bbox 2375 2172 2634 2241; x_wconf 85' lang='lat' dir='ltr'><strong><em>scriptum</em></strong></span> <span class='ocrx_word' id='word_1_403' title='bbox 2668 2182 2749 2228; x_wconf 87' lang='lat' dir='ltr'><strong><em>est</em></strong></span> <span class='ocrx_word' id='word_1_404' title='bbox 2780 2192 2793 2228; x_wconf 88' lang='lat'><strong>:</strong></span> <span class='ocrx_word' id='word_1_405' title='bbox 2824 2173 2905 2228; x_wconf 81' lang='lat' dir='ltr'><strong><em>Ad</em></strong></span> <span class='ocrx_word' id='word_1_406' title='bbox 2932 2176 3305 2232; x_wconf 84' lang='lat' dir='ltr'><strong><em>ostendendum</em></strong></span> <span class='ocrx_word' id='word_1_407' title='bbox 3330 2180 3553 2234; x_wconf 85' lang='lat' dir='ltr'><strong><em>meritum</em></strong></span> <span class='ocrx_word' id='word_1_408' title='bbox 3572 2180 3730 2243; x_wconf 85' lang='lat' dir='ltr'><strong><em>Sancti,</em></strong></span> 
     </span>
    </p>
   </div>
   <div class='ocr_carea' id='block_1_54' title="bbox 2196 2262 3735 2342">
    <p class='ocr_par' dir='ltr' id='par_1_54' title="bbox 2196 2262 3735 2342">
     <span class='ocr_line' id='line_1_54' title="bbox 2196 2262 3735 2342; baseline 0.003 -23"><span class='ocrx_word' id='word_1_409' title='bbox 2196 2278 2258 2319; x_wconf 88' lang='lat' dir='ltr'><strong><em>ea</em></strong></span> <span class='ocrx_word' id='word_1_410' title='bbox 2290 2262 2357 2319; x_wconf 91' lang='lat' dir='ltr'><strong><em>de</em></strong></span> <span class='ocrx_word' id='word_1_411' title='bbox 2384 2278 2544 2319; x_wconf 86' lang='lat' dir='ltr'><strong><em>causa</em></strong></span> <span class='ocrx_word' id='word_1_412' title='bbox 2575 2265 2902 2322; x_wconf 86' lang='lat' dir='ltr'><strong><em>credendum</em></strong></span> <span class='ocrx_word' id='word_1_413' title='bbox 2931 2276 3046 2333; x_wconf 91' lang='lat' dir='ltr'><strong><em>est,</em></strong></span> <span class='ocrx_word' id='word_1_414' title='bbox 3072 2269 3215 2340; x_wconf 90' lang='lat' dir='ltr'><strong><em>quod</em></strong></span> <span class='ocrx_word' id='word_1_415' title='bbox 3248 2270 3314 2336; x_wconf 91' lang='lat' dir='ltr'><strong><em>is,</em></strong></span> <span class='ocrx_word' id='word_1_416' title='bbox 3340 2271 3428 2342; x_wconf 91' lang='lat' dir='ltr'><strong><em>qui</em></strong></span> <span class='ocrx_word' id='word_1_417' title='bbox 3455 2277 3522 2326; x_wconf 77' lang='lat' dir='ltr'><strong><em>ita</em></strong></span> <span class='ocrx_word' id='word_1_418' title='bbox 3543 2274 3735 2328; x_wconf 77' lang='lat' dir='ltr'><strong><em>correxit</em></strong></span> 
     </span>
    </p>
   </div>
   <div class='ocr_carea' id='block_1_55' title="bbox 2196 2359 3734 2436">
    <p class='ocr_par' dir='ltr' id='par_1_55' title="bbox 2196 2359 3734 2436">
     <span class='ocr_line' id='line_1_55' title="bbox 2196 2359 3734 2436; baseline 0.005 -23"><span class='ocrx_word' id='word_1_419' title='bbox 2196 2359 2326 2415; x_wconf 90' lang='lat' dir='ltr'><strong><em>satis</em></strong></span> <span class='ocrx_word' id='word_1_420' title='bbox 2358 2374 2479 2416; x_wconf 89' lang='lat' dir='ltr'><strong><em>esse</em></strong></span> <span class='ocrx_word' id='word_1_421' title='bbox 2520 2360 2723 2431; x_wconf 88' lang='lat' dir='ltr'><strong><em>putavit</em></strong></span> <span class='ocrx_word' id='word_1_422' title='bbox 2748 2404 2762 2428; x_wconf 91' lang='lat'><strong><em>,</em></strong></span> <span class='ocrx_word' id='word_1_423' title='bbox 2796 2378 2863 2417; x_wconf 92' lang='lat' dir='ltr'><strong><em>ne</em></strong></span> <span class='ocrx_word' id='word_1_424' title='bbox 2890 2363 3013 2417; x_wconf 88' lang='lat' dir='ltr'><strong><em>ritui</em></strong></span> <span class='ocrx_word' id='word_1_425' title='bbox 3046 2363 3387 2421; x_wconf 82' lang='lat' dir='ltr'><strong><em>Confessoris</em></strong></span> <span class='ocrx_word' id='word_1_426' title='bbox 3411 2366 3574 2436; x_wconf 87' lang='lat' dir='ltr'><strong><em>aliquo</em></strong></span> <span class='ocrx_word' id='word_1_427' title='bbox 3594 2365 3734 2422; x_wconf 76' lang='lat' dir='ltr'><strong><em>verbo</em></strong></span> 
     </span>
    </p>
   </div>
   <div class='ocr_carea' id='block_1_56' title="bbox 2195 2451 3732 2533">
    <p class='ocr_par' dir='ltr' id='par_1_56' title="bbox 2195 2451 3732 2533">
     <span class='ocr_line' id='line_1_56' title="bbox 2195 2451 3732 2533; baseline 0.006 -26"><span class='ocrx_word' id='word_1_428' title='bbox 2195 2451 2594 2522; x_wconf 84' lang='lat' dir='ltr'><strong><em>detraheretur,</em></strong></span> <span class='ocrx_word' id='word_1_429' title='bbox 2637 2455 2870 2513; x_wconf 84' lang='lat' dir='ltr'><strong><em>reticere</em></strong></span> <span class='ocrx_word' id='word_1_430' title='bbox 2899 2460 3274 2515; x_wconf 83' lang='lat' dir='ltr'><strong><em>tantummodo</em></strong></span> <span class='ocrx_word' id='word_1_431' title='bbox 3316 2462 3552 2533; x_wconf 69' lang='lat' dir='ltr'><strong><em>martyris</em></strong></span> <span class='ocrx_word' id='word_1_432' title='bbox 3578 2477 3732 2516; x_wconf 87' lang='lat' dir='ltr'><strong><em>nomen</em></strong></span> 
     </span>
    </p>
   </div>
   <div class='ocr_carea' id='block_1_57' title="bbox 2198 2544 3732 2626">
    <p class='ocr_par' dir='ltr' id='par_1_57' title="bbox 2198 2544 3732 2626">
     <span class='ocr_line' id='line_1_57' title="bbox 2198 2544 3732 2626; baseline 0.006 -25"><span class='ocrx_word' id='word_1_433' title='bbox 2198 2546 2314 2602; x_wconf 87' lang='lat' dir='ltr'><strong><em>sine</em></strong></span> <span class='ocrx_word' id='word_1_434' title='bbox 2336 2544 2611 2604; x_wconf 90' lang='lat' dir='ltr'><strong><em>additionc</em></strong></span> <span class='ocrx_word' id='word_1_435' title='bbox 2641 2549 2787 2606; x_wconf 86' lang='lat' dir='ltr'><strong><em>verbi</em></strong></span> <span class='ocrx_word' id='word_1_436' title='bbox 2819 2549 3179 2617; x_wconf 82' lang='lat' dir='ltr'><strong><em>Conicssoris.</em></strong></span> <span class='ocrx_word' id='word_1_437' title='bbox 3213 2553 3415 2626; x_wconf 87' lang='lat' dir='ltr'><strong><em>alioqui</em></strong></span> <span class='ocrx_word' id='word_1_438' title='bbox 3442 2555 3601 2611; x_wconf 86' lang='lat' dir='ltr'><strong><em>sciens</em></strong></span> <span class='ocrx_word' id='word_1_439' title='bbox 3638 2568 3732 2610; x_wconf 73' lang='lat' dir='ltr'><strong><em>vere</em></strong></span> 
     </span>
    </p>
   </div>
   <div class='ocr_carea' id='block_1_58' title="bbox 2200 2638 3733 2717">
    <p class='ocr_par' dir='ltr' id='par_1_58' title="bbox 2200 2638 3733 2717">
     <span class='ocr_line' id='line_1_58' title="bbox 2200 2638 3733 2717; baseline 0.005 -26"><span class='ocrx_word' id='word_1_440' title='bbox 2200 2638 2488 2711; x_wconf 87' lang='lat' dir='ltr'><strong><em>Martyrem</em></strong></span> <span class='ocrx_word' id='word_1_441' title='bbox 2540 2641 2704 2698; x_wconf 81' lang='lat' dir='ltr'><strong><em>fuisse</em></strong></span> <span class='ocrx_word' id='word_1_442' title='bbox 2755 2641 3057 2711; x_wconf 90' lang='lat' dir='ltr'><strong><em>Zenonem,</em></strong></span> <span class='ocrx_word' id='word_1_443' title='bbox 3115 2644 3354 2717; x_wconf 87' lang='lat' dir='ltr'><strong><em>ideoque</em></strong></span> <span class='ocrx_word' id='word_1_444' title='bbox 3406 2646 3733 2703; x_wconf 83' lang='lat' dir='ltr'><strong><em>Conlessorcm</em></strong></span> 
     </span>
    </p>
   </div>
   <div class='ocr_carea' id='block_1_59' title="bbox 2197 2731 3734 2808">
    <p class='ocr_par' dir='ltr' id='par_1_59' title="bbox 2197 2731 3734 2808">
     <span class='ocr_line' id='line_1_59' title="bbox 2197 2731 3734 2808; baseline 0.005 -23"><span class='ocrx_word' id='word_1_445' title='bbox 2197 2731 2370 2788; x_wconf 90' lang='lat' dir='ltr'><strong><em>noluit</em></strong></span> <span class='ocrx_word' id='word_1_446' title='bbox 2398 2733 2689 2804; x_wconf 68' lang='lat' dir='ltr'><strong><em>appellare.</em></strong></span> <span class='ocrx_word' id='word_1_447' title='bbox 2727 2736 2838 2803; x_wconf 88' lang='lat' dir='ltr'><strong><em>Qua</em></strong></span> <span class='ocrx_word' id='word_1_448' title='bbox 2867 2734 2935 2792; x_wconf 91' lang='lat' dir='ltr'><strong><em>de</em></strong></span> <span class='ocrx_word' id='word_1_449' title='bbox 2967 2753 3027 2793; x_wconf 89' lang='lat' dir='ltr'><strong><em>re</em></strong></span> <span class='ocrx_word' id='word_1_450' title='bbox 3066 2737 3157 2793; x_wconf 90' lang='lat' dir='ltr'><strong><em>illa</em></strong></span> <span class='ocrx_word' id='word_1_451' title='bbox 3187 2736 3329 2794; x_wconf 79' lang='lat' dir='ltr'><strong><em>forte</em></strong></span> <span class='ocrx_word' id='word_1_452' title='bbox 3360 2739 3535 2806; x_wconf 85' lang='lat' dir='ltr'><strong><em>verba,</em></strong></span> <span class='ocrx_word' id='word_1_453' title='bbox 3566 2755 3665 2808; x_wconf 74' lang='lat' dir='ltr'><strong><em>qua:</em></strong></span> <span class='ocrx_word' id='word_1_454' title='bbox 3695 2737 3734 2792; x_wconf 88' lang='lat' dir='ltr'><strong><em>in</em></strong></span> 
     </span>
    </p>
   </div>
   <div class='ocr_carea' id='block_1_60' title="bbox 2196 2826 3737 2902">
    <p class='ocr_par' dir='ltr' id='par_1_60' title="bbox 2196 2826 3737 2902">
     <span class='ocr_line' id='line_1_60' title="bbox 2196 2826 3737 2902; baseline 0.002 -23"><span class='ocrx_word' id='word_1_455' title='bbox 2196 2826 2459 2896; x_wconf 89' lang='lat' dir='ltr'><strong><em>opusculo</em></strong></span> <span class='ocrx_word' id='word_1_456' title='bbox 2488 2829 2741 2883; x_wconf 78' lang='lat' dir='ltr'><strong><em>Coronati</em></strong></span> <span class='ocrx_word' id='word_1_457' title='bbox 2775 2828 3025 2900; x_wconf 83' lang='lat' dir='ltr'><strong><em>leguntur</em></strong></span> <span class='ocrx_word' id='word_1_458' title='bbox 3056 2849 3068 2884; x_wconf 90' lang='lat'>:</span> <span class='ocrx_word' id='word_1_459' title='bbox 3103 2828 3233 2885; x_wconf 85' lang='lat' dir='ltr'><strong><em>Non</em></strong></span> <span class='ocrx_word' id='word_1_460' title='bbox 3259 2832 3420 2887; x_wconf 89' lang='lat' dir='ltr'><strong><em>multo</em></strong></span> <span class='ocrx_word' id='word_1_461' title='bbox 3449 2841 3552 2902; x_wconf 84' lang='lat' dir='ltr'><strong><em>post</em></strong></span> <span class='ocrx_word' id='word_1_462' title='bbox 3579 2832 3623 2885; x_wconf 88' lang='lat' dir='ltr'><strong><em>in</em></strong></span> <span class='ocrx_word' id='word_1_463' title='bbox 3642 2846 3737 2901; x_wconf 72' lang='lat' dir='ltr'><strong><em>pare</em></strong></span> 
     </span>
    </p>
   </div>
   <div class='ocr_carea' id='block_1_61' title="bbox 2196 2906 3733 2993">
    <p class='ocr_par' dir='ltr' id='par_1_61' title="bbox 2196 2906 3733 2993">
     <span class='ocr_line' id='line_1_61' title="bbox 2196 2906 3733 2993; baseline 0.002 -23"><span class='ocrx_word' id='word_1_464' title='bbox 2196 2927 2429 2987; x_wconf 83' lang='lat' dir='ltr'><strong><em>receptus</em></strong></span> <span class='ocrx_word' id='word_1_465' title='bbox 2459 2927 2566 2985; x_wconf 82' lang='lat' dir='ltr'><strong><em>est,</em></strong></span> <span class='ocrx_word' id='word_1_466' title='bbox 2594 2906 2828 2975; x_wconf 85' lang='lat' dir='ltr'><strong><em>sublata</em></strong></span> <span class='ocrx_word' id='word_1_467' title='bbox 2865 2922 3140 2976; x_wconf 90' lang='lat' dir='ltr'><strong><em>mentione</em></strong></span> <span class='ocrx_word' id='word_1_468' title='bbox 3165 2922 3408 2993; x_wconf 80' lang='lat' dir='ltr'><strong><em>Martyrii</em></strong></span> <span class='ocrx_word' id='word_1_469' title='bbox 3445 2923 3497 2977; x_wconf 90' lang='grc'><strong><em>8.</em></strong></span> <span class='ocrx_word' id='word_1_470' title='bbox 3526 2920 3733 2987; x_wconf 83' lang='lat' dir='ltr'><strong><em>Zenonis,</em></strong></span> 
     </span>
    </p>
   </div>
   <div class='ocr_carea' id='block_1_62' title="bbox 2194 3010 3740 3084">
    <p class='ocr_par' dir='ltr' id='par_1_62' title="bbox 2194 3010 3740 3084">
     <span class='ocr_line' id='line_1_62' title="bbox 2194 3010 3740 3084; baseline 0.001 -19"><span class='ocrx_word' id='word_1_471' title='bbox 2194 3010 2315 3080; x_wconf 91' lang='lat' dir='ltr'><strong><em>ejus</em></strong></span> <span class='ocrx_word' id='word_1_472' title='bbox 2338 3011 2627 3068; x_wconf 90' lang='lat' dir='ltr'><strong><em>mentionis</em></strong></span> <span class='ocrx_word' id='word_1_473' title='bbox 2646 3012 2766 3069; x_wconf 93' lang='lat' dir='ltr'><strong><em>loco</em></strong></span> <span class='ocrx_word' id='word_1_474' title='bbox 2796 3014 2967 3084; x_wconf 86' lang='lat' dir='ltr'><strong><em>posita</em></strong></span> <span class='ocrx_word' id='word_1_475' title='bbox 2990 3023 3135 3069; x_wconf 86' lang='lat' dir='ltr'><strong><em>sunt.</em></strong></span> <span class='ocrx_word' id='word_1_476' title='bbox 3162 3013 3299 3071; x_wconf 84' lang='lat' dir='ltr'><strong><em>Nam</em></strong></span> <span class='ocrx_word' id='word_1_477' title='bbox 3329 3018 3381 3072; x_wconf 93' lang='lat' dir='ltr'><strong><em>in</em></strong></span> <span class='ocrx_word' id='word_1_478' title='bbox 3409 3016 3522 3072; x_wconf 75' lang='lat' dir='ltr'><strong><em>aliis</em></strong></span> <span class='ocrx_word' id='word_1_479' title='bbox 3542 3030 3653 3071; x_wconf 89' lang='lat' dir='ltr'><strong><em>mss.</em></strong></span> <span class='ocrx_word' id='word_1_480' title='bbox 3677 3014 3740 3068; x_wconf 83' lang='lat' dir='ltr'><strong><em>di-</em></strong></span> 
     </span>
    </p>
   </div>
   <div class='ocr_carea' id='block_1_63' title="bbox 490 3078 3736 3180">
    <p class='ocr_par' dir='ltr' id='par_1_63' title="bbox 490 3078 3736 3180">
     <span class='ocr_line' id='line_1_63' title="bbox 490 3078 3736 3180; baseline 0.01 -50"><span class='ocrx_word' id='word_1_481' title='bbox 490 3081 549 3136; x_wconf 84' lang='grc'><strong><em>8.</em></strong></span> <span class='ocrx_word' id='word_1_482' title='bbox 578 3079 797 3180; x_wconf 70' lang='lat' dir='ltr'><strong><em>Zenone</em></strong></span> <span class='ocrx_word' id='word_1_483' title='bbox 820 3094 929 3134; x_wconf 86' lang='lat' dir='ltr'><strong><em>non</em></strong></span> <span class='ocrx_word' id='word_1_484' title='bbox 966 3078 1323 3180; x_wconf 48' lang='lat' dir='ltr'><strong><em>integram-ad</em></strong></span> <span class='ocrx_word' id='word_1_485' title='bbox 1355 3089 1602 3180; x_wconf 75' lang='lat' dir='ltr'><strong><em>posteros</em></strong></span> <span class='ocrx_word' id='word_1_486' title='bbox 1630 3080 1969 3151; x_wconf 87' lang='lat' dir='ltr'><strong><em>pervenisse,</em></strong></span> <span class='ocrx_word' id='word_1_487' title='bbox 1992 3080 2087 3180; x_wconf 82' lang='lat' dir='ltr'><strong><em>sed</em></strong></span> <span class='ocrx_word' id='word_1_488' title='bbox 2117 3090 2165 3155; x_wconf 76' lang='grc' dir='ltr'><strong>Ο</strong></span> <span class='ocrx_word' id='word_1_489' title='bbox 2199 3078 2353 3160; x_wconf 84' lang='lat' dir='ltr'><strong><em>versa</em></strong></span> <span class='ocrx_word' id='word_1_490' title='bbox 2396 3078 2807 3177; x_wconf 74' lang='lat' dir='ltr'><strong><em>conspiciuntur</em></strong></span> <span class='ocrx_word' id='word_1_491' title='bbox 2823 3149 2837 3175; x_wconf 93' lang='lat'><strong><em>,</em></strong></span> <span class='ocrx_word' id='word_1_492' title='bbox 2877 3117 2938 3163; x_wconf 89' lang='lat' dir='ltr'><strong><em>ut</em></strong></span> <span class='ocrx_word' id='word_1_493' title='bbox 2968 3109 3018 3163; x_wconf 92' lang='lat' dir='ltr'><strong><em>in</em></strong></span> <span class='ocrx_word' id='word_1_494' title='bbox 3050 3108 3245 3165; x_wconf 91' lang='lat' dir='ltr'><strong><em>eodem</em></strong></span> <span class='ocrx_word' id='word_1_495' title='bbox 3287 3109 3380 3165; x_wconf 92' lang='lat' dir='ltr'><strong><em>lib.</em></strong></span> <span class='ocrx_word' id='word_1_496' title='bbox 3412 3125 3449 3165; x_wconf 87' lang='grc' dir='ltr'><strong><em>ιι</em></strong></span> <span class='ocrx_word' id='word_1_497' title='bbox 3499 3124 3607 3180; x_wconf 88' lang='lat' dir='ltr'><strong><em>cap.</em></strong></span> <span class='ocrx_word' id='word_1_498' title='bbox 3641 3107 3668 3163; x_wconf 84' lang='lat'><strong>5</strong></span> <span class='ocrx_word' id='word_1_499' title='bbox 3688 3106 3736 3161; x_wconf 82' lang='lat' dir='ltr'><strong><em>de</em></strong></span> 
     </span>
    </p>
   </div>
   <div class='ocr_carea' id='block_1_64' title="bbox 489 3171 2089 3243">
    <p class='ocr_par' dir='ltr' id='par_1_64' title="bbox 489 3171 2089 3243">
     <span class='ocr_line' id='line_1_64' title="bbox 489 3171 2089 3243; baseline -0.002 -14"><span class='ocrx_word' id='word_1_500' title='bbox 489 3171 727 3229; x_wconf 86' lang='lat' dir='ltr'><strong><em>corrosis</em></strong></span> <span class='ocrx_word' id='word_1_501' title='bbox 756 3180 1047 3234; x_wconf 63' lang='lat' dir='ltr'><strong><em>,vetustate</em></strong></span> <span class='ocrx_word' id='word_1_502' title='bbox 1090 3171 1311 3227; x_wconf 89' lang='lat' dir='ltr'><strong><em>cartulis</em></strong></span> <span class='ocrx_word' id='word_1_503' title='bbox 1340 3171 1590 3243; x_wconf 67' lang='lat' dir='ltr'><strong><em>quaedam</em></strong></span> <span class='ocrx_word' id='word_1_504' title='bbox 1639 3187 1806 3243; x_wconf 87' lang='lat' dir='ltr'><strong><em>pauca</em></strong></span> <span class='ocrx_word' id='word_1_505' title='bbox 1868 3178 2089 3229; x_wconf 81' lang='lat' dir='ltr'><strong><em>reman-&#39;</em></strong></span> 
     </span>
    </p>
   </div>
   <div class='ocr_carea' id='block_1_65' title="bbox 490 3262 2093 3338">
    <p class='ocr_par' dir='ltr' id='par_1_65' title="bbox 490 3262 2093 3338">
     <span class='ocr_line' id='line_1_65' title="bbox 490 3262 2093 3338; baseline -0.002 -16"><span class='ocrx_word' id='word_1_506' title='bbox 490 3264 629 3322; x_wconf 90' lang='lat' dir='ltr'><strong><em>sisse</em></strong></span> <span class='ocrx_word' id='word_1_507' title='bbox 657 3281 688 3321; x_wconf 88' lang='lat' dir='ltr'><strong><em>a</em></strong></span> <span class='ocrx_word' id='word_1_508' title='bbox 726 3263 973 3338; x_wconf 88' lang='lat' dir='ltr'><strong><em>pluribus</em></strong></span> <span class='ocrx_word' id='word_1_509' title='bbox 1005 3274 1191 3336; x_wconf 89' lang='lat' dir='ltr'><strong><em>postea</em></strong></span> <span class='ocrx_word' id='word_1_510' title='bbox 1237 3264 1389 3332; x_wconf 90' lang='lat' dir='ltr'><strong><em>aliis,</em></strong></span> <span class='ocrx_word' id='word_1_511' title='bbox 1438 3274 1492 3320; x_wconf 90' lang='lat' dir='ltr'><strong><em>et</em></strong></span> <span class='ocrx_word' id='word_1_512' title='bbox 1536 3263 1656 3319; x_wconf 86' lang='lat' dir='ltr'><strong><em>aliis</em></strong></span> <span class='ocrx_word' id='word_1_513' title='bbox 1700 3262 1878 3320; x_wconf 79' lang='lat' dir='ltr'><strong><em>verbis</em></strong></span> <span class='ocrx_word' id='word_1_514' title='bbox 1918 3264 2093 3321; x_wconf 83' lang='lat' dir='ltr'><strong><em>conti-</em></strong></span> 
     </span>
    </p>
   </div>
   <div class='ocr_carea' id='block_1_66' title="bbox 492 3358 2097 3432">
    <p class='ocr_par' dir='ltr' id='par_1_66' title="bbox 492 3358 2097 3432">
     <span class='ocr_line' id='line_1_66' title="bbox 492 3358 2097 3432; baseline -0.001 -15"><span class='ocrx_word' id='word_1_515' title='bbox 492 3369 685 3431; x_wconf 89' lang='lat' dir='ltr'><strong><em>nuata,</em></strong></span> <span class='ocrx_word' id='word_1_516' title='bbox 729 3369 786 3416; x_wconf 89' lang='lat' dir='ltr'><strong><em>ut</em></strong></span> <span class='ocrx_word' id='word_1_517' title='bbox 816 3359 904 3418; x_wconf 87' lang='lat' dir='ltr'><strong><em>hic</em></strong></span> <span class='ocrx_word' id='word_1_518' title='bbox 934 3368 1114 3432; x_wconf 87' lang='lat' dir='ltr'><strong><em>patet,</em></strong></span> <span class='ocrx_word' id='word_1_519' title='bbox 1162 3359 1252 3416; x_wconf 91' lang='lat' dir='ltr'><strong><em>ubi</em></strong></span> <span class='ocrx_word' id='word_1_520' title='bbox 1286 3359 1340 3415; x_wconf 90' lang='lat' dir='ltr'><strong><em>in</em></strong></span> <span class='ocrx_word' id='word_1_521' title='bbox 1366 3358 1658 3425; x_wconf 81' lang='lat' dir='ltr'><strong><em>Remensi,</em></strong></span> <span class='ocrx_word' id='word_1_522' title='bbox 1699 3358 1987 3428; x_wconf 79' lang='lat' dir='ltr'><strong><em>Brixiano,</em></strong></span> <span class='ocrx_word' id='word_1_523' title='bbox 2032 3374 2097 3416; x_wconf 90' lang='lat' dir='ltr'><strong><em>ac</em></strong></span> 
     </span>
    </p>
   </div>
   <div class='ocr_carea' id='block_1_67' title="bbox 490 3450 2095 3525">
    <p class='ocr_par' dir='ltr' id='par_1_67' title="bbox 490 3450 2095 3525">
     <span class='ocr_line' id='line_1_67' title="bbox 490 3450 2095 3525; baseline -0.002 -14"><span class='ocrx_word' id='word_1_524' title='bbox 490 3453 807 3511; x_wconf 83' lang='lat' dir='ltr'><strong><em>Tridentino</em></strong></span> <span class='ocrx_word' id='word_1_525' title='bbox 845 3468 950 3510; x_wconf 90' lang='lat' dir='ltr'><strong><em>ms.</em></strong></span> <span class='ocrx_word' id='word_1_526' title='bbox 997 3452 1161 3509; x_wconf 86' lang='lat' dir='ltr'><strong><em>verba</em></strong></span> <span class='ocrx_word' id='word_1_527' title='bbox 1214 3450 1460 3525; x_wconf 90' lang='lat' dir='ltr'><strong><em>Gregorii</em></strong></span> <span class='ocrx_word' id='word_1_528' title='bbox 1502 3451 1847 3518; x_wconf 89' lang='lat' dir='ltr'><strong><em>inseruntur,</em></strong></span> <span class='ocrx_word' id='word_1_529' title='bbox 1891 3466 2010 3524; x_wconf 71' lang='lat' dir='ltr'><strong><em>qua:</em></strong></span> <span class='ocrx_word' id='word_1_530' title='bbox 2040 3450 2095 3508; x_wconf 91' lang='lat' dir='ltr'><strong><em>in</em></strong></span> 
     </span>
    </p>
   </div>
   <div class='ocr_carea' id='block_1_68' title="bbox 490 3545 2097 3617">
    <p class='ocr_par' dir='ltr' id='par_1_68' title="bbox 490 3545 2097 3617">
     <span class='ocr_line' id='line_1_68' title="bbox 490 3545 2097 3617; baseline 0 -13"><span class='ocrx_word' id='word_1_531' title='bbox 490 3547 613 3605; x_wconf 85' lang='lat' dir='ltr'><strong><em>aliis</em></strong></span> <span class='ocrx_word' id='word_1_532' title='bbox 635 3563 769 3605; x_wconf 89' lang='lat' dir='ltr'><strong><em>mss.</em></strong></span> <span class='ocrx_word' id='word_1_533' title='bbox 800 3548 1004 3605; x_wconf 89' lang='lat' dir='ltr'><strong><em>inserta</em></strong></span> <span class='ocrx_word' id='word_1_534' title='bbox 1042 3563 1159 3617; x_wconf 78' lang='lat' dir='ltr'><strong><em>non</em></strong></span> <span class='ocrx_word' id='word_1_535' title='bbox 1202 3556 1349 3604; x_wconf 89' lang='lat' dir='ltr'><strong><em>sunt.</em></strong></span> <span class='ocrx_word' id='word_1_536' title='bbox 1386 3545 1752 3605; x_wconf 89' lang='lat' dir='ltr'><strong><em>Correctionis</em></strong></span> <span class='ocrx_word' id='word_1_537' title='bbox 1782 3562 1910 3604; x_wconf 86' lang='lat' dir='ltr'><strong><em>vero</em></strong></span> <span class='ocrx_word' id='word_1_538' title='bbox 1933 3562 2097 3604; x_wconf 88' lang='lat' dir='ltr'><strong><em>causa</em></strong></span> 
     </span>
    </p>
   </div>
   <div class='ocr_carea' id='block_1_69' title="bbox 493 3642 2097 3717">
    <p class='ocr_par' dir='ltr' id='par_1_69' title="bbox 493 3642 2097 3717">
     <span class='ocr_line' id='line_1_69' title="bbox 493 3642 2097 3717; baseline -0.003 -15"><span class='ocrx_word' id='word_1_539' title='bbox 493 3646 742 3716; x_wconf 86' lang='lat' dir='ltr'><strong><em>superius</em></strong></span> <span class='ocrx_word' id='word_1_540' title='bbox 769 3645 1022 3713; x_wconf 88' lang='lat' dir='ltr'><strong><em>adducta,</em></strong></span> <span class='ocrx_word' id='word_1_541' title='bbox 1055 3659 1322 3716; x_wconf 87' lang='lat' dir='ltr'><strong><em>nempe...</em></strong></span> <span class='ocrx_word' id='word_1_542' title='bbox 1349 3643 1593 3717; x_wconf 85' lang='lat' dir='ltr'><strong><em>Suspicio</em></strong></span> <span class='ocrx_word' id='word_1_543' title='bbox 1645 3653 1721 3699; x_wconf 86' lang='lat' dir='ltr'><strong><em>est</em></strong></span> <span class='ocrx_word' id='word_1_544' title='bbox 1756 3642 2097 3700; x_wconf 83' lang='lat' dir='ltr'><strong><em>Veronensem</em></strong></span> 
     </span>
    </p>
   </div>
   <div class='ocr_carea' id='block_1_70' title="bbox 493 3734 2099 3809">
    <p class='ocr_par' dir='ltr' id='par_1_70' title="bbox 493 3734 2099 3809">
     <span class='ocr_line' id='line_1_70' title="bbox 493 3734 2099 3809; baseline -0.002 -17"><span class='ocrx_word' id='word_1_545' title='bbox 493 3738 803 3809; x_wconf 84' lang='lat' dir='ltr'><strong><em>quicumque</em></strong></span> <span class='ocrx_word' id='word_1_546' title='bbox 830 3738 1016 3808; x_wconf 73' lang='lat' dir='ltr'><strong><em>fuerit,</em></strong></span> <span class='ocrx_word' id='word_1_547' title='bbox 1045 3736 1137 3809; x_wconf 88' lang='lat' dir='ltr'><strong><em>qui</em></strong></span> <span class='ocrx_word' id='word_1_548' title='bbox 1176 3752 1289 3791; x_wconf 88' lang='lat' dir='ltr'><strong><em>eam</em></strong></span> <span class='ocrx_word' id='word_1_549' title='bbox 1324 3734 1717 3791; x_wconf 86' lang='lat' dir='ltr'><strong><em>additionent...</em></strong></span> <span class='ocrx_word' id='word_1_550' title='bbox 1759 3736 2003 3807; x_wconf 84' lang='lat' dir='ltr'><strong><em>apposuit</em></strong></span> <span class='ocrx_word' id='word_1_551' title='bbox 2036 3750 2099 3790; x_wconf 79' lang='lat' dir='ltr'><strong><em>ea:</em></strong></span> 
     </span>
    </p>
   </div>
   <div class='ocr_carea' id='block_1_71' title="bbox 495 3826 2094 3903">
    <p class='ocr_par' dir='ltr' id='par_1_71' title="bbox 495 3826 2094 3903">
     <span class='ocr_line' id='line_1_71' title="bbox 495 3826 2094 3903; baseline -0.003 -17"><span class='ocrx_word' id='word_1_552' title='bbox 495 3830 734 3903; x_wconf 84' lang='lat' dir='ltr'><strong><em>Gregorii</em></strong></span> <span class='ocrx_word' id='word_1_553' title='bbox 775 3829 940 3885; x_wconf 82' lang='lat' dir='ltr'><strong><em>verbis</em></strong></span> <span class='ocrx_word' id='word_1_554' title='bbox 981 3828 1267 3900; x_wconf 82' lang='lat' dir='ltr'><strong><em>Martyrem</em></strong></span> <span class='ocrx_word' id='word_1_555' title='bbox 1300 3828 1355 3882; x_wconf 88' lang='lat' dir='ltr'><strong><em>in</em></strong></span> <span class='ocrx_word' id='word_1_556' title='bbox 1400 3826 1755 3901; x_wconf 80' lang='lat' dir='ltr'><strong><em>Confessorem</em></strong></span> <span class='ocrx_word' id='word_1_557' title='bbox 1792 3829 2094 3895; x_wconf 71' lang='lat' dir='ltr'><strong><em>correxisse,</em></strong></span> 
     </span>
    </p>
   </div>
   <div class='ocr_carea' id='block_1_72' title="bbox 496 3921 2096 3996">
    <p class='ocr_par' dir='ltr' id='par_1_72' title="bbox 496 3921 2096 3996">
     <span class='ocr_line' id='line_1_72' title="bbox 496 3921 2096 3996; baseline -0.003 -14"><span class='ocrx_word' id='word_1_558' title='bbox 496 3926 559 3983; x_wconf 88' lang='lat' dir='ltr'><strong><em>S.</em></strong></span> <span class='ocrx_word' id='word_1_559' title='bbox 602 3924 914 3996; x_wconf 78' lang='lat' dir='ltr'><strong><em>Pontiﬁcem</em></strong></span> <span class='ocrx_word' id='word_1_560' title='bbox 936 3923 993 3977; x_wconf 86' lang='lat' dir='ltr'><strong><em>in</em></strong></span> <span class='ocrx_word' id='word_1_561' title='bbox 1024 3939 1086 3977; x_wconf 90' lang='lat' dir='ltr'><strong><em>eo</em></strong></span> <span class='ocrx_word' id='word_1_562' title='bbox 1118 3921 1269 3992; x_wconf 86' lang='lat' dir='ltr'><strong><em>lapsu</em></strong></span> <span class='ocrx_word' id='word_1_563' title='bbox 1296 3931 1523 3994; x_wconf 85' lang='lat' dir='ltr'><strong><em>putasse,</em></strong></span> <span class='ocrx_word' id='word_1_564' title='bbox 1553 3921 1693 3992; x_wconf 87' lang='lat' dir='ltr'><strong><em>quod</em></strong></span> <span class='ocrx_word' id='word_1_565' title='bbox 1724 3921 1786 3978; x_wconf 87' lang='lat' dir='ltr'><strong><em>S.</em></strong></span> <span class='ocrx_word' id='word_1_566' title='bbox 1818 3921 1958 3978; x_wconf 87' lang='lat' dir='ltr'><strong><em>Zeno</em></strong></span> <span class='ocrx_word' id='word_1_567' title='bbox 1994 3921 2096 3978; x_wconf 88' lang='lat' dir='ltr'><strong><em>Ve-</em></strong></span> 
     </span>
    </p>
   </div>
   <div class='ocr_carea' id='block_1_73' title="bbox 494 4013 2094 4089">
    <p class='ocr_par' dir='ltr' id='par_1_73' title="bbox 494 4013 2094 4089">
     <span class='ocr_line' id='line_1_73' title="bbox 494 4013 2094 4089; baseline -0.003 -15"><span class='ocrx_word' id='word_1_568' title='bbox 494 4035 635 4076; x_wconf 77' lang='lat' dir='ltr'><strong><em>rona:</em></strong></span> <span class='ocrx_word' id='word_1_569' title='bbox 658 4017 932 4089; x_wconf 75' lang='lat' dir='ltr'><strong><em>Confessor</em></strong></span> <span class='ocrx_word' id='word_1_570' title='bbox 963 4015 1254 4083; x_wconf 85' lang='lat' dir='ltr'><strong><em>haberetur,</em></strong></span> <span class='ocrx_word' id='word_1_571' title='bbox 1302 4031 1407 4069; x_wconf 89' lang='lat' dir='ltr'><strong><em>non</em></strong></span> <span class='ocrx_word' id='word_1_572' title='bbox 1445 4023 1660 4087; x_wconf 78' lang='lat' dir='ltr'><strong><em>martyr.</em></strong></span> <span class='ocrx_word' id='word_1_573' title='bbox 1700 4013 2094 4084; x_wconf 88' lang='lat' dir='ltr'><strong><em>Correctionis,</em></strong></span> 
     </span>
    </p>
   </div>
   <div class='ocr_carea' id='block_1_74' title="bbox 495 4107 2094 4185">
    <p class='ocr_par' dir='ltr' id='par_1_74' title="bbox 495 4107 2094 4185">
     <span class='ocr_line' id='line_1_74' title="bbox 495 4107 2094 4185; baseline -0.003 -17"><span class='ocrx_word' id='word_1_574' title='bbox 495 4111 735 4185; x_wconf 90' lang='lat' dir='ltr'><strong><em>inquam,</em></strong></span> <span class='ocrx_word' id='word_1_575' title='bbox 768 4110 931 4182; x_wconf 86' lang='lat' dir='ltr'><strong><em>hujus</em></strong></span> <span class='ocrx_word' id='word_1_576' title='bbox 958 4123 1120 4168; x_wconf 87' lang='lat' dir='ltr'><strong><em>causa</em></strong></span> <span class='ocrx_word' id='word_1_577' title='bbox 1149 4107 1297 4164; x_wconf 88' lang='lat' dir='ltr'><strong><em>nttllo</em></strong></span> <span class='ocrx_word' id='word_1_578' title='bbox 1326 4107 1509 4179; x_wconf 87' lang='lat' dir='ltr'><strong><em>adjnta</em></strong></span> <span class='ocrx_word' id='word_1_579' title='bbox 1539 4108 1834 4179; x_wconf 87' lang='lat' dir='ltr'><strong><em>probabilis</em></strong></span> <span class='ocrx_word' id='word_1_580' title='bbox 1861 4109 2094 4165; x_wconf 89' lang='lat' dir='ltr'><strong><em>circum-</em></strong></span> 
     </span>
    </p>
   </div>
   <div class='ocr_carea' id='block_1_75' title="bbox 492 4193 2091 4272">
    <p class='ocr_par' dir='ltr' id='par_1_75' title="bbox 492 4193 2091 4272">
     <span class='ocr_line' id='line_1_75' title="bbox 492 4193 2091 4272; baseline -0.002 -12"><span class='ocrx_word' id='word_1_581' title='bbox 492 4193 703 4262; x_wconf 72' lang='lat' dir='ltr'><strong><em>stantia:</em></strong></span> <span class='ocrx_word' id='word_1_582' title='bbox 722 4203 942 4272; x_wconf 89' lang='lat' dir='ltr'><strong><em>indicio,</em></strong></span> <span class='ocrx_word' id='word_1_583' title='bbox 977 4198 1314 4258; x_wconf 88' lang='lat' dir='ltr'><strong><em>emendicata</em></strong></span> <span class='ocrx_word' id='word_1_584' title='bbox 1342 4198 1576 4255; x_wconf 89' lang='lat' dir='ltr'><strong><em>videtur.</em></strong></span> <span class='ocrx_word' id='word_1_585' title='bbox 1610 4200 1727 4255; x_wconf 84' lang='lat' dir='ltr'><strong><em>Alia</em></strong></span> <span class='ocrx_word' id='word_1_586' title='bbox 1759 4200 2091 4270; x_wconf 86' lang='lat' dir='ltr'><strong><em>probabilior</em></strong></span> 
     </span>
    </p>
   </div>
   <div class='ocr_carea' id='block_1_76' title="bbox 500 4290 2095 4367">
    <p class='ocr_par' dir='ltr' id='par_1_76' title="bbox 500 4290 2095 4367">
     <span class='ocr_line' id='line_1_76' title="bbox 500 4290 2095 4367; baseline -0.003 -16"><span class='ocrx_word' id='word_1_587' title='bbox 500 4295 759 4367; x_wconf 87' lang='lat' dir='ltr'><strong><em>suppetit,</em></strong></span> <span class='ocrx_word' id='word_1_588' title='bbox 801 4308 962 4365; x_wconf 89' lang='lat' dir='ltr'><strong><em>quam</em></strong></span> <span class='ocrx_word' id='word_1_589' title='bbox 1005 4291 1224 4363; x_wconf 88' lang='lat' dir='ltr'><strong><em>ipsimet</em></strong></span> <span class='ocrx_word' id='word_1_590' title='bbox 1250 4290 1600 4362; x_wconf 88' lang='lat' dir='ltr'><strong><em>suppeditant</em></strong></span> <span class='ocrx_word' id='word_1_591' title='bbox 1626 4290 1840 4347; x_wconf 90' lang='lat' dir='ltr'><strong><em>Domini</em></strong></span> <span class='ocrx_word' id='word_1_592' title='bbox 1870 4291 2095 4349; x_wconf 86' lang='lat' dir='ltr'><strong><em>Balleri-</em></strong></span> 
     </span>
    </p>
   </div>
   <div class='ocr_carea' id='block_1_77' title="bbox 496 4383 2097 4455">
    <p class='ocr_par' dir='ltr' id='par_1_77' title="bbox 496 4383 2097 4455">
     <span class='ocr_line' id='line_1_77' title="bbox 496 4383 2097 4455; baseline -0.001 -10"><span class='ocrx_word' id='word_1_593' title='bbox 496 4388 573 4445; x_wconf 91' lang='lat' dir='ltr'><strong><em>nii</em></strong></span> <span class='ocrx_word' id='word_1_594' title='bbox 604 4389 656 4445; x_wconf 92' lang='lat' dir='ltr'><strong><em>in</em></strong></span> <span class='ocrx_word' id='word_1_595' title='bbox 697 4385 1068 4444; x_wconf 89' lang='lat' dir='ltr'><strong><em>admonitione</em></strong></span> <span class='ocrx_word' id='word_1_596' title='bbox 1111 4384 1179 4441; x_wconf 90' lang='lat' dir='ltr'><strong><em>ad</em></strong></span> <span class='ocrx_word' id='word_1_597' title='bbox 1220 4393 1571 4441; x_wconf 89' lang='lat' dir='ltr'><strong><em>monumenta</em></strong></span> <span class='ocrx_word' id='word_1_598' title='bbox 1612 4400 1766 4441; x_wconf 89' lang='lat' dir='ltr'><strong><em>num.</em></strong></span> <span class='ocrx_word' id='word_1_599' title='bbox 1813 4383 1871 4455; x_wconf 74' lang='lat'><strong><em>2,</em></strong></span> <span class='ocrx_word' id='word_1_600' title='bbox 1903 4400 2097 4454; x_wconf 89' lang='lat' dir='ltr'><strong><em>nempe</em></strong></span> 
     </span>
    </p>
   </div>
   <div class='ocr_carea' id='block_1_78' title="bbox 2200 3196 3739 3271">
    <p class='ocr_par' dir='ltr' id='par_1_78' title="bbox 2200 3196 3739 3271">
     <span class='ocr_line' id='line_1_78' title="bbox 2200 3196 3739 3271; baseline 0.002 -18"><span class='ocrx_word' id='word_1_601' title='bbox 2200 3196 2453 3271; x_wconf 83' lang='lat' dir='ltr'><strong><em>Martyrio</em></strong></span> <span class='ocrx_word' id='word_1_602' title='bbox 2473 3199 2536 3258; x_wconf 89' lang='lat' dir='ltr'><strong><em>S.</em></strong></span> <span class='ocrx_word' id='word_1_603' title='bbox 2564 3199 2803 3257; x_wconf 89' lang='lat' dir='ltr'><strong><em>Zenonis</em></strong></span> <span class='ocrx_word' id='word_1_604' title='bbox 2828 3201 3230 3258; x_wconf 88' lang='lat' dir='ltr'><strong><em>adnotavimus.</em></strong></span> <span class='ocrx_word' id='word_1_605' title='bbox 3258 3203 3497 3260; x_wconf 82' lang='lat' dir='ltr'><strong><em>Varietas</em></strong></span> <span class='ocrx_word' id='word_1_606' title='bbox 3524 3205 3625 3260; x_wconf 79' lang='lat' dir='ltr'><strong><em>lucc</em></strong></span> <span class='ocrx_word' id='word_1_607' title='bbox 3640 3203 3739 3258; x_wconf 88' lang='lat' dir='ltr'><strong><em>etin</em></strong></span> 
     </span>
    </p>
   </div>
   <div class='ocr_carea' id='block_1_79' title="bbox 2200 3292 3739 3371">
    <p class='ocr_par' dir='ltr' id='par_1_79' title="bbox 2200 3292 3739 3371">
     <span class='ocr_line' id='line_1_79' title="bbox 2200 3292 3739 3371; baseline 0.004 -24"><span class='ocrx_word' id='word_1_608' title='bbox 2200 3292 2546 3350; x_wconf 88' lang='lat' dir='ltr'><strong><em>Lectionario</em></strong></span> <span class='ocrx_word' id='word_1_609' title='bbox 2575 3309 2680 3350; x_wconf 91' lang='lat' dir='ltr'><strong><em>ms.</em></strong></span> <span class='ocrx_word' id='word_1_610' title='bbox 2722 3295 2944 3368; x_wconf 89' lang='lat' dir='ltr'><strong><em>antiquo</em></strong></span> <span class='ocrx_word' id='word_1_611' title='bbox 2971 3297 3024 3352; x_wconf 90' lang='lat' dir='ltr'><strong><em>in</em></strong></span> <span class='ocrx_word' id='word_1_612' title='bbox 3054 3298 3367 3371; x_wconf 87' lang='lat' dir='ltr'><strong><em>Episcopali</em></strong></span> <span class='ocrx_word' id='word_1_613' title='bbox 3396 3298 3627 3356; x_wconf 80' lang='lat' dir='ltr'><strong><em>Archivio</em></strong></span> <span class='ocrx_word' id='word_1_614' title='bbox 3650 3296 3739 3353; x_wconf 86' lang='lat' dir='ltr'><strong><em>Pis-</em></strong></span> 
     </span>
    </p>
   </div>
   <div class='ocr_carea' id='block_1_80' title="bbox 2201 3383 3741 3463">
    <p class='ocr_par' dir='ltr' id='par_1_80' title="bbox 2201 3383 3741 3463">
     <span class='ocr_line' id='line_1_80' title="bbox 2201 3383 3741 3463; baseline 0.005 -25"><span class='ocrx_word' id='word_1_615' title='bbox 2201 3383 2422 3440; x_wconf 90' lang='lat' dir='ltr'><strong><em>toriensi</em></strong></span> <span class='ocrx_word' id='word_1_616' title='bbox 2440 3385 2508 3440; x_wconf 86' lang='lat' dir='ltr'><strong><em>ab</em></strong></span> <span class='ocrx_word' id='word_1_617' title='bbox 2526 3385 2894 3443; x_wconf 89' lang='lat' dir='ltr'><strong><em>eruditissimo</em></strong></span> <span class='ocrx_word' id='word_1_618' title='bbox 2915 3389 2975 3444; x_wconf 89' lang='lat' dir='ltr'><strong><em>P.</em></strong></span> <span class='ocrx_word' id='word_1_619' title='bbox 2994 3387 3258 3447; x_wconf 84' lang='lat' dir='ltr'><strong><em>Zacharia</em></strong></span> <span class='ocrx_word' id='word_1_620' title='bbox 3287 3392 3346 3448; x_wconf 88' lang='lat' dir='ltr'><strong><em>S.</em></strong></span> <span class='ocrx_word' id='word_1_621' title='bbox 3374 3391 3423 3449; x_wconf 75' lang='grc' dir='ltr'>ι.</span> <span class='ocrx_word' id='word_1_622' title='bbox 3453 3400 3642 3463; x_wconf 89' lang='lat' dir='ltr'><strong><em>reperto</em></strong></span> <span class='ocrx_word' id='word_1_623' title='bbox 3658 3390 3741 3445; x_wconf 84' lang='lat' dir='ltr'><strong><em>evi-</em></strong></span> 
     </span>
    </p>
   </div>
   <div class='ocr_carea' id='block_1_81' title="bbox 2199 3478 3739 3555">
    <p class='ocr_par' dir='ltr' id='par_1_81' title="bbox 2199 3478 3739 3555">
     <span class='ocr_line' id='line_1_81' title="bbox 2199 3478 3739 3555; baseline 0.001 -21"><span class='ocrx_word' id='word_1_624' title='bbox 2199 3478 2517 3535; x_wconf 87' lang='lat' dir='ltr'><strong><em>dentissima</em></strong></span> <span class='ocrx_word' id='word_1_625' title='bbox 2546 3481 2744 3552; x_wconf 89' lang='lat' dir='ltr'><strong><em>legitur</em></strong></span> <span class='ocrx_word' id='word_1_626' title='bbox 2782 3483 2866 3541; x_wconf 91' lang='lat' dir='ltr'><strong><em>bis</em></strong></span> <span class='ocrx_word' id='word_1_627' title='bbox 2895 3485 3072 3541; x_wconf 85' lang='lat' dir='ltr'><strong><em>verbis</em></strong></span> <span class='ocrx_word' id='word_1_628' title='bbox 3096 3501 3358 3555; x_wconf 80' lang='lat' dir='ltr'><strong><em>expressa</em></strong></span> <span class='ocrx_word' id='word_1_629' title='bbox 3385 3506 3398 3543; x_wconf 93' lang='lat'><strong>:</strong></span> <span class='ocrx_word' id='word_1_630' title='bbox 3428 3487 3524 3554; x_wconf 84' lang='lat' dir='ltr'><strong><em>Qui</em></strong></span> <span class='ocrx_word' id='word_1_631' title='bbox 3546 3485 3650 3539; x_wconf 83' lang='lat' dir='ltr'><strong><em>dum</em></strong></span> <span class='ocrx_word' id='word_1_632' title='bbox 3668 3483 3739 3537; x_wconf 80' lang='lat' dir='ltr'><strong><em>hoc</em></strong></span> 
     </span>
    </p>
   </div>
   <div class='ocr_carea' id='block_1_82' title="bbox 2190 3572 3743 3651">
    <p class='ocr_par' dir='ltr' id='par_1_82' title="bbox 2190 3572 3743 3651">
     <span class='ocr_line' id='line_1_82' title="bbox 2190 3572 3743 3651; baseline 0.004 -24"><span class='ocrx_word' id='word_1_633' title='bbox 2190 3574 2349 3646; x_wconf 70' lang='lat' dir='ltr'><strong><em>juxta</em></strong></span> <span class='ocrx_word' id='word_1_634' title='bbox 2379 3572 2477 3629; x_wconf 88' lang='lat' dir='ltr'><strong><em>Dei</em></strong></span> <span class='ocrx_word' id='word_1_635' title='bbox 2506 3576 2821 3647; x_wconf 86' lang='lat' dir='ltr'><strong><em>adjutorium</em></strong></span> <span class='ocrx_word' id='word_1_636' title='bbox 2858 3586 3061 3651; x_wconf 88' lang='lat' dir='ltr'><strong><em>ageret,</em></strong></span> <span class='ocrx_word' id='word_1_637' title='bbox 3093 3578 3192 3634; x_wconf 90' lang='lat' dir='ltr'><strong><em>Dei</em></strong></span> <span class='ocrx_word' id='word_1_638' title='bbox 3216 3582 3541 3648; x_wconf 81' lang='lat' dir='ltr'><strong><em>voluntatem,</em></strong></span> <span class='ocrx_word' id='word_1_639' title='bbox 3581 3572 3743 3650; x_wconf 79' lang='lat' dir='ltr'><strong><em>quando</em></strong></span> 
     </span>
    </p>
   </div>
   <div class='ocr_carea' id='block_1_83' title="bbox 2201 3665 3743 3745">
    <p class='ocr_par' dir='ltr' id='par_1_83' title="bbox 2201 3665 3743 3745">
     <span class='ocr_line' id='line_1_83' title="bbox 2201 3665 3743 3745; baseline 0.001 -26"><span class='ocrx_word' id='word_1_640' title='bbox 2201 3665 2395 3736; x_wconf 87' lang='lat' dir='ltr'><strong><em>placuit</em></strong></span> <span class='ocrx_word' id='word_1_641' title='bbox 2417 3666 2631 3732; x_wconf 81' lang='lat' dir='ltr'><strong><em>volente,</em></strong></span> <span class='ocrx_word' id='word_1_642' title='bbox 2656 3683 2757 3723; x_wconf 89' lang='lat' dir='ltr'><strong><em>non</em></strong></span> <span class='ocrx_word' id='word_1_643' title='bbox 2780 3681 2891 3742; x_wconf 87' lang='lat' dir='ltr'><strong><em>post</em></strong></span> <span class='ocrx_word' id='word_1_644' title='bbox 2914 3673 3066 3745; x_wconf 90' lang='lat' dir='ltr'><strong><em>longo</em></strong></span> <span class='ocrx_word' id='word_1_645' title='bbox 3091 3682 3321 3744; x_wconf 88' lang='lat' dir='ltr'><strong><em>tempore</em></strong></span> <span class='ocrx_word' id='word_1_646' title='bbox 3345 3683 3562 3744; x_wconf 86' lang='lat' dir='ltr'><strong><em>receptus</em></strong></span> <span class='ocrx_word' id='word_1_647' title='bbox 3583 3672 3628 3724; x_wconf 86' lang='lat' dir='ltr'><strong><em>in</em></strong></span> <span class='ocrx_word' id='word_1_648' title='bbox 3647 3682 3743 3740; x_wconf 80' lang='lat' dir='ltr'><strong><em>pace</em></strong></span> 
     </span>
    </p>
   </div>
   <div class='ocr_carea' id='block_1_84' title="bbox 2201 3757 3743 3833">
    <p class='ocr_par' dir='ltr' id='par_1_84' title="bbox 2201 3757 3743 3833">
     <span class='ocr_line' id='line_1_84' title="bbox 2201 3757 3743 3833; baseline 0.001 -20"><span class='ocrx_word' id='word_1_649' title='bbox 2201 3767 2293 3813; x_wconf 87' lang='lat' dir='ltr'><strong><em>est.</em></strong></span> <span class='ocrx_word' id='word_1_650' title='bbox 2330 3757 2615 3816; x_wconf 87' lang='lat' dir='ltr'><strong><em>Lectiones</em></strong></span> <span class='ocrx_word' id='word_1_651' title='bbox 2639 3776 2770 3817; x_wconf 89' lang='lat' dir='ltr'><strong><em>vero</em></strong></span> <span class='ocrx_word' id='word_1_652' title='bbox 2819 3778 2915 3833; x_wconf 90' lang='lat' dir='ltr'><strong><em>pro</em></strong></span> <span class='ocrx_word' id='word_1_653' title='bbox 2941 3771 3130 3820; x_wconf 83' lang='lat' dir='ltr'><strong><em>octava</em></strong></span> <span class='ocrx_word' id='word_1_654' title='bbox 3167 3763 3261 3821; x_wconf 91' lang='lat' dir='ltr'><strong><em>die</em></strong></span> <span class='ocrx_word' id='word_1_655' title='bbox 3284 3764 3576 3822; x_wconf 84' lang='lat' dir='ltr'><strong><em>decembris</em></strong></span> <span class='ocrx_word' id='word_1_656' title='bbox 3602 3763 3743 3832; x_wconf 77' lang='lat' dir='ltr'><strong><em>dispo—</em></strong></span> 
     </span>
    </p>
   </div>
   <div class='ocr_carea' id='block_1_85' title="bbox 2201 3850 3741 3926">
    <p class='ocr_par' dir='ltr' id='par_1_85' title="bbox 2201 3850 3741 3926">
     <span class='ocr_line' id='line_1_85' title="bbox 2201 3850 3741 3926; baseline -0.001 -20"><span class='ocrx_word' id='word_1_657' title='bbox 2201 3850 2320 3906; x_wconf 69' lang='lat' dir='ltr'><strong><em>sita:</em></strong></span> <span class='ocrx_word' id='word_1_658' title='bbox 2346 3852 2806 3923; x_wconf 88' lang='lat' dir='ltr'><strong><em>conspicuuntur,</em></strong></span> <span class='ocrx_word' id='word_1_659' title='bbox 2848 3871 2952 3926; x_wconf 89' lang='lat' dir='ltr'><strong><em>qua</em></strong></span> <span class='ocrx_word' id='word_1_660' title='bbox 2982 3856 3355 3913; x_wconf 88' lang='lat' dir='ltr'><strong><em>Ordinationis</em></strong></span> <span class='ocrx_word' id='word_1_661' title='bbox 3395 3857 3596 3913; x_wconf 82' lang='lat' dir='ltr'><strong><em>Festum</em></strong></span> <span class='ocrx_word' id='word_1_662' title='bbox 3630 3853 3741 3909; x_wconf 87' lang='lat' dir='ltr'><strong><em>cele-</em></strong></span> 
     </span>
    </p>
   </div>
   <div class='ocr_carea' id='block_1_86' title="bbox 2201 3943 3743 4022">
    <p class='ocr_par' dir='ltr' id='par_1_86' title="bbox 2201 3943 3743 4022">
     <span class='ocr_line' id='line_1_86' title="bbox 2201 3943 3743 4022; baseline 0.003 -24"><span class='ocrx_word' id='word_1_663' title='bbox 2201 3943 2408 4001; x_wconf 85' lang='lat' dir='ltr'><strong><em>bratur.</em></strong></span> <span class='ocrx_word' id='word_1_664' title='bbox 2439 3944 2731 4003; x_wconf 84' lang='lat' dir='ltr'><strong><em>Testantur</em></strong></span> <span class='ocrx_word' id='word_1_665' title='bbox 2750 3964 2965 4019; x_wconf 86' lang='lat' dir='ltr'><strong><em>quoque</em></strong></span> <span class='ocrx_word' id='word_1_666' title='bbox 2991 3948 3268 4018; x_wconf 84' lang='lat' dir='ltr'><strong><em>Perettus,</em></strong></span> <span class='ocrx_word' id='word_1_667' title='bbox 3294 3960 3349 4007; x_wconf 90' lang='lat' dir='ltr'><strong><em>ct</em></strong></span> <span class='ocrx_word' id='word_1_668' title='bbox 3370 3950 3598 4022; x_wconf 86' lang='lat' dir='ltr'><strong><em>Bagatta,</em></strong></span> <span class='ocrx_word' id='word_1_669' title='bbox 3619 3955 3743 4014; x_wconf 76' lang='lat' dir='ltr'><strong><em>atque</em></strong></span> 
     </span>
    </p>
   </div>
   <div class='ocr_carea' id='block_1_87' title="bbox 2204 4035 3745 4111">
    <p class='ocr_par' dir='ltr' id='par_1_87' title="bbox 2204 4035 3745 4111">
     <span class='ocr_line' id='line_1_87' title="bbox 2204 4035 3745 4111; baseline -0.001 -19"><span class='ocrx_word' id='word_1_670' title='bbox 2204 4035 2508 4095; x_wconf 89' lang='lat' dir='ltr'><strong><em>Dondorius</em></strong></span> <span class='ocrx_word' id='word_1_671' title='bbox 2543 4050 2751 4109; x_wconf 90' lang='lat' dir='ltr'><strong><em>noster,</em></strong></span> <span class='ocrx_word' id='word_1_672' title='bbox 2782 4040 2981 4097; x_wconf 86' lang='lat' dir='ltr'><strong><em>oculati</em></strong></span> <span class='ocrx_word' id='word_1_673' title='bbox 3015 4051 3182 4099; x_wconf 87' lang='lat' dir='ltr'><strong><em>testes</em></strong></span> <span class='ocrx_word' id='word_1_674' title='bbox 3202 4085 3219 4111; x_wconf 90' lang='lat'><strong><em>,</em></strong></span> <span class='ocrx_word' id='word_1_675' title='bbox 3248 4043 3303 4097; x_wconf 91' lang='lat' dir='ltr'><strong><em>in</em></strong></span> <span class='ocrx_word' id='word_1_676' title='bbox 3329 4041 3648 4099; x_wconf 87' lang='lat' dir='ltr'><strong><em>Lectionibus</em></strong></span> <span class='ocrx_word' id='word_1_677' title='bbox 3671 4048 3745 4108; x_wconf 84' lang='lat' dir='ltr'><strong><em>pro</em></strong></span> 
     </span>
    </p>
   </div>
   <div class='ocr_carea' id='block_1_88' title="bbox 2201 4129 3745 4205">
    <p class='ocr_par' dir='ltr' id='par_1_88' title="bbox 2201 4129 3745 4205">
     <span class='ocr_line' id='line_1_88' title="bbox 2201 4129 3745 4205; baseline 0 -21"><span class='ocrx_word' id='word_1_678' title='bbox 2201 4129 2340 4187; x_wconf 80' lang='lat' dir='ltr'><strong><em>festo</em></strong></span> <span class='ocrx_word' id='word_1_679' title='bbox 2392 4132 2638 4204; x_wconf 88' lang='lat' dir='ltr'><strong><em>martyrii</em></strong></span> <span class='ocrx_word' id='word_1_680' title='bbox 2675 4132 2733 4189; x_wconf 91' lang='lat' dir='ltr'><strong><em>S.</em></strong></span> <span class='ocrx_word' id='word_1_681' title='bbox 2776 4132 3012 4190; x_wconf 89' lang='lat' dir='ltr'><strong><em>Zenonis</em></strong></span> <span class='ocrx_word' id='word_1_682' title='bbox 3059 4135 3369 4204; x_wconf 86' lang='lat' dir='ltr'><strong><em>ordinatis,</em></strong></span> <span class='ocrx_word' id='word_1_683' title='bbox 3416 4151 3531 4205; x_wconf 78' lang='lat' dir='ltr'><strong><em>qua:</em></strong></span> <span class='ocrx_word' id='word_1_684' title='bbox 3573 4149 3629 4189; x_wconf 80' lang='lat' dir='ltr'><strong><em>ex</em></strong></span> <span class='ocrx_word' id='word_1_685' title='bbox 3661 4129 3745 4184; x_wconf 82' lang='lat' dir='ltr'><strong><em>Co-</em></strong></span> 
     </span>
    </p>
   </div>
   <div class='ocr_carea' id='block_1_89' title="bbox 2200 4217 3743 4297">
    <p class='ocr_par' dir='ltr' id='par_1_89' title="bbox 2200 4217 3743 4297">
     <span class='ocr_line' id='line_1_89' title="bbox 2200 4217 3743 4297; baseline -0.002 -20"><span class='ocrx_word' id='word_1_686' title='bbox 2200 4222 2377 4278; x_wconf 86' lang='lat' dir='ltr'><strong><em>ronati</em></strong></span> <span class='ocrx_word' id='word_1_687' title='bbox 2435 4224 2638 4295; x_wconf 89' lang='lat' dir='ltr'><strong><em>scripto</em></strong></span> <span class='ocrx_word' id='word_1_688' title='bbox 2700 4224 2983 4297; x_wconf 87' lang='lat' dir='ltr'><strong><em>desumpta</em></strong></span> <span class='ocrx_word' id='word_1_689' title='bbox 3031 4225 3204 4284; x_wconf 85' lang='lat' dir='ltr'><strong><em>fuisse</em></strong></span> <span class='ocrx_word' id='word_1_690' title='bbox 3248 4235 3497 4292; x_wconf 85' lang='lat' dir='ltr'><strong><em>constat,</em></strong></span> <span class='ocrx_word' id='word_1_691' title='bbox 3547 4217 3743 4292; x_wconf 80' lang='lat' dir='ltr'><strong><em>martyrii</em></strong></span> 
     </span>
    </p>
   </div>
   <div class='ocr_carea' id='block_1_90' title="bbox 2203 4310 3747 4388">
    <p class='ocr_par' dir='ltr' id='par_1_90' title="bbox 2203 4310 3747 4388">
     <span class='ocr_line' id='line_1_90' title="bbox 2203 4310 3747 4388; baseline -0.003 -17"><span class='ocrx_word' id='word_1_692' title='bbox 2203 4315 2533 4372; x_wconf 89' lang='lat' dir='ltr'><strong><em>mentionem</em></strong></span> <span class='ocrx_word' id='word_1_693' title='bbox 2602 4316 2759 4384; x_wconf 84' lang='lat' dir='ltr'><strong><em>ﬁeri,</em></strong></span> <span class='ocrx_word' id='word_1_694' title='bbox 2817 4328 2871 4375; x_wconf 87' lang='lat' dir='ltr'><strong><em>et</em></strong></span> <span class='ocrx_word' id='word_1_695' title='bbox 2930 4319 3197 4388; x_wconf 81' lang='lat' dir='ltr'><strong><em>Veronae,</em></strong></span> <span class='ocrx_word' id='word_1_696' title='bbox 3257 4333 3312 4378; x_wconf 89' lang='lat' dir='ltr'><strong><em>et</em></strong></span> <span class='ocrx_word' id='word_1_697' title='bbox 3365 4319 3592 4376; x_wconf 87' lang='lat' dir='ltr'><strong><em>Pistorii.</em></strong></span> <span class='ocrx_word' id='word_1_698' title='bbox 3644 4310 3747 4370; x_wconf 79' lang='lat' dir='ltr'><strong><em>Vide</em></strong></span> 
     </span>
    </p>
   </div>
   <div class='ocr_carea' id='block_1_91' title="bbox 2200 4405 3747 4485">
    <p class='ocr_par' dir='ltr' id='par_1_91' title="bbox 2200 4405 3747 4485">
     <span class='ocr_line' id='line_1_91' title="bbox 2200 4405 3747 4485; baseline 0.001 -22"><span class='ocrx_word' id='word_1_699' title='bbox 2200 4422 2321 4479; x_wconf 71' lang='lat' dir='ltr'><strong><em>quae</em></strong></span> <span class='ocrx_word' id='word_1_700' title='bbox 2377 4408 2653 4465; x_wconf 89' lang='lat' dir='ltr'><strong><em>attulimus</em></strong></span> <span class='ocrx_word' id='word_1_701' title='bbox 2695 4410 2789 4466; x_wconf 87' lang='lat' dir='ltr'><strong><em>lib.</em></strong></span> <span class='ocrx_word' id='word_1_702' title='bbox 2847 4427 2885 4468; x_wconf 84' lang='grc' dir='ltr'><strong><em>ιι</em></strong></span> <span class='ocrx_word' id='word_1_703' title='bbox 2928 4427 3049 4484; x_wconf 86' lang='lat' dir='ltr'><strong><em>cap.</em></strong></span> <span class='ocrx_word' id='word_1_704' title='bbox 3113 4414 3137 4468; x_wconf 82' lang='grc'><strong>1</strong></span> <span class='ocrx_word' id='word_1_705' title='bbox 3187 4413 3258 4469; x_wconf 91' lang='lat' dir='ltr'><strong><em>de</em></strong></span> <span class='ocrx_word' id='word_1_706' title='bbox 3308 4413 3556 4485; x_wconf 81' lang='lat' dir='ltr'><strong><em>Martyrio</em></strong></span> <span class='ocrx_word' id='word_1_707' title='bbox 3594 4409 3641 4465; x_wconf 89' lang='grc'><strong><em>8.</em></strong></span> <span class='ocrx_word' id='word_1_708' title='bbox 3674 4405 3747 4458; x_wconf 46' lang='lat' dir='ltr'><strong><em>les</em></strong></span> 
     </span>
    </p>
   </div>
   <div class='ocr_carea' id='block_1_92' title="bbox 495 4480 2093 4580">
    <p class='ocr_par' dir='ltr' id='par_1_92' title="bbox 495 4480 2093 4558">
     <span class='ocr_line' id='line_1_92' title="bbox 495 4480 2093 4558; baseline -0.003 -15"><span class='ocrx_word' id='word_1_709' title='bbox 495 4484 750 4543; x_wconf 87' lang='lat' dir='ltr'><strong><em>Coronati</em></strong></span> <span class='ocrx_word' id='word_1_710' title='bbox 779 4484 1098 4558; x_wconf 90' lang='lat' dir='ltr'><strong><em>opusculum</em></strong></span> <span class='ocrx_word' id='word_1_711' title='bbox 1122 4525 1137 4551; x_wconf 92' lang='lat'><strong><em>,</em></strong></span> <span class='ocrx_word' id='word_1_712' title='bbox 1170 4498 1279 4556; x_wconf 87' lang='lat' dir='ltr'><strong><em>quo</em></strong></span> <span class='ocrx_word' id='word_1_713' title='bbox 1309 4483 1471 4538; x_wconf 88' lang='lat' dir='ltr'><strong><em>vitam</em></strong></span> <span class='ocrx_word' id='word_1_714' title='bbox 1502 4480 1558 4538; x_wconf 90' lang='grc'><strong><em>8.</em></strong></span> <span class='ocrx_word' id='word_1_715' title='bbox 1593 4481 1831 4541; x_wconf 85' lang='lat' dir='ltr'><strong><em>Zenonis</em></strong></span> <span class='ocrx_word' id='word_1_716' title='bbox 1857 4484 2093 4540; x_wconf 83' lang='lat' dir='ltr'><strong><em>exaravit</em></strong></span> 
     </span>
    </p>
   </div>
   <div class='ocr_carea' id='block_1_93' title="bbox 2198 4480 3745 4580">
    <p class='ocr_par' dir='ltr' id='par_1_93' title="bbox 2203 4480 3745 4580">
     <span class='ocr_line' id='line_1_93' title="bbox 2203 4480 3745 4580; baseline 0.001 -20"><span class='ocrx_word' id='word_1_717' title='bbox 2203 4505 2382 4561; x_wconf 88' lang='lat' dir='ltr'><strong><em>nonis.</em></strong></span> <span class='ocrx_word' id='word_1_718' title='bbox 2428 4505 2806 4563; x_wconf 89' lang='lat' dir='ltr'><strong><em>Correctiones</em></strong></span> <span class='ocrx_word' id='word_1_719' title='bbox 2844 4480 3041 4577; x_wconf 75' lang='lat' dir='ltr'><strong><em>igitur,</em></strong></span> <span class='ocrx_word' id='word_1_720' title='bbox 3092 4507 3163 4565; x_wconf 91' lang='lat' dir='ltr'><strong><em>de</em></strong></span> <span class='ocrx_word' id='word_1_721' title='bbox 3200 4509 3403 4580; x_wconf 84' lang='lat' dir='ltr'><strong><em>quibus</em></strong></span> <span class='ocrx_word' id='word_1_722' title='bbox 3450 4480 3641 4579; x_wconf 78' lang='lat' dir='ltr'><strong><em>agitur.</em></strong></span> <span class='ocrx_word' id='word_1_723' title='bbox 3667 4512 3745 4556; x_wconf 80' lang='lat' dir='ltr'><strong><em>non</em></strong></span> 
     </span>
    </p>
   </div>
   <div class='ocr_carea' id='block_1_94' title="bbox 496 4580 2098 4653">
    <p class='ocr_par' dir='ltr' id='par_1_94' title="bbox 496 4580 2098 4653">
     <span class='ocr_line' id='line_1_94' title="bbox 496 4580 2098 4653; baseline -0.001 -13"><span class='ocrx_word' id='word_1_724' title='bbox 496 4583 552 4640; x_wconf 90' lang='lat' dir='ltr'><strong><em>in</em></strong></span> <span class='ocrx_word' id='word_1_725' title='bbox 581 4580 923 4639; x_wconf 87' lang='lat' dir='ltr'><strong><em>Lectionario</em></strong></span> <span class='ocrx_word' id='word_1_726' title='bbox 940 4581 1110 4639; x_wconf 81' lang='lat' dir='ltr'><strong><em>fuisse</em></strong></span> <span class='ocrx_word' id='word_1_727' title='bbox 1136 4581 1386 4647; x_wconf 86' lang='lat' dir='ltr'><strong><em>relatum,</em></strong></span> <span class='ocrx_word' id='word_1_728' title='bbox 1415 4582 1555 4653; x_wconf 89' lang='lat' dir='ltr'><strong><em>quod</em></strong></span> <span class='ocrx_word' id='word_1_729' title='bbox 1578 4622 1592 4647; x_wconf 91' lang='lat'><strong><em>,</em></strong></span> <span class='ocrx_word' id='word_1_730' title='bbox 1622 4592 1678 4638; x_wconf 91' lang='lat' dir='ltr'><strong><em>et</em></strong></span> <span class='ocrx_word' id='word_1_731' title='bbox 1706 4582 1775 4638; x_wconf 90' lang='lat' dir='ltr'><strong><em>de</em></strong></span> <span class='ocrx_word' id='word_1_732' title='bbox 1803 4582 2098 4639; x_wconf 83' lang='lat' dir='ltr'><strong><em>Zenoniani</em></strong></span> 
     </span>
    </p>
   </div>
   <div class='ocr_carea' id='block_1_95' title="bbox 496 4676 2095 4750">
    <p class='ocr_par' dir='ltr' id='par_1_95' title="bbox 496 4676 2095 4750">
     <span class='ocr_line' id='line_1_95' title="bbox 496 4676 2095 4750; baseline 0 -15"><span class='ocrx_word' id='word_1_733' title='bbox 496 4678 742 4735; x_wconf 83' lang='lat' dir='ltr'><strong><em>Monaclti</em></strong></span> <span class='ocrx_word' id='word_1_734' title='bbox 767 4678 970 4749; x_wconf 87' lang='lat' dir='ltr'><strong><em>scripto</em></strong></span> <span class='ocrx_word' id='word_1_735' title='bbox 1011 4686 1300 4734; x_wconf 83' lang='lat' dir='ltr'><strong><em>testantur.</em></strong></span> <span class='ocrx_word' id='word_1_736' title='bbox 1330 4676 1402 4731; x_wconf 86' lang='lat' dir='ltr'><strong><em>In</em></strong></span> <span class='ocrx_word' id='word_1_737' title='bbox 1427 4677 1589 4732; x_wconf 87' lang='lat' dir='ltr'><strong><em>sacris</em></strong></span> <span class='ocrx_word' id='word_1_738' title='bbox 1629 4678 1805 4749; x_wconf 66' lang='lat' dir='ltr'><strong><em>ofﬁciis</em></strong></span> <span class='ocrx_word' id='word_1_739' title='bbox 1827 4676 2095 4750; x_wconf 75' lang='lat' dir='ltr'><strong><em>(Monachi</em></strong></span> 
     </span>
    </p>
   </div>
   <div class='ocr_carea' id='block_1_96' title="bbox 497 4766 2098 4841">
    <p class='ocr_par' dir='ltr' id='par_1_96' title="bbox 497 4766 2098 4841">
     <span class='ocr_line' id='line_1_96' title="bbox 497 4766 2098 4841; baseline 0.001 -15"><span class='ocrx_word' id='word_1_740' title='bbox 497 4768 793 4828; x_wconf 87' lang='lat' dir='ltr'><strong><em>Zenoniani</em></strong></span> <span class='ocrx_word' id='word_1_741' title='bbox 822 4766 1104 4839; x_wconf 89' lang='lat' dir='ltr'><strong><em>scriptum)</em></strong></span> <span class='ocrx_word' id='word_1_742' title='bbox 1138 4784 1232 4839; x_wconf 89' lang='lat' dir='ltr'><strong><em>pro</em></strong></span> <span class='ocrx_word' id='word_1_743' title='bbox 1259 4767 1502 4824; x_wconf 84' lang='lat' dir='ltr'><strong><em>Coronati</em></strong></span> <span class='ocrx_word' id='word_1_744' title='bbox 1540 4768 1645 4824; x_wconf 76' lang='lat' dir='ltr'><strong><em>vita</em></strong></span> <span class='ocrx_word' id='word_1_745' title='bbox 1672 4770 1840 4825; x_wconf 87' lang='lat' dir='ltr'><strong><em>locum</em></strong></span> <span class='ocrx_word' id='word_1_746' title='bbox 1872 4773 1978 4841; x_wconf 80' lang='lat' dir='ltr'><strong><em>fere</em></strong></span> <span class='ocrx_word' id='word_1_747' title='bbox 2011 4787 2098 4827; x_wconf 85' lang='lat' dir='ltr'><strong><em>oc-</em></strong></span> 
     </span>
    </p>
   </div>
   <div class='ocr_carea' id='block_1_97' title="bbox 498 4859 2096 4935">
    <p class='ocr_par' dir='ltr' id='par_1_97' title="bbox 498 4859 2096 4935">
     <span class='ocr_line' id='line_1_97' title="bbox 498 4859 2096 4935; baseline 0.001 -17"><span class='ocrx_word' id='word_1_748' title='bbox 498 4863 722 4935; x_wconf 75' lang='lat' dir='ltr'><strong><em>cuparit.</em></strong></span> <span class='ocrx_word' id='word_1_749' title='bbox 757 4860 887 4921; x_wconf 72' lang='lat' dir='ltr'><strong><em>Hzec</em></strong></span> <span class='ocrx_word' id='word_1_750' title='bbox 909 4859 1087 4916; x_wconf 86' lang='lat' dir='ltr'><strong><em>oiﬁcia</em></strong></span> <span class='ocrx_word' id='word_1_751' title='bbox 1125 4874 1227 4931; x_wconf 89' lang='lat' dir='ltr'><strong><em>pro</em></strong></span> <span class='ocrx_word' id='word_1_752' title='bbox 1251 4859 1415 4916; x_wconf 83' lang='lat' dir='ltr'><strong><em>Festo</em></strong></span> <span class='ocrx_word' id='word_1_753' title='bbox 1438 4859 1803 4919; x_wconf 88' lang='lat' dir='ltr'><strong><em>Ordinationis</em></strong></span> <span class='ocrx_word' id='word_1_754' title='bbox 1829 4862 1886 4920; x_wconf 91' lang='lat' dir='ltr'><strong><em>S.</em></strong></span> <span class='ocrx_word' id='word_1_755' title='bbox 1916 4862 2096 4920; x_wconf 80' lang='lat' dir='ltr'><strong><em>Zeno-</em></strong></span> 
     </span>
    </p>
   </div>
   <div class='ocr_carea' id='block_1_98' title="bbox 498 4948 2091 5023">
    <p class='ocr_par' dir='ltr' id='par_1_98' title="bbox 498 4948 2091 5023">
     <span class='ocr_line' id='line_1_98' title="bbox 498 4948 2091 5023; baseline 0.004 -16"><span class='ocrx_word' id='word_1_756' title='bbox 498 4954 583 5007; x_wconf 90' lang='lat' dir='ltr'><strong><em>nis</em></strong></span> <span class='ocrx_word' id='word_1_757' title='bbox 604 4951 845 5023; x_wconf 89' lang='lat' dir='ltr'><strong><em>episcopi</em></strong></span> <span class='ocrx_word' id='word_1_758' title='bbox 875 4948 1125 5008; x_wconf 88' lang='lat' dir='ltr'><strong><em>ordinata</em></strong></span> <span class='ocrx_word' id='word_1_759' title='bbox 1161 4949 1314 5006; x_wconf 78' lang='lat' dir='ltr'><strong><em>fuere</em></strong></span> <span class='ocrx_word' id='word_1_760' title='bbox 1353 4951 1422 5007; x_wconf 93' lang='lat' dir='ltr'><strong><em>de</em></strong></span> <span class='ocrx_word' id='word_1_761' title='bbox 1453 4951 1780 5010; x_wconf 84' lang='lat' dir='ltr'><strong><em>Conlessore</em></strong></span> <span class='ocrx_word' id='word_1_762' title='bbox 1809 4954 2091 5015; x_wconf 89' lang='lat' dir='ltr'><strong><em>Pontiﬁcc.</em></strong></span> 
     </span>
    </p>
   </div>
   <div class='ocr_carea' id='block_1_99' title="bbox 499 5042 2098 5119">
    <p class='ocr_par' dir='ltr' id='par_1_99' title="bbox 499 5042 2098 5119">
     <span class='ocr_line' id='line_1_99' title="bbox 499 5042 2098 5119; baseline 0.003 -16"><span class='ocrx_word' id='word_1_763' title='bbox 499 5046 634 5104; x_wconf 84' lang='lat' dir='ltr'><strong><em>Nam</em></strong></span> <span class='ocrx_word' id='word_1_764' title='bbox 658 5047 726 5104; x_wconf 88' lang='lat' dir='ltr'><strong><em>de</em></strong></span> <span class='ocrx_word' id='word_1_765' title='bbox 753 5046 1010 5118; x_wconf 79' lang='lat' dir='ltr'><strong><em>Martyrio</em></strong></span> <span class='ocrx_word' id='word_1_766' title='bbox 1037 5044 1098 5102; x_wconf 91' lang='grc'><strong><em>8.</em></strong></span> <span class='ocrx_word' id='word_1_767' title='bbox 1127 5042 1360 5101; x_wconf 90' lang='lat' dir='ltr'><strong><em>Zenonis</em></strong></span> <span class='ocrx_word' id='word_1_768' title='bbox 1387 5047 1679 5119; x_wconf 89' lang='lat' dir='ltr'><strong><em>antiquitus</em></strong></span> <span class='ocrx_word' id='word_1_769' title='bbox 1719 5063 1845 5105; x_wconf 91' lang='lat' dir='ltr'><strong><em>raro</em></strong></span> <span class='ocrx_word' id='word_1_770' title='bbox 1874 5049 2098 5107; x_wconf 86' lang='lat' dir='ltr'><strong><em>Festum</em></strong></span> 
     </span>
    </p>
   </div>
   <div class='ocr_carea' id='block_1_100' title="bbox 498 5139 2099 5208">
    <p class='ocr_par' dir='ltr' id='par_1_100' title="bbox 498 5139 2099 5208">
     <span class='ocr_line' id='line_1_100' title="bbox 498 5139 2099 5208; baseline 0.004 -12"><span class='ocrx_word' id='word_1_771' title='bbox 498 5139 898 5208; x_wconf 86' lang='lat' dir='ltr'><strong><em>celebrabatur,</em></strong></span> <span class='ocrx_word' id='word_1_772' title='bbox 937 5149 999 5195; x_wconf 87' lang='lat' dir='ltr'><strong><em>ut</em></strong></span> <span class='ocrx_word' id='word_1_773' title='bbox 1033 5147 1252 5195; x_wconf 84' lang='lat' dir='ltr'><strong><em>constat</em></strong></span> <span class='ocrx_word' id='word_1_774' title='bbox 1286 5154 1355 5195; x_wconf 77' lang='lat' dir='ltr'><strong><em>ex</em></strong></span> <span class='ocrx_word' id='word_1_775' title='bbox 1372 5154 1580 5197; x_wconf 88' lang='lat' dir='ltr'><strong><em>canone</em></strong></span> <span class='ocrx_word' id='word_1_776' title='bbox 1599 5141 1825 5199; x_wconf 87' lang='lat' dir='ltr'><strong><em>Coneilii</em></strong></span> <span class='ocrx_word' id='word_1_777' title='bbox 1851 5144 2099 5202; x_wconf 89' lang='lat' dir='ltr'><strong><em>Toletani</em></strong></span> 
     </span>
    </p>
   </div>
   <div class='ocr_carea' id='block_1_101' title="bbox 499 5233 2092 5309">
    <p class='ocr_par' dir='ltr' id='par_1_101' title="bbox 499 5233 2092 5309">
     <span class='ocr_line' id='line_1_101' title="bbox 499 5233 2092 5309; baseline 0.002 -18"><span class='ocrx_word' id='word_1_778' title='bbox 499 5235 628 5292; x_wconf 91' lang='lat' dir='ltr'><strong><em>anni</em></strong></span> <span class='ocrx_word' id='word_1_779' title='bbox 654 5234 780 5304; x_wconf 82' lang='lat'><strong><em>656,</em></strong></span> <span class='ocrx_word' id='word_1_780' title='bbox 805 5244 861 5291; x_wconf 91' lang='lat' dir='ltr'><strong><em>et</em></strong></span> <span class='ocrx_word' id='word_1_781' title='bbox 887 5249 955 5292; x_wconf 81' lang='lat' dir='ltr'><strong><em>ex</em></strong></span> <span class='ocrx_word' id='word_1_782' title='bbox 984 5248 1087 5291; x_wconf 90' lang='lat' dir='ltr'><strong><em>ms.</em></strong></span> <span class='ocrx_word' id='word_1_783' title='bbox 1113 5233 1347 5305; x_wconf 87' lang='lat' dir='ltr'><strong><em>Capituli</em></strong></span> <span class='ocrx_word' id='word_1_784' title='bbox 1368 5233 1741 5304; x_wconf 87' lang='lat' dir='ltr'><strong><em>Pistoriensis,</em></strong></span> <span class='ocrx_word' id='word_1_785' title='bbox 1766 5252 1888 5309; x_wconf 77' lang='lat' dir='ltr'><strong><em>quae</em></strong></span> <span class='ocrx_word' id='word_1_786' title='bbox 1914 5239 2009 5296; x_wconf 83' lang='lat' dir='ltr'><strong><em>lib.</em></strong></span> <span class='ocrx_word' id='word_1_787' title='bbox 2033 5256 2092 5308; x_wconf 83' lang='grc' dir='ltr'>ιι,</span> 
     </span>
    </p>
   </div>
   <div class='ocr_carea' id='block_1_102' title="bbox 499 5325 2099 5405">
    <p class='ocr_par' dir='ltr' id='par_1_102' title="bbox 499 5325 2099 5405">
     <span class='ocr_line' id='line_1_102' title="bbox 499 5325 2099 5405; baseline 0.002 -20"><span class='ocrx_word' id='word_1_788' title='bbox 499 5326 569 5385; x_wconf 89' lang='lat' dir='ltr'><strong><em>de</em></strong></span> <span class='ocrx_word' id='word_1_789' title='bbox 595 5327 856 5400; x_wconf 81' lang='lat' dir='ltr'><strong><em>martyrio</em></strong></span> <span class='ocrx_word' id='word_1_790' title='bbox 882 5325 943 5382; x_wconf 93' lang='lat' dir='ltr'><strong><em>S.</em></strong></span> <span class='ocrx_word' id='word_1_791' title='bbox 968 5326 1204 5383; x_wconf 90' lang='lat' dir='ltr'><strong><em>Zenonis</em></strong></span> <span class='ocrx_word' id='word_1_792' title='bbox 1222 5340 1344 5397; x_wconf 85' lang='lat' dir='ltr'><strong><em>cap.</em></strong></span> <span class='ocrx_word' id='word_1_793' title='bbox 1381 5326 1469 5395; x_wconf 78' lang='grc'><strong><em>10,</em></strong></span> <span class='ocrx_word' id='word_1_794' title='bbox 1497 5331 1765 5400; x_wconf 82' lang='lat' dir='ltr'><strong><em>exscripta</em></strong></span> <span class='ocrx_word' id='word_1_795' title='bbox 1788 5331 1974 5388; x_wconf 86' lang='lat' dir='ltr'><strong><em>videre</em></strong></span> <span class='ocrx_word' id='word_1_796' title='bbox 2003 5349 2099 5405; x_wconf 85' lang='lat' dir='ltr'><strong><em>po-</em></strong></span> 
     </span>
    </p>
   </div>
   <div class='ocr_carea' id='block_1_103' title="bbox 503 5417 2098 5492">
    <p class='ocr_par' dir='ltr' id='par_1_103' title="bbox 503 5417 2098 5492">
     <span class='ocr_line' id='line_1_103' title="bbox 503 5417 2098 5492; baseline 0.003 -14"><span class='ocrx_word' id='word_1_797' title='bbox 503 5431 603 5479; x_wconf 89' lang='lat' dir='ltr'><strong><em>tes.</em></strong></span> <span class='ocrx_word' id='word_1_798' title='bbox 639 5420 735 5478; x_wconf 90' lang='lat' dir='ltr'><strong><em>Die</em></strong></span> <span class='ocrx_word' id='word_1_799' title='bbox 760 5434 893 5478; x_wconf 86' lang='lat' dir='ltr'><strong><em>vero</em></strong></span> <span class='ocrx_word' id='word_1_800' title='bbox 933 5428 1127 5476; x_wconf 85' lang='lat' dir='ltr'><strong><em>octava</em></strong></span> <span class='ocrx_word' id='word_1_801' title='bbox 1150 5417 1455 5476; x_wconf 82' lang='lat' dir='ltr'><strong><em>decembris</em></strong></span> <span class='ocrx_word' id='word_1_802' title='bbox 1480 5420 1640 5476; x_wconf 81' lang='lat' dir='ltr'><strong><em>Missa</em></strong></span> <span class='ocrx_word' id='word_1_803' title='bbox 1667 5436 1765 5492; x_wconf 90' lang='lat' dir='ltr'><strong><em>pro</em></strong></span> <span class='ocrx_word' id='word_1_804' title='bbox 1790 5423 1850 5479; x_wconf 84' lang='lat' dir='ltr'><strong><em>S.</em></strong></span> <span class='ocrx_word' id='word_1_805' title='bbox 1880 5425 2098 5483; x_wconf 89' lang='lat' dir='ltr'><strong><em>Zenone</em></strong></span> 
     </span>
    </p>
   </div>
   <div class='ocr_carea' id='block_1_104' title="bbox 501 5512 2097 5591">
    <p class='ocr_par' dir='ltr' id='par_1_104' title="bbox 501 5512 2097 5591">
     <span class='ocr_line' id='line_1_104' title="bbox 501 5512 2097 5591; baseline 0.001 -17"><span class='ocrx_word' id='word_1_806' title='bbox 501 5518 696 5591; x_wconf 87' lang='lat' dir='ltr'><strong><em>legitur</em></strong></span> <span class='ocrx_word' id='word_1_807' title='bbox 723 5517 777 5573; x_wconf 90' lang='lat' dir='ltr'><strong><em>in</em></strong></span> <span class='ocrx_word' id='word_1_808' title='bbox 801 5514 1235 5575; x_wconf 87' lang='lat' dir='ltr'><strong><em>Saeramentario</em></strong></span> <span class='ocrx_word' id='word_1_809' title='bbox 1261 5512 1506 5585; x_wconf 88' lang='lat' dir='ltr'><strong><em>Gregorii</em></strong></span> <span class='ocrx_word' id='word_1_810' title='bbox 1538 5513 1711 5586; x_wconf 82' lang='lat' dir='ltr'><strong><em>Magni</em></strong></span> <span class='ocrx_word' id='word_1_811' title='bbox 1734 5522 2005 5588; x_wconf 86' lang='lat' dir='ltr'><strong><em>tamquam</em></strong></span> <span class='ocrx_word' id='word_1_812' title='bbox 2030 5519 2097 5576; x_wconf 92' lang='lat' dir='ltr'><strong><em>de</em></strong></span> 
     </span>
    </p>
   </div>
   <div class='ocr_carea' id='block_1_105' title="bbox 502 5605 2099 5678">
    <p class='ocr_par' dir='ltr' id='par_1_105' title="bbox 502 5605 2099 5678">
     <span class='ocr_line' id='line_1_105' title="bbox 502 5605 2099 5678; baseline -0.001 -10"><span class='ocrx_word' id='word_1_813' title='bbox 502 5608 830 5669; x_wconf 81' lang='lat' dir='ltr'><strong><em>Confessore</em></strong></span> <span class='ocrx_word' id='word_1_814' title='bbox 872 5607 1156 5666; x_wconf 82' lang='lat' dir='ltr'><strong><em>Pontiﬁce.</em></strong></span> <span class='ocrx_word' id='word_1_815' title='bbox 1191 5607 1296 5674; x_wconf 83' lang='lat' dir='ltr'><strong><em>Qui</em></strong></span> <span class='ocrx_word' id='word_1_816' title='bbox 1323 5606 1468 5662; x_wconf 87' lang='lat' dir='ltr'><strong><em>beato</em></strong></span> <span class='ocrx_word' id='word_1_817' title='bbox 1511 5605 1854 5678; x_wconf 77' lang='lat' dir='ltr'><strong><em>Pontiﬁcatui</em></strong></span> <span class='ocrx_word' id='word_1_818' title='bbox 1871 5608 2099 5667; x_wconf 88' lang='lat' dir='ltr'><strong><em>Zenonis</em></strong></span> 
     </span>
    </p>
   </div>
   <div class='ocr_carea' id='block_1_106' title="bbox 506 5694 2088 5775">
    <p class='ocr_par' dir='ltr' id='par_1_106' title="bbox 506 5694 2088 5775">
     <span class='ocr_line' id='line_1_106' title="bbox 506 5694 2088 5775; baseline -0.001 -12"><span class='ocrx_word' id='word_1_819' title='bbox 506 5714 745 5763; x_wconf 65' lang='lat' dir='ltr'><strong><em>retentant</em></strong></span> <span class='ocrx_word' id='word_1_820' title='bbox 786 5705 837 5759; x_wconf 91' lang='lat' dir='ltr'><strong><em>in</em></strong></span> <span class='ocrx_word' id='word_1_821' title='bbox 877 5704 1017 5760; x_wconf 81' lang='lat' dir='ltr'><strong><em>ca&#39;lis</em></strong></span> <span class='ocrx_word' id='word_1_822' title='bbox 1054 5694 1295 5761; x_wconf 84' lang='lat' dir='ltr'><strong><em>coronam</em></strong></span> <span class='ocrx_word' id='word_1_823' title='bbox 1326 5701 1631 5775; x_wconf 74' lang='lat' dir='ltr'><strong><em>prwparasti</em></strong></span> <span class='ocrx_word' id='word_1_824' title='bbox 1658 5717 1675 5756; x_wconf 88' lang='lat'><strong><em>:</em></strong></span> <span class='ocrx_word' id='word_1_825' title='bbox 1708 5700 1779 5758; x_wconf 87' lang='lat' dir='ltr'><strong><em>ita</em></strong></span> <span class='ocrx_word' id='word_1_826' title='bbox 1810 5702 1861 5759; x_wconf 91' lang='lat' dir='ltr'><strong><em>in</em></strong></span> <span class='ocrx_word' id='word_1_827' title='bbox 1902 5702 2088 5763; x_wconf 77' lang='lat' dir='ltr'><strong><em>eadem</em></strong></span> 
     </span>
    </p>
   </div>
   <div class='ocr_carea' id='block_1_107' title="bbox 2200 4592 3745 4673">
    <p class='ocr_par' dir='ltr' id='par_1_107' title="bbox 2200 4592 3745 4673">
     <span class='ocr_line' id='line_1_107' title="bbox 2200 4592 3745 4673; baseline -0.007 -19"><span class='ocrx_word' id='word_1_828' title='bbox 2200 4612 2266 4654; x_wconf 86' lang='lat' dir='ltr'><strong><em>ex</em></strong></span> <span class='ocrx_word' id='word_1_829' title='bbox 2310 4611 2373 4654; x_wconf 91' lang='lat' dir='ltr'><strong><em>ea</em></strong></span> <span class='ocrx_word' id='word_1_830' title='bbox 2416 4597 2670 4668; x_wconf 76' lang='lat' dir='ltr'><strong><em>Opinione</em></strong></span> <span class='ocrx_word' id='word_1_831' title='bbox 2705 4609 2839 4655; x_wconf 69' lang='lat' dir='ltr'><strong><em>ortae</em></strong></span> <span class='ocrx_word' id='word_1_832' title='bbox 2886 4612 3046 4667; x_wconf 84' lang='lat' dir='ltr'><strong><em>sunt,</em></strong></span> <span class='ocrx_word' id='word_1_833' title='bbox 3101 4600 3248 4673; x_wconf 92' lang='lat' dir='ltr'><strong><em>quod</em></strong></span> <span class='ocrx_word' id='word_1_834' title='bbox 3286 4601 3347 4658; x_wconf 91' lang='grc'><strong><em>8.</em></strong></span> <span class='ocrx_word' id='word_1_835' title='bbox 3394 4599 3677 4672; x_wconf 87' lang='lat' dir='ltr'><strong><em>Gregorium</em></strong></span> <span class='ocrx_word' id='word_1_836' title='bbox 3708 4592 3745 4645; x_wconf 87' lang='lat' dir='ltr'><strong><em>in</em></strong></span> 
     </span>
    </p>
   </div>
   <div class='ocr_carea' id='block_1_108' title="bbox 2203 4687 3749 4765">
    <p class='ocr_par' dir='ltr' id='par_1_108' title="bbox 2203 4687 3749 4765">
     <span class='ocr_line' id='line_1_108' title="bbox 2203 4687 3749 4765; baseline -0.001 -22"><span class='ocrx_word' id='word_1_837' title='bbox 2203 4687 2487 4745; x_wconf 90' lang='lat' dir='ltr'><strong><em>tribuendo</em></strong></span> <span class='ocrx_word' id='word_1_838' title='bbox 2516 4690 2672 4746; x_wconf 88' lang='lat' dir='ltr'><strong><em>titulo</em></strong></span> <span class='ocrx_word' id='word_1_839' title='bbox 2700 4690 2951 4764; x_wconf 86' lang='lat' dir='ltr'><strong><em>Martyris</em></strong></span> <span class='ocrx_word' id='word_1_840' title='bbox 2978 4691 3036 4749; x_wconf 88' lang='grc'><strong><em>8.</em></strong></span> <span class='ocrx_word' id='word_1_841' title='bbox 3062 4692 3269 4749; x_wconf 88' lang='lat' dir='ltr'><strong><em>Zenoni</em></strong></span> <span class='ocrx_word' id='word_1_842' title='bbox 3300 4694 3423 4765; x_wconf 90' lang='lat' dir='ltr'><strong><em>quis</em></strong></span> <span class='ocrx_word' id='word_1_843' title='bbox 3447 4704 3639 4750; x_wconf 85' lang='lat' dir='ltr'><strong><em>errasse</em></strong></span> <span class='ocrx_word' id='word_1_844' title='bbox 3660 4699 3749 4740; x_wconf 80' lang='lat' dir='ltr'><strong><em>erc-</em></strong></span> 
     </span>
    </p>
   </div>
   <div class='ocr_carea' id='block_1_109' title="bbox 2200 4777 3748 4857">
    <p class='ocr_par' dir='ltr' id='par_1_109' title="bbox 2200 4777 3748 4857">
     <span class='ocr_line' id='line_1_109' title="bbox 2200 4777 3748 4857; baseline -0.003 -23"><span class='ocrx_word' id='word_1_845' title='bbox 2200 4780 2433 4849; x_wconf 80' lang='lat' dir='ltr'><strong><em>diderit;</em></strong></span> <span class='ocrx_word' id='word_1_846' title='bbox 2466 4782 2561 4839; x_wconf 91' lang='lat' dir='ltr'><strong><em>sed</em></strong></span> <span class='ocrx_word' id='word_1_847' title='bbox 2591 4778 2659 4839; x_wconf 63' lang='lat' dir='ltr'><strong><em>cx’</em></strong></span> <span class='ocrx_word' id='word_1_848' title='bbox 2685 4798 2751 4838; x_wconf 89' lang='lat' dir='ltr'><strong><em>eo</em></strong></span> <span class='ocrx_word' id='word_1_849' title='bbox 2772 4826 2787 4852; x_wconf 94' lang='lat'><strong><em>,</em></strong></span> <span class='ocrx_word' id='word_1_850' title='bbox 2821 4784 2966 4855; x_wconf 91' lang='lat' dir='ltr'><strong><em>quod</em></strong></span> <span class='ocrx_word' id='word_1_851' title='bbox 3009 4783 3125 4841; x_wconf 55' lang='lat' dir='ltr'><strong><em>haec</em></strong></span> <span class='ocrx_word' id='word_1_852' title='bbox 3153 4786 3359 4857; x_wconf 87' lang='lat' dir='ltr'><strong><em>scripta</em></strong></span> <span class='ocrx_word' id='word_1_853' title='bbox 3390 4786 3444 4841; x_wconf 93' lang='lat' dir='ltr'><strong><em>in</em></strong></span> <span class='ocrx_word' id='word_1_854' title='bbox 3483 4777 3748 4840; x_wconf 83' lang='lat' dir='ltr'><strong><em>lectionibus</em></strong></span> 
     </span>
    </p>
   </div>
   <div class='ocr_carea' id='block_1_110' title="bbox 2200 4873 3746 4947">
    <p class='ocr_par' dir='ltr' id='par_1_110' title="bbox 2200 4873 3746 4947">
     <span class='ocr_line' id='line_1_110' title="bbox 2200 4873 3746 4947; baseline -0.006 -17"><span class='ocrx_word' id='word_1_855' title='bbox 2200 4873 2406 4946; x_wconf 88' lang='lat' dir='ltr'><strong><em>digesta</em></strong></span> <span class='ocrx_word' id='word_1_856' title='bbox 2430 4889 2527 4947; x_wconf 92' lang='lat' dir='ltr'><strong><em>pro</em></strong></span> <span class='ocrx_word' id='word_1_857' title='bbox 2551 4874 2734 4932; x_wconf 83' lang='lat' dir='ltr'><strong><em>ofﬁcio</em></strong></span> <span class='ocrx_word' id='word_1_858' title='bbox 2756 4876 3129 4934; x_wconf 84' lang='lat' dir='ltr'><strong><em>Ordinationis</em></strong></span> <span class='ocrx_word' id='word_1_859' title='bbox 3149 4879 3209 4934; x_wconf 86' lang='grc'><strong><em>8.</em></strong></span> <span class='ocrx_word' id='word_1_860' title='bbox 3235 4877 3479 4935; x_wconf 90' lang='lat' dir='ltr'><strong><em>Zenonis</em></strong></span> <span class='ocrx_word' id='word_1_861' title='bbox 3494 4875 3746 4933; x_wconf 85' lang='lat' dir='ltr'><strong><em>usuicrant.</em></strong></span> 
     </span>
    </p>
   </div>
   <div class='ocr_carea' id='block_1_111' title="bbox 2202 4960 3747 5042">
    <p class='ocr_par' dir='ltr' id='par_1_111' title="bbox 2202 4960 3747 5042">
     <span class='ocr_line' id='line_1_111' title="bbox 2202 4960 3747 5042; baseline -0.002 -19"><span class='ocrx_word' id='word_1_862' title='bbox 2202 4968 2317 5037; x_wconf 85' lang='lat' dir='ltr'><strong><em>Qua</em></strong></span> <span class='ocrx_word' id='word_1_863' title='bbox 2338 4968 2405 5025; x_wconf 90' lang='lat' dir='ltr'><strong><em>de</em></strong></span> <span class='ocrx_word' id='word_1_864' title='bbox 2432 4983 2593 5025; x_wconf 90' lang='lat' dir='ltr'><strong><em>causa</em></strong></span> <span class='ocrx_word' id='word_1_865' title='bbox 2614 4977 2669 5026; x_wconf 89' lang='lat' dir='ltr'><strong><em>et</em></strong></span> <span class='ocrx_word' id='word_1_866' title='bbox 2697 4969 2748 5025; x_wconf 91' lang='lat' dir='ltr'><strong><em>in</em></strong></span> <span class='ocrx_word' id='word_1_867' title='bbox 2772 4969 2974 5042; x_wconf 85' lang='lat' dir='ltr'><strong><em>hymno</em></strong></span> <span class='ocrx_word' id='word_1_868' title='bbox 3002 4969 3256 5026; x_wconf 76' lang='lat' dir='ltr'><strong><em>Prwsulis</em></strong></span> <span class='ocrx_word' id='word_1_869' title='bbox 3279 4971 3465 5028; x_wconf 84' lang='lat' dir='ltr'><strong><em>Sancti</em></strong></span> <span class='ocrx_word' id='word_1_870' title='bbox 3492 4971 3539 5024; x_wconf 93' lang='lat' dir='ltr'><strong><em>in</em></strong></span> <span class='ocrx_word' id='word_1_871' title='bbox 3560 4960 3747 5023; x_wconf 68' lang='lat' dir='ltr'><strong><em>secunda</em></strong></span> 
     </span>
    </p>
   </div>
   <div class='ocr_carea' id='block_1_112' title="bbox 2201 5056 3747 5134">
    <p class='ocr_par' dir='ltr' id='par_1_112' title="bbox 2201 5056 3747 5134">
     <span class='ocr_line' id='line_1_112' title="bbox 2201 5056 3747 5134; baseline -0.005 -18"><span class='ocrx_word' id='word_1_872' title='bbox 2201 5059 2421 5132; x_wconf 89' lang='lat' dir='ltr'><strong><em>stropha</em></strong></span> <span class='ocrx_word' id='word_1_873' title='bbox 2444 5060 2659 5116; x_wconf 83' lang='lat' dir='ltr'><strong><em>diverse</em></strong></span> <span class='ocrx_word' id='word_1_874' title='bbox 2697 5062 2896 5132; x_wconf 88' lang='lat' dir='ltr'><strong><em>legitur</em></strong></span> <span class='ocrx_word' id='word_1_875' title='bbox 2925 5061 3132 5133; x_wconf 89' lang='lat' dir='ltr'><strong><em>primus</em></strong></span> <span class='ocrx_word' id='word_1_876' title='bbox 3175 5077 3407 5120; x_wconf 79' lang='lat' dir='ltr'><strong><em>versus:</em></strong></span> <span class='ocrx_word' id='word_1_877' title='bbox 3440 5059 3643 5134; x_wconf 79' lang='lat' dir='ltr'><strong><em>Magnus</em></strong></span> <span class='ocrx_word' id='word_1_878' title='bbox 3662 5056 3747 5109; x_wconf 76' lang='lat' dir='ltr'><strong><em>Es-</em></strong></span> 
     </span>
    </p>
   </div>
   <div class='ocr_carea' id='block_1_113' title="bbox 2202 5150 3749 5228">
    <p class='ocr_par' dir='ltr' id='par_1_113' title="bbox 2202 5150 3749 5228">
     <span class='ocr_line' id='line_1_113' title="bbox 2202 5150 3749 5228; baseline -0.002 -20"><span class='ocrx_word' id='word_1_879' title='bbox 2202 5154 2325 5209; x_wconf 90' lang='lat' dir='ltr'><strong><em>celsi</em></strong></span> <span class='ocrx_word' id='word_1_880' title='bbox 2368 5153 2536 5225; x_wconf 76' lang='lat' dir='ltr'><strong><em>fuerat</em></strong></span> <span class='ocrx_word' id='word_1_881' title='bbox 2564 5154 2828 5221; x_wconf 85' lang='lat' dir='ltr'><strong><em>sacerdos,</em></strong></span> <span class='ocrx_word' id='word_1_882' title='bbox 2861 5155 2990 5212; x_wconf 88' lang='lat' dir='ltr'><strong><em>alibi</em></strong></span> <span class='ocrx_word' id='word_1_883' title='bbox 3022 5172 3035 5208; x_wconf 88' lang='lat'><strong>:</strong></span> <span class='ocrx_word' id='word_1_884' title='bbox 3072 5155 3279 5228; x_wconf 66' lang='grc' dir='ltr'><strong><em>Μαι-τερ·</em></strong></span> <span class='ocrx_word' id='word_1_885' title='bbox 3323 5153 3530 5211; x_wconf 70' lang='grc' dir='ltr'><strong><em>Επειεὶ</em></strong></span> <span class='ocrx_word' id='word_1_886' title='bbox 3568 5150 3670 5225; x_wconf 76' lang='lat' dir='ltr'><strong><em>fuit,</em></strong></span> <span class='ocrx_word' id='word_1_887' title='bbox 3713 5152 3749 5197; x_wconf 71' lang='grc' dir='ltr'><strong><em>τε</em></strong></span> 
     </span>
    </p>
   </div>
   <div class='ocr_carea' id='block_1_114' title="bbox 2205 5245 3751 5319">
    <p class='ocr_par' dir='ltr' id='par_1_114' title="bbox 2205 5245 3751 5319">
     <span class='ocr_line' id='line_1_114' title="bbox 2205 5245 3751 5319; baseline 0 -17"><span class='ocrx_word' id='word_1_888' title='bbox 2205 5246 2482 5303; x_wconf 87' lang='lat' dir='ltr'><strong><em>Sacerdos.</em></strong></span> <span class='ocrx_word' id='word_1_889' title='bbox 2522 5246 2726 5319; x_wconf 87' lang='lat' dir='ltr'><strong><em>Nempe</em></strong></span> <span class='ocrx_word' id='word_1_890' title='bbox 2761 5263 2860 5319; x_wconf 91' lang='lat' dir='ltr'><strong><em>pro</em></strong></span> <span class='ocrx_word' id='word_1_891' title='bbox 2889 5248 3120 5306; x_wconf 88' lang='lat' dir='ltr'><strong><em>diversis</em></strong></span> <span class='ocrx_word' id='word_1_892' title='bbox 3147 5249 3550 5306; x_wconf 79' lang='lat' dir='ltr'><strong><em>Festivitatihus</em></strong></span> <span class='ocrx_word' id='word_1_893' title='bbox 3573 5245 3751 5315; x_wconf 69' lang='lat' dir='ltr'><strong><em>Magnus</em></strong></span> 
     </span>
    </p>
   </div>
   <div class='ocr_carea' id='block_1_115' title="bbox 2204 5337 3749 5414">
    <p class='ocr_par' dir='ltr' id='par_1_115' title="bbox 2204 5337 3749 5414">
     <span class='ocr_line' id='line_1_115' title="bbox 2204 5337 3749 5414; baseline -0.002 -22"><span class='ocrx_word' id='word_1_894' title='bbox 2204 5338 2257 5392; x_wconf 91' lang='lat' dir='ltr'><strong><em>in</em></strong></span> <span class='ocrx_word' id='word_1_895' title='bbox 2285 5337 2447 5395; x_wconf 89' lang='lat' dir='ltr'><strong><em>Festo</em></strong></span> <span class='ocrx_word' id='word_1_896' title='bbox 2472 5338 2875 5407; x_wconf 84' lang='lat' dir='ltr'><strong><em>Ordinationis,</em></strong></span> <span class='ocrx_word' id='word_1_897' title='bbox 2919 5340 3123 5414; x_wconf 82' lang='lat' dir='ltr'><strong><em>Martyr</em></strong></span> <span class='ocrx_word' id='word_1_898' title='bbox 3154 5345 3207 5397; x_wconf 90' lang='lat' dir='ltr'><strong><em>in</em></strong></span> <span class='ocrx_word' id='word_1_899' title='bbox 3241 5341 3412 5399; x_wconf 83' lang='lat' dir='ltr'><strong><em>Festo</em></strong></span> <span class='ocrx_word' id='word_1_900' title='bbox 3446 5339 3641 5404; x_wconf 80' lang='lat' dir='ltr'><strong><em>natalis,</em></strong></span> <span class='ocrx_word' id='word_1_901' title='bbox 3676 5345 3749 5388; x_wconf 79' lang='lat' dir='ltr'><strong><em>seu</em></strong></span> 
     </span>
    </p>
   </div>
   <div class='ocr_carea' id='block_1_116' title="bbox 2206 5431 3753 5506">
    <p class='ocr_par' dir='ltr' id='par_1_116' title="bbox 2206 5431 3753 5506">
     <span class='ocr_line' id='line_1_116' title="bbox 2206 5431 3753 5506; baseline -0.002 -20"><span class='ocrx_word' id='word_1_902' title='bbox 2206 5431 2470 5505; x_wconf 84' lang='lat' dir='ltr'><strong><em>Martyrii,</em></strong></span> <span class='ocrx_word' id='word_1_903' title='bbox 2493 5449 2616 5489; x_wconf 90' lang='lat' dir='ltr'><strong><em>cum</em></strong></span> <span class='ocrx_word' id='word_1_904' title='bbox 2643 5433 2861 5490; x_wconf 89' lang='lat' dir='ltr'><strong><em>aliunde</em></strong></span> <span class='ocrx_word' id='word_1_905' title='bbox 2882 5445 3116 5503; x_wconf 87' lang='lat' dir='ltr'><strong><em>constet,</em></strong></span> <span class='ocrx_word' id='word_1_906' title='bbox 3145 5437 3196 5491; x_wconf 93' lang='lat' dir='ltr'><strong><em>in</em></strong></span> <span class='ocrx_word' id='word_1_907' title='bbox 3224 5436 3387 5492; x_wconf 87' lang='lat' dir='ltr'><strong><em>tertia</em></strong></span> <span class='ocrx_word' id='word_1_908' title='bbox 3411 5431 3620 5506; x_wconf 85' lang='lat' dir='ltr'><strong><em>stropha</em></strong></span> <span class='ocrx_word' id='word_1_909' title='bbox 3641 5440 3753 5484; x_wconf 75' lang='lat' dir='ltr'><strong><em>mar-</em></strong></span> 
     </span>
    </p>
   </div>
   <div class='ocr_carea' id='block_1_117' title="bbox 2208 5516 3751 5600">
    <p class='ocr_par' dir='ltr' id='par_1_117' title="bbox 2208 5516 3751 5600">
     <span class='ocr_line' id='line_1_117' title="bbox 2208 5516 3751 5600; baseline -0.001 -22"><span class='ocrx_word' id='word_1_910' title='bbox 2208 5531 2382 5596; x_wconf 82' lang='lat' dir='ltr'><strong><em>tyrem</em></strong></span> <span class='ocrx_word' id='word_1_911' title='bbox 2413 5523 2600 5582; x_wconf 78' lang='lat' dir='ltr'><strong><em>fuisse.</em></strong></span> <span class='ocrx_word' id='word_1_912' title='bbox 2635 5522 2747 5581; x_wconf 90' lang='lat' dir='ltr'><strong><em>Pro</em></strong></span> <span class='ocrx_word' id='word_1_913' title='bbox 2777 5525 2889 5581; x_wconf 86' lang='lat' dir='ltr'><strong><em>Deo</em></strong></span> <span class='ocrx_word' id='word_1_914' title='bbox 2917 5526 3121 5583; x_wconf 88' lang='lat' dir='ltr'><strong><em>tandem</em></strong></span> <span class='ocrx_word' id='word_1_915' title='bbox 3147 5528 3392 5600; x_wconf 87' lang='lat' dir='ltr'><strong><em>patiendo</em></strong></span> <span class='ocrx_word' id='word_1_916' title='bbox 3420 5533 3635 5585; x_wconf 84' lang='lat' dir='ltr'><strong><em>mortem,</em></strong></span> <span class='ocrx_word' id='word_1_917' title='bbox 3661 5516 3751 5571; x_wconf 59' lang='lat' dir='ltr'><strong><em>vi!“</em></strong></span> 
     </span>
    </p>
   </div>
   <div class='ocr_carea' id='block_1_118' title="bbox 2205 5616 3755 5678">
    <p class='ocr_par' dir='ltr' id='par_1_118' title="bbox 2205 5616 3755 5678">
     <span class='ocr_line' id='line_1_118' title="bbox 2205 5616 3755 5678; baseline -0.001 -7"><span class='ocrx_word' id='word_1_918' title='bbox 2205 5616 2261 5672; x_wconf 92' lang='lat' dir='ltr'><strong><em>in</em></strong></span> <span class='ocrx_word' id='word_1_919' title='bbox 2281 5631 2464 5673; x_wconf 72' lang='lat' dir='ltr'><strong><em>meum.</em></strong></span> <span class='ocrx_word' id='word_1_920' title='bbox 2498 5617 2594 5674; x_wconf 84' lang='lat' dir='ltr'><strong><em>His</em></strong></span> <span class='ocrx_word' id='word_1_921' title='bbox 2613 5619 2814 5676; x_wconf 91' lang='lat' dir='ltr'><strong><em>etenim</em></strong></span> <span class='ocrx_word' id='word_1_922' title='bbox 2839 5620 2889 5675; x_wconf 93' lang='lat' dir='ltr'><strong><em>in</em></strong></span> <span class='ocrx_word' id='word_1_923' title='bbox 2918 5621 3100 5678; x_wconf 85' lang='lat' dir='ltr'><strong><em>verbis</em></strong></span> <span class='ocrx_word' id='word_1_924' title='bbox 3128 5636 3231 5678; x_wconf 92' lang='lat' dir='ltr'><strong><em>non</em></strong></span> <span class='ocrx_word' id='word_1_925' title='bbox 3258 5621 3335 5677; x_wconf 80' lang='lat' dir='ltr'><strong><em>ita</em></strong></span> <span class='ocrx_word' id='word_1_926' title='bbox 3358 5618 3523 5677; x_wconf 83' lang='lat' dir='ltr'><strong><em>facilis</em></strong></span> <span class='ocrx_word' id='word_1_927' title='bbox 3540 5622 3645 5673; x_wconf 84' lang='lat' dir='ltr'><strong><em>erat</em></strong></span> <span class='ocrx_word' id='word_1_928' title='bbox 3662 5622 3755 5666; x_wconf 78' lang='lat' dir='ltr'><strong><em>mtt-</em></strong></span> 
     </span>
    </p>
   </div>
   <div class='ocr_carea' id='block_1_119' title="bbox 2208 5703 3753 5785">
    <p class='ocr_par' dir='ltr' id='par_1_119' title="bbox 2208 5703 3753 5785">
     <span class='ocr_line' id='line_1_119' title="bbox 2208 5703 3753 5785; baseline 0.002 -21"><span class='ocrx_word' id='word_1_929' title='bbox 2208 5710 2370 5779; x_wconf 85' lang='lat' dir='ltr'><strong><em>tatio;</em></strong></span> <span class='ocrx_word' id='word_1_930' title='bbox 2403 5711 2529 5769; x_wconf 83' lang='lat' dir='ltr'><strong><em>licet</em></strong></span> <span class='ocrx_word' id='word_1_931' title='bbox 2554 5711 2607 5768; x_wconf 88' lang='lat' dir='ltr'><strong><em>itt</em></strong></span> <span class='ocrx_word' id='word_1_932' title='bbox 2648 5726 2808 5785; x_wconf 87' lang='lat' dir='ltr'><strong><em>supra</em></strong></span> <span class='ocrx_word' id='word_1_933' title='bbox 2842 5713 3008 5773; x_wconf 83' lang='lat' dir='ltr'><strong><em>allato</em></strong></span> <span class='ocrx_word' id='word_1_934' title='bbox 3038 5730 3140 5773; x_wconf 87' lang='lat' dir='ltr'><strong><em>tns.</em></strong></span> <span class='ocrx_word' id='word_1_935' title='bbox 3172 5715 3511 5782; x_wconf 83' lang='lat' dir='ltr'><strong><em>Pistoriensi,</em></strong></span> <span class='ocrx_word' id='word_1_936' title='bbox 3547 5708 3663 5768; x_wconf 87' lang='lat' dir='ltr'><strong><em>etin</em></strong></span> <span class='ocrx_word' id='word_1_937' title='bbox 3689 5703 3753 5759; x_wconf 74' lang='lat' dir='ltr'><strong><em>his</em></strong></span> 
     </span>
    </p>
   </div>
   <div class='ocr_carea' id='block_1_120' title="bbox 3860 864 3865 1459">
    <p class='ocr_par' dir='ltr' id='par_1_120' title="bbox 3861 980 3863 1459">
     <span class='ocr_line' id='line_1_120' title="bbox 3862 980 3863 1023; baseline 0 0"><span class='ocrx_word' id='word_1_938' title='bbox 3862 980 3863 1023; x_wconf 98' lang='grc'><strong><em>1</em></strong></span> 
     </span>
     <span class='ocr_line' id='line_1_121' title="bbox 3862 1052 3863 1091; baseline 0 0"><span class='ocrx_word' id='word_1_939' title='bbox 3862 1052 3863 1091; x_wconf 98' lang='grc'><strong><em>1</em></strong></span> 
     </span>
     <span class='ocr_line' id='line_1_122' title="bbox 3862 1158 3863 1193; baseline 0 0"><span class='ocrx_word' id='word_1_940' title='bbox 3862 1158 3863 1193; x_wconf 98' lang='grc'><strong><em>1</em></strong></span> 
     </span>
     <span class='ocr_line' id='line_1_123' title="bbox 3862 1332 3863 1355; baseline 0 0"><span class='ocrx_word' id='word_1_941' title='bbox 3862 1332 3863 1355; x_wconf 73' lang='grc'><strong><em>1</em></strong></span> 
     </span>
     <span class='ocr_line' id='line_1_124' title="bbox 3861 1360 3863 1399; baseline 0 0"><span class='ocrx_word' id='word_1_942' title='bbox 3861 1360 3863 1399; x_wconf 98' lang='grc'><strong><em>1</em></strong></span> 
     </span>
     <span class='ocr_line' id='line_1_125' title="bbox 3862 1432 3863 1459; baseline 0 0"><span class='ocrx_word' id='word_1_943' title='bbox 3862 1432 3863 1459; x_wconf 97' lang='grc'><strong><em>1</em></strong></span> 
     </span>
    </p>
   </div>
  </div>
