3902 6324
188 305 272 360 7.55
783 259 792 264 ’
1564 288 1711 347 mss

1819 287 2042 347 TATIO.
2391 259 2395 261 ’
2620 315 2625 323 ›
3321 298 3431 355 746

186 418 333 476 verbis
371 411 578 468 mutatio
606 409 896 480 conspicua
939 410 1028 465 sit.
1090 408 1156 464 In
1206 408 1317 463 Deo
1367 407 1573 462 tandem
1628 423 1724 476 pa—
1752 406 1801 466 Α
1831 399 2104 456 diderunt.
2160 401 2258 458 His
2284 402 2527 472 profecto
2565 402 2624 461 S.
2651 404 2901 476 praesulis
2931 406 3178 464 notitiam
3206 452 3220 477 ,
3264 426 3427 482 quam

185 510 325 567 tientia
352 517 564 570 mortem,
598 505 714 558 trivit
762 505 815 559 in
861 520 1045 570 sevum,
1093 506 1210 557 loco
1241 501 1398 556 Verbi
1432 497 1526 571 pro
1553 500 1727 569 posito
1832 492 2136 561 Usuardus,
2170 506 2224 550 et
2248 496 2364 550 Ado
2394 513 2499 551 non
2526 497 2851 564 habuerunt,
2879 513 3216 571 perspectam
3236 503 3426 571 fuisse,

184 573 782 659 in:tantamadliibebant
804 603 1106 653 cautionem
1128 613 1194 650 ne
1216 596 1456 666 martyris
1473 594 1724 661 verbum,
1831 597 2039 645 certum
2072 597 2176 645 est.
2226 589 2281 646 Si
2311 605 2440 661 ergo
2469 607 2663 647 nomen
2691 591 2750 650 S.
2779 592 3049 660 Zenonis,
3092 608 3146 650 ιιι
3174 597 3428 671 Martyris

186 692 484 766 relMartyrii
507 690 862 759 mentionem,
892 691 945 747 in
997 688 1191 747 Ofﬁcio
1217 687 1592 745 Ordinationis
1621 686 1726 757 epi-
1829 681 1884 738 in
1919 683 1982 740 iis
2012 683 2406 756 Martyrologiis
2435 683 2694 742 addidere
2717 728 2732 751 ,
2786 687 2862 742 ita
2886 701 3035 744 certo
3066 689 3256 746 borum
3301 707 3430 749 auc-

182 790 300 860 scopi
337 787 709 844 immisceret,“
1831 782 2012 829 torum
2039 776 2376 847 temporibus
2419 777 2478 832 8.
2505 776 2783 835 Zenonem
2827 795 2928 851 pro
2970 791 3208 855 martyre
3257 783 3427 842 fuisse

1829 865 2095 935 habitum,
2125 869 2350 927 minime
2380 873 2623 928 revocari
2654 871 2818 928 debet
2843 874 2894 929 in
2920 874 3163 932 dubium.

181 924 204 997 ς
246 921 321 980 Ill.
356 921 430 978 De
469 921 586 978 aliis
627 931 742 992 post
780 921 846 979 S.
887 920 1197 992 Gregorium
1261 918 1596 990 scriptoribus
1640 917 1729 987 qui

443 1016 500 1073 S.
533 1015 793 1073 Zenonem
826 1015 1110 1087 Martyrem
1137 1014 1414 1087 affirmant.

231 1156 362 1225 Quod
388 1157 437 1212 in
467 1156 629 1226 rebus
671 1154 882 1212 bellicis
909 1153 1130 1210 evenire
1175 1151 1354 1218 solet,
1387 1159 1446 1205 ut
1486 1149 1726 1204 extincto

176 1249 292 1306 Duce
319 1260 446 1305 totus
472 1250 812 1320 dispergatur
841 1248 1120 1303 exercitus
1146 1289 1160 1312 ,
1189 1255 1244 1300 et
1272 1246 1325 1300 in
1358 1244 1722 1314 direptionem

174 1347 464 1404 inimicorum
492 1343 682 1409 cadat,
727 1342 867 1397 idem
899 1342 952 1396 in
988 1342 1088 1395 bac
1118 1339 1406 1395 Litteraria
1435 1346 1722 1392 concerta-

174 1445 289 1500 tione
328 1443 390 1497 de
429 1441 485 1495 S.
514 1439 749 1494 Zenonis
779 1437 1040 1508 martyrio
1066 1434 1317 1490 evenisse
1360 1433 1720 1496 arbitrantur,

171 1537 241 1610 qui
263 1547 432 1590 contra
455 1534 716 1588 sentiunt.
770 1530 956 1586 Sancti
988 1526 1236 1598 Gregorii
1269 1525 1442 1597 Magni
1485 1524 1725 1579 auctori-

172 1642 256 1686 tate
287 1639 537 1702 prostrata
560 1671 577 1696 ,
610 1627 942 1697 reliquorum
993 1625 1323 1696 scriptorum
1373 1621 1630 1693 Martyrio
1658 1620 1716 1678 S.

172 1722 368 1778 Zenonis
415 1720 807 1777 adhaerentium
858 1719 1071 1774 turbam
1125 1734 1232 1771 uno
1289 1717 1399 1770 ictu
1448 1714 1717 1770 conﬁxam

1901 991 2106 1048 Horum
2156 1003 2439 1050 auctorum
2483 996 2772 1051 assertioni
2815 1013 2990 1069 neque
3024 1000 3174 1056 allati
3207 1003 3425 1060 codices

1829 1083 2188 1156 refragantur.
2244 1086 2357 1144 Non
2401 1088 2719 1144 Vaticanum
2748 1105 2894 1145 anno
2921 1092 3060 1149 1806
3081 1135 3095 1159 ,
3124 1094 3216 1150 ubi
3246 1096 3297 1149 in
3331 1111 3423 1152 ca-

1828 1179 2074 1235 lendario
2106 1197 2293 1237 mense
2321 1183 2478 1253 aprili
2520 1199 2781 1255 expresse
2826 1186 2888 1242 S.
2921 1187 3146 1243 Zenonis-
3180 1190 3424 1263 Martyris

1829 1272 2033 1327 mentio
2063 1272 2142 1328 ﬁt.
2173 1273 2326 1341 Quod
2348 1291 2478 1331 vero
2501 1292 2688 1333 mense
2715 1279 2992 1336 decembri
3023 1281 3072 1334 in
3105 1275 3275 1352 prima
3300 1301 3395 1339 ora

1829 1364 1974 1420 tione
2001 1379 2102 1436 pro
2134 1366 2288 1422 Missa
2317 1365 2611 1424 Confessor
2653 1369 2867 1426 dicatur
2894 1414 2908 1436 ,
2957 1372 3060 1428 hoc
3101 1389 3161 1428 ea
3211 1377 3423 1433 ratione

1827 1454 2026 1512 factum
2058 1468 2176 1527 est,
2211 1461 2334 1530 quia
2384 1470 2511 1517 tunc
2541 1462 2734 1517 festum
2765 1461 3135 1522 Ordinationis
3174 1469 3423 1526 celebra-

1825 1548 2006 1614 batur,
2042 1568 2148 1608 non
2173 1553 2432 1623 Martyrii,
2459 1557 2601 1627 quod
2621 1567 2948 1614 occurrente
2975 1561 3419 1634 Quadragesima,

1826 1643 1912 1699 vel
1940 1644 2204 1703 Paschate
2233 1647 2604 1704 omittebatur.
2653 1650 2837 1722 Neque
2886 1652 3060 1709 ofﬁcit
3110 1671 3211 1711 ms.
3247 1656 3423 1714 Vero-

1827 1752 1995 1793 nense
2021 1739 2330 1795 Monasterii
2381 1741 2440 1798 S.
2475 1743 2742 1814 Spiritus,
2797 1747 2939 1816 quod
2979 1751 3185 1816 pariter
3238 1769 3424 1810 mense

171 1816 466 1885 apertissime
500 1816 760 1870 clamant.
788 1813 849 1869 Si
877 1828 1036 1886 porro
1069 1827 1132 1866 ea:
1160 1811 1239 1864 his
1266 1809 1531 1883 probabile
1553 1810 1620 1863 sit
1655 1808 1711 1865 S.

1828 1831 1985 1901 aprili
2043 1831 2101 1886 8.
2135 1831 2414 1890 Zenonem
2467 1835 2756 1908 Martyrem
2816 1849 3120 1908 memorat,
3177 1845 3426 1915 quamvis

169 1907 444 1980 Gregorium,
475 1907 598 1962 dum
626 1907 881 1962 Zenonem
905 1906 1206 1976 appellavit
1229 1903 1534 1974 Martyrem,
1569 1905 1724 1959 unius

167 2004 348 2057 nominis
371 2019 539 2058 errore
571 2002 819 2074 defecisse
843 2043 859 2067 ,
893 2001 1022 2054 nihil
1049 2010 1266 2072 prosunt
1296 1998 1454 2053 Pauli
1478 1997 1720 2065 Diaconi,

165 2095 345 2150 Joannis
371 2095 484 2148 item
511 2092 760 2158 Diaconi,
791 2091 992 2146 Rabani
1019 2091 1214 2145 Mauri.
1244 2090 1478 2145 Notkerii
1499 2093 1720 2146 testimo-

166 2189 264 2253 nia,
304 2189 478 2258 quippe
501 2204 635 2258 quos
663 2203 725 2242 ea:
753 2185 814 2242 S.
844 2184 1084 2258 Gregorii
1113 2183 1346 2257 Dialogis
1370 2186 1520 2238 sicuti
1559 2187 1720 2240 mira.

163 2281 304 2333 culum
330 2279 522 2334 Athesis
549 2321 565 2346 ,
601 2279 738 2350 quod
780 2287 1063 2332 memorant
1088 2319 1104 2344 ,
1133 2277 1208 2330 ita
1231 2287 1281 2332 et
1324 2275 1566 2348 Martyrii
1597 2279 1722 2332 lituo

163 2373 244 2426 lum
267 2351 285 2440 ,-
313 2363 448 2444 quem
486 2371 691 2427 Zenoni
728 2372 939 2442 ofﬁgunt
967 2371 1222 2425 derivasse
1260 2373 1599 2442 manifestum
1621 2379 1712 2424 est.

162 2462 320 2518 Eadem
355 2466 548 2520 ratione
578 2464 770 2518 cadunt
799 2464 951 2518 etiam
987 2465 1156 2517 caeteri
1189 2463 1498 2533 posteriores
1543 2461 1713 2517 Wan-

160 2557 391 2621 delbertus,
419 2557 714 2624 Usuardus,
737 2568 828 2612 aut
851 2559 1020 2626 potius
1038 2555 1266 2612 Usuardi
1287 2557 1714 2622 additamentum,

158 2662 195 2705 et
210 2652 380 2707 Adonis
407 2652 658 2707 Auctores
684 2663 732 2706 et
759 2652 890 2719 alii,
933 2651 1022 2720 qui
1042 2650 1221 2716 afferri
1247 2651 1410 2706 solent
1437 2692 1451 2715 ,
1481 2666 1610 2722 quos
1638 2651 1718 2724 vel

159 2760 206 2798 es
223 2744 274 2800 S.
303 2745 560 2817 Gregorio,
596 2749 673 2800 uel
697 2762 764 2800 ea:
788 2745 906 2799 aliis
931 2742 1165 2815 Gregorii
1188 2745 1397 2800 asseclis
1422 2744 1714 2815 profecisse,

157 2843 253 2896 satis
274 2843 496 2897 credibile
523 2850 602 2897 est
638 2843 654 2911 (
683 2841 837 2909 Apud
862 2839 1001 2894 Ball.
1033 2839 1087 2893 d.
1117 2837 1260 2894 Diss.
1308 2840 1343 2894 ὅ
1369 2880 1383 2906 ,
1409 2855 1524 2909 cap.
1560 2837 1589 2910 §
1617 2838 1650 2892 2
1671 2839 1712 2910 ).

157 2933 211 2986 At
234 2944 324 2989 stat
347 2935 517 2991 adhuc
549 2936 764 3006 integra
788 2933 845 2990 S.
871 2931 1121 3003 Gregorii
1150 2933 1217 2986 de
1245 2930 1500 3003 Martyrio
1524 2930 1580 2986 S.
1607 2929 1714 2986 Ze-

155 3028 284 3082 nonis
315 3029 536 3085 assertio
564 3067 581 3095 ,
635 3037 691 3085 et
719 3027 1054 3097 reliquorum
1084 3039 1216 3097 ergo
1257 3023 1584 3094 scriptorum
1611 3024 1715 3080 sub

157 3128 276 3175 tanto
298 3121 424 3180 duce
453 3123 681 3178 minime
703 3129 855 3177 nutat
887 3121 1202 3176 auctoritas.
1237 3118 1354 3188 Qua
1385 3134 1518 3174 vero
1546 3119 1716 3173 ratio-

1829 1922 1917 1976 die
1941 1923 2341 1981 Translationis
2369 1969 2382 1992 ,
2418 1936 2472 1982 et
2501 1928 2868 1986 Ordinationis
2898 1933 3279 1992 Contessorem
3326 1954 3426 1994 no-

1826 2016 1998 2073 minet
2025 2034 2086 2074 ea
2125 2020 2336 2076 ratione
2363 2065 2377 2088 ,
2411 2039 2515 2093 qua
2557 2039 2742 2094 supra.
2791 2025 2906 2082 Hoc
2952 2029 3003 2082 in
3037 2029 3424 2090 Ecclesiastico

1825 2112 2007 2169 ol'licio
2034 2115 2258 2170 minime
2287 2118 2556 2173 insuetum
2586 2119 2757 2176 videri
2790 2121 2974 2188 debet,
3005 2139 3125 2179 cum
3151 2134 3204 2181 et
3233 2127 3286 2182 in
3319 2127 3426 2183 Na-

1825 2206 2031 2263 tivitate
2059 2208 2116 2264 8.
2150 2210 2377 2266 Joannis
2407 2212 2664 2282 Baptista:
2684 2255 2699 2280 ,
2732 2224 2787 2270 et
2816 2215 2870 2271 in
2901 2217 3156 2274 cathedra
3212 2221 3270 2276 S.
3325 2222 3425 2278 Pe-

1828 2300 1892 2353 tri
1921 2342 1934 2365 ,
1965 2309 2020 2354 et
2050 2301 2317 2370 Romana,
2352 2313 2407 2358 et
2435 2303 2800 2372 Antiocliena,
2843 2318 2896 2363 et
2929 2310 2980 2363 in
3012 2311 3150 2366 festo
3179 2311 3236 2368 8.
3259 2307 3424 2369 Joan-

1824 2391 1909 2445 nis
1932 2392 2291 2464 Evangelistte
2320 2395 2515 2453 eodem
2559 2401 2721 2454 modo
2765 2401 2886 2456 sine
2909 2401 3426 2462 commemoratione

1823 2491 2072 2562 martyrii
2099 2501 2288 2561 agatur
2313 2509 2501 2550 eorum
2534 2495 2727 2550 festum
2761 2539 2774 2562 ,
2815 2497 2941 2553 licet
2973 2499 3023 2553 in
3054 2500 3422 2559 deeollatione

1823 2580 2118 2640 S.Joannis
2150 2585 2428 2656 Baptistae,
2459 2598 2514 2643 et
2545 2590 2596 2642 in
2626 2590 2776 2644 festis
2805 2589 2862 2647 8.
2894 2589 3076 2659 Petri,
3107 2594 3230 2650 etS.
3252 2595 3420 2650 Joan-

1821 2674 1904 2730 nis
1944 2685 2068 2732 ante
2096 2687 2302 2747 portam
2346 2679 2566 2735 latinam
2598 2725 2611 2748 ,
2646 2683 2888 2754 martyrii
2915 2685 3188 2741 recolatur
3215 2703 3421 2744 memo-

1819 2765 1922 2821 ria.
1954 2767 2186 2825 Maxime
2206 2786 2339 2825 vero
2368 2772 2498 2826 illud
2535 2773 2828 2828 notandum
2859 2786 2940 2829 est
2968 2818 2982 2843 ,
3014 2777 3156 2846 quod
3203 2781 3417 2836 Domini

1821 2858 2092 2915 Balierinii
2126 2872 2390 2918 testantur
2418 2864 2470 2918 in
2503 2864 2874 2922 admonitione
2914 2870 2981 2922 ad
3042 2869 3377 2927 Monumenta
3399 2890 3416 2929 :

1819 2953 2029 3010 scilicet
2079 2954 2293 3011 Missam
2343 2973 2439 3028 pro
2485 2959 2622 3014 testo
2663 2960 3034 3019 Ordinationis
3084 2963 3142 3020 S.
3185 2966 3421 3024 Zenonis

1818 3047 2136 3118 dispositam
2167 3050 2268 3121 legi
2321 3052 2482 3106 etiam
2512 3053 2564 3106 in
2592 3053 2714 3107 aliis
2742 3053 2896 3110 festis
2917 3098 2931 3120 ,
2965 3066 3018 3112 et
3049 3057 3291 3132 Martyrii
3319 3101 3333 3125 ,
3365 3069 3422 3116 et

1819 3139 2234 3197 Translationis.
2269 3141 2397 3198 Htec
2425 3163 2626 3218 quoque
2648 3145 2813 3203 Missa
2841 3152 3051 3215 ponitur
3072 3155 3156 3207 die
3199 3170 3288 3208 vm
3333 3156 3422 3208 de-

153 3228 207 3268 Πθ
233 3222 365 3270 ῑθηιο
380 3215 574 3272 ardore
594 3215 952 3286 Proclamamo
978 3213 1272 3283 Scriptores
1293 3226 1483 3311 omn-ef“
1497 3209 1711 3311 Sﬂ-Gre’
1739 3217 1784 3281 C
1817 3235 2031 3289 cembris
2052 3236 2147 3291 sub
2173 3236 2266 3291 hoc
2291 3238 2440 3292 titulo
2465 3255 2483 3292 :
2515 3237 2786 3295 Dedicatio
2816 3241 2880 3297 S.
2913 3242 3137 3299 Zenonis
3164 3287 3177 3311 ,
3233 3264 3324 3302 nec
3368 3248 3422 3302 in

153 3309 275 3376 gorio
302 3311 648 3378 posteriores,
681 3309 759 3363 uel
783 3325 848 3363 ea;
871 3306 1145 3379 Gregorio,
1168 3306 1248 3361 vel
1273 3323 1337 3361 ea:
1367 3305 1485 3360 aliis
1518 3304 1713 3376 Grego-

151 3401 202 3454 rii
222 3405 405 3458 asseclis
433 3405 718 3477 profecisse
741 3406 766 3459 Ξ)
793 3403 932 3458 Num
958 3402 1154 3457 Paulus
1175 3402 1465 3468 Diaconus,
1495 3411 1553 3455 iit
1582 3399 1711 3454 alibi

151 3495 520 3554 observavimus
548 3541 565 3566 ,
588 3497 824 3553 Verona}
865 3498 1002 3552 adeo
1034 3497 1265 3562 vicinus,
1298 3496 1504 3550 nullum
1538 3495 1708 3549 alium

150 3603 237 3659 pra:
257 3593 414 3647 oeulis
440 3592 634 3648 habuit
659 3607 754 3648 sua
783 3592 834 3646 in
869 3590 1094 3647 historia
1122 3589 1519 3653 concinnanda,
1547 3592 1708 3660 quam

148 3679 193 3736 S.
217 3682 437 3754 Gregorii
470 3684 768 3754 Dialogos?
817 3683 996 3753 Ipsum
1031 3697 1262 3753 namque
1285 3681 1512 3736 Paulum
1552 3682 1707 3751 jussu

147 3773 290 3831 Caroli
331 3776 500 3850 Magni
536 3777 827 3834 Leotiones
855 3776 1178 3831 Sanctorum
1230 3790 1328 3844 pro
1381 3774 1544 3828 t0tius
1575 3772 1708 3827 anni

147 3864 512 3926 Festivitatibus
559 3869 846 3925 ordinasse
893 3867 1207 3937 Sigebertus
1257 3875 1519 3931 testatur;
1568 3866 1708 3922 alios

146 3956 292 4031 itaque
312 3949 504 4032 praeter
534 3959 858 4033 Gregorium
889 3959 1040 4022 vidit.
1076 3970 1128 4014 et
1159 3957 1488 4014 Veronensis
1522 3957 1708 4014 Est-le-

144 4051 219 4107 site
241 4054 471 4113 instituta
503 4057 587 4112 illi
635 4064 914 4126 comperta
951 4054 1120 4111 fuere.
1172 4054 1512 4125 Quapropter
1555 4055 1601 4109 si
1643 4053 1702 4109 S.

143 4143 395 4221 Gregorius
433 4154 490 4208 in
530 4151 859 4224 appellando
891 4151 1124 4222 Martyre
1152 4149 1211 4206 S.
1240 4149 1458 4214 Zenone
1498 4149 1699 4220 decep-

143 4251 209 4296 lus
248 4257 380 4304 esset
423 4256 616 4306 contra
648 4247 976 4303 Veronensis
1006 4245 1266 4301 Ecclesia:
1312 4245 1656 4301 traditionem
1687 4284 1703 4312 ,

139 4334 258 4394 illius
281 4356 522 4399 errorem
571 4342 908 4416 corgexisset
937 4341 1118 4411 potius
1145 4381 1160 4406 ,
1210 4340 1295 4395 vel
1344 4340 1707 4410 praeteriisset

139 4430 322 4490 silentio
349 4436 542 4493 saltem
569 4477 587 4502 ,
621 4450 727 4490 non
757 4435 910 4490 illum
937 4447 1049 4488 suae
1079 4431 1396 4487 assertionis
1423 4431 1706 4487 laudasset

135 4537 400 4584 auctorem.
439 4530 496 4586 Si
529 4543 662 4600 ergo
689 4526 951 4591 laudavit,
980 4540 1103 4580 vera
1133 4523 1301 4578 tuisse
1328 4538 1446 4593 qua:
1491 4522 1548 4578 8.
1573 4521 1706 4579 Gre-

1815 3344 1873 3382 eo
1904 3327 2106 3383 Missali
2128 3329 2244 3384 alia:
2274 3329 2450 3385 Missa:
2477 3332 2602 3385 alibi
2625 3332 2826 3406 uspiam
2871 3333 2934 3388 de
2958 3336 3018 3393 8.
3043 3337 3249 3392 Zenone
3276 3357 3422 3406 repe-

1814 3419 2045 3475 riuntur.
2080 3421 2362 3492 Pr0pterea
2381 3425 2520 3492 quod
2542 3441 2659 3479 cum
2683 3427 2791 3481 haec
2816 3429 2923 3483 dies
2954 3445 3002 3484 vi
3050 3428 3182 3486 ldus
3221 3432 3421 3487 decent-

1813 3512 1918 3566 bris
1944 3515 2112 3584 prima
2133 3516 2198 3569 sit
2225 3532 2288 3570 ea:
2314 3515 2420 3570 illis
2443 3517 2625 3583 tribus,
2659 3535 2772 3589 qua:
2800 3519 2862 3576 S.
2885 3520 3084 3576 Zenoni
3109 3536 3421 3581 consecrata:

1811 3616 1933 3660 sunt
1968 3607 1986 3678 (
2014 3606 2226 3662 Missale
2255 3609 2389 3662 enim
2431 3610 2617 3678 incipit
2652 3613 2715 3665 ab
2754 3612 2991 3668 Adventu
3020 3619 3058 3684 ),
3082 3608 3195 3672 hinc
3243 3619 3420 3674 eadem

1813 3700 1978 3756 Missa
2003 3703 2120 3757 aliis
2148 3721 2350 3774 quoque
2376 3704 2556 3761 diebus
2582 3707 2857 3778 legebatur.
2876 3709 3057 3776 Quare
3089 3713 3283 3769 mirum
3309 3731 3416 3770 non

1811 3806 1917 3862 est,
1949 3797 1992 3851 si
2022 3797 2074 3852 in
2102 3799 2464 3867 orationibus,
2493 3816 2611 3870 qua:
2642 3802 2694 3856 in
2726 3816 2789 3855 ea
2807 3803 3196 3862 describuntur
3219 3825 3414 3864 nomen

1809 3889 2061 3960 Martyris
2094 3906 2200 3947 non
2225 3894 2526 3961 reperiatur
2550 3934 2564 3958 ,
2617 3909 2739 3949 cum
2787 3910 2885 3966 pro
2913 3896 3077 3953 Festo
3109 3898 3418 3957 Ordinatio-

1810 3983 1896 4039 nis
1943 3984 2104 4040 luerit
2145 3985 2503 4054 concinnata;
2549 3997 2603 4043 et
2652 3989 2703 4044 in
2738 3990 2859 4045 aliis
2887 3990 3064 4048 Festis
3098 3995 3272 4050 facilis
3300 4007 3418 4052 erat

1809 4078 2038 4133 mutatio
2070 4078 2226 4134 unius
2263 4079 2500 4135 nominis
2526 4122 2542 4149 ,
2576 4098 2772 4152 nempe
2805 4082 3129 4156 Confrssoris
3169 4087 3223 4142 in
3270 4088 3416 4144 Mar-

1812 4171 1977 4242 tyris,
2027 4173 2232 4246 absque
2280 4189 2347 4239 eo
2388 4174 2532 4246 quod
2561 4176 2775 4234 rubrica
2817 4177 3071 4236 distincta
3120 4181 3172 4237 id
3221 4193 3415 4242 notare

1810 4284 1949 4339 opus
1980 4280 2149 4326 esset.

1814 4404 1842 4478 §
1876 4405 1964 4460 lV.
2013 4405 2091 4461 De
2129 4405 2426 4463 Traditione
2455 4419 2500 4464 et
2529 4425 2626 4466 ms.
2670 4412 2894 4478 antiquis
2958 4412 3205 4472 Ecclesiae
3255 4417 3415 4475 Vero-

1811 4502 1980 4556 nensis
2005 4511 2056 4556 et
2101 4500 2466 4569 Pistoriensis,
2510 4507 2641 4574 festa
2669 4503 2730 4560 S.
2761 4504 2987 4562 Zenonis
3028 4510 3414 4571 celebrantium.

136 4623 288 4688 prius
313 4625 580 4690 asseruit,
629 4630 686 4678 ει
713 4638 812 4676 δυο
857 4629 1104 4684 tempore
1133 4630 1329 4674 octavo
1376 4619 1705 4696 decurrente
1733 4615 1783 4674 D
1881 4613 2146 4669 Fatentur
2201 4615 2412 4670 Domini
2456 4615 2736 4672 Ballerinii
2800 4619 2856 4674 in
2903 4634 3242 4692 argumentis
3290 4645 3412 4698 qua:

134 4715 302 4771 Saecula
338 4716 629 4786 comperit.
687 4715 826 4772 Num
870 4713 1290 4769 Wandelbertus
1316 4753 1330 4777 ,
1385 4710 1662 4766 Usuardus
1686 4752 1702 4778 ,

135 4805 233 4862 Atio
255 4850 269 4874 ,
293 4811 521 4866 multum
552 4813 680 4867 licet
707 4826 738 4864 a
771 4809 980 4866 Verona
1025 4808 1294 4863 distantes
1319 4850 1333 4871 ,
1364 4809 1446 4862 vel
1477 4806 1706 4863 Usuardi

134 4901 598 4972 additamentorum,
631 4917 684 4960 et
710 4905 906 4960 Adonis
936 4915 1170 4959 auctores
1189 4904 1277 4958 uni
1301 4902 1566 4974 Gregorio
1589 4913 1705 4956 stn-

133 4993 380 5054 dueruut?
407 5002 482 5055 At
510 5015 616 5071 qua
647 4999 857 5054 ratione
883 4997 935 5054 id
966 4998 1180 5053 suaderi
1209 4997 1428 5067 potest?
1457 4997 1561 5065 Qui
1588 4997 1706 5050 sim-

131 5102 204 5145 mo
226 5106 340 5148 cum
378 5093 525 5150 edita
580 5093 758 5149 omnia
788 5091 1145 5148 celebriornm
1176 5099 1458 5144 auctorum
1505 5089 1707 5160 Marty-

131 5185 307 5257 rologia
341 5189 393 5242 in
437 5186 824 5256 compellando
866 5185 1105 5256 Martyre
1135 5184 1194 5240 S.
1223 5181 1440 5240 Zenone
1480 5198 1706 5238 conetur-

129 5274 254 5343 dent,
280 5285 400 5352 quis
431 5282 485 5336 in
509 5280 750 5336 animum
779 5280 880 5335 sibi
911 5279 1380 5346 inducerepOtest,
1415 5285 1472 5330 ut
1491 5276 1702 5342 credat,

132 5384 280 5440 nerine
321 5391 387 5432 ex
441 5375 512 5430 iis
573 5390 736 5429 unum
792 5373 1036 5444 Gregorii
1091 5387 1334 5428 errorem
1399 5371 1706 5439 deprehen-

130 5463 272 5537 disse,
300 5469 630 5526 adversante
655 5470 996 5539 potissimum
1024 5466 1043 5539 (
1068 5477 1128 5522 ut
1154 5476 1372 5538 putatur
1397 5466 1415 5536 )
1449 5467 1704 5522 Ecclesia:

130 5556 434 5622 Veronensis
482 5565 876 5621 consuetudine
903 5563 1214 5620 celebrandi
1250 5561 1468 5617 Festum
1501 5560 1561 5617 8.
1603 5558 1706 5616 Ze-

129 5658 266 5716 nonis
289 5661 392 5718 ritu
416 5660 786 5724 Ctmfessoris,
815 5649 923 5716 non
951 5673 1081 5714 vero
1110 5657 1357 5730 Martyris
1379 5658 1402 5712 ?
1427 5656 1536 5711 lloc
1570 5672 1706 5726 prae-

129 5751 264 5820 eipue
290 5757 356 5814 de
384 5759 452 5813 iis
481 5755 770 5812 dicendum
803 5764 927 5821 est,
955 5755 1046 5824 qui
1084 5752 1318 5810 Usuardi
1341 5792 1357 5819 ,
1403 5760 1459 5808 et
1501 5749 1706 5806 Adonis

125 5840 590 5924 HartyrologiisS.
617 5848 856 5906 Zenonis
885 5862 1086 5904 nomen
1129 5847 1299 5904 veluti
1329 5844 1584 5917 martyris
1609 5844 1707 5900 ad-

551 5944 822 6006 ΡΑΤιιοι..
874 5942 964 6005 Xl
978 5989 991 6003 .

1815 4717 2004 4762 contra
2035 4705 2093 4761 S.
2123 4705 2358 4761 Zenonis
2381 4705 2692 4777 Martyrium
2722 4709 2984 4776 referunt,
3012 4715 3258 4770 Paschali
3277 4731 3413 4774 tem-

1814 4814 1966 4870 pore,
1999 4815 2191 4868 nempe
2211 4799 2369 4868 aprili
2415 4815 2621 4862 mense.
2655 4817 2760 4872 quo
2803 4803 3040 4877 Martyrii
3081 4809 3135 4864 S.
3175 4808 3411 4868 Zenonis

1814 4894 2072 4950 memoria
2103 4894 2409 4949 celebratur
2431 4935 2445 4960 ,
2488 4893 2814 4962 antiphonas
2844 4908 2899 4952 et
2933 4899 3285 4969 Evangelium
3333 4905 3410 4958 in-

1810 4987 1983 5044 dicari
2029 4987 2097 5044 de
2141 4989 2410 5043 communi
2453 4987 2768 5060 Martyrum.
2826 4989 3026 5061 Negavi
3051 4994 3262 5063 quidem
3306 5013 3410 5053 non

1809 5090 1994 5152 potest,
2018 5081 2328 5150 antiphonas
2353 5077 2529 5134 Missis
2559 5079 2620 5136 S.
2642 5080 2864 5136 Zenonis
2892 5099 2984 5153 pro
3015 5082 3260 5141 Paschali
3287 5098 3410 5144 tent-

1806 5191 1930 5248 pore
1959 5177 2013 5229 in
2043 5175 2235 5244 Carpso
2264 5173 2510 5246 (Martyr.
2535 5186 2703 5243 antur.
2738 5192 2830 5232 seu
2868 5179 3064 5234 rituale
3101 5179 3229 5235 Ver.
3262 5185 3411 5243 Eccl.

1806 5270 1885 5325 sic
1908 5270 2064 5338 dict.)
2089 5270 2362 5327 indicatus.
2405 5283 2497 5322 nec
2525 5285 2625 5323 non
2650 5267 2990 5339 Evangelium
3021 5275 3256 5347 ejusdem
3278 5268 3411 5333 tem—

1809 5366 1949 5436 poris
1973 5364 2168 5418 duobus
2184 5364 2237 5418 in
2257 5364 2373 5418 aliis
2393 5363 2654 5418 codicibus
2669 5363 2979 5437 descriptum
2999 5370 3255 5438 ejusmodi
3279 5386 3409 5438 esse,

1812 5475 1928 5529 qua!
1956 5475 2043 5524 per
2067 5457 2122 5512 id
2147 5470 2345 5528 tempus
2375 5455 2438 5509 de
2462 5455 2778 5527 Martyribus
2805 5458 2908 5513 dici
2921 5461 3106 5515 solent.
3142 5462 3285 5517 Idem
3319 5466 3414 5520 ob-

1814 5569 2036 5612 servare
2067 5562 2152 5609 est
2182 5556 2233 5607 in
2266 5568 2366 5606 ms.
2418 5549 2710 5606 Codicibns
2752 5553 3012 5610 Ecclesiae
3050 5557 3206 5622 hujus
3237 5558 3416 5614 Pisto-

1813 5652 2033 5714 riensis,
2088 5665 2208 5719 qua:
2259 5647 2370 5718 jam
2412 5646 2760 5701 exhibuimus
2815 5647 2912 5704 lib.
2965 5649 3034 5705 de
3068 5649 3410 5722 MartyrioS.

1815 5744 2070 5810 ZultOttis,
2096 5759 2216 5814 cap.
2234 5741 2294 5811 2,
2322 5740 2416 5797 sed
2450 5752 2504 5796 et
2535 5743 2586 5794 in
2612 5739 2890 5810 VeSperis,
2925 5752 2979 5799 et
3008 5746 3058 5799 in
3095 5745 3368 5806 Laudibus
3399 5793 3413 5819 ,

1814 5855 1937 5914 quae
1966 5839 2275 5895 indicantur
2303 5835 2373 5892 de
2403 5835 2689 5892 Communi
2720 5834 3014 5908 Martyrum
3047 5849 3294 5914 tempore
3316 5845 3389 5903 Pa
