3902 6324
511 291 615 351 747
1047 346 1058 359 ,
1275 291 1367 349 DE
1404 289 1727 350 OPINIONE
1766 285 2133 346 B.\LLERIN.
2176 286 2576 361 CIRCAiZEN.
2619 290 3036 351 MARTYBIUM
3644 303 3722 363 718

506 409 703 468 scitali.
754 405 907 479 Quod
938 404 1184 464 Panvinii
1224 421 1467 463 errorem
1513 405 1790 471 declarat,
1823 403 2123 459 asserentis
2150 405 2206 466 Α
2229 401 2298 458 tis
2322 395 2508 461 Fidem
2539 404 2771 476 professi
2800 404 3014 463 fuerant
3035 448 3050 474 ,
3078 406 3334 479 sanguine
3373 407 3487 466 licet
3522 425 3575 468 ac
3594 428 3729 475 morte

511 512 637 559 ante
667 503 1056 574 Lippomanum
1093 499 1463 556 Veronensem
1502 488 1801 555 Ecclesium
1841 496 1898 553 S.
1929 494 2143 567 Zeno-q
2217 496 3732 576 martyriumnonconsummassenLDebisigiturintelligenda

515 612 639 654 nem
679 592 1023 652 Coufessoris
1068 593 1220 649 cultu
1248 592 1642 648 ecclesiasticis
1689 590 1743 645 in
1785 589 1982 646 ciliciis
2020 603 2116 645 co—

516 690 702 747 luisse.
752 690 975 745 Constat
1022 687 1224 744 etenim
1271 701 1337 742 ex
1383 686 1636 756 superius
1662 683 1941 752 adductis,
1991 690 2118 741 ante

515 783 906 853 Lippomanum
938 779 1310 835 Veronensem
1335 821 1348 845 ,
1397 788 1454 835 et
1492 779 1887 834 Pistoriensem
1931 777 2120 834 Eccle-

515 877 651 932 siam
695 875 802 929 ritu
852 875 1102 945 Martyris
1131 870 1328 927 festum
1362 870 1420 927 S.
1451 870 1689 927 Zenonis
1737 869 1894 941 aprili
1932 883 2121 926 mense

514 969 843 1026 celebrasse.
892 970 961 1022 At
986 967 1055 1025 de
1085 966 1187 1023 hoc
1212 964 1333 1021 vide
1359 980 1484 1036 qua:
1526 963 1764 1019 diximus
1789 962 1939 1021 dicto
1980 963 2121 1019 libro

517 1068 781 1129 secundo,
811 1076 931 1130 cap.
964 1059 1018 1116 6.

586 1155 957 1211 Traditionem
1016 1144 1155 1210 hanc
1199 1152 1421 1209 eludere
1461 1160 1730 1209 conantur
1789 1151 1881 1224 qui
1929 1160 2119 1207 contra

516 1250 759 1306 sentiunt
781 1289 795 1315 ,
826 1249 1115 1317 opinantes
1141 1247 1439 1318 antiquitus
1469 1246 1715 1304 Pascltali
1745 1256 1994 1317 tempore
2022 1261 2122 1303 eas

520 1343 881 1425 Antipltonas,
912 1352 966 1399 et
994 1342 1281 1413 Evangelia
1313 1341 1635 1414 lllartyribus
1671 1350 1725 1398 ct
1778 1340 2123 1397 Confessori-

519 1440 620 1495 bus
646 1438 813 1497 fuisse
840 1437 1166 1513 communia
1206 1455 1219 1494 :
1265 1436 1407 1509 quod
1455 1438 1687 1508 probare
1731 1436 1978 1491 nituntur
2025 1435 2126 1489 bac

518 1534 827 1604 conjectura
856 1550 869 1586 :
922 1530 1075 1587 Enim
1100 1548 1217 1587 vero
1244 1531 1298 1586 in
1338 1532 1570 1599 antiquis
1614 1529 1897 1585 Missurum
1928 1528 2071 1583 libris
2096 1544 2127 1582 α

525 1624 820 1682 Venerabili
867 1624 1136 1681 Cardinali
1185 1624 1464 1679 Thomasio
1521 1624 1670 1679 editis
1718 1622 1832 1676 haec
1883 1622 2126 1676 rubrica:

523 1722 611 1780 «ιιι
635 1722 909 1781 communi
943 1722 1098 1777 unius
1129 1718 1407 1792 Martyris,
1442 1718 1525 1775 vel
1556 1716 1931 1775 Confessorlsr
1963 1731 2129 1785 appo-

2217 586 2431 643 rubrica
2478 597 2581 644 est.
2633 588 2981 647 Potissimum
3042 607 3174 647 vero
3211 607 3329 649 cum
3360 594 3476 650 olim
3504 594 3734 658 Conicsso-

2218 681 2294 737 ris
2338 691 2394 736 et
2446 681 2693 755 Martyris
2722 700 2920 739 nomen
2953 698 3312 758 synonymum
3340 687 3493 745 fuisse
3510 692 3732 765 videatur,

2224 785 2280 832 ut
2314 776 2365 832 in
2389 776 2592 833 Missali
2615 777 2846 859 Gothico
2876 780 2944 836 ab
2979 779 3170 837 eodem
3197 779 3603 841 Eminentissimo
3627 787 3737 846 Tho-

2223 873 2397 927 masio
2423 872 2594 941 edito,
2621 873 2709 928 ubi
2736 872 2789 929 iu
2815 873 3049 930 collecta
3074 874 3168 931 SS.
3200 875 3452 935 Ferreoli
3487 887 3536 937 et
3558 879 3736 941 Ferruc-

2220 964 2395 1021 cionis
2426 965 2502 1020 sic
2530 964 2934 1039 legitur:Deus.
2967 970 3118 1042 cujus
3147 984 3321 1025 amore
3350 971 3546 1035 piissimi
3571 973 3737 1047 Confes-

2221 1074 2363 1113 sores
2405 1067 2450 1113 et
2483 1057 2742 1130 Martyres
2768 1060 2841 1114 tui
2878 1059 3146 1127 Ferreoli,
3176 1072 3224 1115 et
3248 1060 3584 1120 Ferruccionis
3600 1082 3740 1123 cruore

2223 1152 2503 1218 adserunt,
2551 1162 2599 1208 et
2646 1162 2809 1209 morte
2854 1153 3205 1221 conﬁrmant;
3263 1156 3351 1227 qui
3395 1155 3508 1211 dum
3549 1158 3627 1214 tibi
3668 1170 3742 1215 tam

2225 1243 2438 1300 libenter
2489 1256 2747 1319 sumptum
2793 1262 2825 1299 α
2872 1254 2920 1301 te
2963 1247 3079 1302 vita:
3130 1264 3315 1304 manus
3343 1248 3627 1321 impendunt,
3663 1262 3742 1311 etc.

2228 1335 2295 1391 Et
2334 1338 2385 1391 in
2420 1336 2860 1393 Sacramentario
2884 1337 2943 1393 S.
2971 1337 3217 1409 Gregorii
3262 1340 3319 1396 S.
3350 1340 3563 1397 Donatus
3594 1343 3744 1418 Martyr

2226 1428 2514 1500 episcopus
2546 1430 2797 1486 Aretinus
2818 1472 2833 1497 ,
2876 1432 3034 1487 titulo
3063 1430 3403 1489 Confessoris
3424 1433 3742 1509 distinguitur:

2229 1520 2291 1578 8.
2335 1520 2659 1593 Confessoris
2721 1532 2769 1577 et
2819 1521 3069 1597 Episcopi
3102 1526 3177 1581 tui
3223 1525 3431 1583 Donati.
3478 1526 3606 1584 idem
3640 1539 3750 1586 notat

2226 1614 2488 1671 Sollcrius
2518 1615 2571 1671 in
2602 1616 2989 1672 observatione
3023 1617 3089 1672 ad
3138 1627 3345 1675 textum
3385 1619 3593 1676 Usuardi
3627 1622 3750 1694 septi-

2229 1723 2319 1764 mo
2345 1707 2469 1764 ldus
2500 1708 2750 1782 Augusti,
2786 1727 2980 1782 nempe
3002 1712 3254 1769 eumdem
3286 1715 3342 1770 S.
3370 1713 3629 1783 Donatum,
3659 1730 3749 1772 cum

512 1817 618 1879 sita
648 1815 834 1889 legitur
861 1824 967 1869 tum
1008 1814 1064 1868 in
1091 1812 1468 1884 Antiphonario
1522 1828 1615 1882 pro
1652 1811 1828 1882 officio
1886 1808 2127 1879 temporis
2157 1808 2204 1869 B
2234 1806 2284 1861 in
2314 1807 2710 1879 Martyrologiis
2742 1808 3059 1864 notissimus
3087 1810 3157 1864 sit
3187 1810 3388 1882 Murtyr
3411 1853 3424 1876 ,
3467 1811 3513 1867 in
3538 1812 3753 1871 nonnullis

522 1907 959 1981 Paschalis,pag.
986 1906 1117 1971 981,
1141 1915 1247 1960 tum
1278 1905 1331 1960 in
1356 1904 1839 1977 Lectionario,pay.
1871 1901 1975 1969 80,
2019 1909 2128 1955 tum

514 2003 569 2058 in
596 2000 884 2074 Capitulari
901 1998 1323 2071 Evangeliorum,
1355 2013 1480 2070 pag.
1504 1996 1635 2062 217,
1657 2005 1704 2050 et
1735 1997 1790 2049 id
1810 1997 1984 2066 ipsum
2001 2009 2124 2059 quo-

519 2113 616 2162 que
642 2103 851 2169 notatur
876 2095 930 2147 in
954 2092 1378 2163 Rcsponsoriale,
1422 2101 1471 2145 et
1500 2088 1876 2161 Antiphonario
1904 2104 1998 2157 pro
2032 2087 2128 2161 0f-

522 2188 642 2259 ﬁcio
668 2186 913 2254 temporis
946 2183 1235 2250 Paschalis,
1269 2200 1391 2257 pag.
1417 2183 1523 2238 514
1543 2224 1559 2247 ,
1580 2192 1629 2241 et
1662 2198 1754 2253 pro
1784 2181 1960 2252 ofﬁcio
1984 2195 2127 2234 cont-

520 2282 684 2347 ntuni,
711 2297 832 2350 pag.
857 2280 987 2345 561,
1017 2279 1147 2333 adeo
1170 2276 1378 2348 utquod
1395 2293 1458 2331 ea:
1478 2276 1531 2329 id
1556 2277 1757 2349 generis
1780 2264 2089 2344 Antip'ltonis
2109 2316 2124 2341 ,

520 2384 569 2429 et
595 2372 893 2443 Evangeliis
932 2373 1127 2427 eruitur
1152 2381 1515 2441 argumentum
1549 2368 1617 2422 ad
1658 2367 1990 2423 statuendum
2015 2366 2129 2422 cul-

518 2476 629 2522 tum
680 2465 927 2537 Martyris
976 2465 1144 2537 potius
1211 2480 1364 2534 quant
1400 2461 1722 2532 Confessoris
1777 2461 1981 2517 traduci
2023 2477 2128 2515 non

521 2564 703 2637 possit.
728 2560 879 2617 Illud
905 2571 1074 2616 autem
1103 2559 1240 2630 quod
1281 2576 1342 2614 ea:
1368 2557 1546 2613 Missis
1575 2571 1768 2615 certum
1801 2556 1983 2612 elicere
2010 2572 2131 2626 pos-

518 2673 697 2714 sumus
723 2657 892 2712 cultus
917 2653 1286 2718 testimonium,
1311 2661 1430 2707 sunt
1453 2650 1737 2715 orationes,
1767 2650 1846 2721 vel
1873 2648 2129 2723 graduale

518 2750 903 2819 responsorium
929 2790 943 2812 ,
977 2746 1023 2801 si
1050 2744 1256 2814 quidem
1285 2744 1553 2815 proprium
1580 2742 1760 2799 Sancti
1780 2757 1963 2797 nomen
1993 2756 2129 2810 prte-

518 2845 673 2914 [erat.
732 2841 832 2897 Ubi
870 2842 1004 2896 enim
1030 2839 1279 2908 Martyris
1306 2879 1320 2902 ,
1361 2838 1438 2891 vel
1467 2836 1792 2901 Conlessorts
1820 2835 2002 2890 titulus
2029 2849 2124 2889 no-

518 2936 647 2990 mini
678 2933 888 3007 prOprio
913 2931 1144 2993 additus,
1174 2939 1348 2985 utrum
1370 2927 1671 3000 Confessor,
1704 2943 1771 2981 an
1802 2925 2009 2998 Martyr
2031 2926 2126 2979 Ita-

522 3031 657 3085 bitus
685 3029 864 3101 fuerit,
895 3034 999 3079 tute
1018 3023 1299 3098 judicabit.
1336 3022 1525 3076 Omnes
1550 3038 1667 3075 vero
1690 3021 1948 3076 orationes
1997 3035 2127 3089 quas

521 3122 573 3176 in
602 3136 693 3176 sea:
713 3136 841 3175 mss.
882 3117 1190 3173 Veronensis
1222 3114 1471 3169 Ecclesiae
1488 3114 1663 3179 libris,
1710 3122 1759 3167 et
1788 3113 1842 3166 in
1890 3111 2127 3166 omnibus

2232 1899 2663 1973 Hieronymianis
2692 1902 3018 1973 apograpltis
3043 1901 3424 1959 Confessorem
3453 1903 3754 1961 tantummodo

2231 1995 2549 2065 nuncupari.
2595 1994 2749 2063 Quod
2790 2005 2843 2050 et
2881 1994 2934 2051 in
2967 1996 3025 2052 S.
3073 1995 3332 2053 Marcello
3360 1996 3494 2068 Papa
3517 1996 3753 2053 cstobser-

2231 2087 2460 2141 vandum
2500 2102 2606 2141 xvu
2650 2084 2761 2142 ιιτιι.
2793 2086 2926 2145 Feb.
2969 2086 3025 2143 in
3074 2086 3280 2145 Missali
3311 2090 3500 2160 quippe
3526 2107 3549 2142 a
3574 2088 3752 2145 Thoma-

2232 2181 2315 2235 sio
2347 2180 2534 2234 Bonna
2564 2178 2732 2244 edito,
2765 2179 3058 2237 Confessor
3103 2191 3159 2237 et
3196 2181 3445 2238 Pontifex
3480 2182 3649 2238 dicitur
3673 2200 3683 2235 :
3708 2182 3752 2238 S.

2232 2271 2474 2329 Marcelli
2524 2273 2844 2346 Confessoris
2896 2286 3049 2347 atque
3088 2274 3386 2347 Pontiﬁcis.
3436 2276 3502 2333 Et
3537 2276 3757 2339 inSacn-

2231 2369 2499 2425 mentario
2526 2368 2770 2439 ejusdem
2805 2369 3049 2441 Gregorii
3076 2411 3092 2435 ,
3122 2370 3362 2444 Martyr:
3406 2370 3542 2427 Beati
3577 2369 3758 2426 Marcelli

2231 2460 2483 2534 Martyris
2537 2464 2611 2516 tui
2657 2475 2808 2535 atque
2838 2462 3131 2531 Pontiﬁcis.
3181 2464 3354 2522 Sicuti
3389 2467 3539 2523 etiam
3576 2465 3625 2523 S.
3648 2465 3758 2522 Felix

2231 2554 2472 2611 Nolanus
2500 2555 2792 2629 Presbyter
2818 2564 2875 2612 et
2914 2555 3118 2630 Martyr
3144 2600 3158 2623 ,
3199 2559 3361 2615 titulo
3384 2557 3679 2615 Confessoris
3699 2558 3756 2612 ia-

2229 2647 2483 2702 scribitur
2502 2663 2591 2703 xtx
2623 2648 2748 2703 Kal.
2783 2648 2907 2704 Feb.
2943 2648 3169 2706 :Natale
3195 2648 3259 2707 S.
3282 2650 3469 2707 Felicis
3489 2650 3757 2725 Confessam.

2228 2742 2382 2819 Nulla
2423 2744 2603 2817 itaque
2632 2743 2910 2800 distinctio
2941 2746 2992 2799 in
3021 2744 3181 2800 allata
3225 2762 3257 2801 a
3285 2744 3561 2802 Tltomasio
3597 2742 3759 2800 rubrica

2229 2835 2475 2891 facienda
2504 2843 2607 2902 est,
2640 2851 2764 2891 cum
2789 2852 2984 2893 nomen
3016 2837 3272 2909 Martyris
3320 2847 3375 2894 et
3402 2836 3697 2894 Confessoris
3722 2835 3760 2889 in

2228 2929 2415 2984 eadem
2445 2929 2838 2999 significatione
2860 2931 3158 3002 antiquitus
3184 2933 3536 3005 acciperetur,
3562 2942 3609 2987 et
3636 2930 3762 2999 ipsius

2228 3022 2317 3094 qui
2352 3032 2526 3077 morte
2552 3033 3000 3080 consummarunt
3028 3025 3376 3097 martyrium,
3400 3040 3581 3083 nomen
3606 3022 3762 3080 tribua-

2231 3126 2317 3170 tur
2361 3115 2712 3172 confessoris.
2756 3116 2871 3187 Qua
2910 3116 2980 3173 de
3026 3131 3087 3174 re
3114 3116 3409 3175 manifeste
3444 3126 3600 3190 patet,
3641 3129 3759 3184 quam

522 3211 730 3284 quidem
770 3211 831 3268 8.
863 3208 1087 3273 Zenonis
1121 3207 1298 3262 Missis
1334 3206 1551 3277 inferius
1579 3204 1926 3259 describendis
1959 3202 2125 3274 legere
2152 3198 2197 3261 C
2231 3208 2348 3265 leve
2377 3210 2449 3265 sit
2477 3224 2544 3265 ex
2576 3208 2681 3265 illis
2718 3210 2949 3265 rubrica:
2989 3209 3201 3267 verbis:
3251 3209 3317 3266 In
3340 3227 3588 3267 commune
3614 3207 3764 3279 Marty-

524 3308 665 3371 licet,
690 3322 851 3360 unum
878 3302 1202 3374 Confessoris
1227 3300 1521 3371 Pontiﬁcis,
1556 3316 1659 3355 non
1686 3307 1858 3353 autem
1888 3296 2129 3368 martyris

519 3401 726 3457 titulum
760 3406 1050 3455 constanter
1082 3398 1354 3468 ingerunt,
1385 3405 1433 3448 et
1464 3392 1850 3459 responsorium
1882 3390 2133 3462 graduale

524 3497 807 3569 subjectum
837 3493 1089 3565 Epistolas
1110 3493 1226 3563 ipso
1253 3491 1307 3544 in
1328 3486 1525 3558 Carpso
1548 3487 1877 3560 designatum
1900 3500 2003 3540 non
2025 3483 2131 3539 alio

529 3589 677 3644 titulo
730 3587 966 3643 eumdem
1006 3584 1256 3640 Sanctum
1300 3581 1530 3655 appellat
1567 3596 1587 3636 :
1614 3578 1806 3639 Sancte
1853 3576 2131 3650 Canft’ssor

528 3682 695 3748 Zeno,
716 3687 821 3736 etc.
850 3678 975 3746 Quis
993 3693 1113 3747 ergo
1140 3692 1203 3732 ea:
1230 3673 1562 3742 Antiphonis,
1595 3681 1643 3728 et
1673 3670 1986 3741 Evangelia,
2015 3684 2131 3741 qua:

528 3790 623 3848 pro
652 3773 886 3843 Martyre
911 3811 924 3836 ,
951 3770 1028 3825 vel
1059 3771 1350 3839 confessore
1383 3766 1508 3821 olim
1533 3766 1829 3820 communia
1851 3765 2014 3837 fuisse
2034 3762 2128 3817 de-

529 3864 760 3938 prehend
769 3872 923 3918 untur
943 3871 1123 3915 contra
1138 3875 1432 3931 expressum
1451 3858 1741 3911 orationum
1759 3855 2127 3920 testimonium,

527 3975 621 4033 pro
648 3956 898 4029 martyrio
928 3951 1201 4008 statuendo
1229 3965 1448 4022 arguere
1475 3948 1591 4002 velit
1613 3947 1639 4001 ?
1666 3945 1834 4002 Immo
1874 3948 1994 4001 hinc
2031 3962 2129 4019 po-

520 4053 630 4123 tius
660 4049 969 4117 conﬁrmare
998 4046 1154 4109 licet,
1192 4059 1276 4096 cas
1306 4040 1627 4113 Antiphnnas
1646 4081 1660 4106 ,
1703 4050 1750 4099 et
1788 4038 2131 4110 Evangelium

527 4144 803 4203 Paschalis
835 4140 1011 4194 Missa
1051 4138 1111 4193 S.
1144 4136 1401 4199 Zeno-is,
1435 4150 1549 4203 qua:
1576 4132 1865 4204 Martyrum
1908 4133 2132 4205 propria

532 4252 670 4291 nunc
716 4234 966 4289 habentur
993 4273 1007 4297 ,
1056 4228 1444 4300 Confessoribus
1495 4227 1649 4280 etiam
1688 4226 1978 4279 communia
2006 4228 2132 4281 olim

534 4330 693 4403 fuisse
719 4369 733 4393 ,
765 4343 879 4380 cum
911 4322 1199 4395 prwsertim
1231 4322 1365 4375 idem
1395 4319 1627 4389 Carpsus
1655 4360 1670 4387 ,
1720 4329 1766 4371 et
1803 4319 1895 4373 alii
1921 4320 2131 4373 rituales

528 4421 649 4476 libri
696 4419 926 4490 ofﬁciunt
967 4418 1122 4472 etiam
1173 4413 1426 4469 Paschale
1477 4411 1537 4469 S.
1590 4410 1817 4467 Zenonis
1868 4423 2026 4467 totum
2068 4411 2134 4469 de

532 4512 837 4584 Confessore
867 4510 1121 4579 Ponti/ica
1166 4504 1489 4561 recitandum
1515 4504 1782 4560 exhibeant
1810 4544 1825 4570 ,
1859 4496 1998 4575 quod
2029 4520 2131 4559 non

2232 3305 2325 3367 ris,
2358 3305 2435 3358 vel
2473 3302 2796 3376 Confessoris
2827 3302 3130 3376 imaginari,
3162 3304 3298 3360 olim
3329 3303 3491 3361 fuisse
3513 3314 3762 3360 communes

2232 3396 2575 3470 Antiphonas
2604 3408 2657 3454 et
2690 3397 3002 3469 Evangelia,
3036 3407 3144 3454 tam
3190 3415 3297 3469 pro
3323 3397 3623 3471 Martyribus
3644 3408 3762 3467 quam

2234 3507 2335 3563 pro
2364 3492 2787 3549 Conlessoribus
2809 3490 2827 3564 (
2849 3493 3042 3549 eodem
3062 3507 3250 3560 sensu,
3277 3508 3387 3564 quo
3410 3507 3544 3549 nunc
3568 3487 3762 3557 intelligi-

2234 3592 2321 3639 tur
2347 3584 2688 3641 Conl‘essoris
2721 3582 2951 3659 nomen)
2981 3600 3104 3657 quia
3140 3585 3310 3641 modo
3339 3600 3439 3658 pro
3478 3584 3596 3642 solis
3618 3583 3765 3653 Marty-

2235 3680 2383 3736 ribus
2404 3688 2646 3751 tempore
2677 3679 2925 3735 Pascbali
2951 3690 3075 3736 sunt
3097 3679 3151 3735 in
3181 3695 3305 3736 usu.
3332 3681 3402 3737 At
3428 3693 3546 3735 vero
3566 3686 3616 3733 ut
3637 3671 3765 3730 indul-

2232 3773 2446 3843 gentius
2482 3787 2726 3842 agamus,
2753 3771 2801 3827 si
2839 3787 2941 3843 qua
2973 3770 3256 3828 distinctio
3304 3772 3445 3830 inter
3469 3785 3640 3827 nomen
3663 3765 3767 3821 Con-

2234 3863 2460 3920 fessuris
2512 3875 2567 3920 ct
2596 3864 2850 3937 Martyris
2891 3865 2943 3920 in
2985 3865 3177 3922 eadem
3228 3866 3451 3933 rubrica
3502 3856 3765 3919 admittenda

2234 3968 2339 4027 est,
2373 3961 2488 4016 haec
2517 3961 2674 4016 unica
2714 3960 2925 4021 admitti
2969 3960 3135 4017 debet
3160 3977 3174 4014 :
3198 3976 3401 4035 nempe
3430 3960 3560 4018 idem
3585 3954 3767 4014 cilicium

2236 4069 2333 4122 pro
2380 4053 2702 4125 Martyribus
2744 4052 3067 4122 dispositum
3096 4067 3391 4110 commune
3431 4053 3579 4108 fuisse
3609 4048 3663 4102 iis
3701 4039 3767 4113 qui

2238 4143 2428 4199 stricto
2455 4147 2674 4202 nomine
2700 4143 3060 4202 Cautessores
3088 4156 3487 4220 nuncupantur,
3526 4152 3690 4210 nempe
3713 4131 3767 4190 illi

2235 4240 2324 4308 qui
2375 4239 2534 4295 fidem
2575 4239 2789 4309 publice
2819 4239 3084 4308 professi,
3131 4247 3296 4312 atque
3347 4241 3505 4297 etiam
3545 4229 3766 4293 tormentis

2236 4333 2552 4395 excruciati,
2585 4326 2809 4388 crue’nta
2841 4341 3017 4389 morte
3049 4349 3156 4389 non
3182 4343 3313 4391 sunt
3346 4332 3541 4390 allecti.
3579 4329 3630 4386 iii
3665 4321 3767 4381 etin

2236 4428 2489 4495 praesenti
2532 4425 2722 4481 eodem
2759 4425 3053 4493 Martyrum
3088 4425 3271 4483 ofﬁcio
3310 4427 3571 4489 coluntur,
3607 4432 3647 4477 et
3683 4411 3767 4469 τθτί

2236 4518 2497 4590 Martyres
2530 4530 2676 4584 sunt,
2709 4530 2760 4573 ut
2788 4520 2845 4573 S.
2872 4519 3193 4585 Marcellus,
3226 4518 3287 4576 S.
3316 4518 3579 4580 Joannes,
3612 4512 3661 4568 S.
3690 4503 3769 4563 Sil-

530 4609 767 4679 [ecissent
796 4609 1046 4677 profecto,
1073 4604 1119 4659 si
1152 4601 1419 4656 Paschalis
1449 4599 1641 4665 Missa,
1669 4616 1784 4669 qua:
1811 4615 1928 4653 cum
1953 4600 2127 4670 ofﬁcio

2239 4612 2438 4676 verius,
2456 4611 2828 4669 SS.Martimts
2856 4621 2911 4666 et
2937 4612 3261 4681 Pontianus,
3305 4626 3493 4668 omnes
3520 4602 3765 4665 Pontiﬁces»

526 4702 846 4758 concordare
869 4700 1102 4765 debebat,
1141 4698 1388 4769 Martyris
1421 4698 1631 4769 propria
1667 4696 1898 4751 indicata
1927 4697 2127 4768 fuisset.

534 4798 742 4855 Novum
792 4809 1013 4865 prorsus
1073 4802 1127 4848 et
1193 4792 1489 4846 inauditum
1539 4793 1591 4846 in
1636 4792 1878 4846 Ecclesia
1907 4834 1922 4856 ,
1965 4794 2128 4847 ritum

442 4870 453 4893 ’
535 4893 928 4965 (commentum
957 4887 1133 4955 patius
1160 4884 1426 4955 dixerim)
1459 4886 1650 4941 eodem
1681 4878 1860 4941 cilicio
1887 4929 1900 4948 ,
1935 4896 1989 4941 et
2028 4900 2129 4957 pro

534 4985 857 5055 Martyribus
882 5025 895 5047 ,
936 4994 990 5035 et
1024 4995 1124 5051 pro
1152 4977 1568 5034 Cattfessbribus
1597 4979 1672 5033 uti
1723 4981 1775 5032 in
1799 4978 2129 5035 celebrando

537 5079 776 5151 Martyrii
806 5077 948 5131 festo
972 5116 987 5141 ,
1010 5074 1096 5129 vel
1128 5072 1214 5127 die
1240 5073 1419 5127 obitus
1448 5071 1810 5127 Confessoris.
1866 5072 2130 5143 Antiquo-

534 5190 654 5229 rum
703 5186 935 5241 namque
960 5168 1249 5223 Missalium
1312 5182 1432 5237 qua:
1463 5165 1787 5220 Tbomasius
1841 5164 2129 5221 ediditru-

534 5267 704 5330 brica,
734 5278 930 5335 nempe
956 5281 968 5317 :
1022 5258 1085 5315 In
1110 5276 1377 5314 commune
1402 5264 1553 5312 unius
1584 5258 1828 5330 Martyris
1851 5300 1864 5325 ,
1893 5259 1971 5313 vel
1994 5257 2132 5313 Con-

536 5360 743 5434 fessoris
767 5398 781 5425 ,
827 5373 935 5412 non
974 5369 1043 5412 eo
1073 5369 1234 5411 sensu
1265 5350 1573 5423 accipienda
1604 5361 1687 5407 est
1715 5392 1729 5417 ,
1780 5367 1887 5420 quo
1929 5354 2132 5408 nostris

540 5451 876 5525 temporibus
902 5448 1223 5518 Confessoris
1252 5461 1453 5502 nomen
1482 5445 1764 5514 accipitur.
1797 5445 1953 5501 Modo
1981 5447 2127 5503 enim

533 5547 584 5601 bi
616 5546 869 5600 dicuntur
895 5541 1285 5606 Confessores,
1325 5538 1414 5610 qui
1440 5537 1528 5610 pie
1569 5546 1624 5591 et
1648 5536 1906 5607 religiose
1933 5538 2125 5594 viven-

533 5651 634 5703 tes,
666 5636 927 5707 singulari
956 5635 1245 5690 sanrtitute
1270 5629 1480 5707 praediti
1511 5628 1925 5685 obdormierunt
1954 5631 2005 5686 in
2031 5631 2130 5687 Do-

530 5742 695 5792 mino.
734 5733 983 5805 Antiquis
1025 5745 1154 5785 vero
1187 5724 1524 5797 temporibus
1566 5725 1600 5779 ii
1631 5722 1953 5780 dicebantur
1981 5726 2127 5783 Con-

518 5834 785 5899 t'essores,
817 5829 907 5898 qui
938 5825 1152 5898 publice
1178 5836 1363 5878 coram
1397 5817 1653 5887 Praeside,
1685 5817 1771 5876 vel
1800 5818 1852 5877 in
1884 5828 2125 5879 tormen-

2232 4704 2326 4775 qui
2360 4707 2411 4758 in
2435 4720 2500 4759 eo
2550 4716 2754 4759 tantum
2797 4724 2823 4756 ει
2854 4703 3077 4772 reliquis
3104 4704 3431 4777 Martyribus
3468 4699 3768 4769 distinguntur

2232 4798 2288 4854 in
2310 4807 2504 4854 octavo
2531 4798 2903 4869 Responsorio
2940 4800 3007 4854 ad
3036 4799 3377 4855 Matutinum.
3402 4798 3527 4854 Nam
3565 4807 3646 4862 pro
3665 4787 3768 4846 Ιίαν·

2234 4891 2441 4961 tyribns
2496 4893 2587 4961 qui
2631 4902 2863 4949 mortem
2892 4892 2943 4946 in
2976 4895 3265 4949 tormentis
3306 4889 3593 4963 oppetiere,
3627 4883 3767 4952 dispo-

2234 4985 2380 5039 nitur
2423 4986 2871 5052 responsorinm:
2912 4985 3016 5040 Hic
3069 4996 3142 5041 est
3188 5001 3303 5039 uere
3338 4983 3557 5056 Martyr,
3599 4976 3767 5050 ᾳιιὶρτο

2227 5074 2423 5132 Christi
2455 5079 2658 5131 nomine
2692 5079 2993 5149 sanguinem
3023 5093 3171 5132 suum
3196 5076 3368 5150 fudit,
3389 5083 3491 5132 etc.
3524 5073 3615 5128 Pro
3651 5075 3769 5133 supe-

2236 5169 2369 5252 rins_
2405 5169 2688 5225 recensitis
2738 5170 3203 5240 Responsorium:
3250 5168 3473 5224 Domine
3496 5208 3511 5233 ,
3538 5152 3766 5237 ρτσυειιίεέ

2233 5249 2371 5317 eum.
2404 5261 2539 5318 Vide
2584 5263 2917 5319 Breviarium
2963 5278 3243 5319 romanum
3278 5263 3333 5320 in
3362 5271 3629 5320 commune
3651 5249 3769 5309 unius

2237 5354 2506 5427 Martyris.
3005 5402 3013 5411 .

2307 5448 2452 5504 Nibil
2515 5463 2646 5506 vero
2708 5449 2923 5505 confert
2986 5449 3296 5504 observatio
3354 5448 3488 5514 illa,
3558 5455 3663 5516 qua:
3718 5429 3769 5489 id

2238 5542 2367 5596 Mart
2376 5558 2527 5614 yrem
2556 5557 2586 5596 a
2612 5541 2939 5598 Confessore
2962 5541 3386 5599 discernendum
3414 5536 3686 5596 adducitur.
3709 5526 3769 5582 Ib

2235 5636 2326 5690 lud
2355 5646 2525 5691 autem
2544 5636 2682 5707 quod
2710 5652 2773 5691 ea;
2796 5635 2973 5692 Missis
2994 5646 3190 5692 certum
3219 5636 3403 5690 elicere
3422 5642 3669 5705 possimus
3683 5618 3770 5677 cul-

2233 5739 2317 5785 tus
2350 5728 2749 5795 Testimonium,
2781 5740 2902 5784 sunt
2931 5730 3190 5786 orationes
3218 5730 3295 5785 vel
3329 5728 3572 5802 graduale
3597 5733 3769 5789 κεροιιν

2233 5823 2427 5879 sarium
2448 5863 2464 5894 ,
2502 5824 2548 5880 si
2573 5824 2779 5896 quidem
2810 5824 2994 5881 Sancti
3038 5840 3221 5882 nomen
3259 5827 3502 5897 prefer“
3531 5837 3549 5879 :
3574 5817 3635 5876 ibi
3666 5810 3769 5871 util
