3902 6324
186 348 269 403 749

1516 337 1992 401 DISSERTATIO.

3315 340 3422 399 750
3516 294 3527 313 ἵ

187 457 412 530 Martyris,
439 453 517 511 uel
539 452 858 525 Confessoris
886 452 1068 508 titulus
1098 452 1296 508 nomini
1326 455 1537 524 proprio
1563 454 1711 510 addis
1746 465 1793 523 Α
1825 456 1943 527 ipso
1973 452 2165 511 Ofﬁcio
2198 468 2294 525 pro
2324 447 2486 510 Festo
2516 452 2888 512 Ordinationis
2924 454 3137 528 digesto
3172 462 3422 529 quaedam

182 563 278 619 tas,
305 559 456 605 utrum
486 546 777 618 Confessor,
815 563 883 600 an
921 544 1128 618 Martgr
1159 545 1365 603 habitus
1393 548 1585 620 fuerit,
1614 554 1720 602 tute

177 644 404 719 iudicabit.
451 640 683 697 Plurium
741 654 975 710 namque
1026 638 1359 723 Sanctorum
1418 647 1717 713 martyrum

181 738 361 796 nomina
396 736 446 791 in
488 732 821 790 orationibus
859 732 1037 789 Missa:
1073 741 1573 788 commemorantur
1600 732 1721 787 sine

183 834 310 890 titulo
347 828 613 903 martyrii,
646 836 705 882 ut
738 826 928 885 videre
967 828 1130 884 estin
1175 826 1618 884 Sacramentario
1658 828 1718 885 S.

179 925 404 996 Gregorii.
440 923 609 979 Pridie
635 922 763 979 ldus
801 920 948 978 Junii
982 920 1039 975 in
1072 920 1234 976 Festo
1262 921 1587 978 Sanctorum
1619 920 1723 976 Ba—

180 1019 337 1083 silidis,
361 1016 542 1078 Cirini.
574 1015 800 1073 Naboris
824 1026 879 1072 et
903 1014 1136 1081 Nazarii;
1168 1030 1225 1070 tn
1256 1013 1377 1071 Kal.
1406 1013 1724 1071 Decembris

180 1112 221 1167 in
244 1109 382 1166 Festo
404 1110 716 1165 Sanctorum
745 1108 945 1165 Felicis
975 1118 1030 1164 et
1060 1107 1287 1164 Adaucti
1314 1124 1329 1175 ;
1360 1123 1417 1163 ιιι
1443 1107 1565 1163 Idus
1587 1108 1720 1179 Sep-

179 1205 368 1262 tembris
405 1204 454 1257 in
492 1202 660 1259 Festo
686 1203 1010 1260 Sanctorum
1035 1201 1261 1270 Prothi,
1296 1211 1352 1259 et
1394 1202 1721 1275 Hiacyntbi;

178 1297 318 1369 pridie
342 1292 456 1352 ldus
473 1294 724 1351 Octobris
756 1295 809 1351 in
835 1294 998 1351 Festo
1028 1294 1087 1350 S.
1117 1292 1324 1349 Callisti
1357 1293 1514 1365 Papre
1546 1310 1560 1359 ;
1594 1304 1648 1350 et
1671 1293 1723 1348 iu

180 1391 440 1448 Missalibus
476 1404 505 1445 a
546 1389 843 1446 Thomasio
870 1387 1031 1444 editis
1070 1403 1105 1442 γ
1133 1386 1253 1443 Kal.
1305 1385 1643 1457 Septembris
1670 1384 1724 1441 in

179 1484 313 1541 Festo
334 1482 387 1539 S.
418 1482 626 1538 Hermis
654 1484 776 1551 (seu
796 1478 1091 1554 Hermetis)
1118 1484 1173 1536 et
1200 1478 1368 1535 Nonis
1388 1477 1642 1536 Octobris
1671 1479 1724 1535 in

179 1577 313 1635 Festo
343 1576 436 1634 SS.
464 1575 700 1632 Marcelli
731 1583 787 1631 et
830 1574 1049 1645 Apulei,
1083 1582 1191 1630 ctc.
1221 1571 1278 1628 In
1307 1572 1563 1629 Graduali
1594 1586 1728 1628 vero

180 1677 278 1743 post
300 1670 574 1741 Epistolam
602 1668 691 1725 vix
740 1666 991 1725 invenies
1021 1710 1036 1733 ,
1079 1666 1353 1738 prmcipue
1392 1668 1446 1722 in
1492 1666 1729 1739 antiquis

179 1765 416 1821 liissarum
444 1764 599 1820 libris
629 1762 787 1836 (utin
816 1762 974 1819 Missa
1002 1760 1060 1819 S.
1094 1760 1332 1818 Zenonis
1353 1759 1577 1833 legitur)
1602 1776 1728 1834 pro-

1821 564 1981 618 esse,
2025 564 2147 621 quzc
2189 549 2405 605 nonnisi
2436 551 2502 606 de
2540 548 2772 623 Martyre
2821 560 3049 622 possunt
3079 552 3330 625 intelligi.
3367 553 3425 609 lu

1824 644 1995 716 prima
2041 643 2201 700 Missa
2234 645 2378 701 inter
2408 654 2754 701 monumenta
2783 662 2812 701 a
2844 645 3088 703 Dominis
3117 648 3426 707 Balleriuiis

1823 738 1994 794 relata
2037 739 2199 813 (pag.
2247 741 2446 811 CLVIII)
2477 740 2597 797 dum
2633 743 2909 800 orationes
2949 753 3077 803 ante
3120 740 3426 815 Epistulam

1822 840 2119 901 ponuntur,
2150 844 2203 888 et
2230 832 2281 889 in
2314 835 2547 890 secunda
2569 836 2648 891 sic
2674 836 2896 909 legitur:
2925 836 3088 906 Deus,
3123 840 3211 910 qui
3242 857 3335 895 nos
3360 838 3423 897 S.

1824 922 2051 979 Zenonis
2109 924 2410 981 Sacerdotis
2478 937 2525 982 et
2566 927 2890 999 Confessoris
2934 933 3011 986 tui
3054 950 3227 988 annua
3269 931 3433 988 beata:

1827 1016 2178 1088 Confessionis
2205 1020 2527 1074 solemnitate
2551 1022 2789 1087 lati/iens
2806 1064 2820 1088 ,
2849 1032 3059 1096 praesta,
3091 1040 3387 1098 quaesumus
3410 1067 3427 1094 ,

1826 1117 1932 1164 etc.
1980 1110 2111 1177 Qum
2164 1110 2321 1167 Misso
2372 1128 2470 1181 pro
2511 1113 2599 1169 die
2639 1113 3013 1170 Ordinationis
3060 1116 3379 1173 concinnata
3413 1161 3429 1185 ,

1828 1203 1948 1258 aliis
1994 1204 2155 1259 etiam
2208 1203 2384 1260 Festis
2433 1204 2489 1261 S.
2542 1204 2783 1263 Zenonis
2831 1209 3177 1265 recitabatur.
3237 1207 3435 1265 Eodem

1830 1294 1996 1351 Missa
2036 1296 2154 1351 aliis
2190 1312 2392 1368 quoque
2433 1298 2612 1354 diebus
2658 1299 2939 1373 legebatur.
2975 1301 3032 1357 lu
3064 1301 3435 1358 admonitione

1829 1388 1896 1445 ad
1930 1401 2278 1446 monumenta
2304 1407 2454 1446 num.
2488 1393 2544 1458 5,
2578 1403 2633 1449 et
2663 1393 2716 1448 in
2747 1393 3100 1450 adnotatione
3122 1393 3159 1449 9.
3186 1395 3251 1452 ad
3282 1410 3435 1452 eam-

1831 1482 1953 1539 dem
1988 1482 2223 1539 Missam.
2262 1482 2496 1539 Ecclesia
2543 1482 2847 1541 Veronensis
2872 1486 2970 1540 hac
2998 1486 3231 1543 oratione
3256 1488 3439 1563 singu-

1831 1576 1895 1632 lis
1918 1575 1979 1633 S.
2004 1574 2228 1632 Zenonis
2258 1575 2430 1633 Festis
2456 1582 2509 1633 ln
2541 1579 2734 1650 ofﬁciis
2760 1596 2857 1634 usa
2878 1590 3094 1654 apparet
3117 1594 3181 1638 ea:
3206 1594 3303 1637 ms.
3337 1580 3439 1638 Ca-

1833 1669 2074 1740 pitulari,
2121 1668 2303 1727 etalio
2334 1668 2624 1726 Monalium
2657 1670 2717 1728 S.
2752 1670 2941 1728 Mariis
2967 1673 3032 1728 de
3057 1671 3253 1746 Campo
3288 1672 3438 1731 Mor-

1833 1762 1924 1816 tio.
1956 1760 2157 1817 Eadem
2187 1765 2363 1818 oratio
2390 1772 2445 1820 et
2472 1765 2524 1819 iu
2558 1778 2664 1820 ms.
2695 1765 3018 1823 Pistoriensi
3048 1782 3208 1838 supra
3241 1768 3440 1826 tradito

180 1857 321 1927 prium
358 1871 546 1911 nomen
606 1853 791 1911 Sancti
854 1855 1009 1925 cujus
1047 1853 1266 1910 Festum
1299 1853 1628 1909 celebratur.
1664 1851 1726 1909 In
1755 1863 1803 1925 Β
1830 1854 2048 1927 legitur.
2098 1855 2155 1912 ln
2208 1854 2308 1911 hac
2350 1857 2531 1929 itaque
2571 1861 2819 1917 oratione
2867 1862 3030 1918 verba
3073 1862 3210 1920 illa:
3253 1865 3443 1920 Annua

180 1947 312 2005 Festo
332 1963 452 2004 vero
477 1948 531 2005 S.
558 1947 775 2003 Martini
802 1946 1053 2018 Episcopi
1076 1946 1364 2003 undecima
1388 1945 1476 2002 die
1503 1946 1736 2002 Novem-

181 2041 268 2098 bris
303 2042 409 2112 ejus
455 2057 656 2097 nomen
689 2041 807 2096 sine
846 2040 1033 2096 addito
1064 2039 1408 2096 Confessoris
1451 2038 1739 2110 inspicitur

179 2136 222 2191 in
242 2135 495 2193 Graduali.
525 2135 647 2192 Non
679 2135 859 2207 itaque
886 2150 954 2191 ex
985 2134 1351 2201 orationibus,
1374 2133 1461 2191 vel
1491 2130 1737 2205 graduali

183 2228 523 2300 Responsorio,
576 2230 673 2284 sed
725 2226 945 2284 aliunde
993 2226 1233 2283 discerni
1280 2234 1506 2298 potest,
1555 2234 1737 2281 utrum

181 2320 406 2394 Martyres
462 2336 530 2377 an
586 2320 947 2377 Coul’essores
999 2319 1184 2377 Sancti
1253 2319 1363 2375 sint
1406 2317 1736 2390 appellandi.

182 2415 377 2472 Aliunde
403 2430 530 2470 vero
562 2415 640 2471 de
665 2414 723 2471 S.
756 2413 991 2471 Zenonis
1030 2414 1292 2487 Martyrio
1320 2421 1573 2471 constare
1601 2413 1739 2471 inle-

183 2509 275 2565 rius
296 2509 659 2565 ostendemus.

244 2602 293 2657 lu
322 2601 417 2658 bac
440 2617 570 2658 vero
602 2617 661 2659 re
685 2599 753 2657 de
802 2616 909 2673 qua
935 2599 1167 2673 agimus,
1201 2600 1305 2656 alia
1338 2600 1476 2656 ratio
1498 2606 1602 2656 est.
1634 2596 1743 2655 Ne-

186 2694 278 2767 gari
310 2695 536 2766 proiecto
564 2708 677 2750 non
729 2703 910 2767 potest
958 2694 1013 2750 in
1040 2694 1401 2762 orationibus,
1430 2702 1485 2750 et
1508 2694 1561 2748 in
1604 2692 1743 2750 Gra-
1770 2700 1773 2705 ‘

186 2786 305 2842 duali
331 2799 441 2859 post
466 2786 765 2855 Epistulam
795 2786 853 2845 S.
880 2785 1153 2844 Zenonem
1179 2786 1563 2843 Confessorem
1615 2786 1741 2841 dici.
1768 2790 1773 2795 '

187 2878 272 2935 Sed
292 2879 387 2936 hoc
412 2880 463 2936 iu
491 2880 662 2937 Festo
685 2880 1078 2949 Ordinationis,
1104 2883 1159 2936 in
1189 2895 1297 2952 quo
1325 2879 1482 2936 Missa
1512 2878 1581 2934 dc
1604 2876 1747 2934 Con-

1835 1946 1997 2002 beatte
2019 1945 2373 2016 Confessionis
2397 1952 2737 2020 solemnitate,
2766 1953 2835 2009 de
2855 1953 3087 2027 simplici
3113 1952 3442 2017 Confessore

1838 2039 2065 2111 intelligi
2094 2057 2201 2097 non
2233 2054 2483 2114 possunt,
2510 2058 2635 2100 nam
2660 2044 3072 2105 Confessioncm
3102 2054 3436 2123 exprimunt,

1839 2147 1959 2203 qua:
1992 2131 2141 2188 Fidei
2179 2134 2449 2206 publicam
2480 2135 2892 2195 Conlessionem
2918 2140 3221 2214 signiﬁcant
3256 2162 3268 2199 :
3319 2160 3450 2218 qua-
3484 2160 3489 2165 ·

1841 2234 2069 2295 prepter
2093 2242 2215 2283 cum
2239 2227 2430 2285 eadem
2457 2231 2703 2287 oratione
2729 2233 2955 2306 singulis
2982 2230 3160 2293 Festis
3184 2236 3241 2293 S.
3268 2235 3448 2295 Zeno-
3478 2252 3485 2261 '

1841 2317 1928 2372 nls
1950 2332 2047 2374 usa
2065 2319 2278 2375 dicatur
2299 2320 2540 2379 Ecclesia
2563 2321 2919 2396 VeroucuSis,
2948 2328 3124 2400 aliqua
3148 2330 3451 2389 mutatione
3476 2332 3481 2343 '

1842 2408 2083 2467 adhibita
2113 2427 2177 2468 ea
2218 2414 2290 2468 uti
2325 2415 2607 2472 debuerat.
2651 2412 2817 2475 Festo
2863 2425 3065 2478 etenim
3104 2416 3447 2480 Translatio-

1844 2504 1929 2559 uis
1968 2514 2025 2560 et
2064 2504 2436 2565 Ordinationis
2489 2513 2663 2581 aptari
2693 2529 2801 2568 non
2831 2524 3081 2585 poterant
3113 2517 3200 2573 illa
3232 2521 3401 2577 verba
3431 2536 3445 2576 :
3476 2518 3486 2535 ’

1844 2597 2033 2652 Annua
2072 2598 2241 2663 beata:
2277 2598 2629 2673 Confessianis
2674 2608 3036 2676 solemnitate,-
3065 2610 3137 2671 ita
3170 2612 3452 2680 probabile
3480 2632 3485 2639 ·

1845 2699 1928 2745 est
1982 2689 2115 2746 illud
2166 2692 2391 2747 verbum
2435 2694 2799 2767 Confessionis'~
2840 2700 3038 2753 mutari
3103 2682 3323 2757 solitum
3394 2682 3487 2757 in.

1847 2782 2072 2837 verbum
2106 2783 2487 2857 Ordinationis,
2534 2799 2589 2843 et
2618 2788 3058 2865 .Translationis,
3118 2801 3180 2857 ut
3231 2794 3453 2854 Festum

1850 2871 2123 2944 exigebat,
2155 2877 2301 2947 quod
2330 2889 2383 2955 et
2414 2880 2464 2932 in
2499 2882 2750 2949 praesenti
2781 2881 2839 2937 tit
2875 2883 2928 2939 in
2971 2888 3452 2945 commemoratio-

188 2972 360 3029 l’essore
403 2973 670 3031 Pontiﬁce
721 2976 1000 3043 recitatur,
1053 2973 1123 3031 de
1167 2990 1275 3046 quo
1317 2964 1478 3030 etiam
1527 2985 1749 3041 agemus
1851 2966 2041 3035 nibus,
2078 2984 2175 3026 seu
2216 2969 2487 3043 suffragiis
2532 2972 2853 3033 Sanctorum
2880 3021 2896 3047 ,
2938 2988 3061 3050 post
3104 2980 3354 3050 Laudes,
3400 2993 3457 3040 ει

188 3077 363 3135 postea.
395 3068 579 3141 Itaque
612 3083 734 3124 cum
766 3068 950 3139 plures
980 3066 1129 3124 Festi
1158 3067 1274 3123 dies
1314 3082 1412 3138 pro
1437 3066 1493 3122 S.
1529 3062 1769 3121 Zenone“
1851 3060 2152 3133 Vesperas;
2185 3072 2424 3120 mutatur
2454 3065 2597 3121 enim
2629 3066 2682 3124 in
2710 3073 2958 3127 oratiune
2983 3072 3041 3129 S.
3068 3072 3304 3132 Zenonis
3334 3093 3458 3134 ver-
3484 3078 3489 3085 ’

188 3160 512 3227 celebrentur,
539 3178 611 3219 ex
639 3176 747 3219 uno
773 3161 938 3219 Festo
967 3160 1339 3218 Ordinationis
1368 3171 1748 3231 argumentum
1855 3153 2022 3210 bum:
2057 3154 2126 3212 Ut
2166 3161 2317 3233 cujus
2363 3161 2686 3218 solemnitate
2715 3164 2974 3248 (tutantur,
3018 3169 3088 3225 ita
3142 3191 3156 3225 :
3202 3170 3271 3227 Ut
3309 3158 3489 3249 cujus.

188 3257 301 3313 sumi
323 3271 420 3311 non
450 3256 620 3312 debet
643 3256 709 3311 ad
740 3256 841 3311 alia
876 3255 1058 3320 Festa,
1088 3270 1263 3327 neque
1293 3271 1359 3309 ex
1389 3254 1582 3310 eodem
1616 3253 1752 3307 inle—
1779 3269 1825 3335 ο
1855 3254 2340 3308 commemoratione
2383 3254 2640 3326 laetamur,
2685 3258 2831 3315 nulla
2871 3259 2925 3317 id
2956 3266 3343 3333 praescribente
3370 3285 3462 3324 ru-

188 3349 379 3405 rendum
436 3360 520 3408 est
582 3351 760 3422 ipsum
809 3349 1194 3407 Confessorem
1228 3392 1242 3417 ,
1295 3365 1403 3405 non
1458 3349 1750 3421 Martyrem

188 3438 329 3498 ﬁnisse
350 3460 364 3497 :
386 3458 559 3515 eoque
585 3444 767 3499 minus
789 3441 1131 3500 inferendum
1159 3452 1263 3508 est,
1289 3440 1480 3498 iisdem
1503 3439 1755 3511 antipbo—

189 3533 274 3600 nis,
296 3544 346 3590 et
374 3536 675 3609 Evangelio
701 3534 950 3593 Paschali
984 3546 1229 3607 tempore
1250 3535 1377 3601 coli,
1408 3545 1463 3591 et
1491 3534 1755 3606 Martyres

184 3625 465 3697 Pontifices,
488 3638 546 3687 et
568 3630 867 3686 Pontifices
891 3628 1271 3686 ConlesSores.
1300 3627 1435 3684 Cum
1469 3627 1651 3699 itaque
1677 3626 1758 3681 fa-

192 3721 394 3777 tentibus
435 3723 569 3794 ipsis
620 3723 711 3794 qui
740 3730 930 3778 contra
960 3723 1205 3778 sentiunt
1234 3764 1247 3783 ,
1280 3721 1334 3776 in
1365 3720 1588 3776 dubium
1620 3719 1753 3776 verti

191 3825 278 3867 non
303 3793 509 3884 possit,
560 3793 938 3871 iniveteribu‘s
989 3813 1270 3870 codicibus
1312 3812 1646 3869 Veronensis
1702 3819 1759 3869 et

190 3904 502 3965 Pistoriensis
536 3904 802 3965 Ecclesia:
832 3907 901 3962 l2
927 3907 1131 3977 Aprilis
1158 3905 1397 3961 ordinari
1430 3904 1669 3973 Missam,
1702 3915 1759 3962 et

189 3999 402 4057 Efficium
433 4003 503 4059 de
529 4006 643 4058 u‘no
672 4001 906 4075 Martyre
934 4016 1031 4071 pro
1072 4000 1236 4056 Festo
1264 3997 1322 4055 S.
1351 3996 1609 4064 Zcuonis,
1647 4013 1760 4053 ενι·-

191 4094 277 4149 tius
297 4110 411 4153 esse
432 4112 540 4153 non
564 4106 746 4168 potest
789 4095 1006 4152 easdem
1032 4094 1307 4151 Ecclesias
1332 4095 1478 4151 cultu
1506 4093 1759 4166 Martyris

192 4186 236 4242 S.
262 4189 501 4246 eumdem
529 4190 828 4248 Prresulem
850 4186 1139 4245 veneratus
1166 4204 1308 4245 esse.

248 4281 300 4339 Si
334 4299 460 4341 vero
494 4286 675 4355 aliqua
705 4285 925 4356 irrepsit
953 4285 1006 4340 in
1036 4283 1121 4340 bis
1150 4283 1412 4339 Ecclvsiis
1441 4283 1758 4340 Officiorum

189 4374 431 4446 confusio,
463 4394 529 4433 es
559 4394 629 4435 eo
660 4378 859 4434 factum
892 4388 978 4434 est
1024 4377 1169 4450 quod
1200 4375 1383 4434 ofﬁcio
1412 4377 1634 4449 proprio
1663 4392 1762 4449 pro

190 4465 333 4525 Festo
350 4470 729 4528 Ordinatiouis
755 4471 814 4529 S.
846 4471 1080 4528 Zenonis
1110 4472 1324 4545 digesto
1367 4472 1421 4527 in
1452 4473 1575 4527 aliis
1605 4472 1761 4527 festi-

192 4563 420 4622 vitatibus
444 4609 459 4632 ,
491 4582 691 4637 nempe
719 4565 960 4640 Martyrii
1009 4577 1064 4624 et
1111 4566 1510 4622 Translationis
1539 4576 1760 4622 uteren-

1859 3343 2025 3400 brica.
2060 3344 2135 3401 Ita
2164 3345 2363 3403 factum
2397 3348 2561 3407 fuisse
2592 3349 2909 3420 dicendum,
2941 3359 3189 3427 quamvis
3221 3359 3273 3415 in
3305 3346 3487 3417 veteo'

1857 3435 2009 3492 ribus
2051 3437 2340 3496 ritualibus
2366 3438 2521 3499 libris
2564 3443 2665 3500 boc
2708 3448 2813 3501 non
2851 3447 3161 3505 adnotetur.
3192 3452 3371 3520 Quare
3407 3440 3485 3511 et‘

1858 3527 1991 3585 illud
2033 3545 2230 3587 nomen
2270 3529 2614 3605 Confessoris,
2646 3539 2733 3593 vel
2760 3555 2857 3609 pro
2889 3538 3122 3615 Martyre
3152 3544 3464 3620 intelligen-

1857 3620 2008 3690 dum,
2031 3633 2093 3678 ut
2116 3639 2276 3696 supra
2306 3620 2666 3698 ostendimus,
2694 3639 2749 3686 et
2771 3632 2983 3703 adjecta
3012 3637 3175 3693 verba
3204 3626 3487 3719 suadent”.

1858 3714 2047 3771 Annua
2085 3714 2247 3772 beatae
2285 3714 2637 3790 Co'ufessionis
2667 3724 3023 3795 solemnitate,
3062 3731 3149 3785 vel
3187 3740 3243 3787 et.
3286 3733 3464 3804 ipsum

1859 3806 2184 3881 Confessoris
2216 3810 2412 3868 nomen
2442 3805 2497 3868 in
2526 3813 2777 3889 Martyris
2803 3829 3071 3877 mutatum
3101 3824 3286 3896 fuisse,
3307 3800 3491 3917 vorbi-il

1859 3904 2109 3958 trandum
2139 3914 2240 3961 est.
2274 3906 2544 3979 Quidquid
2574 3918 2752 3966 autem
2796 3912 2863 3968 de
2893 3913 2992 3971 bac
3022 3917 3324 3975 mutatione
3360 3919 3462 3990 sit,

1860 3997 2152 4065 verbailla,
2176 3996 2351 4054 Beatos
2376 3999 2727 4073 Coitfessionis
2758 4002 3028 4082 Martyris,
3059 4025 3165 4065 non
3198 4013 3463 4085 simplicis
3482 3996 3491 4085 γ’

1860 4089 2203 4146 Confessoris
2231 4101 2357 4147 sunt
2389 4084 2629 4166 propria.
2661 4096 2720 4153 In
2751 4100 2989 4155 secunda
3020 4098 3179 4158 Missa
3205 4084 3304 4169 ,in
3337 4084 3492 4181 oru-i

1863 4180 2009 4240 tione
2039 4195 2159 4257 post
2179 4185 2627 4246 Communionem
2662 4176 2741 4249 sic
2765 4191 3001 4266 legitur:
3032 4192 3282 4267 Concede,
3323 4176 3493 4275 quat-2

1861 4296 2062 4347 sumus,
2099 4282 2435 4357 Omnipotens
2467 4283 2626 4355 Deus,
2664 4296 2721 4342 ut
2764 4293 2849 4361 qui
2874 4293 3215 4346 venerandam
3251 4296 3469 4368 gloriosi

1864 4367 2187 4442 Confessoris
2217 4377 2292 4429 tui
2319 4373 2543 4432 Zenonis
2566 4381 2957 4436 translationem
2983 4426 2999 4451 ,
3035 4396 3140 4439 etc.
3175 4367 3493 4461 Adjectuut:

1865 4464 1995 4519 illud
2017 4466 2232 4540 gloriosi
2261 4470 2496 4540 simplici
2520 4471 2829 4528 Confessori
2862 4491 2970 4530 non
3003 4477 3284 4534 convenit.
3308 4476 3364 4535 lu
3397 4480 3466 4537 iis

1865 4573 1984 4626 quze
2008 4562 2315 4616 communia
2347 4562 2599 4619 dicuntur
2628 4565 2695 4620 ad
2721 4567 2912 4623 Missas
2937 4552 2997 4625 S.
3031 4567 3267 4645 Zenonis
3295 4550 3491 4644 perti-.i

196 4664 296 4724 mf;
331 4669 384 4716 at
430 4659 768 4717 Veronensis
801 4660 1067 4725 ιςοοιυεες,Ο
1100 4659 1201 4715 hac
1244 4659 1421 4715 Ofﬁcii
1444 4651 1760 4715 confusione
1789 4665 1844 4729 Β
1870 4654 2077 4719 nentia,
2109 4653 2361 4709 introitus
2385 4655 2449 4711 ad
2489 4657 2705 4713 Missam
2736 4677 2750 4715 :
2776 4660 2971 4716 Statuit
3000 4663 3048 4739 ei
3077 4661 3331 4720 Dominus
3368 4664 3493 4739 pro:

190 4748 281 4806 non
306 4755 581 4822 obstante,
619 4769 836 4826 semper
867 4754 920 4809 in
957 4752 1117 4809 Festo
1154 4752 1358 4824 Aprilis
1383 4752 1448 4808 ad
1482 4751 1715 4807 Primam
1747 4795 1761 4821 ,

192 4852 239 4898 tit
263 4861 322 4901 ex
352 4850 593 4921 antiquis
640 4848 1038 4922 Martyrologiis
1069 4847 1262 4919 probat
1294 4848 1531 4919 Baptista
1575 4847 1762 4903 Pcrcto

193 4947 262 4994 lus
287 4944 392 4996 suis
428 4944 482 4998 in
521 4942 756 4999 Scholiis
804 4942 877 4998 ad
903 4940 1076 4997 Vitam
1111 4941 1169 4999 S.
1215 4939 1472 5011 Zenonis,
1497 4943 1763 5011 recitarit,

1868 4742 2100 4819 Martyre
2130 4748 2414 4817 Pontilice,
2443 4752 2582 4807 sicut
2608 4755 2771 4807 etiam
2803 4769 2900 4825 pro
2929 4736 3165 4828 Martyre
3184 4748 3301 4815 non
3330 4732 3495 4849 Pen;

1870 4839 2016 4897 tilice
2056 4841 2107 4896 in
2143 4845 2415 4898 communi
2454 4844 2685 4902 videtur.
2721 4848 2950 4905 Notatur
2984 4838 3046 4905 in
3091 4844 3173 4929 bis
3230 4854 3475 4926 Evange-

1869 4936 1999 4992 lium
2036 4938 2479 5015 pt'QMﬂl‘lYtlbllS
2513 4949 2759 5010 tempore
2794 4941 3066 4998 Paseltali.
3099 4926 3277 5013 Quare
3330 4926 3497 5003 CD“...

194 5029 325 5090 Prid.
370 5034 458 5091 Μ.
518 5036 718 5109 Aprilis
745 5055 764 5093 :
802 5036 993 5092 Eadem
1025 5038 1109 5092 die
1143 5035 1205 5093 S.
1230 5034 1458 5091 Zenonis
1488 5037 1764 5111 Episcopi,

191 5129 266 5194 qui
295 5130 427 5185 inter
457 5131 717 5205 procellas
750 5130 1158 5205 persecutionum
1193 5128 1542 5187 Veronensem
1577 5130 1768 5187 Urbem

192 5222 477 5279 mirabiliter
512 5226 680 5289 rexit,
718 5241 778 5278 ac
807 5235 1033 5297 tempore
1071 5221 1300 5279 Gallieni
1331 5226 1580 5297 martyrio
1623 5240 1771 5279 coro-

194 5324 331 5370 uatus
354 5328 463 5382 est;
508 5328 566 5373 et
611 5317 855 5374 Ecclesia
914 5318 1262 5373 Pistoriensis
1301 5317 1353 5371 in
1402 5315 1658 5387 Vesperis
1719 5326 1776 5373 et

194 5400 462 5476 Laudibus,
494 5419 553 5467 et
581 5409 646 5467 ad
672 5410 844 5466 Horas
865 5411 1179 5481 antipbonis
1207 5410 1276 5468 de
1302 5409 1587 5467 Communi
1614 5411 1777 5466 unius

194 5499 423 5577 Martyris
452 5522 551 5562 usa
594 5507 681 5561 sit.
715 5505 867 5562 Hanc
892 5504 1194 5562 officiorum
1237 5504 1617 5560 confusionem
1648 5521 1772 5561 sus-
1873 5502 2148 5589 communi
2181 5501 2433 5576 Martyris
2460 5523 2471 5557 :
2510 5503 3157 5579 Posuisti,Domine,sup.
3183 5516 3315 5581 cap.“
3336 5513 3470 5582 ejus.

197 5594 303 5650 tulit
338 5595 732 5669 Lippomanus.
771 5598 902 5655 lure
940 5612 1070 5653 vero
1110 5613 1173 5653 ac
1209 5598 1405 5654 merito
1445 5595 1498 5653 id
1540 5596 1769 5668 fecisse,
1952 5592 2233 5649 Secundus
2265 5594 2498 5669 hymnus
2530 5598 2721 5670 incipit
2750 5617 2761 5654 :
2796 5596 2939 5655 Deus
2969 5612 3171 5656 tuorum
3218 5604 3497 5679 militum,‘

196 5697 245 5743 et
265 5706 325 5746 ex
345 5691 455 5762 iam
490 5692 674 5749 allatis
698 5702 957 5766 apparet,
999 5701 1053 5749 et
1087 5708 1153 5749 ex
1190 5692 1253 5749 iis
1294 5708 1414 5764 qua:
1474 5688 1787 5775 all'erunturi
1883 5700 1941 5745 ut
1973 5689 2206 5775 hymnus
2235 5708 2332 5764 pro
2361 5710 2468 5749 uno
2495 5694 2753 5766 Martyre.

197 5778 497 5839 constabit.‘
1090 5782 1091 5785 “
1955 5782 2207 5843 Secunda
2231 5786 2469 5873 streplta
2499 5788 2684 5862 bymui
2721 5790 2928 5863 quinti,
2960 5808 3081 5873 qua:
3106 5792 3334 5871 incipit:
3366 5794 3487 5873 Ma-

256 5874 481 5936 Maxime
513 5895 642 5936 vero
677 5878 735 5938 id
762 5886 848 5937 est
881 5876 1439 5947 animadvertendum,
1489 5872 1681 5951 nempe
1722 5866 1787 5938 iul
1882 5870 2021 5952 gnus’
2043 5878 2282 5951 Excelsi,
2317 5866 2443 5939 alibi
2464 5866 2677 5954 legitur
2710 5904 2721 5938 :
2755 5866 3197 5960 Martyr'Excelsi
3241 5872 3513 5963 Peretto,‘

1872 5030 2175 5088 statMense
2208 5032 2378 5103 Aprili
2406 5034 2621 5090 Missam
2657 5052 2754 5107 pro
2780 5036 2836 5093 S.
2866 5035 3087 5105 Zenone
3116 5039 3184 5096 de
3211 5032 3493 5102 Pontifice'

1872 5124 2104 5197 Martyre
2126 5124 2389 5182 celebrari
2414 5130 2649 5183 solitam.
2676 5129 3059 5189 Admiscentnr
3079 5135 3184 5190 alia
3234 5153 3353 5208 qua:
3378 5128 3476 5211 pro

1870 5220 2133 5279 Pontilice
2156 5222 2483 5282 Confessum
2508 5228 2559 5281 in
2582 5227 2740 5285 Missa
2770 5230 3021 5300 leguntur
3045 5248 3142 5303 pro
3162 5206 3497 5311 diversitate:

1877 5312 2162 5372 Festorum
2196 5317 2253 5373 S.
2290 5313 2545 5375 Zenonis.

1945 5409 2001 5464 In
2027 5424 2187 5465 versu
2220 5411 2445 5467 saeuudi
2476 5414 2733 5470 Nocturni
2763 5416 2903 5473 alios
2939 5433 3131 5473 versus
3161 5428 3378 5474 notatur
3406 5419 3487 5481 de,
3530 5428 3539 5433 '
