3902 6324
420 303 519 362 ’151
555 256 559 259 ⁷
1176 297 1265 355 ne
1301 294 1622 357 OPINIONE
1663 294 2026 353 causam.

2062 294 2273 355 (ΗΒΕΑ
2308 296 2459 354 ΖΕΝ.
2504 298 2921 359 MARTYRIUM
3256 294 3260 297 Δ
3583 312 3663 368 γδτ

415 432 473 478 et
504 422 727 491 Bagatta
755 419 1002 485 testibus,
1064 418 1118 473 in
1147 416 1387 489 antiquis
1413 415 1780 472 monumentis
1800 413 2029 470 Sancto-
2056 416 2103 477 Α
2132 413 2499 471 Ordinationis
2522 416 2579 473 8.
2610 416 2847 475 Zenonis
2868 416 3089 475 Festum
3108 420 3472 480 celebrandum
3496 441 3600 485 esse
3616 431 3669 486 de

419 530 543 571 rum
573 514 955 582 epi’scoiiorttm
984 510 1376 567 Veronensium
1402 552 1418 575 ,
1447 521 1503 565 et
1535 508 1788 564 Ferrario
1821 510 1871 563 in
1909 507 2026 563 Vita

418 606 479 668 S.
506 609 761 666 Zenonis.
789 608 1094 663 Mntabatur
1117 605 1327 663 scilicet
1354 621 1451 674 pro
1476 602 1799 659 diversitate
1829 601 1977 657 Festi
2012 618 2026 654 :

418 718 618 774 nempe
646 703 700 756 in
738 699 900 756 Festo
926 698 1297 756 Ordinationis
1326 697 1574 769 Magnus,
1608 698 1659 752 in
1690 696 1850 752 Festo
1880 710 2026 750 mar-

416 794 541 866 tyrii
572 792 796 864 Martyr.
822 793 1097 863 Expresso
1123 800 1303 848 tamen
1329 789 1382 845 in
1411 789 1599 846 eadem
1628 788 1851 860 stropha
1881 803 2028 844 mar-

416 889 542 961 tyrii
570 888 834 946 memoria
866 888 1191 959 esprimitur
1225 906 1238 941 :

604 1002 703 1053 Pro
723 1000 835 1052 Deo
859 1000 1059 1052 tandem
1084 998 1317 1064 patiendo
1339 1004 1550 1050 mortem

670 1064 803 1115 Vivit
825 1066 875 1115 in
896 1076 1073 1114 sevum.

416 1175 550 1242 Qua:
580 1171 746 1228 verba
772 1187 879 1226 non
912 1169 985 1225 ita
1014 1168 1229 1225 facilem
1273 1166 1629 1222 mutationem
1663 1160 2026 1233 patiebantur.

492 1265 897 1325 Benedictionis
929 1263 1161 1319 formula
1188 1262 1241 1317 in
1274 1260 1435 1317 Festo
1463 1260 1520 1316 S.
1555 1258 1791 1315 Zenottis
1815 1256 1895 1310 sic
1929 1256 2026 1309 lia.

415 1363 510 1420 bet
539 1381 555 1418 :
590 1360 926 1430 Omnipotens
959 1355 1098 1411 Deus
1148 1365 1194 1410 et
1222 1353 1479 1408 Dominus
1532 1350 1619 1406 det
1659 1346 1799 1403 uobis
1825 1347 2028 1419 capiam

414 1454 802 1517 benedictionis,
833 1451 921 1522 qui
959 1449 1025 1505 Β.
1052 1448 1313 1505 Zenonem
1338 1446 1439 1502 sibi
1465 1446 1643 1501 ascivit
1687 1443 1871 1498 virtute
1892 1439 2031 1495 Con-

414 1524 677 1620 fessionis.
709 1546 893 1599 Amen.
917 1543 1006 1598 illa
1038 1543 1201 1597 verba
1228 1559 1242 1595 :
1280 1539 1483 1593 Virtute
1506 1535 1858 1607 Confessionis
1885 1548 2027 1588 mar-

417 1642 620 1713 tyrium
649 1639 980 1709 exprimunt;
1013 1636 1174 1690 simili
1203 1633 1405 1690 etenim
1434 1634 1596 1688 modo
1618 1629 1757 1701 apud
1789 1629 2026 1683 Thoma-

412 1737 557 1793 slum
581 1752 712 1793 xvnt
734 1736 996 1791 kalendas
1018 1733 1179 1789 Febr.
1208 1731 1266 1787 8.
1292 1730 1491 1786 Felicis
1515 1728 1832 1799 martyrium
1858 1723 2028 1795 signi-

414 1830 608 1886 ﬁcatur
637 1828 692 1883 in
721 1828 968 1884 oratione
1003 1844 1016 1879 :
1051 1825 1114 1882 S.
1152 1823 1365 1890 Felicis,
1394 1821 1637 1884 Domine,
1668 1818 1921 1887 confessio
1944 1833 2027 1871 re-

396 1924 610 2006 Icensita
655 1923 887 1993 conferat
934 1918 1113 1981 nobis,
1160 1923 1304 1983 etc.,
1353 1916 1441 1984 qui
1485 1915 1540 1967 in
1584 1911 1902 1982 confessione
1948 1911 2023 1962 tui

414 2017 639 2073 nominis
686 2029 1051 2083 perseverum,
1098 2012 1285 2065 meruit
1326 2007 1595 2063 honorari.
1644 2006 1712 2059 Et
1754 2004 1810 2059 in
1852 2002 2024 2057 Natali

407 2115 734 2171 Sanctorum
759 2110 1055 2181 Martyrum
1078 2105 1330 2162 Processi
1374 2113 1429 2160 et
1455 2101 1780 2166 Martioiani,
1799 2115 1853 2154 Vl
1874 2098 2013 2153 Non.

413 2206 546 2264 Julii
575 2209 629 2262 in
657 2202 1095 2262 Sacramentario
1125 2200 1182 2257 S.
1202 2198 1447 2267 Gregorii
1471 2197 1671 2266 legitur
1698 2212 1711 2248 :
1746 2192 1909 2258 Deus,
1938 2191 2027 2263 qui

413 2318 512 2357 nos
541 2299 852 2356 Sanctorum
875 2307 1079 2351 tuorum
1113 2292 1351 2348 Processi
1379 2300 1427 2345 et
1460 2288 1768 2344 Martiniani
1820 2290 2025 2357 confes-

412 2391 645 2449 sionibus
686 2390 926 2462 gloriosis
968 2386 1258 2441 circumdas
1300 2393 1348 2440 et
1387 2381 1641 2455 protegis,
1671 2380 1877 2450 absque
1916 2376 2021 2433 alia

413 2485 695 2541 mentione
721 2481 987 2553 Martyrii.

413 2620 441 2693 §
482 2618 546 2677 ν.
590 2618 707 2687 Quo
736 2617 841 2671 ritu
875 2614 994 2670 alite
1031 2611 1284 2667 Ecclesia:
1323 2607 1483 2665 Festa
1524 2606 1585 2665 S.
1617 2605 1844 2662 Zenonis
1892 2603 2025 2659 cele-

1097 2706 1331 2760 brarunt.

485 2845 670 2905 Sancti
702 2841 941 2900 Zenonis
969 2842 1211 2905 cultum,
1244 2848 1297 2893 et
1326 2838 1378 2894 in
1420 2836 1569 2892 Italia
1591 2877 1606 2902 ,
1638 2844 1691 2891 et
1718 2842 1868 2890 extra
1900 2848 2019 2889 eam

408 2940 521 2997 late
549 2939 805 2995 dill‘usum
835 2937 1065 3007 probant
1091 2932 1446 2989 eruditissimi
1491 2929 1784 2985 Ballerinii.
1817 2928 2022 2985 Medio-

408 3033 544 3096 lani,
579 3030 823 3093 Patavii,
863 3029 999 3083 Pisis
1020 3070 1036 3095 ,
1084 3026 1138 3081 in
1171 3023 1395 3083 dioecesi
1421 3020 1870 3085 Novocomiensi,
1902 3019 2023 3075 Tri-

413 3124 671 3186 dentina,
715 3121 1028 3186 Tarvisina,
1074 3117 1440 3190 Aquileiensi,
1494 3116 1727 3186 altisque
1774 3113 2021 3185 pluribus

414 3216 642 3274 Festum
687 3215 1059 3272 Ordinationis
1105 3213 1162 3270 S.
1193 3212 1430 3267 Zenonis
1465 3211 1684 3274 colitur,
1716 3224 1765 3264 Vl
1808 3208 1888 3265 Id.
1924 3210 2028 3263 De-
2053 3212 2098 3275 C

412 3309 674 3375 cembris,
720 3307 829 3362 ritu
868 3304 1215 3361 Conlessorts
1236 3302 1534 3358 Pontiticis.
1586 3305 1656 3357 At
1702 3301 1757 3356 in
1799 3300 2027 3357 dioecesi

410 3401 668 3459 Brixiana
699 3417 797 3458 sex
826 3398 1119 3466 Ecclesiae,
1165 3414 1286 3468 quae
1317 3397 1492 3466 pridie
1520 3396 1643 3451 ldus
1679 3394 1882 3465 Aprilis
1918 3394 2025 3451 Fe-

416 3507 559 3554 stum
589 3498 899 3560 celebrant,
940 3495 999 3552 S.
1030 3493 1306 3549 Zenonem
1339 3493 1444 3546 ritu
1477 3491 1732 3563 martyris
1764 3504 2029 3545 veneran-

414 3598 524 3652 tur.
555 3599 610 3644 et
634 3588 691 3643 in
717 3590 828 3655 ipsa
862 3587 993 3642 urbe
1043 3585 1239 3640 Brixia:
1270 3598 1371 3637 una
1406 3582 1651 3638 Ecclesia
1673 3624 1687 3647 ,
1719 3596 1843 3652 quae
1867 3591 2026 3637 antea

418 3695 474 3737 v1
528 3680 652 3735 ldus
685 3679 999 3735 Decembris
1031 3676 1249 3732 Festum
1284 3677 1479 3747 agebat
1514 3675 1619 3731 ritu
1656 3675 2023 3742 confessoris,

412 3788 563 3832 nunc
595 3774 767 3842 pridie
804 3771 927 3827 ldus
959 3771 1164 3839 Aprilis
1188 3770 1245 3826 8.
1280 3770 1515 3826 Zeiionis
1543 3770 1720 3825 natale
1748 3772 1856 3824 ritu
1883 3770 2024 3825 Mar—

409 3870 552 3940 tyris
575 3863 801 3936 peragit.
827 3861 944 3920 Una
977 3871 1062 3917 est
1092 3861 1333 3916 Ecclesia
1366 3862 1418 3914 in
1448 3860 1725 3915 Tarvisina
1754 3859 2020 3927 Dioscesi,

412 3974 536 4030 quae
589 3956 783 4015 eodem
837 3956 925 4012 die
1002 3953 1239 4009 ofﬁcium
1309 3952 1501 4009 recitat
1564 3952 1633 4009 de
1696 3951 2025 4008 Confessorc

411 4050 700 4109 Pontinae.
735 4051 803 4104 At
833 4049 887 4105 in
922 4060 1176 4103 universa
1202 4045 1633 4116 Congregatione
1658 4043 1856 4100 Montis
1885 4041 2021 4128 Cas-

412 4144 556 4210 sini,
589 4152 647 4198 ut
681 4143 736 4197 in
763 4138 1088 4196 Calendario
1129 4152 1231 4208 pro
1262 4137 1452 4191 eadem
1483 4137 1916 4207 Congregatione
1942 4136 2025 4190 di-

409 4245 566 4308 gesto
591 4242 850 4305 apparet,
881 4232 971 4287 die
1013 4239 1199 4288 octava
1230 4228 1546 4285 Decembris
1574 4229 2023 4284 commemoratio

411 4330 475 4386 ﬁt
501 4330 564 4386 S.
594 4327 820 4385 Zenonis
845 4324 1094 4399 Episcopi
1126 4335 1174 4379 et
1215 4323 1489 4396 Martyris.
1524 4322 1768 4378 Ecclesia
1814 4321 2024 4381 Frisiu-

412 4424 621 4496 gensis,
655 4438 776 4494 qua:
807 4419 877 4477 ab
902 4436 1045 4475 anno
1073 4418 1195 4484 750,
1225 4418 1281 4477 S.
1314 4417 1587 4474 Zenonem
1621 4416 1802 4473 Colere
1832 4419 2021 4489 ('(epit,

408 4519 522 4577 ritu
566 4515 817 4589 Martyris
864 4512 1142 4570 Pontiﬁcis
1191 4511 1380 4567 Natale
1428 4510 1485 4566 S.
1529 4508 1765 4566 Zenonis
1808 4510 2019 4566 recolit.

2131 508 2449 565 confessore
2469 509 2735 565 Pontilice
2763 529 2777 565 :
2809 513 2930 568 aliis
2952 512 3166 570 duobus
3194 515 3362 573 Festis
3385 533 3559 589 nempe
3589 524 3670 577 Na-

2133 601 2254 657 talis
2283 613 2336 658 et
2389 601 2807 670 Translationis,
2833 604 2903 661 de
2934 607 3167 679 Martyre
3192 610 3452 678 pontillce.
3483 613 3672 672 linenda

2130 694 2194 749 de
2216 696 2458 751 mandato
2478 697 2533 750 di
2564 696 2709 752 Sisto
2747 696 2807 765 γ,
2835 709 2967 754 stato
2994 700 3546 772 diligentissimamente,
3568 724 3590 761 e
3611 725 3673 763 se-

2131 789 2294 844 cando
2318 790 2369 843 la
2396 793 2564 860 [arma
2593 793 2677 845 del
2701 790 2840 847 deuo
2870 793 3134 849 Breuiario
3152 794 3433 870 (Romano)
3455 803 3675 856 emendato

2132 882 2385 953 (l’Ollizio
2428 884 2648 953 proprio
2671 884 2728 941 di
2761 886 2819 940 8.
2854 884 3100 960 Zenone)
3139 889 3276 943 della
3312 887 3676 965 Congregazione

2131 976 2265 1049 degl‘
2290 976 2648 1031 lllustrissimi
2674 975 2945 1034 Cardinali
2970 981 3199 1052 deputati
3223 983 3413 1052 soprai
3438 986 3539 1047 riti,
3566 1002 3589 1039 e
3609 1004 3677 1041 re-

2130 1072 2358 1125 remonie
2400 1070 2795 1127 Ecclesiastiche
2817 1113 2832 1137 ,
2857 1089 2886 1127 e
2911 1075 2979 1127 da
3007 1076 3239 1140 alquanti
3268 1078 3456 1131 nomini
3485 1095 3562 1146 per
3586 1082 3680 1135 dot-

2130 1165 2289 1229 trina,
2314 1180 2341 1218 e
2366 1179 2457 1235 per
2484 1164 2621 1232 piett‘t
2641 1166 2906 1220 excellenti
2930 1182 3026 1221 con
3046 1168 3290 1222 auttorita
3310 1169 3362 1222 di
3382 1185 3487 1225 esse
3506 1171 3681 1228 Somnio

2132 1251 2390 1325 Ponti/ioc
2413 1274 2445 1309 tt
2466 1257 2546 1311 cio
2573 1257 2711 1312 eletti
2731 1300 2748 1326 ,
2777 1260 2990 1314 escendo
3032 1262 3201 1331 prima
3230 1280 3262 1316 a
3291 1264 3434 1331 pieno
3456 1264 3678 1333 informati

2128 1349 2338 1405 intorno
2367 1350 2458 1405 all‘
2498 1368 2625 1419 uso,
2668 1369 2696 1406 e
2732 1353 2786 1407 al
2826 1355 2971 1408 titolo
3011 1354 3135 1410 dell’
3159 1356 3352 1427 oﬂisio,
3403 1374 3536 1413 come
3572 1361 3683 1415 uella

2129 1441 2330 1513 Cltiesa,
2365 1461 2393 1499 e
2414 1461 2511 1500 sua
2539 1445 2739 1502 diocese
2776 1448 2831 1502 in
2859 1448 3044 1504 diversi
3069 1451 3229 1519 tempi
3251 1453 3437 1515 ouanti,
3462 1468 3489 1505 e
3508 1455 3621 1521 dopo
3641 1456 3683 1509 la

2129 1535 2347 1605 riforma
2376 1554 2463 1591 era
2489 1546 2623 1594 stato
2654 1539 2940 1608 celebrato,
2980 1559 3008 1596 e
3028 1543 3209 1599 uedute
3243 1545 3431 1611 anche,
3459 1548 3582 1601 aerio
3603 1565 3685 1602 non

2130 1644 2395 1685 mancasse
2414 1647 2537 1686 cosa
2554 1632 2741 1688 alcuna
2768 1651 2803 1688 a
2823 1646 3001 1705 questa
3026 1637 3419 1705 informazione.
3440 1641 3601 1696 ulcus:
3616 1656 3684 1694 ra-

2129 1724 2290 1795 gioni,
2319 1725 2411 1779 cite
2440 1726 2492 1778 di
2527 1743 2627 1796 qua
2653 1726 2743 1800 (da
2769 1727 3006 1801 Verona)
3041 1731 3114 1801 gli
3141 1733 3332 1802 [τινοηο
3356 1734 3422 1788 da
3441 1734 3548 1789 altri
3570 1753 3689 1790 man-

2058 1818 2102 1878 B
2130 1816 2271 1881 date,
2309 1817 2656 1887 giudicando,
2704 1818 2797 1874 clte
2842 1838 2946 1876 non
2991 1823 3037 1876 si
3081 1823 3295 1878 deuosse
3319 1824 3404 1895 far
3442 1826 3616 1897 l‘oﬁizio
3643 1828 3685 1880 di

2126 1906 2385 1978 Martire,
2424 1928 2507 1964 ma
2547 1911 2599 1965 di
2629 1909 2935 1983 Confessore
2978 1914 3293 1979 solamente,
3326 1933 3353 1971 e
3391 1919 3542 1989 quelle
3574 1936 3689 1973 come

2124 2000 2236 2055 mal
2264 2004 2474 2075 [audete
2502 2004 2569 2058 da
2592 2005 2693 2059 essi
2719 2005 2972 2075 riﬁutate,
2997 2007 3055 2072 lu
3075 2008 3145 2062 da
3176 2008 3293 2064 Sua
3316 2008 3512 2066 Santita
3526 2011 3688 2079 conﬁr-

2127 2108 2266 2151 mato
2293 2114 2387 2152 con
2416 2107 2641 2170 precctto
2680 2117 2711 2153 a
2743 2109 2873 2153 tutto
2910 2100 2948 2154 il
2974 2099 3123 2156 (Σιενο
3162 2102 3420 2164 secolare,
3446 2122 3472 2157 e
3496 2104 3690 2176 "gelare

2128 2190 2249 2246 dell‘
2270 2208 2403 2258 uno,
2443 2208 2470 2247 e
2494 2192 2615 2247 dell’
2645 2194 2776 2247 allro
2807 2211 2946 2249 sesso
2971 2197 3108 2250 delle
3143 2197 3346 2253 diocese
3384 2197 3630 2263 Veronae,
3665 2215 3691 2251 a

2126 2283 2284 2351 quelli
2307 2282 2441 2349 cive,
2463 2286 2555 2339 clie
2583 2286 2809 2339 recitano
2833 2285 2873 2339 il
2897 2286 3071 2341 divino
3096 2286 3279 2359 Oﬁizio
3301 2291 3510 2344 secando
3546 2290 3579 2344 il
3611 2291 3690 2345 n'to

2127 2374 2214 2430 del
2241 2374 2511 2432 Breviario
2542 2377 2796 2447 Romano,
2827 2378 2918 2433 die
2942 2380 3173 2434 debbano
3199 2383 3532 2437 dinotamente
3548 2385 3595 2437 al
3616 2401 3690 2439 suo

2127 2474 2297 2534 tempe
2333 2466 2500 2521 debito
2528 2468 2800 2535 recitarlo,
2829 2485 2972 2524 come
2999 2471 3377 2529 dissusamente
3412 2475 3455 2528 si
3479 2475 3605 2545 legge
3625 2474 3693 2528 uel

2124 2556 2287 2613 Breve
2307 2558 2605 2628 Apostolico
2627 2572 2758 2614 solto
2793 2561 2848 2615 di
2874 2561 2946 2616 26
2979 2561 3028 2616 Ν
3035 2563 3268 2618 ouembre
3297 2564 3456 2630 1587.
3478 2577 3692 2635 stampato

2127 2650 2209 2705 col
2238 2652 2376 2705 detto
2410 2650 2591 2722 Oﬂizio
2616 2652 2650 2706 l‘
2670 2669 2804 2706 anno
2820 2665 3060 2723 sequente
3084 2656 3251 2723 1588,
3277 2658 3361 2712 nel
3381 2658 3523 2728 quale
3546 2656 3694 2728 Oﬁisio

2130 2742 2157 2797 ἐ
2182 2754 2317 2800 stata
2344 2746 2475 2816 [otia
2498 2746 2551 2799 la
2584 2747 2875 2816 provisione
2898 2749 2955 2801 di
2987 2750 3197 2821 proprio
3225 2767 3320 2819 per
3338 2751 3564 2805 ciascuua
3590 2749 3693 2805 delle

2128 2845 2203 2890 tre
2233 2835 2388 2892 Feste
2415 2838 2550 2892 dette
2576 2838 2629 2891 di
2663 2855 2819 2910 sapra
2843 2854 2863 2893 .'
2891 2840 3030 2895 nella
3054 2841 3227 2912 prima
3255 2843 3299 2897 si
3327 2845 3383 2915 [ὰ
3406 2842 3438 2897 ι’
3468 2842 3621 2913 0M
3651 2842 3693 2895 di

2125 2926 2432 2999 Confessore
2460 2929 2754 3001 Ponteﬁce,
2800 2949 2827 2987 e
2852 2932 2987 2988 .nell‘
3014 2934 3145 2990 altre
3183 2935 3288 2991 due
3331 2938 3384 2990 di
3415 2936 3638 3002 Μαι-ατε,
3672 2953 3695 2991 ι

2127 3019 2411 3092 Ponteﬁce,
2428 3039 2567 3078 come
2593 3027 2646 3077 in
2666 3024 2803 3079 detto
2837 3024 3014 3096 Oﬁizio
3041 3029 3083 3081 si
3105 3027 3271 3100 legge.

2277 3154 2304 3227 §
2344 3154 2429 3210 Vl.
2470 3154 2554 3211 De
2581 3157 2700 3212 aliis
2728 3156 3100 3225 Monumentis,
3123 3170 3169 3215 et
3206 3158 3469 3215 Veteribus
3492 3165 3578 3215 ms.
3636 3176 3641 3181 '

2203 3294 2645 3353 Vetustissimum
2692 3310 3102 3358 monumentum
3146 3301 3426 3378 Anonymi
3471 3298 3695 3376 Pipinisni

2130 3387 2188 3443 S.
2217 3387 2493 3444 Zenonem
2543 3390 2827 3465 Martyrem
2874 3395 3114 3465 appellat
3158 3394 3400 3452 Octavus
3440 3397 3697 3461 Pastor,ct

2130 3481 2422 3539 Confessor
2460 3484 2609 3541 Zeno
2639 3487 2842 3560 Mai-lyr
2871 3490 3135 3561 inclytus,
3184 3492 3275 3547 cui
3327 3504 3380 3548 et
3421 3492 3696 3548 Guillelmus

2132 3577 2461 3649 Pastrengtts
2488 3579 2869 3650 adstipulatur.
2898 3582 3007 3639 llos
3033 3600 3195 3639 unum
3225 3585 3284 3642 S.
3307 3586 3609 3655 Gregorium
3629 3600 3699 3640 δρα

2128 3682 2285 3727 culos
2315 3671 2535 3740 dicunt,
2567 3675 2657 3743 qui
2690 3674 2987 3731 laureolam
3028 3681 3276 3750 martyrii
3319 3680 3378 3736 S.
3406 3680 3595 3736 Zenoni
3617 3678 3695 3734 de-

2130 3765 2347 3820 trahere
2380 3767 2623 3821 nituntur
2649 3768 2828 3836 (Apud
2849 3767 3048 3825 Baller.
3083 3770 3138 3824 ἀ.
3172 3770 3322 3826 Diss.
3349 3776 3405 3840 '5,
3429 3789 3478 3828 c.
3508 3772 3560 3840 2,
3585 3770 3694 3845 δὲ).

2127 3858 2199 3913 At
2233 3857 2291 3915 S.
2326 3859 2622 3931 Gregorius
2652 3863 2705 3916 in
2743 3864 2800 3918 8.
2831 3862 3054 3920 Zenone
3096 3866 3344 3940 Martyre
3383 3866 3699 3938 nuncupanda

2129 3968 2236 4009 non
2264 3962 2348 4008 est
2389 3954 2685 4026 deceptus,
2717 3973 2897 4028 neque
2924 3963 3186 4016 memoria
3230 3962 3453 4035 lapsus,
3489 3975 3537 4020 ut
3564 3976 3695 4034 supra

2128 4054 2406 4101 ostensum
2439 4056 2557 4112 est;
2583 4048 2699 4103 ‘stat
2740 4064 2892 4121 ergo,
2938 4063 2991 4109 et
3036 4051 3315 4128 Anonymi
3347 4056 3629 4129 Pipiniani,
3652 4064 3697 4112 et

2128 4143 2413 4211 Pastrengi
2462 4146 2761 4202 auctoritas
2793 4162 2890 4216 pro
2934 4147 2993 4206 S.
3028 4148 3267 4207 Zenonis
3304 4153 3573 4227 Martyrio.
3610 4151 3694 4208 Eos

2125 4238 2334 4295 veros.
2363 4238 2697 4310 Gregorium
2725 4251 2946 4299 secutos
2972 4243 3190 4313 dicunt,
3221 4247 3320 4302 sed
3349 4262 3456 4303 non
3484 4247 3693 4317 probant.

2128 4332 2199 4388 Et
2231 4332 2363 4389 illud
2390 4333 2594 4390 addere
2630 4350 2736 4391 non
2764 4346 3060 4393 verentur:
3097 4338 3237 4404 Quin
3262 4340 3558 4413 Anonymus
3577 4337 3698 4407 Pipi-

2126 4426 2315 4481 nianus
2342 4441 2462 4481 eum
2487 4426 2739 4482 Sanctum
2759 4428 3019 4485 Zenonem
3048 4428 3345 4504 Martyrem
3390 4443 3438 4489 et
3463 4430 3698 4503 Confessa-

2123 4536 2231 4575 rem
2250 4521 2493 4591 appellet,
2520 4521 2601 4575 uel
2621 4538 2683 4577 ea:
2707 4521 2804 4577 hoc
2826 4534 3042 4595 apparet
3077 4541 3193 4580 eum
3248 4527 3472 4582 inscium
3526 4525 3696 4595 Hartgr

412 4610 795 4669 Menastcrium
828 4622 1045 4679 quoque
1087 4606 1143 4663 8.
1178 4604 1412 4660 Zenonis
1454 4602 1723 4659 llallensis
1769 4602 2019 4659 eumdem
2047 4615 2103 4676 1)
2125 4627 2190 4666 ne
2217 4628 2285 4667 an
2332 4609 2609 4691 Confessor
2638 4613 2701 4671 S.
2727 4613 2869 4671 Zeno
2892 4617 3081 4687 fuerit,
3112 4619 3318 4690 utrique
3338 4635 3457 4691 quia
3476 4617 3697 4691 ferebatur

408 4703 577 4760 ritum
606 4701 665 4760 S.
691 4699 896 4756 Zenoni
925 4698 1232 4767 impertitur
1263 4696 1435 4768 pridie
1462 4694 1586 4750 ldus
1616 4695 1851 4763 Aprilis;
1879 4695 2022 4752 Con—

406 4798 635 4855 fessoris
681 4790 961 4851 Pontiﬁcis
1004 4792 1208 4848 cultum
1248 4806 1304 4846 v1
1343 4790 1468 4845 ldus
1511 4788 1846 4844 Decembris.
1887 4789 2018 4845 Evi-

411 4890 550 4949 dens
576 4890 759 4961 itaque
782 4902 845 4943 ea
868 4883 1206 4940 consuetudo
1226 4890 1330 4948 est,
1357 4890 1413 4938 et
1444 4880 1791 4948 Veronensis,
1818 4891 1873 4938 et
1891 4882 2021 4938 alia-

411 5001 534 5042 rum
586 4982 950 5040 Ecclesiarum
1000 4976 1317 5034 celebrandi
1369 4975 1589 5032 Festum
1653 4976 2022 5034 Ordinationis

412 5076 474 5133 S.
508 5074 740 5130 Zenonis
784 5074 891 5127 ritu
956 5068 1303 5125 Conlessoris
1346 5066 1628 5122 Pontiﬁcis
1659 5084 1709 5123 vr
1756 5068 1880 5123 ldus
1912 5070 2018 5125 De-

413 5166 671 5225 cembris.
703 5163 883 5221 Pridie
912 5163 1038 5219 Idus
1065 5160 1269 5231 Aprilis
1297 5160 1432 5216 ritus
1462 5159 1713 5233 Martyris
1733 5202 1747 5228 ,
1780 5177 1885 5217 una
1925 5178 2023 5218 ex-

414 5271 574 5334 cepta
602 5261 655 5316 in
684 5257 965 5316 Tarvisina
1000 5254 1249 5312 dioecesi.
1282 5253 1503 5309 Festum
1540 5270 1671 5310 vero
1705 5256 2016 5312 Ordinatio-

410 5359 499 5414 nis
541 5356 609 5413 de
650 5351 977 5410 Conlessore
1007 5350 1269 5411 Pontilice
1303 5349 1665 5419 peragendum
1711 5364 1861 5415 esse,
1894 5352 2017 5407 usui

411 5449 748 5509 Veronensis
775 5446 1037 5502 Ecclesiae
1064 5458 1173 5499 non
1200 5442 1361 5496 modo
1390 5440 1685 5496 conformis
1714 5452 1819 5509 est,
1843 5446 1938 5500 sed
1964 5453 2018 5499 et

412 5542 690 5601 communi
717 5539 842 5596 ritui
873 5538 1130 5593 Romana:
1154 5534 1433 5591 Ecclesiae.
1458 5535 1633 5601 Quare
1657 5535 1843 5591 Sixtus
1867 5537 1931 5605 V,
1961 5539 2014 5593 in

414 5651 515 5693 suo
548 5634 705 5690 Brevi
738 5631 809 5688 26
840 5629 1159 5687 Novembris
1185 5627 1347 5694 1588,
1377 5643 1442 5682 ex
1473 5627 1828 5684 relationibus
1870 5629 2017 5684 Emi-

413 5728 861 5785 nentissimorum
886 5722 1253 5780 Cardinalium
1280 5717 1450 5791 Cong.
1493 5718 1717 5776 Rituum
1738 5761 1752 5785 ,
1784 5722 1871 5777 cui
1911 5721 2017 5780 hoc

401 5828 590 5901 fuerat
621 5818 688 5875 ab
715 5816 908 5875 eodem
938 5814 1202 5872 Pontiﬁce
1224 5811 1632 5882 demandatum,
1662 5814 1910 5888 praecipit
1928 5814 2015 5872 die

2123 4705 2484 4779 appellationi,
2516 4724 2579 4762 ne
2600 4719 2818 4777 erraret,
2850 4711 3069 4767 voluisse
3108 4707 3437 4784 satisfacere,
3461 4722 3506 4769 et
3534 4711 3695 4767 idcirco

2123 4800 2368 4870 martyris
2398 4802 2605 4855 titulum
2634 4818 2667 4855 a
2701 4800 2763 4858 S.
2798 4801 3047 4875 Gregorio
3066 4805 3143 4860 ita
3168 4809 3479 4877 sumpsisse,
3514 4816 3563 4860 ut
3585 4804 3696 4861 Con-

2123 4893 2333 4963 fessoris
2355 4901 2525 4948 tamen
2548 4910 2733 4950 nomen
2759 4911 2824 4950 ex
2846 4897 3077 4968 antiqua.
3105 4906 3276 4969 totque
3298 4899 3591 4955 testimoniis
3606 4898 3696 4970 for-

2121 4993 2260 5038 mata
2285 5001 2395 5039 sua:
2425 4985 2677 5043 Ecclesia:
2701 4988 2978 5044 traditione
3006 4992 3499 5059 praetermittendum
3533 5006 3695 5061 itqu

2120 5092 2274 5146 quam
2320 5087 2554 5149 putaret,
2603 5097 2705 5147 qua
2750 5082 2930 5137 eadem
2975 5099 3139 5139 causa
3185 5086 3437 5143 accidisse
3470 5083 3694 5158 quispim

2120 5166 2409 5236 existimet,
2441 5179 2498 5223 ut
2528 5180 2635 5225 tum
2686 5173 2740 5225 in
2770 5190 2883 5253 ms.‘
2917 5172 3258 5233 Medoetiensi
3310 5177 3467 5235 Pauli
3505 5175 3697 5232 Draconi

2117 5258 2168 5325 6,
2228 5261 2277 5327 l,
2335 5259 2529 5317 Rerum
2584 5262 2920 5331 Italicarum,
2985 5286 3107 5341 pag.
3144 5268 3291 5338 447,
3322 5281 3431 5327 tum
3466 5272 3516 5326 in
3551 5284 3641 5324 uno
3671 5281 3694 5321 ι

2120 5350 2319 5407 duobus
2349 5354 2558 5427 objectis
2607 5360 2947 5415 monumentis
2988 5373 3261 5432 utrumque
3308 5380 3491 5419 nomen
3532 5361 3695 5434 ρατὶισ

2107 5444 2383 5516 jungatur.
2420 5445 2667 5503 Perbelle
2692 5448 2911 5519 quidem
2943 5461 2999 5506 at
3026 5453 3215 5509 leviter
3241 5455 3559 5530 admodum!
3584 5451 3691 5522 Fig-

2120 5547 2300 5591 menta
2325 5539 2441 5595 haec
2466 5556 2652 5597 eorum
2683 5556 2809 5600 sunt
2827 5586 2844 5613 ,
2875 5549 2966 5618 qui
2995 5563 3101 5603 non
3132 5566 3350 5606 omnem
3376 5567 3482 5607 non
3501 5554 3695 5606 movent

2056 5639 2067 5650 ‘
2120 5628 2389 5701 lapidem,
2423 5642 2480 5688 ut
2521 5634 2764 5705 opinioni
2792 5653 2907 5694 sua:
2952 5638 3136 5697 lucum
3166 5640 3392 5698 faciam.
3425 5642 3694 5698 Adfuerunt

2120 5740 2191 5782 ne
2217 5726 2345 5783 dum
2376 5727 2493 5787 haec
2515 5729 2836 5805 Anonymus
2865 5734 3182 5807 Pipinianus
3208 5737 3501 5805 scriberet,
3530 5744 3693 5790 utsuz

2122 5822 2322 5879 mentis
2343 5837 2602 5883 arcanum
2629 5825 2705 5884 illi
2726 5828 3000 5901 aperiret?
3020 5829 3118 5888 llis
3142 5830 3378 5889 versutis
3400 5824 3690 5888 commentis
