3902 6324
220 324 304 382 755
1597 313 2079 374 DiSSEBTATlO.

3359 324 3465 383 754

216 444 360 517 quale,
392 442 586 495 ﬁrmum
620 437 746 493 licet
782 446 835 492 et
884 448 1089 496 certum
1124 448 1531 495 monumentum
1554 481 1567 505 ,
1602 439 1647 493 si
1669 436 1759 493 ad-
1786 438 1836 499 Α
1867 437 2077 508 objiciet
2103 436 2163 495 8.
2189 438 2448 496 Zenonem
2483 440 2802 513 Episcopum
2833 442 3119 515 Martyrem
3144 461 3247 499 non
3283 444 3465 516 fuisse,

215 537 468 598 mittantur,
498 533 548 585 in
578 540 692 586 tuto
715 545 837 586 esse
861 532 1099 602 poterit?
1125 532 1290 602 Magis
1317 542 1493 588 tamen
1522 532 1757 603 antiqui-

214 630 287 685 tati
310 626 534 682 studeant
558 638 781 679 necesse
817 636 931 689 est,
965 636 1015 680 et
1057 625 1178 678 aliis
1210 625 1265 679 in
1295 625 1529 696 antiquis
1557 624 1757 680 codici-

212 721 293 777 bus
332 717 474 772 verba
541 714 882 772 Confessoris
942 726 998 772 et
1056 718 1306 791 Martyris
1359 717 1519 774 simul
1569 718 1753 789 juncta

209 810 467 881 reperient,
493 818 545 862 ut
573 809 629 864 in
655 811 858 865 sanctis
883 808 1206 884 Martyribus
1233 811 1491 866 Ferreolo
1542 821 1597 868 et
1623 811 1757 867 Fer-

208 905 389 960 rucione
414 916 564 972 supra
590 903 899 974 exemplum
931 904 1198 958 dedimus.
1230 905 1417 958 Norint
1436 908 1596 959 etiam
1616 905 1757 959 anti-

206 996 350 1069 quitus
375 1010 485 1049 cum
523 994 787 1066 simplicis
825 995 1169 1053 Conlessmis
1197 998 1285 1051 vix
1319 996 1472 1051 Festa
1510 997 1755 1053 celebra-

208 1100 359 1145 rentur
386 1089 589 1145 nomine
614 1088 961 1145 Confessoris
999 1090 1288 1160 aliquando
1318 1090 1635 1146 Punlilicem
1663 1107 1754 1147 so-

206 1185 299 1239 lere
336 1182 574 1253 intelligi,
625 1184 768 1253 quod
822 1184 872 1239 in
916 1183 1114 1239 Missali
1166 1184 1396 1240 Gothico
1448 1193 1673 1255 apparet
1720 1201 1750 1240 a

205 1276 450 1331 'l‘liomasio
471 1275 634 1341 edito,
670 1275 757 1329 ubi
784 1275 966 1331 titulus
993 1278 1190 1348 legitur
1216 1296 1229 1333 :
1262 1278 1423 1333 Missa
1446 1280 1597 1334 unius
1625 1279 1753 1333 Con-

203 1370 390 1441 fessoris.
416 1369 468 1424 lu
494 1370 665 1441 prima
691 1385 821 1427 vero
847 1372 1097 1429 oratione
1138 1375 1207 1428 ita
1237 1375 1491 1430 scribitur
1522 1393 1535 1429 :
1571 1376 1754 1432 Sancti

202 1460 473 1535 Confessoris
500 1465 573 1518 tui
621 1473 669 1519 et
720 1464 987 1538 EpiscOpi.
1036 1467 1092 1521 in
1123 1478 1329 1525 secreta
1357 1488 1370 1523 :
1402 1470 1585 1526 Sancti
1610 1469 1749 1525 Con.

200 1557 374 1627 {moris
391 1558 476 1623 tui,
501 1568 555 1613 et
590 1558 643 1612 iu
668 1558 786 1613 aliis
806 1559 1018 1615 duabus
1036 1562 1407 1616 orationibus:
1432 1546 1753 1635 Confessoris

199 1657 233 1701 et
259 1647 489 1718 Episcopi.
515 1649 575 1704 ln
609 1650 794 1718 titulo,
827 1661 878 1707 et
910 1653 1157 1707 oratione
1196 1663 1404 1708 secreta
1437 1654 1577 1709 idem
1610 1655 1753 1710 valet

198 1758 356 1798 nomen
377 1742 713 1815 Confessoris,
738 1761 801 1801 ac
826 1747 877 1802 in
899 1747 1018 1800 aliis
1041 1746 1364 1819 Confessoris
1387 1759 1438 1803 et
1485 1747 1748 1820 Episcopi.

1861 545 1977 584 cum
2002 530 2057 584 in
2098 531 2272 603 lapide
2316 534 2486 604 posito
2527 534 2583 588 in
2628 536 2824 603 pariete
2859 532 3115 591 Ecclesia:
3156 537 3470 603 supradicta:

1862 624 1922 679 S.
1955 622 2223 697 Gregorii,
2252 644 2366 698 qme
2392 637 2437 682 et
2482 626 2543 683 S.
2581 627 2789 684 Helenae
2820 630 3113 701 appellatur
3146 631 3324 685 incisa:
3348 638 3472 686 sunt

1859 717 2041 772 lilterte
2087 735 2202 790 qua:
2224 718 2438 786 docent,
2469 721 2608 792 quod
2636 724 2689 776 in
2720 725 3158 778 reconsecratione
3187 725 3339 780 dicta:
3366 724 3469 778 Ec~

1857 809 2027 863 clesia?
2052 827 2187 865 anno
2221 811 2423 865 homini
2449 812 2609 878 1140,
2635 814 2801 885 primo
2827 814 3136 885 Decembris,
3161 817 3296 871 inter
3333 816 3467 872 alias

1857 903 2101 971 reliquias
2156 905 2209 957 in
2236 904 2417 959 locello
2448 907 2664 980 majoris
2704 907 2900 962 Altaris
2941 909 3210 978 impositas
3229 951 3244 975 ,
3272 910 3468 981 fuerint

1856 996 2006 1049 etiam
2033 996 2285 1066 imposita:
2308 998 2538 1063 reliquiae
2560 998 2619 1054 8.
2646 998 2871 1055 Zenonis
2902 1000 3343 1071 Confessoris.....
3368 1001 3466 1058 Cui

1853 1091 2263 1159 respondebitur,
2292 1092 2431 1163 quod
2465 1110 2579 1147 cum
2612 1092 2693 1149 ha?
2718 1095 2949 1167 reliquiae
2976 1096 3082 1151 sint
3126 1096 3316 1150 ea’dem
3350 1112 3465 1167 qua:

1855 1182 1979 1236 olim
2012 1184 2276 1239 collocata:
2311 1184 2495 1240 ibidem
2542 1187 2747 1255 fuerant
2784 1188 2837 1241 in
2878 1188 3049 1260 prima
3084 1190 3467 1245 consecratione

1855 1274 2110 1331 Maxentii
2140 1276 2483 1346 Patriarchcc,
2508 1278 2836 1335 subtiluloS.
2861 1280 3087 1335 Zenonis
3111 1280 3382 1352 Martyris,
3407 1287 3467 1336 ut

1856 1371 2012 1440 paulo
2047 1389 2207 1441 supra
2232 1373 2427 1427 dictum
2447 1382 2522 1428 est
2569 1389 2589 1429 :
2618 1373 2765 1427 nulla
2798 1375 2933 1429 ratio
2963 1377 3178 1446 patitur,
3211 1375 3466 1446 quidquid

1853 1466 1907 1520 in
1947 1467 2039 1520 illo
2074 1466 2248 1537 lapide
2299 1477 2479 1521 contra
2517 1467 2675 1538 [idem
2704 1470 3034 1524 instrumenti
3073 1472 3253 1541 primat
3280 1487 3462 1526 conse-

1854 1559 2127 1621 crationis,
2159 1568 2209 1614 et
2248 1559 2479 1615 historice
2516 1560 2773 1615 veritatem
2813 1562 3035 1624 dicatur,
3083 1576 3141 1616 ut
3181 1578 3213 1615 a
3253 1564 3466 1617 veritate

1856 1650 2102 1723 Martyrii
2131 1651 2192 1707 S.
2221 1651 2444 1707 Zenonis
2485 1654 2770 1707 recedatur.
2825 1654 3059 1709 Primam
3099 1656 3469 1710 consecratio-

1857 1759 1980 1799 nem
2003 1743 2104 1798 sub
2126 1743 2217 1800 die
2244 1760 2329 1800 xvr
2350 1745 2470 1800 Kal.
2498 1746 2747 1801 Octobris
2772 1762 2916 1800 nono
2938 1748 3140 1803 saeculo
3169 1749 3465 1819 incipiente

194 1835 239 1890 In
263 1837 434 1891 Missali
472 1852 684 1909 quoque
717 1839 1048 1895 Francorum
1094 1842 1163 1895 ab
1199 1842 1388 1897 eodem
1424 1841 1750 1899 Eminentis-
1780 1844 1825 1904 Β
1854 1836 2215 1904 celebratam,
2250 1852 2371 1891 cum
2404 1840 2637 1892 secunda
2682 1839 2782 1894 sub
2814 1839 2902 1894 die
2949 1841 3119 1909 primo
3152 1841 3466 1898 Decembris

193 1932 300 1986 sima
323 1933 602 1989 'l‘homasio
641 1935 791 1989 edito
828 1935 884 1990 8.
930 1935 1166 1990 Hilarius
1211 1936 1552 1991 Confessm-is
1591 1937 1747 1992 titulo

193 2024 441 2082 scribitur:
466 2028 524 2083 8.
554 2026 796 2084 Hilarius
817 2027 1093 2101 Confessor
1116 2043 1264 2097 tuus,
1296 2032 1370 2085 ita
1418 2032 1470 2086 in
1501 2030 1748 2087 oratione

192 2127 233 2172 et
254 2120 503 2189 precibus;
537 2130 597 2176 at
626 2123 678 2176 in
704 2124 951 2178 oratione
979 2140 1144 2195 super
1172 2124 1352 2179 oblata
1398 2123 1675 2194 Confessor
1700 2134 1749 2180 et

194 2208 396 2281 Pontifex
418 2214 744 2290 nominatur.
779 2214 1097 2288 Anonymtts
1126 2233 1255 2288 ergo
1279 2218 1596 2287 Pipinianus
1616 2261 1630 2284 ,
1655 2220 1747 2290 qui

187 2299 514 2361 Confessorcm
558 2318 615 2363 et
646 2308 933 2381 Martyrem
986 2309 1043 2366 S.
1073 2310 1347 2367 Zenonem
1376 2310 1527 2380 dicit,
1562 2312 1746 2368 Ponti-

188 2392 310 2449 ﬁcem
330 2407 380 2451 et
420 2397 708 2471 Martyrem
737 2402 1071 2473 signiﬁcasse
1101 2403 1370 2473 putandus
1388 2415 1491 2461 εει.
1522 2405 1667 2461 Idem
1692 2406 1746 2462 in
1798 2426 1807 2437 ·

188 2483 487 2545 Medoetieusi
515 2507 623 2546 ms.
646 2535 662 2559 ,
694 2502 749 2548 et
794 2493 954 2561 alibi,
987 2496 1076 2550 ubi
1107 2494 1224 2551 haec
1257 2497 1527 2566 reperitur
1556 2497 1747 2553 inseri-

184 2581 291 2649 ptio.
320 2582 489 2653 Neque
518 2588 701 2642 minus
728 2589 1109 2655 allucinantur,
1144 2590 1271 2645 dum
1313 2592 1366 2645 in
1399 2591 1578 2645 charta
1609 2609 1745 2648 anno

185 2672 267 2731 769
283 2676 329 2731 in
347 2679 447 2733 vico
463 2678 818 2749 Campe-Ilione
841 2682 897 2737 Μ
903 2683 1242 2739 cdiolanensis
1263 2684 1493 2741 diaecesis
1526 2688 1742 2757 scripta,

185 2769 303 2824 etab
346 2774 534 2846 inclyta
579 2784 743 2846 atque
779 2777 848 2833 de
874 2777 1159 2833 Litteraria
1204 2778 1496 2849 Republica
1542 2782 1746 2850 optime

184 2865 342 2920 merito
379 2868 698 2925 marchione
744 2869 958 2926 Mall‘eio
1002 2871 1143 2925 edita
1193 2871 1334 2927 inter
1363 2882 1742 2941 monumenta,

182 2973 273 3025 qua:
294 2962 382 3029 ipsi
405 2964 456 3017 in
489 2963 778 3020 νει-οπεηεί
818 2967 1033 3020 historia
1062 2967 1370 3022 illustranda
1397 2970 1515 3023 usui
1540 2974 1746 3039 fuerunt

180 3062 295 3121 parte
337 3057 522 3124 prima,
577 3074 702 3129 pag.
731 3058 857 3125 575,
906 3058 959 3113 in
1007 3076 1110 3129 qua
1159 3074 1491 3115 memoratur
1519 3061 1747 3119 Basilica

185 3140 436 3202 Beatissimi
484 3161 534 3205 et
581 3148 905 3223 Confessoris
952 3151 1145 3208 Christi
1178 3153 1423 3210 Zenonis.
1459 3156 1591 3222 Quis
1634 3172 1742 3212 non

1852 1942 1997 1982 armo
2031 1927 2170 1985 1140
2193 1929 2552 1985 confundunt.
2581 1932 2776 1996 Quanti
2805 1945 2934 1986 vero
2961 1931 3205 1986 facienda
3238 1934 3311 1987 sit
3345 1932 3463 1989 haec

1852 2021 2138 2091 inscriptio
2167 2024 2218 2078 iu
2271 2025 2507 2081 secunda
2532 2029 2943 2082 consecratione
2988 2028 3464 2098 posita,‘ostendit

1853 2116 2171 2173 manifestus
2200 2134 2357 2174 error
2382 2121 2435 2175 in
2463 2136 2525 2175 ea
2560 2129 2771 2192 patens,
2798 2138 2921 2177 cum
2952 2122 3006 2178 S.
3039 2122 3290 2193 Vigilium
3346 2123 3462 2193 epi-

1852 2226 2074 2281 scopum
2103 2212 2484 2270 Tridentittum
2526 2214 2907 2273 Conlessorem
2938 2216 3141 2273 indicet
3162 2258 3176 2284 ,
3201 2216 3296 2288 qui
3315 2216 3462 2273 omni

1851 2306 2017 2363 dubio
2046 2308 2234 2378 procul
2266 2308 2468 2383 Martyr
2494 2311 2647 2366 obiit.

1925 2399 2347 2456 EtCoronatum
2398 2401 2677 2458 Notarium
2726 2417 2832 2457 non
2882 2404 3071 2459 timent
3123 2401 3340 2466 afferre,
3368 2402 3462 2474 qui

1849 2491 1909 2547 S.
1961 2491 2232 2548 Zenonem
2282 2495 2333 2548 in
2375 2509 2506 2564 pace
2552 2496 2822 2566 quievisse
2870 2500 3086 2562 asserit,
3126 2494 3458 2551 Coronatum

1851 2584 2092 2654 inquam,
2122 2602 2281 2656 quem
2313 2595 2372 2642 ut
2414 2596 2581 2642 totum
2620 2596 2916 2644 scatentem
2958 2589 3153 2644 fabulis
3200 2604 3460 2659 respuere

1852 2682 2023 2751 prius,
2049 2697 2191 2736 nunc
2219 2682 2463 2749 laudant,
2490 2683 2716 2753 ejusque
2739 2693 3136 2755 prosequuntur
3160 2685 3459 2738 auctorita-

1852 2787 1982 2833 tem.
2016 2777 2085 2833 At
2110 2778 2220 2849 jam
2252 2794 2411 2845 supra
2446 2777 2852 2833 observavimus
2882 2777 3141 2833 Coronati
3189 2777 3459 2832 narratio-

1847 2885 1974 2949 pem
2010 2873 2060 2925 in
2094 2871 2356 2927 lectiones
2379 2872 2720 2927 distributum
2752 2888 2849 2941 pro
2874 2871 3056 2927 ofﬁcio
3086 2870 3455 2927 Ordinationis

1850 2964 1908 3018 S.
1934 2963 2187 3018 Zenonis.
2218 2962 2399 3033 Quare
2430 2980 2533 3018 non
2568 2973 2652 3020 est
2682 2966 2916 3020 alienum
2945 3008 2959 3031 ,
2993 2974 3051 3020 ut
3075 2964 3195 3036 quis
3216 2960 3323 3018 hoc
3353 2951 3459 3020 sibi

1850 3058 1903 3113 in
1929 3060 2164 3113 animum
2208 3059 2454 3126 inducat,
2510 3068 2570 3114 ut
2612 3061 2797 3115 credat
2836 3060 3166 3115 mentionem
3213 3058 3456 3131 martyrii

1851 3164 1948 3218 pro
1972 3151 2165 3207 eodem
2204 3151 2339 3205 festo
2382 3151 2545 3207 fuisse
2590 3152 2878 3207 sublatam.
2934 3151 3047 3207 Hoc
3088 3151 3283 3206 suadet
3308 3150 3455 3205 varia

181 3236 294 3293 ridet
320 3242 470 3297 verba
496 3245 587 3300 illa
616 3243 933 3319 Coufessoris
954 3246 1143 3302 Christi
1171 3247 1238 3303 de
1259 3250 1488 3320 simplici
1517 3249 1743 3307 Confes—
1768 3244 1813 3307 C
1848 3243 2030 3311 lectio,
2064 3261 2183 3313 qua:
2206 3246 2256 3300 in
2281 3243 2513 3301 diversis
2542 3260 2671 3301 mss.
2701 3246 3009 3314 inspicitur,
3035 3254 3093 3299 ut
3124 3244 3453 3310 notavimus,

180 3341 279 3383 sure.
295 3336 559 3391 enunciari
597 3352 703 3391 non
742 3339 944 3408 posse?
971 3338 1108 3406 Quid
1132 3355 1261 3394 vero
1288 3339 1544 3395 relrieant
1565 3342 1745 3399 adhuc

180 3419 581 3495 inscriptionem,
632 3447 747 3502 qua:
794 3432 1111 3499 temporibus
1156 3432 1376 3487 Andreae
1422 3433 1745 3490 Patriarchte

180 3513 503 3585 Aquileiensis,
538 3521 600 3575 id
630 3532 744 3589 est,
774 3525 962 3579 uacula
1001 3540 1052 3580 ιχ
1080 3528 1132 3579 in
1164 3526 1354 3596 templo
1383 3526 1442 3583 S.
1469 3524 1738 3601 Gregorii,

178 3624 286 3663 nunc
310 3624 469 3669 autem
498 3617 656 3690 vulgo
688 3616 749 3672 S.
784 3616 1026 3685 Helenae,
1064 3618 1115 3673 in
1153 3620 1514 3675 dedicationis
1547 3638 1741 3677 monu-

179 3714 376 3759 mentum
404 3721 572 3764 erecta
616 3711 786 3765 adhuc
815 3712 1059 3777 cernitur,
1099 3712 1188 3767 ubi
1226 3714 1363 3768 intra
1391 3712 1739 3778 Sanctorum,

175 3810 267 3862 qua
281 3799 453 3856 ibidem
473 3803 1078 3872 continenturreliquias,
1094 3808 1175 3859 ha?
1195 3816 1524 3861 recensentur
1541 3822 1558 3861 :
1582 3804 1621 3863 S
1631 3845 1641 3859 .
1656 3805 1743 3862 Vi-

175 3889 263 3958 gilii
278 3890 520 3965 Confess.,
549 3895 613 3954 S.
635 3894 852 3951 Proculi
868 3894 1124 3965 Confess.,
1153 3897 1211 3954 8.
1233 3897 1460 3952 Zenonis
1480 3897 1736 3971 Confess.,

174 3994 271 4036 cum
294 3985 527 4054 ejusdem
583 3989 955 4057 inscriptionis
1000 3989 1345 4045 manifestum
1393 4007 1632 4047 errorem
1686 3992 1739 4046 in

173 4071 367 4133 Scholiis
409 4082 472 4136 ad
504 4083 671 4137 vitam
716 4083 773 4139 8.
804 4082 1039 4137 Zenonis
1068 4082 1305 4152 Baptista
1342 4085 1589 4141 Perettus
1627 4087 1743 4141 evi-

173 4162 331 4223 denter
355 4170 711 4229 demonstret.
747 4174 813 4228 ln
856 4176 1197 4229 instrumento
1238 4177 1529 4232 authentico
1562 4178 1741 4243 prima:

173 4266 531 4320 consecrationis
558 4265 808 4321 Ecclesicc
836 4268 895 4320 8.
924 4265 1165 4338 Gregorii
1196 4267 1449 4340 Martyris
1472 4269 1614 4340 apud
1641 4268 1740 4325 Ca-

171 4351 435 4417 tltrdralem.
461 4374 577 4426 qua:
598 4360 753 4412 etiam
776 4357 835 4414 S.
864 4352 1080 4413 Ualente
1122 4369 1356 4421 uocatur,
1379 4360 1442 4413 de
1462 4378 1561 4427 quo
1583 4378 1743 4429 supra

170 4446 314 4508 rap.7
339 4447 525 4503 dictum
549 4460 658 4518 est,
696 4451 834 4521 quod
873 4451 1209 4506 asservabunt
1231 4453 1286 4506 in
1324 4453 1565 4507 Archivio
1604 4454 1741 4509 mul-

173 4542 259 4589 tum
292 4545 543 4599 reccrendi
572 4546 800 4616 Capituli
838 4543 1181 4600 Dominarum
1225 4544 1634 4614 Canonlcorum,
1665 4547 1740 4602 ita

1846 3338 1942 3395 lib.
1994 3337 2062 3393 de
2108 3341 2366 3411 martyrio
2406 3339 2464 3395 S.
2495 3339 2762 3403 Zenonis,
2803 3354 2924 3409 cap.
2984 3339 3051 3408 5?,
3113 3338 3452 3409 suadentque

1848 3430 2054 3486 similes
2077 3431 2195 3485 aliae
2220 3432 2545 3487 mutationes
2571 3431 2625 3486 in
2658 3431 2846 3487 eodem
2874 3431 3053 3486 ofﬁcio
3075 3431 3324 3501 superius
3356 3446 3455 3486 no-

1848 3531 1992 3577 tata».
2041 3521 2278 3578 Joannes
2321 3524 2541 3593 quidem
2580 3526 2884 3597 prmsltyter
2926 3524 3322 3581 Mansit-uarius
3350 3524 3454 3580 Ec-

1845 3615 2026 3671 clesiae
2067 3614 2423 3689 Veronensis,
2448 3628 2501 3671 et
2533 3616 2727 3687 ipsein
2760 3632 2854 3672 sua
2906 3616 3129 3671 historia
3179 3608 3453 3685 imperiali

1844 3724 1948 3765 ms.
1982 3710 2049 3765 de
2076 3708 2133 3765 S.
2165 3708 2381 3765 Zenone
2411 3710 2606 3764 asserit
2639 3728 2650 3763 :
2686 3709 2887 3775 Quievil
2910 3710 2963 3764 in
2990 3706 3215 3764 Christo.
3251 3711 3321 3763 At
3352 3710 3453 3763 im-

1845 3802 2078 3857 mediate
2109 3810 2235 3857 ante
2265 3803 2454 3857 scribit
2492 3821 2504 3858 :
2540 3801 2668 3857 Post
2693 3802 2862 3857 multa
2889 3802 3147 3875 supplicia
3176 3802 3365 3875 quieuit
3396 3803 3452 3857 in

1843 3893 2068 3949 Christo.
2117 3895 2276 3951 Forte
2312 3895 2366 3950 in
2399 3894 2728 3951 lectionibus
2758 3895 2901 3951 Festi
2930 3893 3326 3961 Ordinationis,
3358 3895 3450 3951 ab-

1842 3987 1969 4042 latis
2004 3986 2182 4043 verbis
2234 4003 2355 4059 quas
2397 3990 2727 4043 mentionem
2776 3988 3015 4059 martyrii
3045 3987 3449 4057 exprimebant,

1844 4081 1933 4136 illa
1962 4091 2166 4136 tantum
2195 4082 2379 4137 relicta
2408 4091 2536 4137 sunt
2566 4099 2578 4135 τ
2610 4080 2896 4149 Requieril,
2922 4089 3012 4134 aut
3039 4091 3270 4150 receptus
3296 4090 3369 4133 est
3397 4080 3452 4133 in

1843 4191 1990 4246 pace,
2022 4190 2087 4230 eo
2116 4174 2278 4228 modo
2309 4191 2321 4227 :
2350 4189 2415 4230 ac
2459 4174 2503 4228 si
2533 4175 2645 4244 quis
2675 4190 2741 4228 cx
2774 4183 2927 4229 textu
2955 4171 3180 4227 Joannis
3224 4172 3449 4243 presby-

1842 4267 1946 4323 teri
1999 4283 2170 4337 nuper
2212 4266 2409 4322 laudati
2459 4266 2749 4322 deleviaset
2797 4265 2886 4320 illa
2918 4266 3079 4320 verba
3130 4273 3244 4332 post
3284 4263 3448 4317 multa

1842 4361 2125 4432 supplicia,
2153 4369 2208 4414 et
2236 4360 2539 4429 reliquisset
2568 4361 2753 4430 quievit
2780 4358 2834 4411 in
2858 4356 3082 4412 Christo.
3108 4355 3292 4427 Neque
3316 4370 3448 4411 vero

1843 4455 2019 4508 aliena
2052 4462 2178 4507 sunt
2209 4452 2325 4507 htec
2373 4452 2535 4507 verba
2579 4452 2631 4505 in
2655 4451 2817 4506 Festo
2844 4451 3102 4523 martyris
3128 4449 3446 4515 rectilendo,

1844 4555 1903 4601 ut
1931 4546 1982 4601 in
2016 4545 2401 4618 Martyrologio
2434 4542 2876 4609 Romano,l584,
2906 4559 2998 4598 χιχ
3027 4541 3136 4597 kal.
3165 4541 3321 4608 Feb.,
3354 4541 3448 4598 ubi

171 4633 354 4701 tegitur:
373 4657 391 4690 ε
412 4638 721 4695 Maxentius
746 4638 1052 4694 Patriareha
1068 4639 1433 4710 Aquileiensis
1456 4653 1737 4695 consecra-
1763 4631 1816 4693 D
1841 4640 1909 4694 de
1938 4638 1994 4695 8.
2026 4638 2209 4694 Felice
2231 4640 2426 4709 legitur
2455 4655 2467 4691 :
2504 4634 2685 4692 Clarus
2716 4636 2979 4690 miraculis
3009 4637 3063 4690 in
3086 4651 3212 4707 pace
3237 4634 3444 4705 quievit.

170 4724 228 4777 vit
263 4726 580 4793 Ecclesiam.
617 4747 775 4803 quam
823 4743 1202 4788 construxerat
1242 4732 1507 4789 Paciﬁcus
1548 4733 1742 4789 Archi-

167 4816 389 4878 diacouus
412 4826 673 4882 Ecclesiae
701 4825 905 4883 'Veron.
940 4827 995 4882 in
1028 4828 1290 4883 honorem
1318 4826 1469 4883 Beati
1497 4826 1737 4900 Georgii,

167 4920 208 4964 et
226 4913 356 4971 Beati
380 4918 616 4976 Zenonis
638 4920 932 4992 Martyrum
949 4963 964 4985 ,
990 4921 1735 4992 aliorumqueVenerabilium

166 5003 482 5079 Sanctorum,
525 5014 629 5071 sub
670 5014 759 5068 die
794 5029 880 5069 xvr
914 5013 1036 5069 Ktl.
1068 5013 1351 5081 Octobris,
1394 5024 1446 5070 et
1479 5015 1734 5082 reliquias

166 5103 567 5167 supradictorum
597 5107 919 5163 Sanctorum
962 5110 1012 5161 in
1042 5108 1234 5163 locello
1262 5108 1447 5164 altaris
1485 5108 1731 5179 ejusdem

166 5191 388 5252 Ecclesire
410 5216 577 5256 manu
598 5203 817 5272 prepria
839 5201 1120 5259 Collocavit
1150 5219 1162 5255 :
1198 5200 1481 5271 Regnante
1503 5201 1735 5257 Domino

165 5284 331 5348 Carolo
350 5294 400 5348 in
421 5294 601 5362 Italia,
630 5311 774 5349 anno
804 5296 1017 5363 pietatis
1048 5296 1164 5364 ejus
1194 5311 1305 5362 xu,
1336 5294 1523 5351 indiet.
1550 5313 1604 5352 v.
1634 5296 1735 5354 Cui

164 5389 530 5441 consecratioui
567 5404 805 5456 praesens
827 5388 930 5443 fuit
956 5387 1219 5442 Rotaldus
1246 5389 1542 5457 Episcopus
1565 5388 1735 5444 Vero-

165 5477 339 5530 nensis.
375 5496 396 5531 ι
429 5477 560 5534 Hac
604 5496 668 5535 ea:
709 5479 997 5534 memoriali
1042 5477 1111 5533 D.
1157 5479 1442 5535 Alexandri
1481 5478 1729 5548 Canobii,

164 5566 262 5634 qui,
298 5578 352 5623 ut
393 5572 523 5626 mihi
561 5574 740 5628 asserit
768 5590 832 5628 ex
874 5572 1009 5629 dicto
1039 5574 1377 5628 instrumento
1415 5591 1474 5629 ea
1515 5574 1735 5643 ﬁdeliter

164 5660 424 5727 exscripsit.
452 5662 521 5718 υ.
548 5675 712 5719 autem
735 5663 953 5719 Carolus
974 5667 1095 5720 obiit
1121 5665 1204 5719 die
1222 5665 1294 5722 28
1313 5665 1575 5737 Januarii,
1600 5685 1736 5723 anno

167 5744 339 5808 Christi
363 5756 493 5823 8M;
520 5768 643 5812 teste
671 5755 859 5813 Carolo
884 5757 1097 5828 Sigonio
1124 5757 1470 5814 Historiarum
1493 5759 1556 5813 de
1580 5777 1737 5835 regno

170 5842 361 5920 halitu,”
381 5851 469 5911 lib.
499 5863 801 5925 (μανίαι...
835 5854 1032 5925 Aliquis
1058 5862 1275 5924 fortasse
1303 5864 1406 5910 non
1430 5854 1622 5921 deerit,
1654 5857 1741 5926 qtti

1849 4732 2155 4788 Detractam
2219 4745 2351 4785 vero
2397 4744 2425 4783 a
2473 4729 2635 4784 Festo
2688 4727 3060 4783 Ordinationis
3115 4728 3445 4783 mentionem

1812 4818 1821 4825 ’
1846 4824 2089 4895 martyrii
2117 4830 2329 4877 constat
2356 4839 2423 4878 ex
2453 4838 2518 4878 eo
2542 4822 2683 4891 quod
2715 4821 2966 4877 Perettus
2990 4831 3044 4878 et
3076 4821 3293 4891 Bagatta
3321 4832 3445 4874 cum

1844 4928 2031 4974 nostro
2066 4917 2320 4972 Dondoro
2353 4918 2405 4971 in
2438 4916 2779 4979 lectionibus,
2810 4933 2928 4987 qum
2957 4915 3019 4971 I2
3044 4915 3230 4985 aprilis
3256 4921 3310 4967 et
3342 4911 3450 4968 Ve-

1840 5026 2010 5079 ronre,
2037 5020 2093 5067 et
2118 5010 2334 5065 Pistorii
2362 5011 2656 5079 antiquitus
2688 5010 3004 5078 legebantur
3026 5010 3078 5063 in
3110 5006 3275 5064 Festo
3303 5021 3450 5061 mar-

1839 5104 1963 5177 tyrii
1994 5103 2050 5159 S.
2082 5102 2319 5158 Zenonis
2358 5118 2476 5157 eam
2508 5119 2567 5158 se
2596 5101 2799 5157 vidisse
2832 5112 3117 5157 testentur.

1911 5196 2099 5264 Quoad
2128 5203 2331 5252 statuta
2356 5211 2485 5251 vero
2511 5193 2846 5251 Veronensis
2874 5195 3023 5249 urbis
3046 5237 3060 5261 ,
3088 5196 3177 5251 ubi
3206 5195 3274 5250 de
3298 5195 3448 5252 cultu

1841 5290 2079 5346 Zenonis
2109 5289 2310 5359 agitur,
2342 5304 2462 5359 qum
2510 5288 2775 5343 Perettus-
2800 5287 2968 5344 refert
3014 5288 3066 5344 in
3113 5287 3348 5344 Scholiis
3375 5284 3445 5341 ad

1840 5382 2020 5439 Vitam
2043 5384 2100 5437 S.
2130 5381 2393 5447 Zenonis,
2427 5398 2602 5451 neque
2633 5391 2858 5455 martyr,
2890 5397 3067 5453 neque
3086 5381 3366 5437 confessor
3388 5380 3443 5433 in

1842 5477 1952 5533 illis
1981 5478 2179 5548 legitur
2199 5475 2257 5532 S.
2285 5475 2454 5544 Zeno,
2482 5476 2575 5532 sed
2599 5484 2859 5547 patronus
2889 5486 2943 5531 et
2971 5475 3120 5530 urbis
3149 5481 3443 5543 protector.

1843 5571 1987 5629 Alibi
2021 5569 2158 5625 l‘orte
2189 5586 2310 5625 cum
2340 5570 2524 5625 addito
2551 5570 2861 5643 confessoris
2891 5566 3148 5623 scribitur
3181 5565 3239 5623 S.
3270 5565 3440 5620 Zeno.

1845 5664 1915 5720 At
1942 5663 1996 5719 in
2025 5663 2263 5733 antiquis
2295 5661 2594 5725 codicibus,
2624 5669 2683 5715 ut
2712 5674 2873 5730 supra
2893 5655 3452 5723 vidimus,eonl‘esso-

1847 5760 1924 5816 ris
1950 5775 2145 5813 nomen
2189 5768 2480 5825 martyrem
2514 5753 2817 5824 signiﬁcare
2848 5762 3056 5807 certum
3086 5761 3190 5829 est.
3321 5764 3452 5835 vero

1849 5850 2145 5924 pesteriori
2171 5854 2332 5909 aetate
2360 5838 2551 5907 alicubi
2576 5850 2804 5921 legatur,
2829 5847 2882 5905 id
2915 5836 2981 5905 es
3003 5832 3275 5904 veteribus
3305 5832 3396 5903 libi
3414 5844 3460 5904 is
