3902 6324
498 281 599 335 755

1282 282 1367 338 DE
1406 281 1730 339 OPINIONI
1768 279 2102 337 ΒΑΜ-ΕΒΗ

2208 277 2354 334 lRCA
2397 278 2550 334 ΖΕΝ.
2598 279 2689 334 MA
2700 277 3012 336 R'l‘VltlUM
3619 292 3694 346 τῗῦ

495 392 771 449 ι.1θι“ἱγ.ιεεε
813 394 1118 448 dicendum.
1174 391 1356 463 Neque
1383 393 1526 447 enim
1558 402 1881 450 statutorutn
1909 391 2096 447 condi—
2127 393 2178 450 Α
2203 390 2519 445 Caletnlaria
2575 393 2855 447 c-tncernit
2882 434 2894 456 ,
2937 393 3114 446 recole
3167 408 3279 464 qua:
3326 394 3621 464 dixitnus,t~t
3654 422 3700 460 να

495 495 643 541 tores
690 485 929 541 rubricas
959 484 1354 540 ecclesiasticas
1383 485 1760 553 consulebant,
1791 486 1918 540 dum
1953 486 2099 557 leges

497 577 710 641 darent,
743 577 837 633 sed
865 577 1068 632 codicis
1099 588 1150 633 et
1179 577 1534 648 digestorum.
1570 578 1726 634 Aliud
1757 577 1886 633 libet
1917 594 2100 633 exent-

495 672 642 742 plum
673 671 867 726 afferre
915 689 1021 742 quo
1045 681 1232 742 aperte
1261 681 1526 744 martyres
1551 673 1732 727 vocari
1761 671 2099 727 confessorcs

495 763 922 821 demonstratur.
972 765 1185 820 Praebet
1233 765 1359 820 illud
1415 765 1682 822 Perottus.
1731 764 1791 821 8.
1843 764 2100 820 Paulinus

497 874 731 926 namque
758 858 956 929 plutics
988 858 1382 926 confessorem,
1406 868 1458 914 et
1491 858 1693 930 pluries
1721 870 2013 932 martyrem
2039 855 2098 914 S.

496 949 731 1007 Felicem
765 951 1029 1008 Nolanum
1061 953 1300 1024 appellat
1335 969 1347 1005 :

620 1086 967 1162 ξρξθιορίῐιηι,Δ
982 1086 1273 1162 Lux.nost_ra
1298 1085 1453 1145 Deus,
1475 1085 1656 1162 Felicis
1677 1085 1821 1135 amici

619 1148 848 1199 Natalem
874 1158 1005 1200 tanta
1029 1148 1180 1197 voluit
1204 1149 1441 1198 decorare
1469 1148 1682 1206 medela,

626 1211 690 1264 Ut
713 1212 1018 1264 Confessoris
1039 1213 1273 1261 meritum
1300 1212 1508 1260 sublime
1536 1211 1725 1264 patenti

623 1277 829 1324 Munere
856 1282 1171 1331 monstraret,
1200 1288 1293 1322 non
1320 1282 1372 1323 ut
1390 1274 1662 1323 cuinnlaret
1687 1274 1924 1321 honorem

623 1338 848 1410 martyris
872 1340 962 1410 hoc
985 1350 1158 1410 ιψρςρ,
1186 1338 1419 1410 ingentes
1440 1337 1518 1408 cui
1543 1337 1745 1410 contnlit
1767 1332 1884 1384 olim

623 1397 881 1450 Nobilibus
905 1397 1060 1448 titulis
1084 1399 1350 1448 benedicto
1374 1401 1571 1448 nomine
1597 1397 1796 1461 palmas.

502 1523 706 1580 Eodem
741 1524 899 1578 modo
929 1540 1070 1578 nunc
1102 1524 1456 1591 confessoris,
1491 1541 1632 1580 nunc
1665 1525 1918 1596 martyris
1946 1523 2104 1579 titulo
2177 1587 2181 1596 ν

500 1617 559 1674 S.
586 1615 819 1673 Felicem
844 1618 1064 1673 decorat
1085 1617 1226 1672 idem
1257 1615 1316 1674 S.
1350 1615 1606 1673 Paulinus
1637 1617 1688 1672 in
1721 1618 1828 1672 vita
1855 1617 2102 1687 ejusdem

501 1709 559 1763 S.
595 1709 790 1765 Felicis
817 1708 1064 1765 versibus
1117 1709 1447 1766 hexametris
1487 1722 1726 1765 exarata.
1757 1706 1816 1765 8.
1851 1711 2104 1780 Augusti-

2201 485 2365 540 ctiam
2418 500 2538 555 qua:
2575 484 2950 550 disseruimus,
2987 485 3079 538 lib.
3134 484 3199 540 de
3230 491 3462 560 martyrio
3500 491 3544 547 S.
3573 492 3702 548 Zeno-

2204 576 2308 644 nis,
2339 593 2459 648 cap.
2498 578 2582 632 10.
2627 577 2912 633 Probabile
2943 593 3072 633 vero
3103 588 3274 634 utrum
3303 582 3386 647 sit,
3411 581 3464 637 S.
3489 581 3701 645 Zenonem

2204 671 2305 726 sub
2345 672 2604 728 Gratiano
2627 671 3002 726 Valentiniano
3025 670 3235 741 jnniore
3263 688 3322 728 ac
3353 673 3612 730 Theodosio
3634 679 3706 733 itit-

2207 765 2542 835 peratoribus
2586 766 2903 838 martyrium
2943 764 3194 831 subiisse,
3224 780 3625 835 supervacaneum
3648 781 3708 826 est

2206 856 2478 926 inquirere
2498 899 2511 922 ,
2541 873 2664 911 cum
2691 859 2802 926 jam
2837 873 3000 928 supra
3031 857 3252 914 Gallieni
3299 859 3596 930 imperatoris
3624 879 3709 920 ano

2205 947 2260 1004 S.
2296 947 2531 1004 Zenonis
2557 951 2818 1020 epocltam
2850 950 3304 1007 Constituerimus.

2277 1041 2372 1096 llis
2395 1043 2645 1096 omnibus
2669 1043 2950 1109 discussis,
2974 1059 3095 1112 qua:
3113 1055 3294 1100 contra
3316 1043 3370 1104 8.
3393 1045 3594 1102 Zenonis
3611 1063 3717 1104 inar-

2209 1132 2404 1206 tyrium
2436 1134 2644 1205 objecta
2673 1135 2911 1201 fuerunt,
2937 1136 3066 1190 illud
3102 1137 3506 1208 praetereundum
3534 1153 3716 1209 nonest,

2209 1244 2403 1296 nempe
2438 1230 2586 1283 edito
2623 1230 2736 1298 jam
2775 1246 2802 1284 a
2844 1230 3090 1286 Dominis
3137 1231 3429 1286 Ballcriniis
3472 1250 3716 1290 sermonum

2208 1318 2266 1374 S.
2301 1319 2532 1374 Zenonis
2587 1322 2723 1377 libro
2749 1363 2764 1390 ,
2816 1339 3121 1378 sermonem
3151 1324 3422 1392 quemdam
3455 1325 3505 1381 S.
3537 1326 3720 1383 Petronii

2207 1413 2447 1484 episcopi
2478 1412 2804 1469 Veronensis
2837 1417 2936 1485 ipsi
2960 1417 3197 1483 editores
3224 1418 3548 1483 invenerunt,
3580 1421 3720 1490 inquo

2207 1505 2265 1560 S.
2295 1504 2442 1560 Zeno
2471 1506 2757 1563 confessor
2789 1511 3097 1566 nominatur
3122 1509 3206 1566 bis
3237 1511 3440 1566 verbis:
3474 1511 3631 1567 Probat
3655 1517 3723 1568 ltac

2208 1597 2333 1652 tedis
2377 1599 2529 1654 istius
2578 1601 2826 1670 ampliata
2873 1603 3184 1670 sublimitas,
3214 1621 3323 1675 qua:
3351 1607 3464 1658 dum
3500 1607 3725 1661 sacratissi-

2209 1710 2350 1746 mum
2377 1696 2718 1766 confessorem
2744 1696 2939 1766 gremio
2965 1698 3200 1764 sustinet,
3230 1699 3498 1769 fragrantia
3522 1701 3726 1754 suavitatis

500 1818 602 1858 nus
654 1802 770 1873 ipse
815 1804 1064 1858 eumdem
1108 1801 1166 1859 S.
1199 1803 1434 1859 Felicem
1488 1803 1648 1858 modo
1693 1803 2102 1870 confessorem,

2208 1779 2322 1861 ejus
2353 1788 2502 1859 longe
2532 1790 2732 1859 lateque
2758 1789 3091 1862 dispergitur.
3133 1790 3344 1847 Titulus
3381 1795 3614 1847 sermonis
3634 1803 3726 1847 est:

500 1895 662 1950 tnodo
690 1903 981 1969 martyrem
1017 1906 1174 1950 Vocat
1205 1898 1256 1949 in
1291 1896 1430 1950 libro
1459 1894 1528 1950 de
1556 1891 1696 1949 Cnra
1727 1910 1825 1965 pro
1857 1893 2104 1962 mortuis,

499 2003 620 2058 cap.
657 1988 680 2040 l
717 2006 730 2041 :
765 1987 916 2052 Quod
952 1996 1182 2042 materno
1223 1997 1270 2042 et
1300 1988 1388 2051 pio
1414 1983 1604 2054 a/fectu
1653 1987 1963 2040 desideravit
2001 2003 2110 2041 esse

500 2082 832 2150 completum,
862 2092 913 2135 ut
941 2083 1136 2136 scilicet
1176 2083 1228 2135 in
1271 2081 1548 2135 beatissimi
1577 2078 1770 2135 Felicis
1799 2081 2108 2150 confessoris

499 2175 712 2229 basilica
745 2186 1038 2246 poneretur.
1071 2176 1133 2230 Et
1167 2175 1217 2230 in
1249 2191 1369 2243 cap.
1403 2177 1435 2229 4
1464 2193 1476 2227 :
1503 2174 1628 2228 Cum
1658 2190 1776 2245 ergo
1803 2173 1972 2243 ﬁdelis
1999 2191 2109 2227 ma-

503 2280 580 2322 ter
606 2268 774 2338 ﬁdelis
800 2267 898 2337 ﬁlii
929 2268 1158 2340 defuncti
1207 2284 1394 2339 corpus
1431 2266 1736 2320 desideravit
1763 2265 1815 2320 in
1845 2266 2109 2320 basilicam

503 2363 746 2433 martyris
770 2363 914 2432 poni,
945 2363 1196 2432 siquidem
1225 2361 1498 2415 crediderit
1527 2364 1638 2433 ejus
1667 2361 1895 2414 animam
1917 2361 2108 2416 meritis

502 2454 744 2525 martyris
775 2452 1033 2523 adjuvari.
1091 2455 1166 2509 De
1203 2453 1392 2509 eadem
1422 2451 1647 2508 basilica
1695 2453 1754 2508 8.
1788 2453 1984 2510 Felicis
2030 2454 2109 2510 lo-

501 2550 684 2620 quitur
713 2546 1065 2617 Augustinus.

573 2642 630 2698 Si
671 2658 796 2698 vero
828 2642 879 2696 in
913 2640 1138 2696 Litaniis
1166 2652 1219 2696 et
1255 2639 1478 2696 Conone
1509 2639 1689 2694 missa:
1722 2639 1864 2696 inter
1891 2642 2106 2700 confes-

499 2749 653 2791 sores
700 2733 758 2791 8.
800 2733 948 2790 Zeno
990 2741 1377 2799 recensentur,
1418 2731 1520 2786 lioc
1552 2746 1614 2784 ea
1649 2730 1860 2788 ratione
1905 2732 2109 2791 factum

499 2828 667 2884 fuisse
697 2827 992 2899 putandum
1015 2837 1122 2893 est,
1147 2825 1290 2895 quod
1325 2823 1598 2898 processio
1623 2823 1711 2883 die
1736 2826 2109 2884 Ordinationis

502 2922 666 2977 ﬁebat
694 2921 861 2993 (idem
894 2920 1056 2976 modo
1087 2920 1140 2975 in
1171 2920 1272 2976 bac
1301 2919 1617 2978 Pistoriensi
1647 2922 1889 3002 E_cclcsia
1939 2923 2021 2993 fit)
2055 2933 2113 2980 ut

502 3013 731 3069 Litaniae
755 3025 808 3069 et
839 3014 1016 3069 missa:
1039 3011 1223 3068 Canon
1249 3030 1370 3069 cum
1400 3015 1579 3070 ofﬁcio
1606 3016 2018 3071 coneordarent.
2050 3015 2107 3071 In

501 3107 726 3162 Canone
761 3124 888 3163 vero
932 3117 1052 3178 post
1089 3105 1438 3163 confessores
1471 3109 1752 3178 pontiﬁces
1781 3109 2012 3162 locatum
2044 3107 2103 3164 S.

2215 1878 2397 1935 Sermo
2427 1882 2489 1936 S.
2540 1878 2774 1936 Petronii
2815 1885 3046 1954 episc0pi
3082 1883 3388 1940 Veronensis
3424 1887 3472 1938 in
3506 1883 3660 1940 Natale
3683 1886 3727 1940 S.

2213 1971 2455 2027 Zenonis.
2493 1974 2644 2030 llunc
2687 1992 2992 2031 sermonem
3025 1979 3165 2049 typis
3192 1977 3342 2033 dedit
3363 1978 3732 2049 praeclarissimas

2213 2067 2489 2123 litterariae
2534 2069 2842 2140 reipublicm
2875 2071 3152 2141 Splendor,
3187 2071 3420 2127 matcltio
3450 2072 3604 2142 Scipio
3636 2071 3732 2126 Mal-

2214 2159 2372 2227 feius,
2401 2160 2468 2216 de
2493 2176 2600 2232 quo
2627 2163 2766 2217 inter
2794 2163 2899 2217 alia
2927 2165 3003 2218 sic
3032 2162 3196 2219 liabet
3221 2182 3232 2216 :
3263 2163 3316 2219 ll
3344 2165 3504 2219 codice
3527 2164 3552 2217 ὁ
3577 2165 3621 2216 di
3641 2179 3734 2234 pora

2212 2255 2482 2321 antichita,
2512 2272 2595 2310 ma
2625 2257 2680 2325 fu
2720 2256 2948 2311 ricat'ato
2973 2257 3039 2310 da
3071 2275 3138 2311 un
3168 2257 3328 2324 altro,
3353 2260 3440 2313 che
3461 2257 3598 2312 dovca
3613 2273 3734 2310 esset:

2213 2349 2407 2405 d'assai
2437 2352 2666 2425 maggior
2693 2353 2796 2407 etii.
2840 2353 2976 2408 Cum
3016 2354 3195 2424 itaque
3223 2355 3291 2409 ab
3317 2353 3580 2424 antiquiori
3596 2353 3735 2408 codice

2213 2442 2315 2497 hoc
2340 2458 2442 2497 ms.
2466 2443 2732 2514 originem
2757 2445 2938 2511 ducat,
2958 2461 3134 2517 neque
3154 2447 3338 2502 desint
3357 2446 3600 2516 exempla,
3626 2454 3737 2499 vetu-

2211 2535 2382 2592 stiora
2415 2551 2546 2592 mss.
2584 2553 2705 2608 qua)
2749 2537 2806 2596 S.
2838 2536 3074 2596 Zenonis
3107 2539 3424 2613 tnartyrium
3450 2547 3736 2602 concernunt,

2215 2631 2382 2689 fuisse
2410 2633 2648 2689 secunda
2694 2649 2853 2690 manu
2885 2643 3161 2705 corrupta,
3191 2644 3249 2688 ut
3279 2633 3330 2688 in
3360 2631 3552 2688 duobus
3588 2629 3738 2701 Marty-

2211 2727 2432 2798 rologiis
2457 2726 2676 2798 capituli
2709 2726 3034 2782 catbedralis
3060 2726 3407 2782 Pistoriensis
3433 2739 3482 2781 et
3515 2723 3740 2779 bibliothe-

2210 2840 2290 2878 ca:
2335 2824 2490 2880 almzn
2530 2825 2724 2881 domus
2767 2825 3057 2896 Sapientia:
3102 2824 3265 2895 hujus
3302 2823 3526 2894 ejusdem
3559 2816 3740 2875 civitatis

2211 2921 2575 2990 osncndintus,
2628 2921 2720 2977 lib.
2759 2920 2828 2976 de
2873 2921 3130 2992 Martyrio
3177 2921 3237 2977 S.
3295 2920 3537 2983 Zenonis,
3579 2932 3674 2988 cap.
3699 2914 3739 2979 2,

2214 3018 2475 3070 incertum
2507 3016 2741 3081 videtur,
2772 3030 2837 3069 an
2883 3015 3222 3085 autograpbo
3252 3029 3494 3070 sermone
3521 3011 3572 3067 S.
3599 3009 3742 3064 Petro-

2213 3108 2286 3163 nii
2314 3125 2438 3164 vere
2481 3109 2686 3180 legatur
2731 3112 3098 3179 confessorem.
3157 3106 3292 3162 Nam
3337 3105 3609 3176 epitltetum
3647 3099 3742 3154 illud

503 3199 777 3256 Zenonem
805 3216 898 3270 par
928 3210 1008 3255 est
1037 3200 1283 3266 credere,
1303 3215 1369 3255 eo
1390 3201 1530 3272 quod
1561 3203 1830 3270 posterius
1860 3200 2100 3256 additum
2130 3201 2174 3264 C
2208 3197 2587 3256 sanctissimum
2633 3203 2885 3274 martyris
2919 3201 3093 3269 potius
3114 3216 3280 3270 quam
3311 3195 3612 3254 confessoris
3635 3193 3742 3246 vidc-

502 3294 698 3359 fueril;
733 3311 854 3348 nam
885 3302 939 3349 et
973 3291 1030 3350 8.
1069 3294 1328 3348 Proculus
1367 3302 1490 3365 post
1521 3293 1621 3350 SS.
1656 3294 1938 3359 llilarinm,
1967 3294 2106 3348 Mar-

501 3390 693 3454 tinunt,
727 3387 1110 3459 Augustinum,
1135 3387 1455 3459 Gregorium
1485 3431 1498 3454 ,
1544 3389 1927 3460 llicronytnntn
1975 3388 2105 3458 legi-

497 3494 604 3552 tur,
637 3500 731 3539 eos
761 3484 886 3538 licet
912 3490 1071 3538 aetate
1105 3481 1601 3552 praecesserit.Alio
1628 3493 1806 3536 autent
1837 3491 2103 3552 tempore,

499 3585 556 3631 et
603 3577 888 3632 occasione
945 3577 1195 3630 recitatas
1253 3589 1376 3631 esse
1426 3574 1704 3639 Litattias‘,
1756 3573 1886 3645 quid
1940 3573 2104 3626 inde?

500 3667 636 3723 Cum
682 3668 906 3724 Litaniis
949 3668 1056 3740 jam
1089 3685 1188 3742 pro
1216 3667 1380 3725 Festo
1410 3667 1778 3725 Ordinationis
1827 3667 2105 3739 dispositis

505 3771 806 3817 uterentur.

575 3851 631 3908 In
661 3851 1288 3908 Commemorationibus
1314 3854 1695 3908 communibus
1719 3895 1734 3920 ,
1778 3867 1874 3908 seu
1912 3851 2106 3906 suifra-

499 3948 601 4020 giis
632 3957 970 4015 sanctorum,
1001 3947 1045 4003 si
1075 3947 1355 4004 eonfessor
1386 3947 1444 4004 S.
1473 3947 1619 4003 Zeno
1649 3947 2104 4018 appelletur,jam

502 4055 568 4094 ex
619 4054 763 4110 saepe
808 4036 1055 4094 adductis
1104 4039 1369 4110 exemplis
1425 4049 1571 4110 patet
1629 4041 1808 4108 prisco
1853 4055 2002 4094 more
2051 4048 2105 4094 et

503 4143 767 4206 martyres
807 4132 1106 4204 appellatos
1153 4131 1320 4200 fuisse
1363 4131 1727 4188 confessores.
1777 4129 1911 4186 Nam
1951 4138 2007 4185 et
2050 4131 2105 4186 in

505 4223 882 4283 benedictione
935 4224 1230 4296 pontificali
1274 4224 1327 4280 in
1382 4225 1546 4280 Festo
1599 4226 1655 4280 S.
1705 4223 1984 4290 Zenonis,
2015 4223 2104 4280 ubi

502 4321 774 4390 praecipue
798 4317 1080 4375 confessor
1108 4319 1442 4385 inscribitur,
1471 4321 1585 4373 haec
1610 4320 1772 4374 verba
1804 4318 2054 4388 leguntur
2086 4336 2099 4373 :

505 4412 842 4481 Omnipotens
888 4412 1026 4467 Deus
1056 4429 1100 4466 et
1131 4408 1383 4466 Dominus
1415 4409 1499 4465 det
1527 4411 1671 4465 nobis
1701 4411 1901 4478 copiam
1945 4409 2099 4466 bene-

502 4503 762 4572 dictionis,
787 4506 873 4576 qui
903 4501 966 4559 B.
991 4501 1252 4560 Zenonem
1289 4504 1384 4558 sibi
1415 4503 1630 4559 adscivit
1673 4506 1856 4559 virtute
1898 4505 2102 4575 confes-

2211 3306 2296 3351 tnr
2320 3295 2616 3366 proprium.
2648 3294 2704 3349 Si
2733 3306 2910 3348 tamen
2931 3293 3293 3349 confessionis
3321 3308 3508 3347 nomen
3536 3304 3618 3360 pro
3638 3301 3742 3340 ntar-

2210 3400 2326 3462 tyre
2359 3389 2706 3458 accipiamus,
2733 3401 2787 3441 ut
2832 3388 3023 3458 priscis
3051 3386 3390 3457 temporibus
3420 3386 3597 3438 factum
3618 3379 3740 3433 fuisse

2208 3484 2567 3539 indubitatum
2611 3488 2730 3548 est,
2759 3482 2906 3536 nullo
2952 3479 3116 3536 modo
3160 3479 3424 3552 martyrio
3468 3479 3523 3534 S.
3564 3470 3742 3529 Zenonis

2207 3576 2428 3632 officere
2460 3575 2587 3630 satis
2611 3582 2843 3628 constat.
2878 3573 3070 3640 Quanti
3100 3588 3237 3628 vero
3270 3570 3521 3626 momenti
3549 3568 3743 3635 hujusce-

2208 3670 2352 3724 modi
2393 3669 2633 3722 rationes
2662 3667 2794 3733 sint,
2827 3682 2892 3722 ex
2922 3667 3168 3738 sequenti
3202 3662 3531 3737 paragrapho
3559 3657 3744 3732 prudens

2207 3761 2379 3816 lector
2402 3745 2678 3831 dijudicet.

2210 3895 2374 3968 §Vl|.
2423 3896 2672 3950 Auctor-es
2703 3910 2826 3948 mss.
2875 3904 3027 3964 atque
3067 3901 3403 3948 monumenta
3454 3903 3560 3962 qua!
3592 3885 3643 3942 S.
3671 3881 3746 3935 Ζι-

2628 3988 2774 4042 nonis
2799 3988 3103 4058 martyrium
3132 3994 3396 4041 asserunt.

2278 4129 2438 4185 Plura
2463 4128 2778 4202 collegimus
2803 4129 2871 4184 de
2898 4127 3155 4200 martyrio
3183 4127 3244 4182 8.
3277 4124 3508 4182 Zenonis
3537 4127 3744 4194 agentes,

2206 4222 2302 4278 lib.
2336 4236 2394 4288 tt,
2418 4238 2536 4294 cap.
2567 4223 2620 4290 1,
2646 4220 2704 4290 2,
2737 4223 2792 4289 5,
2814 4220 2871 4288 4,
2901 4238 3018 4293 quae
3050 4220 3121 4275 ibi
3151 4220 3404 4276 eruditus
3447 4221 3598 4274 lector
3619 4209 3747 4279 inspi-

2204 4332 2330 4372 cere
2376 4316 2590 4386 poterit,
2621 4315 2677 4371 S.
2714 4313 2960 4384 Gregorii
3007 4312 3383 4383 incorruptum
3413 4304 3743 4365 testimoninnn

2205 4410 2354 4466 Pauli
2382 4411 2621 4478 Diaconi,
2647 4408 2874 4475 Rabani,
2896 4406 3160 4472 Notkerii,
3190 4408 3376 4476 Βεὼρ,
3399 4397 3748 4466 Usuardi,\'att-

2203 4504 2456 4569 delberti,
2487 4505 2827 4573 aliorumque
2853 4502 3244 4568 recentiorum,
3278 4502 3370 4573 qui
3399 4495 3644 4557 connuuni
3666 4489 3748 4544 cal-

496 4602 677 4656 sionis.
697 4600 823 4657 lltcc
849 4600 1033 4669 verba,
1063 4601 1244 4654 virtute
1271 4600 1627 4667 confessionis,
1658 4611 2100 4671 ntartyrem,non
2132 4591 2179 4653 D
2205 4596 2330 4652 culo
2361 4606 2651 4668 martyrem
2675 4595 2732 4652 8.
2761 4594 3030 4651 Zenonem
3055 4594 3383 4660 decernunt,
3412 4607 3573 4664 neque
3611 4588 3750 4656 plures

499 4690 799 4762 simplicem
829 4692 1200 4748 confessorem
1230 4691 1558 4763 significant.

573 4785 704 4853 Qua:
736 4793 959 4850 restant,
1008 4798 1200 4853 nempe
1229 4801 1241 4836 :
1277 4783 1426 4850 Quod
1464 4801 1554 4838 nec
1591 4781 1899 4849 Rat/terius,
1926 4783 2012 4854 qui
2033 4781 2095 4839 S.

496 4879 755 4934 Zenonem
797 4880 903 4933 suis
936 4879 987 4931 in
1040 4876 1278 4948 operibus
1304 4887 1350 4932 et
1382 4879 1679 4948 honoriﬁcis
1702 4880 1909 4949 quidem
1935 4878 2099 4934 titulis

493 4971 704 5044 allegat,
737 4987 827 5025 nec
855 4971 1190 5042 manuscripti
1225 4980 1492 5036 tractatus,
1524 4972 1656 5024 inter
1684 4989 1808 5040 quos
1832 4969 2100 5026 Rmtensis

496 5067 886 5136 antiquissimus
933 5064 1050 5118 huic
1081 5061 1180 5133 ipsi
1207 5059 1454 5117 Ecclesia?
1490 5063 1622 5118 inter
1645 5082 1791 5119 sacra
1817 5065 1980 5135 ofﬁcio
2008 5066 2096 5120 itt-

495 5157 718 5222 servivit,
749 5173 838 5210 nec
867 5153 1166 5210 calendaria
1191 5156 1295 5208 sive
1325 5169 1515 5221 nostra,
1539 5159 1642 5212 sive
1662 5159 1852 5220 aliena,
1877 5173 2095 5229 quorum

496 5246 652 5322 plura
700 5249 822 5302 vidit
871 5248 936 5303 PL
980 5247 1354 5314 Hense/lenius,
1397 5266 1512 5320 cap.
1550 5251 1604 5316 1,
1649 5268 1700 5305 η.
1751 5251 1807 5316 3,
1849 5267 1968 5322 pag.
1999 5253 2091 5316 70,

495 5355 770 5415 martyrem
819 5342 969 5396 illum
1016 5353 1216 5408 vocant,
1245 5341 1334 5396 sed
1361 5345 1469 5397 solo
1497 5342 1803 5414 confessoris
1835 5344 1984 5399 titulo
2012 5346 2092 5399 in-

423 5475 426 5478 ~
492 5439 759 5512 signium;
800 5436 938 5503 baac,
965 5435 1205 5508 inquam,
1233 5437 1537 5507 argumenti
1584 5435 1818 5509 negativi
1845 5439 2088 5510 abusum

493 5533 595 5586 hac
633 5533 684 5585 iit
727 5530 1118 5600 disceptatione
1148 5545 1255 5601 pra:
1283 5545 1342 5584 se
1373 5527 1572 5596 ferunt,
1600 5547 1773 5600 neque
1803 5529 1935 5585 tanti
1965 5540 2091 5586 sunt

494 5626 774 5697 [Onderis,
805 5637 862 5681 ut
907 5626 1126 5697 praecisa
1179 5626 1533 5696 reSponsione
1569 5624 1690 5696 quis
1724 5641 1787 5680 ea
1835 5626 2094 5694 suscipiat

495 5723 774 5786 refellere;
818 5737 941 5778 cum
973 5731 1051 5778 tot
1086 5723 1205 5777 aliis
1235 5723 1622 5788 monumentis,
1652 5731 1708 5777 ttt
1737 5738 1858 5778 mox
1890 5722 2094 5778 videbi-

494 5831 636 5885 mus,
671 5815 730 5874 S.
758 5815 988 5889 Zenonis
1015 5819 1333 5894 martyrium
1349 5817 1757 5896 con'tprobetur.
1786 5817 1936 5888 Quod
1962 5832 2093 5886 vero

2203 4692 2292 4746 alii
2324 4691 2540 4759 desunt,
2572 4691 2667 4763 qui
2696 4692 2901 4748 eisdem
2934 4691 3278 4747 consentiunt
3304 4707 3318 4758 ;
3349 4691 3575 4746 Joannes
3599 4683 3747 4738 Diaco-

2205 4801 2304 4840 nus
2349 4787 2399 4840 itt
2430 4783 2548 4840 Vita
2591 4784 2649 4841 8.
2676 4770 2946 4856 Gregorii,
2977 4786 3064 4850 55,
3101 4785 3222 4840 Ado
3255 4784 3344 4839 die
3369 4792 3546 4838 octava
3577 4778 3749 4832 decent-

2201 4878 2313 4934 bris
2343 4879 2394 4933 iri
2423 4878 2806 4943 auditionibus,
2831 4878 3148 4934 Guillelntus
3175 4877 3506 4948 Pastrengus
3525 4872 3748 4926 Veronen-

2208 4972 2283 5026 sis
2312 4973 2362 5026 in
2393 4972 2530 5026 libro
2559 4974 2626 5026 de
2671 4971 2978 5043 Originibus
2999 5011 3014 5036 ,
3046 4971 3136 5041 qui
3182 4969 3390 5025 smculo
3422 4984 3507 5023 XIV
3533 4960 3746 5032 scripsit:

2207 5065 2347 5121 Zeno
2381 5064 2681 5120 Veronensis
2702 5068 2968 5138 episcopus
2990 5063 3213 5119 Gallieni
3232 5061 3553 5136 imperatoris
3572 5069 3691 5127 tentp-
3709 5065 3748 5102 νε

2206 5159 2419 5230 insignis
2444 5159 2680 5225 habetur,
2706 5169 2754 5214 et
2780 5160 3080 5230 martyrium
3101 5159 3322 5233 patitur.
3358 5158 3429 5212 lta
3453 5156 3746 5218 Pastrengus.

2204 5251 2390 5309 Sixtus
2428 5252 2686 5307 Senensis
2716 5252 3143 5318 inBtbliotlteca,
3168 5251 3309 5306 libro
3339 5267 3390 5305 tv
3425 5267 3437 5304 :
3468 5245 3596 5303 Zeno
3620 5235 3748 5314 605

2212 5346 2428 5401 Verona:
2439 5347 2709 5418 episcopus
2728 5357 2774 5400 et
2795 5358 3008 5418 martyr.
3032 5346 3378 5404 Hermannus
3399 5343 3686 5398 Contractus
3709 5333 3750 5382 in

2197 5439 2468 5496 Chronico
2497 5440 2564 5495 de
2592 5455 2687 5496 sex
2719 5443 2901 5497 nntndi
2947 5441 3200 5496 aetatibus
3228 5457 3242 5493 :
3273 5437 3431 5494 Passi
3469 5446 3578 5491 sunt
3619 5425 3750 5500 (Gal.

2197 5534 2343 5588 lieno
2390 5536 2728 5603 imperante)
2765 5534 2946 5589 Romae
2976 5530 3236 5588 Fabianus
3282 5551 3530 5603 papa.....
3576 5524 3750 5578 ι’(ῐοπω

2199 5626 2340 5681 Zeno
2363 5628 2653 5697 episcopus.
2684 5627 3049 5683 Bernardiuus
3073 5629 3286 5691 Corius,
3309 5640 3365 5682 et
3394 5629 3505 5696 ipse
3531 5624 3580 5678 in
3609 5618 3750 5673 [listo—

2201 5721 2280 5776 ria
2313 5721 2702 5780 Mediolanensi
2741 5727 2806 5780 de
2849 5724 3096 5782 Gallieno
3143 5729 3472 5797 imperatore
3512 5733 3676 5794 agt-ns,
3700 5711 3744 5769 S.

2201 5817 2473 5882 Zenonem
2511 5819 2880 5884 Veronensetn
2921 5823 3234 5900 episcopum
3281 5823 3536 5910 martyrio
3559 5827 3747 5876 corona-
