3902 6324
171 290 251 344 'lii'l

1550 277 2030 337 MSSERTATIO.

3307 284 3419 342 758

171 414 258 458 tum
279 396 412 454 dicit.
450 393 587 450 Idem
613 393 806 449 asserit
835 391 1147 449 Vincentius
1172 390 1576 448 Bellovacensis
1605 406 1706 448 suo
1731 396 1782 455 Α
1823 395 1914 448 site
1944 364 2259 449 cathedralis
2291 394 2526 451 Veronae.
2569 395 2717 454 Idem
2757 398 2812 453 in
2862 396 3239 473 Hartyrologio
3285 401 3420 454 anti-

169 496 213 551 in
236 489 442 564 Speculo
466 487 720 544 ltistoriali
744 529 758 551 ,
788 486 882 542 lib.
913 501 974 554 ll,
1004 501 1125 557 cap.
1154 486 1244 542 83.
1279 486 1548 542 Marianas
1580 486 1711 542 Seo-
1811 491 2059 559 quissimo
2084 490 2335 550 Fratrum
2378 496 2574 551 ordinis
2597 494 3045 566 Prtedicatorum,
3080 497 3221 569 quod
3247 514 3419 553 serra—

168 598 238 643 tos
276 587 324 641 in
359 582 619 640 Chronico
661 580 720 637 8.
746 578 985 636 Zenonis
1030 580 1350 652 martyrium
1383 579 1534 648 ponit
1568 594 1712 635 anno

168 678 330 737 Christi
365 675 487 741 369,
517 688 634 744 quae
661 687 791 729 vero
819 681 1007 728 contra
1051 681 1321 728 tantorum
1350 672 1587 728 virorum
1610 687 1711 727 au-

166 774 429 831 ctoritatem
453 774 815 839 opponuntur,
839 781 1000 836 supra
1024 765 1225 837 rejecta
1248 773 1394 820 sunt.
1423 765 1712 831 Complura

168 869 299 925 etiam
328 879 422 919 ms.
449 877 509 918 ac
530 874 708 918 vetera
739 872 1085 916 monumenta
1127 869 1418 931 martyrem
1446 858 1504 916 S.
1538 858 1716 915 Zeno-

165 958 611 1018 nemconlirmant.
644 955 775 1023 Quae
820 954 873 1009 in
916 953 1157 1009 Ecclesia
1197 952 1516 1009 Pistoriensi
1557 968 1717 1024 repe-

164 1054 366 1118 riuntur,
418 1066 536 1122 cap.
568 1049 625 1116 2,
655 1050 750 1105 lib.
805 1050 874 1105 de
919 1049 1179 1121 Martyrio
1217 1049 1274 1105 S.
1334 1048 1567 1105 Zenonis
1613 1062 1712 1103 ex-

162 1148 463 1219 scripsimus;
495 1161 617 1217 pag.
647 1154 827 1201 tamen
873 1144 966 1207 69,
995 1158 1151 1201 error
1181 1144 1399 1213 irrepsit
1449 1145 1500 1197 in
1547 1143 1717 1198 addu-

161 1242 313 1298 condis
349 1240 566 1311 catalogi
606 1238 886 1309 cujusdam
933 1237 1153 1293 verbis:
1185 1236 1451 1305 Depositio
1495 1236 1554 1292 8.
1616 1234 1717 1290 Ze-

162 1335 281 1389 nonis
314 1333 509 1404 patroni
538 1331 701 1386 nostri
739 1330 1044 1386 Veronensis
1082 1330 1344 1401 martyris,
1384 1330 1455 1383 ita
1502 1329 1626 1399 legi,
1657 1338 1716 1384 ut

161 1426 325 1497 antiqui
346 1428 705 1492 characteres,
728 1434 785 1481 et
810 1432 1076 1479 vetustate
1101 1438 1207 1477 non
1232 1422 1425 1477 leviter
1446 1421 1715 1490 assumpti

160 1521 300 1592 primo
338 1531 545 1590 aspectu
575 1534 688 1589 prae
715 1532 774 1573 se
798 1516 1063 1573 ferebant.
1106 1513 1177 1570 At
1204 1516 1565 1586 perlustrante
1589 1513 1717 1568 illu-

159 1612 501 1670 strissimorum
546 1610 944 1668 Canonicorum
986 1607 1243 1665 Archivio
1274 1608 1431 1664 Adm.
1462 1608 1527 1662 Β.
1556 1606 1717 1663 Patre

157 1704 402 1763 Francisco
430 1705 665 1761 Antonio
692 1703 952 1759 Zacharia
997 1701 1054 1759 8.
1088 1702 1136 1757 J.
1173 1717 1431 1765 summae,
1465 1715 1719 1756 consum-

1814 594 1898 639 tur
1924 587 1979 640 in
2007 588 2121 641 loco
2142 603 2290 659 quem
2320 584 2533 644 Fratres
2574 587 2633 645 8.
2668 589 2956 644 Anastasii:
2997 589 3286 661 depositum
3331 604 3418 643 ro-

1814 688 1952 733 eant.
2008 677 2158 733 Idem
2209 682 2264 735 in
2311 681 2690 754 Martyrologio
2738 686 2950 755 antiquo
2999 700 3063 739 ea:
3106 684 3418 739 membranis

1814 774 2166 845 manuscripto
2203 776 2507 830 mouialium
2540 775 2787 831 Ecclesia
2816 776 2877 832 S.
2915 775 3103 832 Maria:
3142 775 3420 851 Magdale-

1819 883 1898 921 πω
1921 868 1973 921 in
2001 865 2198 936 Campo
2229 867 2425 924 Martio
2473 868 2670 924 ordinis
2700 869 2984 926 Minorum.
3013 868 3161 925 Idem
3186 872 3240 926 iu
3269 869 3420 925 Mar-

1817 960 2069 1034 tyrologio
2100 961 2403 1015 monialium
2430 960 2492 1019 8.
2525 960 2698 1016 Lucite
2730 959 2948 1018 Verona:
2991 962 3188 1017 ordinis
3229 960 3289 1020 S.
3321 961 3420 1016 Bc—

1816 1050 2028 1116 nedicti,
2058 1051 2299 1108 Perettus
2344 1053 2399 1108 iu
2439 1052 2686 1109 Scholiis.
2716 1051 2783 1108 In
2818 1053 3195 1128 Martyroloyio
3222 1053 3419 1109 ordinis

1818 1143 2227 1199 Prwdicatormn
2272 1153 2388 1217 post
2422 1146 2699 1200 concilium
2744 1144 3107 1200 Tridentinum
3139 1150 3417 1217 reformato

1818 1238 2008 1292 dicitur
2036 1253 2055 1292 :
2082 1235 2261 1291 Pridie
2291 1236 2420 1291 ldus
2448 1236 2644 1307 Aprilis
2673 1238 2853 1293 eadem
2884 1238 2966 1292 die
2994 1236 3292 1294 S.Zenonis
3305 1239 3417 1310 epi-

1819 1330 1993 1399 scOpi,
2018 1331 2105 1401 qui
2150 1330 2284 1383 inter
2324 1330 2579 1399 procellas
2623 1330 3031 1401 persecutionum
3084 1328 3418 1385 Veronensem

1821 1427 1995 1480 urbem
2042 1423 2345 1477 mirabiliter
2388 1426 2540 1493 rexit,
2571 1442 2632 1481 ac
2664 1437 2891 1495 tempore
2921 1423 3146 1481 Gallieni
3176 1428 3421 1498 martyrio

1820 1528 2095 1572 coronatus
2124 1526 2217 1572 est.
2251 1516 2449 1573 Iisdem
2492 1518 2604 1575 fere
2639 1520 2818 1575 verbis
2855 1520 3104 1576 Perottus
3143 1520 3288 1576 aliud
3332 1537 3421 1576 re-

1821 1610 1928 1667 fert
1967 1612 2432 1683 Martyrologium,
2461 1611 2606 1683 quod
2636 1611 2797 1670 Viula
2823 1623 3134 1669 sanctorum
3165 1614 3417 1669 inscribi-

1824 1714 1929 1768 tur,
1958 1712 2014 1759 et
2055 1702 2205 1759 aliud
2231 1703 2671 1775 Martyrologium
2702 1704 2843 1775 apud
2866 1704 2930 1761 8.
2960 1704 3199 1761 Marcum
3219 1706 3276 1761 in
3303 1705 3426 1762 urbe

158 1809 377 1870 maleque
404 1796 727 1854 eruditionis
756 1797 894 1862 viro,
916 1796 1258 1864 antiquarum
1294 1810 1476 1850 rerum
1502 1794 1714 1865 peritis-
1745 1807 1799 1869 Β
1820 1795 2008 1853 Roma.

156 1892 283 1958 sime,
307 1891 449 1963 cujus
471 1890 647 1948 aciem
677 1889 809 1947 nihil
840 1888 995 1961 fugit,
1019 1888 1403 1960 attentiorique
1434 1888 1709 1959 diligentia

1885 1892 2143 1961 Quaedam
2171 1908 2385 1964 quoque
2408 1891 2708 1966 fragmenta
2746 1909 2777 1950 a
2806 1893 3072 1950 Panvinio
3102 1894 3332 1950 collecta
3363 1908 3427 1950 se

158 1986 356 2058 inspecto
384 1999 481 2040 ms.
513 1985 587 2040 ita
640 1983 924 2055 legendum
968 1998 1113 2049 esse,
1143 1992 1478 2054 compertum
1510 1994 1622 2047 est,
1656 1996 1713 2039 ut
1814 1985 2013 2043 vidisse
2033 1987 2172 2042 idem
2203 1988 2447 2042 Perottus
2472 1996 2719 2055 testatur,
2748 2003 2867 2059 quas
2888 1987 3131 2059 martyrii
3160 1987 3218 2045 8.
3248 1986 3425 2042 Zeno-

158 2077 224 2135 bic
247 2077 378 2135 vides
404 2121 421 2148 ,
451 2077 628 2134 nostri
666 2076 850 2134 Vicvis
895 2094 995 2134 tnr.
1040 2077 1169 2133 Nam
1206 2086 1327 2148 post
1351 2078 1571 2132 verbum
1605 2076 1715 2131 Pa-

157 2171 263 2225 troui
284 2172 429 2227 nostri
453 2178 712 2242 punctum
740 2179 847 2239 est,
880 2171 984 2226 alia
1013 2170 1172 2226 verba
1204 2171 1282 2226 sic
1323 2169 1548 2242 legenda
1590 2178 1716 2226 sunt

157 2265 399 2335 separatim
429 2265 495 2321 ab
515 2264 971 2323 antecedentibus
1006 2262 1224 2319 Victoris
1253 2265 1519 2337 martyris.
1552 2262 1717 2319 Erro-

158 2375 225 2414 res
246 2374 456 2432 namque
486 2375 644 2416 meos
672 2358 827 2415 fateri
858 2374 966 2414 non
995 2359 1280 2414 erubesco.

211 2452 627 2511 Vetustissimntn
672 2469 775 2510 ms.
808 2454 1079 2525 Anonymi
1121 2452 1387 2522 Pipinlani
1419 2461 1593 2508 octavo
1621 2467 1717 2506 sa:-

159 2547 250 2601 ndo
276 2560 469 2603 exeunte
494 2548 573 2603 vel
608 2545 789 2603 saltem
816 2547 1020 2601 ineunte
1049 2546 1238 2600 swculo
1266 2560 1401 2599 nono
1430 2544 1714 2614 scriptum,

159 2647 204 2694 nt
237 2639 422 2696 Domini
448 2638 732 2697 Ballerinii
764 2640 968 2711 optime
995 2639 1313 2710 conjiciunt,
1348 2638 1405 2695 8.
1439 2634 1715 2693 Zenonem

160 2746 403 2807 martyrem
434 2735 579 2791 canit
618 2736 671 2791 in
702 2750 801 2790 suo
828 2732 1064 2806 Rythtno
1092 2751 1105 2787 :
1642 2734 1657 2743 ‘

257 2824 450 2878 Octavus
470 2833 639 2892 pastor
659 2834 712 2879 et
733 2824 1000 2886 confessor,
1020 2823 1155 2875 Zeno
1176 2821 1592 2889 martyrinclytus.

215 2920 567 2977 Authenticum
622 2920 1037 2976 instrumentum
1069 2929 1312 2989 tempore
1356 2914 1537 2972 Caroli
1579 2913 1721 2987 regis

161 3013 292 3069 ltalite
316 3016 395 3086 qui
428 3024 565 3071 teste
614 3013 860 3086 Sigonio,
896 3007 989 3070 lib.
1032 3029 1087 3068 tv
1136 3011 1272 3067 Hist.
1306 3011 1374 3067 de
1422 3026 1590 3082 regno
1616 3009 1721 3064 Ita-

160 3105 402 3175 liie,anno
449 3110 554 3167 8“
617 3106 782 3175 obiit,
833 3107 1145 3177 stipulatum
1200 3104 1485 3160 occasione
1532 3103 1721 3174 primm

1817 2079 1902 2134 nis
1932 2081 2261 2135 mentionem
2294 2077 2534 2146 faciunt;
2566 2080 2734 2149 ipsius
2761 2080 2923 2134 verba
2946 2078 3177 2134 referam
3206 2095 3272 2134 ex
3301 2093 3424 2148 cap.

1815 2169 1852 2224 5
1891 2170 2024 2227 Vita:
2074 2173 2132 2228 8.
2186 2170 2444 2227 Zenonis.
2496 2170 2563 2225 In
2613 2171 2790 2226 alcuni
2849 2170 3091 2243 frumenti
3119 2170 3187 2251 ‘di
3239 2167 3428 2226 Fratre

1822 2264 2047 2338 Onofrio
2101 2263 2364 2318 Pauvinio
2424 2262 2679 2318 Verouese
2710 2261 2954 2318 Cronista
2997 2262 3426 2333 diligentissimo,

1816 2359 2178 2431 iuoestigatore
2206 2356 2341 2413 delle
2367 2373 2483 2421 cose
2505 2356 2732 2424 antiche,
2759 2358 2777 2410 i
2810 2353 2952 2424 quali
2981 2356 3242 2410 vedemmo
3273 2353 3362 2409 adi
3390 2352 3426 2407 4

1820 2448 2076 2506 Febbraio
2106 2450 2243 2506 1574
2270 2466 2539 2520 oppresso,
2564 2447 2735 2504 Paolo
2767 2464 2860 2504 suo
2883 2446 3114 2503 Fratello
3142 2448 3190 2503 si
3216 2446 3429 2517 {anten-

1819 2545 1955 2599 tione
1983 2544 2038 2598 di
2064 2546 2183 2599 over
2210 2544 2349 2611 letto,
2378 2543 2468 2597 che
2499 2540 2561 2598 S.
2591 2540 2730 2596 Zeno
2765 2540 2991 2597 Vescovo
3029 2541 3083 2596 di
3119 2538 3320 2595 Verona
3348 2540 3427 2594 sia

1819 2642 1954 2690 stato
1975 2634 2164 2707 legato,
2195 2651 2222 2689 e
2249 2634 2405 2688 molte
2436 2632 2570 2689 volte
2598 2648 2772 2703 preso,
2804 2648 2831 2686 e
2858 2631 3075 2686 battuto.
3110 2629 3175 2685 Et
3197 2647 3266 2684 un
3293 2633 3426 2701 {atto

1820 2747 1853 2784 α
1877 2737 2052 2799 questo
2088 2732 2352 2799 conforme
2380 2728 2423 2781 si
2450 2728 2594 2799 legge
2622 2725 2833 2797 essergli
2858 2734 3075 2779 avenuto
3101 2723 3314 2779 essendo
3334 2739 3430 2778 au-

1822 2820 1945 2876 dato
1972 2838 2004 2874 a
2049 2821 2316 2889 predicare
2344 2818 2478 2874 uelle
2521 2819 2659 2889 parti
2703 2817 3040 2872 oltramarine
3067 2814 3188 2871 dell‘
3221 2815 3366 2884 Asia,
3399 2831 3428 2870 e

1822 2912 2271 2984 particolarmente
2300 2911 2437 2966 uella
2468 2910 2646 2967 Seria.
2690 2907 3005 2965 Perciocché
3032 2908 3103 2963 da
3128 2924 3197 2963 un
3234 2907 3428 2965 Ponte-

1823 3004 1919 3076 ﬁce
1948 3004 2011 3060 de
2042 3003 2141 3060 Dei
2184 3004 2307 3075 falsi
2331 3020 2359 3059 e
2396 3003 2634 3076 bugiardi
2663 3003 2891 3058 consuoi
2935 3004 3139 3075 sequaci
3161 3003 3217 3073 fu
3245 3018 3425 3074 preso,

1824 3099 1993 3170 legato
2021 3116 2046 3153 e
2074 3098 2293 3166 battuto,
2325 3114 2353 3153 e
2381 3098 2435 3152 di
2467 3099 2553 3168 poi
2594 3100 2652 3169 [it
2678 3114 2768 3168 per
2812 3098 2953 3168 aspri
3006 3096 3181 3169 luoqlti
3225 3097 3430 3151 crudel-

162 3202 534 3259 consecrationis
563 3200 818 3258 ecclesia:
842 3198 899 3255 8.
934 3197 1178 3268 Gregorii
1211 3208 1263 3251 et
1305 3195 1541 3252 Zenonis
1562 3238 1576 3261 ,
1604 3210 1724 3267 qua:
1752 3199 1797 3263 ί]
1827 3200 1995 3246 mente
2021 3191 2344 3254 strasciualo,
2374 3200 2419 3244 et
2441 3190 2638 3245 avendo
2678 3192 2843 3262 legate
2870 3188 2917 3243 le
2954 3190 3115 3257 mani,
3149 3188 3242 3244 eti
3267 3188 3427 3260 piedi,

163 3309 276 3351 nunc
294 3295 509 3353 Verona:
539 3298 602 3354 S.
632 3296 852 3351 Helenm
881 3289 1417 3362 nuncupatur,cnjus
1440 3292 1600 3346 verba
1632 3306 1722 3346 sn-

164 3402 234 3457 pra
256 3391 536 3457 retulimus,
561 3390 627 3445 S.
654 3389 931 3443 Zenonem
959 3386 1212 3458 martyris
1233 3384 1387 3439 titulo
1410 3384 1646 3438 decorat.

214 3476 261 3534 In
303 3483 522 3553 quodam
566 3479 855 3554 privilegio
884 3494 915 3532 a
949 3479 1275 3547 Berengario
1304 3477 1633 3531 monasterio
1661 3476 1719 3530 S.

163 3568 355 3631 Zettonis
403 3590 673 3631 concessn
687 3588 832 3628 anno
850 3571 979 3635 90-1.
1010 3570 1069 3626 8.
1094 3570 1241 3626 Zeno
1257 3570 1341 3626 bis
1363 3568 1644 3625 confessor
1670 3575 1725 3623 et

167 3666 302 3722 semel
329 3679 526 3741 martyr
561 3666 797 3734 dicitur,
836 3665 991 3720 sicuti
1032 3662 1328 3734 antiquitus
1370 3663 1424 3717 in
1466 3677 1565 3716 usu
1605 3669 1724 3717 erat

165 3774 388 3833 martyres
414 3763 763 3820 confessores
789 3762 951 3816 etiam
981 3759 1272 3830 appellare.

214 3853 261 3910 In
287 3855 385 3912 alio
418 3870 641 3929 quoque
683 3852 968 3924 privilegio
994 3853 1171 3908 eidem
1201 3850 1552 3918 monasterio,
1580 3864 1723 3906 anno

166 3947 279 4006 1055
316 3965 568 4008 concesso
599 3949 671 4006 ab
715 3948 947 4005 llenrico
992 3946 1342 4018 imperatore,
1376 3944 1434 4002 8.
1467 3943 1611 4001 Zeno
1642 3942 1723 4000 bis

165 4052 332 4116 martyr
351 4044 564 4101 dicitur.

219 4134 432 4194 Ecclesia
473 4132 859 4206 Frisingensis,
893 4146 1014 4205 qua:
1043 4148 1073 4189 a
1101 4132 1159 4190 8.
1190 4131 1520 4190 Corbiniano
1551 4130 1724 4203 primo

80 4256 83 4267 ι
164 4224 365 4295 ejusdem
397 4226 657 4286 Ecclesiae
701 4226 977 4297 episeopo,
1007 4224 1163 4297 cujus
1203 4225 1386 4280 obitus
1430 4239 1574 4281 anno
1618 4225 1723 4282 750

163 4319 405 4395 contingit,
434 4321 644 4378 cultum
675 4319 733 4378 S.
763 4318 999 4376 Zenonis
1025 4318 1222 4386 hausit,
1255 4327 1544 4390 martyrem
1572 4334 1724 4376 sem-

164 4428 240 4481 per
261 4415 478 4487 agnovit.

217 4505 574 4564 Calendarium
612 4506 795 4563 saeculi
827 4505 951 4562 noni
982 4548 995 4571 ,
1029 4504 1463 4562 Sacramentario
1504 4504 1563 4562 8.
1590 4503 1727 4561 Gre-

1825 3300 1854 3337 e
1875 3282 2222 3338 crudelmente
2262 3282 2482 3348 battuto,
2514 3297 2685 3336 τηειιο
2714 3282 2847 3347 vivo,
2890 3276 3248 3337 e‘rnoribondo
3278 3279 3335 3347 [it
3359 3280 3429 3334 da

1825 3376 1983 3448 (μιαιιὶ
2011 3376 2225 3432 lasciato
2252 3375 2307 3429 iu
2328 3375 2634 3430 abandouno
2660 3392 2677 3429 :
2710 3375 2795 3428 ma
2816 3373 2988 3429 subito
3040 3376 3215 3444 doppo
3242 3371 3293 3427 la
3315 3373 3427 3427 loro

1824 3483 2075 3542 parteuza
2117 3486 2209 3539 per
2254 3469 2391 3524 virtu
2422 3469 2605 3525 Divina
2637 3471 2696 3541 {it
2723 3469 2867 3524 dalla
2897 3479 3064 3523 morte
3110 3476 3425 3540 preservato,

1825 3568 1894 3620 da
1924 3565 2108 3637 legami
2129 3566 2333 3633 sciolto,
2360 3581 2390 3620 e
2429 3566 2511 3620 uel
2532 3565 2753 3637 pristino
2782 3572 2913 3619 stato
2951 3562 3430 3617 miracolosamente
3508 3560 3517 3567 “

1824 3660 2094 3713 ritornato.
2120 3657 2326 3712 Avendo
2341 3658 2395 3712 di
2408 3660 2491 3729 poi
2510 3658 2721 3713 liberato
2737 3673 2807 3711 un
2819 3656 3055 3727 [igliuolo
3065 3655 3121 3709 di
3140 3653 3296 3727 quell‘
3315 3667 3427 3707 em-

1826 3758 1934 3826 pio,
1954 3774 1980 3812 e
2000 3757 2201 3811 crudele
2218 3756 2703 3829 pouteﬁceidolatra
2725 3756 2813 3809 dal
2837 3756 3095 3818 demonio,
3125 3755 3217 3808 clte
3244 3749 3429 3806 crude-

1827 3851 2187 3905 lissimameute
2207 3850 2258 3904 lo
2275 3860 2587 3904 tormentava
2598 3867 2688 3919 per
2708 3850 2757 3904 la
2770 3849 3002 3905 crudelta
3022 3857 3203 3903 usuata
3217 3846 3305 3901 dal
3321 3843 3429 3899 Pa-

1827 3947 1919 4003 dre
1943 3957 2119 4002 contra
2149 3947 2200 4001 la
2220 3944 2456 4002 Persona
2482 3946 2535 4000 di
2568 3946 2631 4001 S.
2660 3944 2822 4008 Zeno,
2845 3944 3012 3999 subito
3040 3959 3185 4000 corse
3209 3944 3262 3997 la
3285 3943 3428 4013 fama

1829 4041 1881 4095 di
1900 4041 2060 4111 questi
2073 4039 2173 4095 due
2190 4040 2422 4094 miracoli
2446 4056 2534 4109 per
2549 4055 2645 4110 que
2660 4040 2679 4093 i
2697 4039 2872 4111 luoghi
2884 4055 2974 4111 per
2993 4038 3032 4093 il
3043 4037 3137 4091 clte
3150 4054 3183 4091 a
3203 4036 3276 4089 lui
3296 4050 3423 4090 cou-

1828 4149 2035 4191 correva
2061 4152 2190 4208 grmt
2216 4133 2537 4189 mollitudine
2567 4135 2618 4188 di
2666 4135 2877 4205 informi
2901 4133 3166 4188 accioeche
3192 4148 3283 4205 per
3311 4146 3422 4187 esse

1827 4228 1866 4281 il
1876 4226 2120 4295 bene/icio
2131 4228 2266 4283 della
2277 4229 2444 4283 sanita
2454 4229 2844 4299 acquistassero,
2869 4229 2887 4283 i
2901 4229 3043 4299 quali
3060 4244 3168 4282 esso
3188 4243 3276 4298 per
3297 4225 3429 4281 virtt‘t

1828 4317 2020 4375 Divina
2044 4322 2178 4375 uella
2204 4322 2419 4393 pristina
2432 4322 2618 4377 Sonitu
2639 4322 2918 4377 ritornava.
2942 4318 2994 4375 E
3007 4320 3145 4393 quivi
3167 4336 3276 4376 sese
3300 4337 3430 4393 grau

1830 4415 1989 4484 fruuo
2013 4414 2380 4485 distruggendo
2406 4414 2475 4486 gl'
2504 4415 2653 4480 idoli,
2684 4431 2711 4469 e
2738 4416 3103 4481 confermando
3127 4413 3183 4469 la‘
3200 4415 3431 4468 dottrina

1829 4518 1925 4559 sua
1954 4520 2012 4559 co
2040 4507 2289 4574 miracoli,
2322 4522 2351 4561 ο
2377 4506 2823 4577 particolarmente
2835 4507 3175 4563 cacciandone
3198 4507 3239 4562 il
3258 4508 3433 4561 demo-

162 4600 270 4665 gorii
309 4601 606 4671 praeﬁxum,
633 4598 723 4656 die
765 4615 841 4655 xu
885 4599 1080 4669 aprilis.
1100 4598 1155 4653 in
1184 4597 1436 4653 Bibliotb.
1463 4595 1720 4653 Vaticana
1750 4600 1802 4668 Ι)
1829 4602 1913 4658 nio
1943 4601 2011 4656 da
2046 4603 2064 4657 i
2099 4603 2242 4673 carpi
2270 4603 2469 4670 umani,
2493 4619 2518 4657 e
2547 4602 2616 4657 da
2642 4604 2660 4656 i
2701 4603 2876 4675 luoglti
2909 4603 3011 4676 agl’
3030 4602 3158 4659 idoli
3186 4602 3430 4658 dedicati.

163 4704 278 4749 anno
306 4695 437 4753 l806
462 4697 522 4753 S.
557 4696 838 4753 Zenonem
866 4707 1160 4770 martyrem
1192 4696 1455 4752 nominat.

216 4785 301 4843 llic
324 4790 660 4847 accensenda
683 4803 812 4846 mss.
843 4791 1205 4845 Eccleslarum
1233 4790 1554 4846 Veronensis
1576 4788 1727 4845 etPi-

162 4878 429 4950 storiens‘ts,
460 4881 530 4939 de
560 4883 756 4954 quibus
779 4895 943 4953 supra
970 4882 1200 4953 egimus.

218 4970 319 5027 Alia
342 4974 743 5046 subsequuntur
767 4974 1169 5048 Martyrologia,
1189 4983 1243 5031 et
1262 4973 1583 5031 Calendaria
1604 4973 1725 5031 edi-

165 5072 223 5131 ta,
244 5077 289 5122 et
313 5084 410 5125 ms.
438 5071 769 5128 Cassinense
797 5070 1000 5126 editum
1023 5112 1036 5135 ,
1072 5078 1201 5126 tom.
1236 5086 1306 5126 vn
1352 5071 1549 5127 Rerum
1576 5071 1729 5127 Itali-

164 5174 310 5215 rarum
331 5205 344 5229 ,
388 5183 507 5238 pag.
541 5165 672 5233 956,
702 5166 759 5221 in
783 5181 891 5238 quo
912 5181 1083 5221 mense
1108 5167 1262 5239 aprili
1287 5165 1426 5221 Zeno
1477 5186 1496 5219 ‹
1528 5160 1757 5239 πιανέ

153 5246 230 5308 iio
249 5268 530 5314 coronatus
563 5260 781 5315 dicitur.
813 5279 833 5313 ι
865 5260 1103 5316 leannes
1132 5259 1728 5333 praesbyterVerOnen-

164 5347 240 5413 sis,
261 5350 306 5404 in
330 5350 563 5408 Historia
604 5353 866 5425 imperiali
912 5369 1042 5420 ms.,
1071 5355 1150 5409 sic
1179 5354 1339 5409 habet
1368 5373 1382 5408 :
1416 5353 1545 5409 Post
1569 5354 1731 5411 multa

164 5442 385 5510 supplicia
412 5434 602 5515 quievit
627 5445 706 5517 (δ.
733 5443 906 5516 Zeno)
937 5446 991 5499 in
1019 5444 1245 5512 Christo,
1276 5461 1315 5501 ιι
1343 5444 1476 5501 ldus
1506 5447 1733 5516 Aprilis;
1834 5430 1835 5433 γ

163 5525 352 5596 Charta,
382 5538 433 5591 in
462 5537 587 5594 vico
614 5538 983 5609 Campellione
1003 5539 1257 5595 dioecesis
1287 5540 1730 5609 Mediolanensis,

164 5634 284 5681 anno
307 5627 406 5684 769
435 5632 636 5701 scripta
664 5674 678 5698 ,
712 5632 771 5688 8.
801 5631 1071 5686 Zenonem
1120 5632 1486 5688 beatissimum
1531 5633 1732 5692 Christi

166 5718 497 5780 confessorem
510 5726 767 5796 appellat.
798 5726 1003 5798 Martyr
1023 5727 1183 5782 etiam
1205 5728 1263 5783 8.
1289 5726 1439 5783 Zeno
1461 5728 1659 5801 dicitur
1679 5731 1734 5786 in

170 5807 512 5906 Nartprologio
541 5820 753 5904 antiquo
777 5836 843 5879 ex
869 5820 1176 5893 membranis
1204 5824 1551 5907 manuscripto
1574 5826 1735 5884 cccle-

1900 4695 2213 4753 Consonant
2248 4696 2333 4753 bis
2361 4696 2696 4769 fragmentis,
2729 4713 2851 4769 quae
2877 4698 2932 4754 in
2984 4698 3184 4770 hymno
3226 4713 3431 4769 pracsu-

1830 4790 1897 4846 lis
1927 4791 2101 4847 sancti
2133 4792 2384 4881 leguntur
2409 4809 2423 4844 :

2078 4912 2284 4975 Magnus
2304 4911 2499 4966 Excelsi
2519 4911 2611 4964 fuit
2635 4919 2688 4964 et
2709 4912 2968 4975 Sacerdos,

2078 4974 2265 5040 Gentes
2289 4976 2505 5040 elﬁ'enas
2538 4983 2804 5039 penetrans
2824 4974 3053 5040 marinas,

2075 5037 2192 5088 lude
2207 5038 2457 5105 _V_eronatn
2475 5037 2615 5095 Deus
2631 5042 2758 5090 hunc
2780 5041 2840 5090 ad
2866 5037 3048 5091 Urbem
3056 5039 3121 5105 .11;

2206 5101 2407 5153 Mittere
2431 5110 2587 5154 curat.

1901 5207 2204 5275 Consonat,
2264 5220 2326 5272 et
2369 5208 2808 5266 Vetustissimnm
2866 5224 2970 5265 ms.
3022 5209 3296 5285 Anonymi
3344 5210 3432 5267 Pi-

1833 5302 2057 5374 pinlani.

2087 5400 2196 5470 lfion
2219 5416 2351 5470 queo
2370 5410 2501 5470 tanta
2526 5406 2671 5469 hujus
2693 5407 2855 5456 Sancti
2880 5419 3043 5470 opera
3056 5418 3258 5456 narrare

2087 5465 2477 5532 Quaeyveniendo
2500 5483 2525 5518 a
2545 5465 2681 5532 Syria
2704 5482 2865 5532 usque
2888 5465 2937 5518 in
2961 5468 3145 5518 Italiam

2088 5525 2333 5579 Mirabilia
2357 5544 2448 5593 per
2470 5525 2628 5595 ipsum
2653 5525 2798 5582 Deus
2814 5532 3047 5582 ostendit.

1911 5634 2103 5694 Plures
2131 5638 2388 5694 Ecclesim
2416 5637 2474 5694 8.
2522 5638 2793 5694 Zenonem
2836 5647 3110 5708 tamquam
3143 5636 3436 5708 Martyrem

1838 5742 2183 5787 venerantur.
2206 5730 2267 5785 In
2296 5730 2549 5786 Patavina
2571 5731 2790 5786 diceeesi
2838 5730 2977 5787 inter
3000 5730 3137 5786 alias
3166 5728 3440 5788 Ecclesias

1844 5841 1947 5886 una
1977 5836 2061 5885 est
2090 5828 2285 5888 Montis
2312 5827 2491 5887 Silicis
2522 5826 2582 5889 S.
2611 5825 2835 5893 Thomas
2876 5827 3143 5904 Apostoli,
3171 5836 3227 5887 et
3250 5827 3309 5888 8.
3342 5828 3454 5905 Ze-
