3898 6320
222 296 302 354 illi
1446 292 1825 351 PBEFATIO
1860 293 2142 353 DUPINII.

1789 419 1846 481 Α
1868 410 1987 469 haec
2010 413 2079 470 ab
2107 422 2331 472 auctore
2357 416 2536 487 potius
2556 433 2719 490 quam
2746 418 2815 477 ab
2842 419 2951 478 alio
2973 418 3160 477 addita
3183 419 3472 490 videntur;

644 412 678 468 l.
714 440 786 455 --
812 429 878 469 ns
906 427 1032 471 vin
1062 427 1275 472 errari.

277 512 476 581 Optatus
493 506 613 580 Afer
637 515 687 565 et
718 505 1050 563 Milevitanus
1068 509 1361 579 episcOpus.
1396 507 1620 577 Quando
1642 508 1772 563 scri-

215 607 363 681 pserit.
406 604 673 674 Quousque
704 603 888 658 vixerit
919 601 1162 676 Optatus.
1207 602 1377 672 Quam
1406 604 1638 658 laudata:
1664 619 1771 659 me-

214 700 382 755 moriis.
427 695 571 752 Unde
594 712 776 750 nomen
809 696 926 767 ejus
953 697 1007 750 in
1039 694 1471 767 Martyrologium
1501 712 1770 751 romanum

212 790 455 862 impserit.
493 816 561 830 —-
590 787 828 843 Primum
883 786 1067 859 paucis
1111 787 1460 843 absolvetur:
1513 803 1637 843 nam
1681 788 1767 842 vix

215 885 464 957 quidquam
491 882 634 937 aliud
649 882 720 939 de
745 881 943 953 Optato
971 883 1128 939 nobis
1163 893 1504 954 compertum
1530 896 1635 949 est,
1666 884 1768 939 nisi

212 994 317 1035 eum
344 975 516 1032 Afrum
544 976 726 1043 fuisse,
749 976 894 1048 quod
917 985 1147 1033 testatur
1176 976 1560 1050 Hieronymus,
1592 988 1646 1033 et
1672 977 1772 1033 Mi-

213 1071 463 1129 levitanum
484 1070 820 1143 episcopum.
844 1071 964 1139 Quo
995 1080 1240 1141 tempore
1280 1070 1527 1127 ﬂoruerit
1547 1087 1613 1127 ex
1646 1070 1766 1141 ejus

212 1178 349 1235 opere
367 1164 644 1235 colligitur.
688 1162 821 1219 Nam
846 1164 986 1221 libro
1016 1164 1193 1237 primo
1226 1164 1254 1239 ᾗ
1285 1167 1371 1232 15,
1408 1167 1501 1234 ait,
1532 1175 1652 1221 ante
1673 1183 1768 1221 an-

211 1275 288 1314 nos
306 1259 551 1331 sexaginta
577 1259 786 1330 etquod
807 1261 1035 1314 excurrit
1068 1275 1165 1329 per
1193 1269 1357 1315 totam
1382 1260 1616 1316 Africam
1648 1277 1771 1332 per-

210 1353 466 1411 Secutionis
490 1363 864 1423 tempestatem
909 1368 1030 1410 esse
1075 1354 1411 1427 divagatam,
1451 1358 1765 1414 Diocletiani

212 1459 361 1501 autem
390 1447 712 1515 persecutio,
745 1445 815 1501 de
835 1462 939 1516 qua
973 1446 1061 1502 hic
1090 1450 1275 1518 procul
1306 1448 1472 1503 dubio
1505 1449 1761 1519 loquitur,

209 1538 376 1609 incepit
412 1552 440 1591 a
469 1553 656 1593 mense
686 1537 956 1594 februario
986 1540 1114 1595 anni
1143 1555 1267 1596 atrae
1299 1540 1536 1610 vulgaris
1557 1542 1682 1608 505,
1713 1552 1767 1598 et

209 1631 339 1688 desiit
379 1632 428 1688 in
458 1632 750 1688 Occidente
794 1648 940 1688 anno
970 1634 1098 1699 505,
1141 1650 1205 1689 ex
1239 1650 1345 1706 quo
1373 1634 1604 1690 infertur
1634 1636 1769 1690 scri-

209 1724 353 1795 psisse
378 1724 620 1794 Optatum
646 1733 769 1796 post
792 1742 996 1781 annum
1022 1726 1149 1789 365.
1167 1738 1223 1783 et
1249 1730 1394 1783 circa
1421 1744 1620 1783 annum
1637 1731 1760 1795 570,

3367 306 3474 362 762

1876 524 1984 564 non
2007 517 2203 566 certea
2233 513 2522 569 recentiori
2552 516 2914 587 exscriptore,
2948 516 3035 572 cui
3067 526 3191 571 nota
3218 530 3340 573 esse
3368 532 3475 575 non

1877 612 2125 673 poterant
2152 606 2366 660 nomina
2400 606 2719 678 ignobilium
2753 609 2967 665 illorum
2996 609 3374 682 episcoporum
3405 610 3476 668 de

1873 694 2066 764 quibus
2108 695 2280 751 altum
2317 697 2370 753 in
2422 698 2644 754 historia
2688 702 2987 757 silentium.
3032 704 3219 773 Itaque
3244 705 3477 774 Optatus

1873 787 2016 842 circa
2062 804 2260 843 annuat
2299 789 2427 853 570,
2477 792 2577 846 sub
2600 791 2983 853 Valentiniano
3020 805 3075 850 et
3105 793 3356 862 Valente,
3388 812 3476 853 se-

1874 880 2035 937 dente
2074 881 2262 938 Romae
2308 883 2558 951 Damaso,
2602 901 2731 941 suos
2767 887 3027 945 adversus
3057 889 3472 946 Parmenianum

1874 975 2043 1032 libros
2065 992 2158 1033 sex
2190 979 2543 1035 elucubravit.
2574 980 2683 1037 Sed
2722 981 2856 1038 vixit
2886 999 3056 1052 usque
3082 984 3148 1040 ad
3191 984 3473 1055 pontiﬁca-

1874 1079 1984 1125 tum
2018 1070 2193 1127 Siricii
2233 1088 2297 1128 ac
2326 1073 2616 1132 Theodosii
2658 1077 2964 1147 imperium.
3000 1094 3109 1151 quo
3136 1088 3381 1151 tempore
3409 1081 3473 1135 li-

1872 1164 1999 1218 bros
2026 1179 2155 1220 suos
2180 1170 2454 1224 recensuit
2476 1209 2490 1233 ,
2526 1184 2709 1242 eaque
2728 1174 2869 1227 forte
2896 1171 3260 1229 additamenta
3291 1173 3477 1231 confe-

1871 1257 1946 1312 cit
1973 1273 2093 1329 qua:
2122 1259 2261 1314 libro
2283 1259 2513 1331 septimo
2554 1264 2926 1332 continentur,
2967 1264 3036 1319 de
3075 1266 3270 1335 quibus
3312 1266 3473 1321 modo

1871 1350 2135 1407 dicemus.
2181 1353 2299 1421 Quo
2326 1371 2470 1409 anno
2496 1355 2638 1411 diem
2665 1368 2969 1414 extremum
3005 1358 3263 1415 clauserit
3298 1360 3476 1414 incer-

1872 1455 1982 1501 tum
2014 1456 2114 1502 est.
2145 1447 2293 1503 Illius
2326 1457 2505 1505 tamen
2530 1455 2790 1507 memoria
2812 1453 2883 1507 ob
2915 1454 3213 1511 Ecclesiam
3256 1456 3473 1527 egregie

1871 1540 2148 1597 defensam
2191 1546 2242 1598 in
2294 1543 2501 1600 honore
2538 1559 2756 1616 semper
2807 1546 2906 1603 fuit
2932 1548 3073 1620 apud
3110 1545 3467 1605 ChriSlianos.

1873 1636 2023 1691 Hune
2081 1638 2413 1707 Augustinus
2468 1640 2797 1695 venerabilis
2857 1642 3134 1697 memoria:
3189 1641 3470 1697 catholica:

1869 1730 2266 1785 communionis
2292 1732 2606 1801 episcopum
2630 1743 2810 1799 Vocat,
2831 1742 2887 1787 et
2914 1733 3074 1804 hujus
3102 1733 3468 1789 testimonium

207 1816 318 1872 libro
345 1817 571 1887 ejusdem
598 1819 785 1889 operis
810 1830 1005 1888 quarto
1038 1818 1322 1874 Photinum
1347 1822 1614 1891 praesentis
1640 1831 1766 1876 tem-
1796 1821 1841 1882 B
1870 1821 2236 1877 Ambrosiano
2286 1838 2608 1892 comparare
2648 1839 2756 1877 non
2784 1836 3025 1879 veretur.
3058 1822 3239 1880 Sancti
3274 1839 3470 1880 nomen

168 1984 171 1989 Ι
208 1913 320 1981 poris
354 1912 641 1988 latereticum
684 1923 870 1980 vocat;
918 1914 1116 1984 quibus
1148 1915 1324 1969 verbis
1370 1931 1492 1970 eum
1528 1917 1580 1971 in
1627 1917 1766 1971 vivis
1863 1914 1973 1984 jam
2001 1913 2241 1968 abinitio
2263 1915 2403 1970 sexti
2432 1925 2554 1985 post
2580 1915 2853 1973 Christum
2881 1917 3064 1972 szcculi
3087 1920 3186 1988 ipsi
3212 1917 3470 1987 tributum

206 2005 512 2074 superstitem
545 2006 724 2062 adhuc
748 2006 915 2063 fuisse
945 2008 1185 2064 indicare
1208 2009 1445 2067 videtur.
1484 2010 1588 2066 Sed
1624 2010 1768 2066 Pho-

207 2098 326 2153 tinus
352 2113 379 2154 e
403 2099 580 2155 medio
605 2099 855 2157 sublatus
877 2111 960 2157 est
983 2117 1124 2156 anno
1146 2103 1273 2169 376,
1309 2114 1365 2156 ιιι
1390 2102 1550 2160 docet
1578 2103 1768 2159 Hiero-

206 2192 325 2263 nymi
368 2191 695 2250 Cbronicon.
740 2193 853 2264 llis_
893 2195 1103 2250 accedit
1152 2196 1520 2251 testiinonium
1579 2197 1768 2253 Hiero-

204 2291 322 2363 nymi
361 2291 650 2347 scribentis
675 2334 691 2359 ,
730 2290 981 2365 Optatum
1024 2293 1126 2348 sub
1156 2293 1538 2349 Valentiniano
1576 2305 1628 2351 et
1661 2294 1765 2351 Va—

201 2382 319 2440 lente
344 2384 670 2454 principibus
702 2387 1004 2456 scripsisse,
1041 2402 1101 2441 ac
1136 2387 1361 2457 proinde
1390 2387 1530 2442 inter
1562 2403 1762 2442 annum

201 2476 303 2546 572,
322 2494 419 2549 quo
448 2478 857 2537 Valentinianus
889 2481 1134 2549 proximo
1161 2492 1280 2551 post
1303 2481 1640 2538 bissextilcm
1673 2482 1761 2538 die

202 2570 456 2641 imperator
491 2573 703 2629 electus
740 2582 842 2639 est,
891 2583 943 2629 et
973 2574 1102 2642 575,
1150 2591 1258 2645 quo
1300 2575 1441 2631 idem
1482 2576 1764 2646 apoplexia

200 2675 441 2733 correptus
477 2666 696 2743 interiit
745 2683 816 2721 xv
844 2665 1063 2723 kalend.
1104 2668 1371 2738 septemb.
1424 2668 1477 2723 in
1528 2666 1763 2725 Castello

202 2758 476 2830 Brigitimie,
508 2768 566 2815 ut
600 2768 832 2816 testatur
877 2761 1093 2817 ldatius.
1130 2763 1304 2818 Unum
1335 2774 1419 2817 est
1454 2763 1596 2835 quod
1639 2778 1761 2819 cum

201 2850 281 2908 hac
301 2853 486 2923 epocha
523 2868 832 2924 congruere
867 2854 951 2909 vix
1000 2857 1201 2923 possit;
1236 2856 1414 2911 Siricii
1449 2873 1643 2927 nempe
1667 2873 1763 2913 no-

200 2962 319 3013 men,
362 2947 494 3019 quod
540 2950 601 3002 in
651 2948 895 3018 catalogo
954 2950 1324 3005 Romanorum
1381 2951 1759 3021 episc0pnrum

199 3059 325 3115 quem
352 3047 514 3101 texuit
555 3046 791 3115 Optatus
818 3048 908 3103 lib.
939 3065 998 3116 ιι,
1042 3050 1150 3120 §3,
1187 3051 1453 3120 reperitur
1489 3060 1611 3122 post
1661 3053 1763 3107 Da-

199 3154 392 3193 masum.
423 3138 548 3194 Nam
585 3154 711 3195 cum
743 3139 971 3198 Siricius
1009 3144 1076 3197 ad
1108 3145 1290 3199 sedem
1327 3145 1622 3199 Romanam
1654 3162 1758 3200 non

1869 2006 2065 2077 legitur
2086 2007 2152 2062 ab
2175 2007 2388 2063 eximia:
2417 2009 2721 2064 sanctitatis
2757 2021 2813 2065 et
2837 2010 3162 2065 eruditionis
3194 2013 3310 2065 viro
3342 2010 3472 2066 Ful-

1866 2099 2047 2169 gentia
2080 2098 2349 2170 Rnspensi
2378 2101 2657 2179 episcopo,
2689 2103 2780 2172 qui
2822 2102 2995 2159 saneti
3024 2101 3204 2174 Optati
3237 2103 3474 2159 auctori-

1870 2202 2058 2257 tatem,
2083 2195 2252 2249 sancti
2281 2194 2551 2252 Ambrosii
2575 2203 2631 2251 et
2652 2197 2822 2252 sancti
2842 2196 3124 2267 Augustini
3150 2197 3471 2253 testimoniis

1868 2288 2127 2359 adjungit.
2150 2289 2205 2343 ln
2230 2288 2607 2362 Martyrologio
2636 2292 2689 2363 2
2730 2288 2974 2345 Romano
2990 2289 3055 2345 ad
3081 2289 3222 2345 diem
3270 2290 3304 2345 4
3332 2289 3471 2360 junii

1868 2382 2171 2452 adscriptas
2206 2393 2290 2438 est
2318 2398 2348 2437 a
2376 2382 2610 2439 Baronio
2652 2384 2794 2439 inter
2822 2394 3039 2440 sanctos
3068 2383 3295 2455 Optatus
3321 2383 3472 2439 Mile-

1868 2479 2103 2541 vitanus,
2137 2478 2290 2548 cujus
2324 2494 2525 2533 nomen
2566 2480 2617 2533 in
2651 2479 2798 2533 nullo
2838 2479 2944 2534 alio
2982 2479 3364 2552 Martyrologio
3394 2478 3471 2534 le-

1866 2584 1997 2638 gere
2043 2578 2144 2635 est,
2197 2571 2298 2623 nisi
2342 2569 2395 2624 iti
2437 2573 2685 2639 catalogo
2726 2571 2869 2625 Petri
2917 2571 2986 2628 de
3023 2570 3328 2637 Natalibus,
3375 2573 3468 2643 qui

1866 2663 2118 2732 Optatum
2156 2664 2515 2720 Antissindori
2547 2665 2884 2734 episcopum,
2915 2664 3071 2735 cujus
3101 2664 3295 2719 natalis
3326 2665 3470 2721 cele-

1869 2755 2055 2810 bratur
2081 2756 2144 2810 ad
2171 2756 2312 2812 diem
2339 2757 2400 2812 51
2426 2755 2674 2827 Augusti,
2702 2756 2901 2827 putavit
2926 2755 3174 2812 eumdem
3196 2771 3319 2811 esse
3340 2771 3462 2811 cum

1865 2854 2059 2925 Optato
2084 2855 2413 2923 Milevitana,
2438 2871 2606 2926 eaque
2623 2853 2711 2909 die
2735 2853 3055 2910 tt‘tctnoriam
3081 2853 3250 2922 ipsius
3270 2851 3466 2908 factam

1865 2949 2119 3006 credidit.
2161 2952 2327 3019 Cujus
2356 2966 2599 3006 errorem
2632 2964 2938 3021 agnoscens
2981 2949 3268 3015 Barouins,
3300 2947 3467 3019 Opta-

1867 3054 1976 3100 tum
2009 3044 2538 3101 Antissiodorensem
2565 3044 2630 3099 ad
2661 3044 2805 3099 dicm
2834 3044 2894 3100 5|
2935 3044 3158 3113 Augusti
3192 3036 3462 3106 restituit;

1866 3135 1958 3191 sed
1985 3136 2229 3207 religioni
2257 3136 2459 3193 ducens
2487 3136 2740 3206 Optatum
2772 3147 3038 3203 nostrum,
3071 3136 3157 3193 cui
3184 3135 3360 3192 locum
3384 3135 3466 3191 in-

198 3230 556 3291 iueritevectns
628 3248 757 3295 ante
802 3254 1002 3293 annum
1043 3236 1149 3293 584
1184 3240 1389 3308 aliquot
1437 3242 1591 3293 annis
1636 3252 1758 3308 pOSt
1786 3215 1830 3278 (ἶ
1867 3239 1947 3286 lel‘
1986 3240 2202 3287 83110108
2232 3232 2285 3286 ill
2318 3231 2702 3305 Mai‘lymlogio
2736 3231 2926 3286 Petrus
2963 3231 3031 3287 de
3057 3231 3339 3288 Natalibus
3367 3231 3463 3287 de-

198 3338 390 3387 mortem
434 3332 798 3390 Valentiniani
831 3345 884 3390 et
910 3334 1153 3390 Valentis
1190 3343 1239 3388 et
1271 3335 1544 3409 pctoginta
1572 3352 1598 3386 a
1633 3350 1756 3406 per-

196 3424 431 3480 secutione
452 3426 843 3490 Diocletiauea,
888 3443 995 3481 non
1020 3426 1191 3496 potuit
1220 3425 1361 3481 circa
1391 3442 1592 3480 annum
1625 3425 1750 3491 570,

198 3512 379 3571 vivente
406 3518 790 3577 Valentiniano
837 3520 1066 3591 Optatus
1097 3519 1350 3573 Sirieium
1380 3521 1519 3574 inter
1542 3520 1754 3588 episco-

194 3622 272 3678 pos
308 3610 566 3670 Romanos
611 3630 920 3680 recensere,
954 3628 1016 3668 ac
1042 3613 1282 3669 scribere
1327 3613 1472 3668 hunc
1516 3628 1639 3669 esse
1664 3630 1755 3670 so-

193 3700 309 3759 cium
333 3720 478 3762 suum
509 3716 793 3779 totumque
815 3708 1003 3762 orbem
1036 3708 1135 3761 sibi
1167 3722 1261 3774 per
1274 3722 1397 3762 eum
1424 3707 1752 3763 commercio

192 3793 502 3856 inmatarum
543 3802 600 3857 in
636 3818 798 3857 unam
830 3802 1228 3858 communionis
1268 3802 1583 3857 societatem
1621 3818 1753 3857 con-

191 3890 397 3948 cordare.
438 3893 544 3950 Sed
593 3895 769 3950 nodus
811 3894 901 3950 ille
927 3894 1080 3949 facile
1111 3893 1372 3960 solvetur,
1407 3894 1450 3948 si
1483 3893 1747 3963 dicamus,

189 3985 302 4052 quod
342 3989 645 4045 necessario
678 3988 1127 4059 .supponendum,
1162 3985 1341 4043 Siricii
1373 4003 1569 4043 nomen
1631 3996 1753 4056 post

188 4074 449 4135 absolutum
478 4081 893 4151 opusadjectum
926 4080 1092 4135 fuisse
1110 4080 1191 4135 vel
1215 4079 1282 4133 ab
1302 4079 1431 4145 alio,
1454 4079 1541 4135 vel
1573 4079 1751 4151 potius

186 4166 471 4240 abipsomet
514 4174 737 4244 Optato.
778 4174 890 4230 Cur
920 4174 1115 4244 Optato
1162 4174 1340 4243 potius
1386 4188 1546 4245 quam
1592 4173 1749 4229 alteri

187 4260 266 4317 ista
288 4265 474 4323 additio
499 4268 905 4335 tribuenda‘sit,
941 4270 1087 4323 ratio
1113 4277 1197 4325 est
1234 4267 1378 4339 quod
1413 4267 1441 4341 §
1471 4268 1749 4335 sequentis

186 4352 310 4413 initio
346 4363 575 4434 scriptor
617 4363 818 4418 seriem
863 4372 1052 4417 texens
1106 4377 1295 4416 eorum
1346 4362 1433 4431 qui
1472 4376 1541 4416 ex
1597 4370 1748 4431 parte

186 4446 343 4507 Donati
377 4469 434 4509 se
467 4454 743 4509 Romanos
789 4453 1077 4523 episcopos
1125 4466 1246 4507 esse
1282 4452 1626 4522 jactitabant,
1680 4452 1747 4506 de

183 4539 417 4603 Hacriibio
453 4547 696 4619 loquitur
745 4556 1021 4617 tamquam
1068 4555 1336 4617 prasente
1381 4555 1435 4598 et
1473 4544 1594 4599 vivo
1622 4560 1744 4599 cum

1859 3322 2034 3388 derat,
2058 3323 2125 3379 ab
2152 3338 2218 3378 eo
2240 3338 2460 3394 prorsus
2485 3339 2795 3394 expungere
2817 3367 2831 3391 ,
2879 3322 3021 3377 hunc
3048 3322 3114 3377 ad
3145 3322 3286 3377 diem
3320 3325 3352 3378 4
3376 3322 3463 3393 ju-

1858 3416 1931 3470 nii
1961 3416 2253 3483 revocavit,
2288 3417 2472 3471 nescio
2507 3432 2607 3487 qua
2639 3415 2707 3471 de
2735 3431 2921 3477 causa,
2951 3415 3051 3470 nisi
3086 3408 3223 3469 forte
3259 3415 3382 3485 quia
3414 3416 3460 3469 is

1857 3510 1948 3579 qui
1981 3511 2269 3565 Baronium
2299 3510 2351 3565 in
2382 3526 2518 3565 nova
2550 3510 2913 3583 Martyrologii
2959 3509 3186 3564 Romani
3220 3509 3458 3565 editione

1858 3601 2178 3673 prasiverat,
2236 3602 2323 3657 die
2377 3601 2701 3671 praecedenti
2753 3600 3031 3656 C:ecilium
3083 3599 3456 3671 presbyterum

1856 3694 2342 3765 Carthaginensem
2390 3697 2531 3749 inter
2565 3705 2781 3749 sanctos
2809 3692 3192 3763 adscripserat.
3240 3691 3371 3746 Nam
3405 3702 3460 3747 et

1854 3804 2030 3845 annus
2049 3799 2105 3843 et
2128 3789 2243 3845 dies
2277 3789 2465 3843 mortis
2496 3786 2675 3860 Optati
2703 3789 2858 3858 plane
2884 3788 3140 3853 incertus,
3169 3801 3232 3841 ac
3259 3785 3450 3841 nttllibi

1854 3882 2092 3953 gentium
2128 3882 2230 3937 sub
2268 3882 2385 3951 ejus
2427 3880 2770 3935 invocatione
2810 3878 3051 3936 Ecclesia
3092 3888 3183 3934 aut
3218 3894 3309 3933 ara
3344 3879 3456 3935 Deo

1854 3987 2169 4032 consecrata
2198 3976 2413 4048 legitur.

2296 4071 2360 4126 Il.
2392 4101 2462 4112 —
2488 4087 2556 4126 ne
2585 4084 2754 4126 ustus
2785 4084 2996 4125 orant.

1928 4166 2145 4220 Occasio
2194 4166 2364 4232 operis
2417 4164 2616 4233 Optati.
2667 4163 2795 4231 Quis
2849 4163 3007 4235 fuerit
3074 4160 3455 4215 Purmeuianus

1852 4276 1999 4331 quem
2031 4258 2220 4330 refellit
2249 4257 2488 4326 Optatus.
2513 4258 2658 4328 Opus
2683 4255 3110 4311 Parutcniunt'.—
3134 4250 3463 4325 Longe‘am-V

1856 4352 2079 4422 pliorem
2134 4352 2439 4408 disserendi
2492 4352 2774 4405 materiam
2825 4349 2983 4405 nobis
3028 4349 3227 4419 pra'bct
3273 4348 3453 4418 Optati

1852 4462 1988 4518 opus
2030 4447 2376 4518 quantumvis
2417 4446 2563 4499 mole
2591 4447 2863 4515 exiguum.
2911 4443 3080 4513 llnjus
3110 4442 3452 4502 occasionem

1854 4541 1972 4612 ipse
2002 4540 2240 4608 scriptor
2262 4539 2485 4608 exponit
2527 4538 2665 4592 libro
2698 4522 2890 4607 primo,
2932 4535 2960 4609 ς
3009 4539 3057 4590 l.
3108 4553 3127 4589 ι
3157 4535 3454 4591 Donatistae

185 4636 277 4694 hac
300 4643 551 4699 scriberet
582 4661 599 4699 :
629 4641 764 4697 Ecce
793 4650 1067 4710 prasentes
1094 4650 1235 4705 sunt,
1271 4640 1463 4709 inquit,
1496 4640 1566 4715 ibi
1597 4638 1615 4709 (
1638 4638 1748 4693 Ro-
1775 4620 1829 4681 D
1857 4632 2136 4687 maledicis
2182 4630 2384 4702 ubique
2423 4629 2645 4684 vocibus
2691 4629 2953 4684 adversus
2979 4626 3290 4683 Catholicos
3332 4642 3455 4698 per-

183 4744 263 4784 mte
286 4732 302 4803 )
328 4733 538 4790 duorum
583 4736 845 4789 memoria:
874 4735 1255 4806 apostolorum,
1301 4734 1454 4786 dicite
1480 4733 1524 4786 si
1554 4731 1623 4786 ad
1654 4732 1747 4787 hos

180 4820 349 4894 ingredi
376 4829 537 4896 potuit
575 4838 667 4884 aut
696 4826 878 4883 obtulit
920 4826 1063 4893 illic,
1104 4826 1191 4881 ubi
1220 4835 1516 4880 sanctorum
1547 4840 1741 4879 memo-

180 4915 265 4971 rias
289 4935 388 4973 esse
413 4932 631 4977 constat.
665 4920 807 4992 Ergo
837 4928 1015 4987 restat,
1042 4929 1099 4974 ut
1127 4924 1351 4990 fateatur
1377 4918 1550 4971 socius
1581 4928 1743 4972 vester

184 5007 444 5070 Macrobius
476 5032 533 5071 se
574 5016 647 5071 ibi
683 5014 881 5082 sedere,
927 5014 1013 5068 ubi
1054 5011 1338 5080 aliquando
1375 5011 1505 5065 sedit
1543 5010 1740 5065 Encol-

180 5102 294 5171 pius,
316 5116 415 5162 etc.
448 5108 586 5175 Quis
615 5124 722 5164 non
749 5123 814 5165 ex
844 5106 926 5161 bis
965 5105 1230 5176 intelligat
1270 5103 1600 5160 Macrobium
1633 5103 1744 5159 En—

179 5196 314 5266 colpii
353 5214 723 5257 successorem
762 5200 816 5256 in
864 5198 1007 5255 serie
1046 5197 1417 5253 Romanorum
1459 5196 1745 5267 episc0po-

178 5303 276 5346 rum
302 5308 331 5349 e
359 5304 508 5365 parte
544 5295 738 5350 Donati
786 5292 1133 5364 superstitem
1183 5289 1360 5345 adhuc
1407 5288 1575 5345 fuisse
1617 5304 1741 5344 cum

179 5380 274 5440 hac
305 5389 566 5445 scriberet
611 5386 878 5458 Optatus?
907 5384 978 5441 At
1014 5383 1114 5440 sub
1144 5383 1304 5439 finem
1350 5382 1509 5455 hujus
1548 5382 1742 5453 capitis

176 5475 263 5532 duo
286 5491 633 5538 recensentur
669 5491 794 5553 post
838 5478 1192 5536 Macrobium.
1239 5476 1413 5551 Igitur
1437 5478 1559 5548 quia
1586 5474 1744 5532 Clan—

176 5570 332 5628 dinnns
367 5574 618 5642 Luciano,
664 5573 927 5629 Lucianus
959 5570 1246 5638 Macrobio,
1290 5568 1587 5625 Macrobius
1631 5569 1744 5625 En-

176 5663 337 5734 colpio,
390 5667 673 5739 Encolpius
722 5664 1019 5738 Bonifacio,
1060 5662 1363 5736 Bonifacius
1398 5661 1592 5718 Victori
1624 5679 1744 5718 suc-

176 5752 358 5815 cessisse
380 5760 637 5818 uidentur.
671 5761 750 5817 Ex
781 5761 867 5816 his
898 5758 1174 5815 Claudiani
1207 5758 1487 5814 etLuciani
1519 5760 1737 5814 nomina

178 5829 358 5919 itdjecta
384 5864 506 5914 esse
529 5856 677 5927 patet
703 5863 985 5929 postquam
1018 5848 1278 5926 scriptum
1309 5862 1427 5913 erat
1451 5868 1606 5925 opus.
1632 5852 1740 5913 Sed

1854 4726 2188 4796 strepebant.
2244 4725 2290 4780 A
2335 4725 2517 4779 multis
2555 4721 2850 4778 Catholicis
2896 4737 3041 4793 sti-pc
3084 4721 3450 4777 desideratum

1855 4817 2053 4884 fuerat,
2084 4826 2142 4872 ut
2159 4816 2227 4872 ad
2250 4799 2546 4872 eruendam
2570 4816 2854 4871 veritatem
2881 4815 2949 4869 ab
2974 4815 3242 4886 aliquibus
3265 4811 3447 4867 deten-

1851 4913 2065 4969 soribus
2091 4913 2322 4982 partium
2345 4910 2631 4967 conflictus
2652 4909 2966 4966 haberetur.
2997 4910 3101 4966 Sed
3133 4909 3449 4975 Donatistae,

1850 5021 2028 5063 causa:
2059 5020 2170 5060 suae
2200 5003 2386 5070 difﬁsi,
2419 5013 2472 5059 et
2492 5002 2802 5059 Catholicos
2837 5002 3126 5074 fugientes,
3171 5016 3448 5057 accessum

1847 5099 2224 5172 prohibebant,
2257 5098 2461 5154 aditum
2490 5097 2940 5162 intercludebant,
2968 5110 3287 5152 consessum
3317 5095 3452 5151 vita-

1848 5195 1998 5261 bant,
2052 5192 2379 5265 colloquium
2424 5192 2786 5264 denegabant.
2841 5190 3232 5247 Parmenianus
3268 5199 3445 5246 autem

1845 5304 2032 5346 eorum
2075 5289 2361 5360 episcOpus
2405 5302 2511 5343 non
2542 5296 2831 5344 contentus
2858 5287 3039 5351 dictis,
3079 5302 3200 5357 qua:
3238 5285 3289 5339 in
3323 5299 3450 5339 ven-

1847 5392 1932 5439 tos
1974 5381 2196 5448 abeunt,
2250 5379 2561 5437 Catholicos
2610 5380 2910 5443 incessere,
2956 5378 3119 5433 animi
3164 5376 3248 5431 sui
3288 5390 3446 5430 sensa

1850 5477 2067 5550 scriptis
2092 5477 2326 5547 aperuit.
2360 5475 2471 5531 Hac
2497 5475 2786 5531 occasione
2810 5481 3024 5541 arrepta
3055 5470 3282 5538 Optatus
3305 5470 3449 5524 veri-

1848 5581 1957 5627 tate
1987 5582 2236 5642 cogente,
2267 5570 2485 5637 scriptis
2511 5567 2627 5637 ejus
2659 5564 2989 5635 respondcre
3023 5577 3308 5634 aggressus
3339 5569 3445 5630 est,

1850 5677 1909 5722 ut
1936 5665 2039 5722 hac
2061 5666 2273 5721 ratione
2294 5672 2441 5721 esset
2460 5662 2603 5717 inter
2626 5661 2882 5715 absentes
2906 5655 3309 5730 quodammodo
3334 5656 3447 5710 col-

1848 5762 2312 5913 1³1ὲξὶιιιιιίιειιῑιιιιιιε
2332 5849 2426 5908 ille
2437 5848 2594 5921 cujus
2605 5860 2741 5921 opus
2753 5844 2951 5908 refellit
2970 5844 3448 5921 Optatustouttto
