3898 6320
379 248 485 305 76⁵5
1456 248 1512 306 8.
1554 246 1805 305 ΟΡΤΑΊΊ
1848 246 1918 306 Ol

2086 247 2133 305 Μ
2173 245 2704 305 PROLEGOMENA.
3537 249 3622 306 761

377 370 722 421 successerat
749 361 893 419 circa
920 376 1120 419 annum
1152 361 1281 429 550,
1309 361 1361 418 in
1384 359 1643 418 cathedra
1674 374 1836 431 quam
1864 359 1977 415 Ma-
2004 364 2058 425 Α
2083 360 2294 417 dixerat
2336 360 2406 416 de
2434 360 2728 417 traditione
2750 358 3175 429 Donatistarum,
3196 374 3333 432 quos
3354 369 3518 418 tamen
3544 364 3635 419 tra-

373 456 590 532 jorinus
638 455 901 513 adversus
950 455 1301 512 Cacilianum
1343 454 1655 525 Carthagini
1707 462 1981 511 erexerat.
2087 461 2230 510 trum
2260 454 2378 510 loco
2407 453 2593 510 haberi
2626 452 2864 521 volebat,
2894 453 3058 523 objici
3090 466 3267 523 posset
3291 455 3634 523 aDonatistis;

381 548 574 607 Afrum
617 563 726 605 non
768 549 935 605 fuisse
969 548 1388 606 Parmenianum
1436 534 1754 605 testimonio
1795 547 1984 618 Optati
2086 548 2351 618 siquidem
2382 548 2569 606 Patres
2594 548 2767 605 nostri
2809 548 3102 604 traditores
3128 558 3272 615 sunt,
3312 563 3405 604 cur
3428 564 3516 604 nos
3542 549 3639 606 fra-

381 652 719 712 compertum
750 650 853 705 cst,
887 642 979 712 qui
1020 642 1102 699 bis
1142 642 1295 698 illum
1337 642 1683 713 peregrinum
1722 642 1981 712 appellat,
2086 652 2199 700 tres
2227 644 2552 715 appellatis?
2598 658 2698 700 cur
2719 644 2785 699 ad
2813 645 3252 700 communionem
3281 652 3498 700 vestram
3522 644 3638 700 invi-

384 732 711 791 setnellibro
730 732 924 803 primo,
949 731 977 805 §
1004 733 1057 801 5,
1084 742 1139 788 et
1169 733 1309 789 libro
1344 733 1573 806 tertio,‘§
1593 734 1646 799 3,
1672 748 1736 788 ac
1757 743 1986 804 praeter-
2087 735 2252 793 tatis?
2283 736 2417 792 Huic
2446 735 2749 791 difﬁcultati
2775 736 3168 791 occurrendum
3197 750 3318 791 esse
3340 737 3528 805 putavit
3553 734 3645 806 0p-

384 843 447 885 ea
494 827 562 883 de
609 827 826 883 illorum
868 842 1099 885 numero
1130 827 1297 884 fuisse
1329 838 1559 883 testatur
1579 869 1592 892 ,
1625 844 1763 899 quos
1805 828 1984 883 Dona~
2092 838 2253 897 tatus,
2276 830 2605 900 exponendo
2629 838 2804 886 cur'et
2828 844 2998 900 quare
3019 828 3320 889 Donatistae
3344 828 3409 882 ad
3435 843 3649 884 commn-

384 922 525 977 tistae
554 921 955 977 circumeuntes
986 922 1153 976 maria
1182 932 1235 977 et
1267 934 1440 978 terras
1471 924 1801 995 proselytunt
1825 938 1984 978 suum
2090 926 2306 980 nionem
2330 939 2483 979 suam
2517 924 2792 989 invitaret,
2828 923 2956 979 licet
3002 921 3317 977 traditarum
3343 921 3495 987 ﬁlios,
3524 922 3647 992 quod

384 1014 676 1071 ellecerant
717 1024 770 1069 et
822 1014 1135 1091 Carthagini
1182 1014 1587 1071 ordinaverant.
1642 1015 1989 1073 Partneniani
2093 1018 2123 1091 ε
2155 1020 2210 1084 1,
2239 1018 2276 1075 2
2311 1028 2368 1074 et
2398 1019 2451 1079 δε
2493 1019 2778 1090 exequitur
2800 1059 2815 1085 ,
2859 1018 2948 1088 qui
2980 1015 3209 1088 proinde
3248 1016 3312 1071 ad
3347 1016 3529 1071 librum
3558 1017 3650 1087 prio

386 1122 522 1178 opus
552 1109 636 1165 cui
667 1107 961 1178 respondet
980 1107 1232 1178 Optatos,
1252 1108 1527 1164 diversum
1551 1117 1633 1164 est
1659 1108 1729 1165 ab
1754 1108 1989 1175 epistola
2092 1130 2237 1171 mum
2268 1114 2559 1183 pertinent.
2605 1112 2735 1183 Quae
2762 1113 2830 1168 de
2866 1113 3069 1169 muscis
3105 1111 3378 1167 morituris
3405 1126 3516 1182 quae
3542 1128 3652 1184 per-

391 1202 636 1273 ejusdem
667 1202 1013 1258 Parmenioni
1036 1201 1104 1258 ad
1126 1201 1448 1258 Tichonium
1482 1201 1838 1268 Donatistam.
1862 1216 1993 1257 con-
2092 1206 2227 1264 dunt
2248 1209 2564 1263 suavitatem
2600 1208 2881 1279 unguenti,
2912 1208 2965 1279 3
2994 1218 3047 1262 et
3068 1207 3136 1262 de
3150 1206 3341 1263 Jamne
3368 1217 3419 1261 et
3444 1206 3654 1264 Membro

390 1305 660 1367 traquam
693 1294 863 1367 libros
910 1305 1019 1351 tres
1048 1295 1372 1364 conscripsit
1402 1295 1756 1366 Augustinus.
1792 1294 1848 1350 In
1892 1295 1993 1351 hac
2096 1300 2348 1357 dicuntur
2377 1299 2405 1372 ξ
2439 1301 2472 1355 4
2496 1310 2552 1356 et
2575 1301 2631 1365 ὅ,
2665 1301 2731 1355 ad
2765 1300 2887 1356 libri
2914 1299 3137 1355 secundi
3177 1299 3357 1363 linem,
3388 1299 3470 1355 aut
3501 1300 3656 1370 potius

389 1389 828 1459 reprehendebat
849 1406 910 1445 ea
940 1406 1061 1461 qua:
1083 1389 1379 1447 Tichonius
1400 1389 1677 1444 Donatista
1707 1389 1777 1444 de
1805 1388 1992 1445 Eccle-
2096 1394 2163 1449 ad
2192 1403 2444 1464 quartum
2478 1394 2771 1464 pertinent,
2824 1393 2912 1447 ubi
2953 1393 3145 1448 similia
3178 1391 3408 1448 convitia
3434 1393 3659 1457 refellun~

394 1482 472 1537 sia
504 1483 803 1553 scripserat
832 1499 945 1538 suae
990 1495 1154 1540 secta:
1187 1482 1396 1552 placitis
1426 1482 1723 1538 contraria.
1767 1480 1838 1537 At
1865 1498 1997 1538 vero
2098 1496 2206 1544 tur.
2237 1487 2369 1557 Qum
2396 1502 2526 1543 vero
2555 1494 2857 1558 sequuntur
2883 1485 2951 1542 de
2974 1486 3208 1541 Macario
3233 1501 3354 1542 cum
3382 1485 3657 1555 praeceden-

389 1577 444 1633 in
493 1586 722 1631 tractatu
766 1577 884 1640 illo,
930 1593 1091 1646 quem
1123 1574 1324 1633 refutat
1370 1574 1622 1646 Optatos,
1669 1576 1996 1633 catholicam
2103 1581 2244 1636 tibus
2289 1595 2394 1634 non
2424 1581 2722 1645 cohaerent,
2754 1580 2848 1635 sed
2882 1579 3024 1634 haud
3060 1579 3223 1635 dubie
3269 1578 3658 1634 additamentum

403 1669 704 1725 Ecclesiam
740 1668 1176 1745 aggrediehatur.
1225 1668 1451 1724 Diversa
1500 1669 1782 1739 utriusque
1817 1669 2024 1752 operis‘
2103 1682 2229 1731 sunt
2259 1674 2322 1728 ad
2353 1674 2545 1728 librum
2575 1673 2814 1729 tertium.
2842 1672 2918 1728 lta
2949 1673 2999 1728 id
3026 1673 3173 1744 quod
3200 1673 3394 1728 dicitur
3421 1673 3545 1728 liber
3568 1672 3662 1744 Dp.

395 1762 613 1831 divisio,
647 1764 864 1820 diversa
911 1764 1218 1828 ntetbodus,
1271 1763 1548 1820 diversum
1580 1772 1995 1833 argumentum;
2028 1769 2077 1831 Β
2103 1768 2199 1823 tati
2239 1766 2523 1835 septimus,
2571 1765 2704 1821 nihil
2749 1766 2893 1822 aliud
2925 1776 3007 1821 est
3049 1781 3209 1835 quam
3250 1765 3444 1835 triplex
3487 1763 3663 1821 addita-

398 1871 725 1928 quamquam
751 1857 939 1915 eadem
964 1857 1252 1927 utrobique
1276 1856 1332 1912 in
1356 1855 1657 1912 Ecclesiam
1677 1856 1998 1913 catholicam
2102 1871 2343 1916 mentum
2370 1859 2435 1914 ad
2470 1871 2581 1917 tres
2609 1858 2794 1928 Optati
2826 1859 3017 1924 libros,
3049 1868 3211 1930 atque
3238 1858 3359 1915 ideo
3377 1875 3478 1914 non
3506 1859 3662 1928 plures

398 1950 631 2011 convitia
662 1952 993 2023 legerentur.
2104 1969 2262 2025 quam
2294 1968 2388 2011 sex
2417 1969 2604 2010 revera
2630 1952 2845 2010 fuerunt
2866 1963 2957 2009 aut
2982 1953 3335 2009 enumerandi
3364 1964 3499 2009 sunt.
3531 1952 3655 2009 Veri

479 2042 685 2099 Divisio
722 2044 892 2114 aperis
925 2043 1125 2113 Optati.
1181 2042 1367 2099 Utrum
1395 2043 1522 2100 liber
1549 2044 1797 2114 septimus
1825 2040 2006 2115 Optati
2103 2048 2284 2103 simile
2328 2047 2491 2123 estin
2545 2048 2814 2103 veteribus
2860 2046 3042 2117 Optati
3088 2046 3365 2103 codicibus
3401 2062 3528 2119 quos
3573 2060 3665 2116 pm

401 2137 657 2210 genuinus
694 2136 779 2190 sit.
824 2134 1076 2191 Rationes
1105 2134 1399 2193 dubitandi.
1453 2134 1592 2201 Quid
1628 2132 1693 2188 de
1735 2132 1829 2188 illo
1855 2132 2008 2208 judi-
2105 2140 2355 2196 manibus
2384 2139 2617 2195 habebat
2656 2139 3041 2211 Hieronymus,
3092 2139 3211 2196 lucc
3249 2141 3585 2195 additamenta
3612 2138 3666 2193 ad

402 2228 648 2284 cundum.
680 2259 751 2270 —
780 2228 979 2285 Totum
1010 2244 1148 2298 opus
1178 2244 1336 2285 suum
1379 2228 1432 2282 iu
1470 2225 1818 2283 Parmenlani
1864 2234 2005 2282 trac-
2107 2233 2272 2291 linem
2301 2233 2543 2303 apposita
2575 2233 2741 2289 fuisse
2771 2233 2890 2288 sine
2915 2233 3037 2288 libri
3066 2248 3137 2288 vn
3168 2233 3538 2299 inscriptione;
3563 2228 3668 2288 hinc

406 2329 575 2379 talum
610 2323 837 2392 partitur
862 2321 1091 2391 Optatos
1113 2322 1166 2376 in
1201 2336 1295 2377 sex
1324 2321 1494 2376 libros
1514 2362 1533 2388 ,
1581 2335 1813 2392 quorum
1840 2335 1945 2392 argi

2127 2328 2382 2394 illectum,
2411 2337 2469 2383 ut
2497 2343 2593 2383 sex
2628 2337 2836 2383 tantum
2868 2328 3128 2384 librorum
3155 2327 3334 2399 Optati
3369 2326 3666 2383 mentionem

409 2425 651 2483 mentum
683 2415 902 2489 refert§
934 2417 965 2471 7
1000 2416 1119 2471 libri
1160 2417 1339 2487 primi.
1369 2414 1641 2482 Totidem,
1668 2425 1724 2471 et
1754 2430 1858 2471 n0n
1884 2415 1948 2486 ph

2131 2421 2320 2479 'ecerit.
2368 2421 2609 2491 Denique
2641 2420 3023 2476 dissimilitudo
3061 2421 3189 2494 styli
3229 2436 3330 2492 qua
3358 2422 3508 2474 etiam
3546 2432 3670 2473 com-

406 2525 497 2569 res
523 2510 704 2582 Optati
748 2510 914 2567 libros
942 2520 1191 2568 recenset
1228 2510 1616 2583 Hieronymus.
1661 2510 1815 2566 Nunc
1844 2508 2011 2581 septi-
2112 2515 2387 2581 movebar,
2421 2514 2739 2569 occurrebat
2770 2514 3071 2584 pnesertim
3103 2514 3155 2568 in
3178 2512 3535 2569 additamenta
3560 2525 3668 2581 spu-

404 2621 530 2665 mus
545 2600 1096 2677 accessit‘qumnolim
1119 2605 1865 2676 postvirosdoctosspurium
1887 2618 2011 2660 esse
2110 2609 2196 2664 rio
2223 2608 2290 2665 de
2312 2608 2533 2664 levitate
2560 2607 2905 2675 traditionis;
2948 2624 3014 2664 ac
3043 2606 3264 2663 aliunde
3304 2605 3478 2677 Optati
3502 2604 3669 2676 styluut

409 2699 737 2764 existimavi,
782 2707 839 2754 et
866 2699 1090 2755 alterius
1116 2699 1420 2769 scriptoris.
1453 2697 1579 2754 Tria
1606 2713 1696 2754 me
1741 2698 2013 2768 praecipue
2114 2715 2219 2757 non
2244 2700 2465 2755 omnino
2494 2699 2753 2771 aequalem
2778 2714 2899 2754 esse
2932 2699 3240 2769 legentibus
3264 2697 3483 2769 patebit.
3513 2696 3580 2750 Ex
3601 2693 3671 2749 bis

411 2791 480 2847 ad
533 2791 585 2846 id
642 2791 974 2848 credendum
1026 2790 1337 2847 movebant.
1397 2791 1637 2847 Primum
1665 2833 1681 2857 ,
1728 2789 2010 2846 silentium
2114 2794 2241 2864 quid
2271 2792 2337 2848 de
2364 2791 2543 2862 Optati
2580 2792 2718 2848 libro
2739 2793 2972 2863 septimo
2997 2792 3067 2847 sit
3096 2792 3439 2849 sentiendum
3463 2788 3581 2847 satis
3602 2788 3670 2843 in;

412 2884 596 2959 Optati
640 2886 808 2957 ipsius
834 2894 890 2942 et
920 2884 1252 2958 Hieronymi.
1308 2885 1444 2942 Nam
1486 2885 1700 2943 etiamsi
1742 2885 2015 2941 diceretur
2116 2885 2396 2954 telligitur.

409 2982 667 3049 Optatum
691 2993 813 3033 cum
845 2979 1079 3048 primum
1106 2994 1203 3034 sex
1237 2989 1443 3035 tantum
1469 2978 1640 3034 libros
1663 2977 1904 3033 scribere
1930 2978 2014 3032 in-
2190 2978 2398 3035 Utilitas
2429 2977 2676 3032 librorum
2719 2976 2917 3048 Optati.
2960 3006 3031 3018 --
3089 2975 3300 3044 Quanta
3342 2975 3411 3031 sit
3452 2973 3675 3029 librorum

411 3075 697 3138 Stituisset,
726 3075 1017 3143 septimum
1044 3084 1226 3144 postea
1257 3074 1555 3143 adiecisse,
1587 3073 1656 3129 de
1682 3073 2014 3144 Hieronymo
2117 3073 2296 3144 Optati
2330 3073 2553 3135 utilitas,
2583 3072 2743 3128 docet
2762 3072 2944 3142 operis
2972 3083 3378 3144 argumentum.
3414 3069 3672 3126 Ecclesiam

417 3165 508 3222 vix
525 3164 674 3221 credi
699 3177 794 3221 aut
820 3165 926 3221 dici
960 3174 1141 3236 potest
1171 3166 1311 3234 quod
1339 3167 1383 3221 si
1408 3165 1569 3235 hujus
1600 3153 1843 3235 tempore
1873 3164 2014 3220 liber
2041 3169 2086 3234 C
2118 3169 2440 3225 catholicam
2497 3166 2759 3222 adversus
2808 3165 3082 3222 Sectarios
3130 3152 3332 3223 acriter
3376 3168 3673 3236 propugnat,

414 3261 677 3333 septimus
728 3261 907 3332 Optati
963 3260 1177 3318 caeteris
1223 3258 1418 3317 fuisset
1465 3275 1733 3326 annexus,
1768 3258 1911 3314 hunc
1948 3259 2017 3315 ab
2118 3261 2262 3333 quod
2293 3275 2463 3331 genus
2493 3261 2818 3327 scriptorum
2850 3258 3038 3326 quovis
3078 3268 3323 3328 tempore
3355 3255 3543 3328 pariter
3571 3253 3679 3308 utile

414 3354 533 3425 ipso
560 3354 614 3409 in
648 3353 905 3425 Catalogo
925 3370 1026 3409 suo
1054 3353 1481 3424 praetermissum
1512 3354 1599 3407 i-ri.
1645 3348 1895 3407 Secunda
1925 3365 2016 3406 ra-
2119 3365 2198 3410 cst
2233 3371 2246 3408 :
2272 3369 2372 3408 nec
2395 3352 2539 3407 enim
2588 3351 2656 3407 de
2700 3352 3091 3407 controversiis
3121 3350 3188 3406 ad
3237 3350 3525 3407 Ecclesium
3555 3360 3681 3418 spec-

416 3448 511 3513 tio,
545 3464 650 3521 qua
681 3449 953 3521 praecipue
979 3447 1277 3515 afficiehar,
1326 3449 1443 3504 haec
1467 3455 1605 3514 erat,
1646 3447 1789 3518 quod
1813 3448 2018 3503 crimen
2122 3449 2354 3504 tantibus
2389 3447 2528 3503 idem
2549 3448 2809 3518 judicium
2837 3446 3115 3502 ferendum
3139 3462 3204 3501 ac
3229 3447 3299 3502 de
3327 3447 3536 3516 privatis
3561 3443 3680 3497 circa

416 3540 723 3597 traditionis
772 3543 918 3612 quod
956 3542 1184 3613 Optatos
1218 3542 1357 3598 libro
1389 3542 1566 3612 primo
1595 3541 1889 3611 pessimum
1915 3556 2015 3593 vo-
2120 3544 2336 3613 aliquod
2365 3544 2559 3614 dogma
2585 3542 2825 3612 Specinle
2857 3541 3271 3612 quzestionibus.
3307 3540 3399 3596 Ha:
3419 3582 3434 3608 ,
3465 3535 3681 3609 quamdiu

414 3644 526 3701 cat,
582 3634 907 3691 idololatria:
951 3643 1252 3711 comparat,
1292 3651 1357 3691 ac
1395 3634 1594 3691 damno
1646 3643 1866 3690 κιαι-σιω
1898 3633 2020 3690 vim
2121 3639 2319 3694 durant
2345 3647 2546 3706 sectae,
2575 3624 2694 3709 que
2726 3637 2807 3692 vel
2829 3637 3022 3708 dogma
3072 3635 3347 3707 quoddam
3395 3631 3681 3689 catholicum

416 3728 763 3800 plectendum
789 3744 910 3784 esse
935 3728 1110 3794 docet,
1140 3729 1193 3783 iu
1219 3728 1493 3785 istolibro
1521 3727 1707 3784 multis
1730 3728 2017 3795 elevatur;
2112 3741 2463 3801 oppugnant,
2490 3731 2573 3786 vel
2623 3744 2865 3785 errorem
2912 3729 3143 3800 aliquem
3179 3728 3412 3795 docent,
3460 3724 3686 3795 vigenléi

417 3822 491 3878 ita
521 3832 577 3878 ut
615 3823 939 3893 conquisitis
966 3822 1206 3893 untdique
1243 3822 1545 3889 rationibus
1593 3837 1777 3892 parum
1808 3822 2019 3890 solidis,
2125 3825 2428 3890 agitantur;
2462 3823 2692 3879 sublatis
2746 3821 3050 3892 huiusmodi
3097 3821 3265 3876 seetis
3312 3814 3567 3874 oblivi'one
3604 3811 3684 3867 de-

300 3994 317 4007 .
418 3924 473 3970 et
502 3915 764 3986 exemplis
786 3914 853 3970 ad
886 3931 1001 3970 rem
1030 3914 1444 3986 haudquaquam
1476 3914 1820 3982 facientibus,
1852 3915 1904 3970 id
1937 3915 2021 3971 in-
2126 3915 2332 3980 lentur,
2368 3922 2422 3970 et
2474 3912 2669 3970 haeresi
2710 3915 2882 3970 semel
2912 3912 3186 3967 exstincta
3214 3954 3230 3976 ,
3267 3910 3409 3966 haud
3449 3917 3578 3964 tanta
3618 3911 3686 3960 est

419 4008 624 4078 tendat,
672 4008 723 4065 id
767 4009 1022 4066 moliatur
1061 4019 1253 4064 auctor
1282 4049 1297 4073 ,
1339 4020 1395 4064 ut
1430 4008 1722 4065 tradituros
1761 4023 2022 4065 excusen-
2126 4011 2387 4067 librorum
2442 4009 2533 4079 qui
2579 4007 2728 4062 illam
2773 3996 3429 4077 Oppugnarunt'utilitas.
3479 4001 3543 4057 At
3584 4008 3684 4053 cum

420 4113 506 4164 tur
526 4119 556 4158 a
582 4106 830 4160 crimine.
861 4104 1076 4170 Tertio,
1109 4104 1368 4159 nonnulla
1399 4102 1533 4159 mihi
1561 4102 1846 4159 videbatur
1884 4107 2027 4161 inter
2127 4119 2316 4159 omnes
2344 4103 2603 4166 haereses,
2633 4100 2812 4157 omnia
2837 4100 3128 4157 schismata
3172 4112 3460 4155 commune
3488 4095 3579 4150 hoc
3601 4091 3681 4146 Ita-

423 4197 568 4251 hunc
616 4196 819 4252 librum.
848 4205 906 4253 et
933 4198 1068 4253 alios
1101 4195 1231 4270 styli
1276 4197 1562 4253 diversitas
1592 4214 1714 4267 qua:
1753 4197 2025 4268 suspicio-
2131 4200 2315 4269 beant,
2343 4208 2401 4253 ut
2424 4198 2719 4253 Ecelesiam
2744 4211 2773 4251 a
2796 4211 2900 4266 qua
2930 4190 3687 4264 discesseruntaggredisntur.

426 4305 549 4348 nem
599 4291 920 4363 ingerebat,
971 4292 1137 4349 alium
1193 4291 1372 4364 patius
1421 4306 1545 4348 esse
1591 4291 1751 4363 hujus
1798 4293 2028 4363 scripto.
2133 4293 2337 4365 scripta
2362 4292 2560 4362 quibus
2583 4292 2850 4347 adversus
2875 4290 3086 4361 aliquos
3115 4298 3447 4361 prapugnata
3468 4292 3542 4341 est
3566 4291 3693 4349 aapto

425 4399 566 4441 ι’θηιο
2134 4389 2315 4444 valent
2362 4387 2649 4442 adversum
2697 4399 2922 4450 omnes;
2978 4385 3235 4439 omnibus
3284 4378 3544 4437 hzereticis
3578 4387 3689 4446 qua-

499 4477 628 4534 Haec
666 4487 785 4537 erat
821 4494 973 4536 mens
1000 4495 1118 4537 mea
1158 4478 1399 4535 nondum
1429 4479 1694 4537 consultis
1729 4478 1914 4550 Optati
1936 4492 2031 4535 co-
2133 4480 2442 4553 lescumque
2463 4481 2603 4546 sint,
2634 4480 3025 4544 adversantur,
3058 4486 3114 4534 et
3148 4476 3444 4533 Catholicis
3473 4468 3692 4544 quamdill

429 4570 639 4627 dicibus
668 4573 1071 4643 manuscriptis.
1097 4573 1165 4629 At
1199 4583 1480 4644 postquam
1506 4573 1750 4631 intellexi
1783 4572 1836 4629 id
1869 4585 2032 4630 omne
2058 4563 2110 4625 D
2137 4587 2296 4634 erunt
2344 4574 2587 4631 haeretici
2629 4581 2721 4629 aut
2745 4571 3078 4629 schismatici
3109 4585 3288 4642 aeque
3338 4568 3482 4625 utilia
3534 4574 3695 4621 cense-

428 4667 572 4739 quod
633 4667 702 4724 ad
755 4668 1081 4726 elevandum
1140 4671 1447 4730 traditionis
1489 4670 1701 4726 crimen
1760 4670 2028 4738 pertinet,
2137 4670 2357 4728 buntur.

430 4762 627 4819 abesse
666 4777 699 4817 a
745 4760 1023 4818 codicibus
1066 4767 1448 4838 manuscriptis
1492 4780 1631 4829 quos
1676 4761 1809 4819 mihi
1848 4762 2035 4820 videre
2218 4763 2355 4831 Quot
2382 4770 2648 4833 etquantc
2668 4758 2736 4813 ad
2759 4757 3050 4813 doctrinam
3071 4764 3121 4811 et
3141 4754 3467 4825 disciplinam
3493 4745 3699 4806 Ecclesia:

434 4858 682 4929 contigit,
733 4857 1067 4928 praecipuum
1105 4860 1328 4915 arietem
1354 4861 1446 4931 qui
1480 4859 1740 4916 adversus
1786 4858 1929 4915 hunc
1968 4858 2035 4914 li-
2145 4854 2451 4927 pertinentia
2475 4853 2831 4907 contineantur
2852 4851 2904 4904 in
2936 4849 3079 4903 libris
3108 4847 3386 4916 Optati.-
3405 4844 3506 4903 Sed
3534 4845 3700 4931 prater

437 4949 591 5005 brum
621 4950 886 5006 militabat
910 4963 1156 5021 ereptum
1187 4951 1319 5006 mihi
1346 4930 1468 5008 esse
1484 4953 1651 5008 sensi.
1684 4951 1888 5008 Deinde
1910 4966 2034 5006 cum
2145 4967 2206 5007 ea
2237 4965 2358 5021 qua:
2382 4947 2640 5003 Ecclesia:
2670 4945 3046 5001 defensionem
3076 4952 3133 4999 et
3159 4943 3554 4998 Donatistarum
3577 4930 3697 4991 schi-

437 5043 547 5098 vidi
578 5054 785 5115 partem
818 5044 978 5117 hujus
1006 5046 1127 5101 libri
1159 5047 1376 5116 septimi
1419 5048 1750 5118 adscriptam
1781 5046 1948 5102 fuisse
1968 5043 2037 5100 ad
2146 5059 2260 5101 sma
2290 5048 2566 5113 Spectant,
2597 5042 2686 5095 vix
2709 5040 2762 5094 in
2789 5038 3029 5110 antiquis
3060 5038 3429 5092 monumentis
3457 5028 3697 5089 ullumre—

440 5135 603 5191 linem
643 5135 765 5191 libri
792 5136 957 5205 tertii,
1000 5154 1122 5209 quze
1153 5138 1277 5194 licet
1302 5139 1370 5194 ad
1398 5153 1523 5194 eum
1551 5141 1816 5208 pertineat
1846 5139 1919 5194 ob
1943 5152 2035 5192 ar-
2146 5134 2314 5209 periri
2365 5142 2544 5205 potest
2587 5133 2716 5202 (non
2759 5130 2882 5186 dico
2934 5130 3175 5202 ejusdem
3209 5130 3370 5185 molis
3393 5170 3408 5193 ,
3451 5124 3537 5181 sed
3574 5122 3703 5188 longe

440 5228 682 5299 gumenti
728 5229 1163 5295 similitudinem,
1214 5231 1494 5303 ablegatur
1536 5241 1714 5288 tamen
1755 5233 1822 5286 ad
1868 5231 2040 5301 septi-
2149 5227 2417 5301 prolixius
2465 5222 2623 5297 opus)
2670 5221 2812 5292 quod
2843 5230 2922 5278 tot
2974 5231 3029 5278 et
3075 5232 3221 5276 tanta
3268 5220 3333 5276 ad
3364 5217 3640 5276 doctrinam
3660 5213 3705 5264 et

346 5392 347 5395 η
447 5338 593 5385 unum
635 5320 688 5378 in
726 5323 976 5377 omnibus
1009 5324 1413 5393 manuscriptis,
1458 5339 1516 5379 re
1546 5325 1802 5380 attentius
1838 5323 2044 5395 ponde-
2149 5320 2487 5389 disciplinam
2519 5315 2872 5371 christianum
2904 5314 3232 5386 pertinentia
3268 5321 3373 5367 tam
3398 5314 3572 5381 aperte
3595 5315 3704 5357 cou-

445 5424 585 5481 rata,
618 5415 670 5471 in
693 5431 812 5471 eam
842 5416 1152 5487 opinionem
1182 5416 1444 5472 adductus
1470 5432 1587 5471 sum
1606 5458 1623 5484 ,
1657 5394 1864 5485 partem
1895 5417 2041 5472 illam
2156 5414 2346 5470 tineat.
2379 5409 2715 5468 Christianos
2741 5421 2935 5463 omnes
2966 5422 3128 5462 unam
3159 5403 3511 5472 eamdemque
3532 5394 3702 5453 fidem.

447 5510 628 5578 operis
657 5509 859 5580 Optati,
891 5526 1012 5579 «tua:
1040 5510 1176 5566 liber
1216 5511 1479 5579 septimus
1521 5509 1741 5575 dicitur,
1785 5526 1889 5564 non
1926 5523 2049 5565 esse
2155 5521 2319 5562 unum
2350 5514 2405 5561 et
2435 5505 2575 5559 idem
2619 5502 2924 5575 symbolum
2971 5500 3173 5556 habere
3214 5505 3444 5587 teStatur
3476 5492 3705 5587 ΔΟριθιιξξο

450 5620 647 5661 revera
676 5605 873 5662 librum
898 5606 1212 5662 distinctum
1238 5624 1264 5659 a
1285 5606 1521 5669 cmteris,
1553 5604 1650 5660 sed
1672 5602 2041 5660 additamenta
2153 5599 2308 5670 cujus
2333 5597 2575 5653 haeretici
2604 5596 2913 5651 desertores
2937 5602 3082 5650 sunt.
3114 5588 3389 5661 Prmoipua
3422 5585 3535 5642 ﬁdei
3562 5584 3706 5678 Capita

456 5698 521 5754 ad
553 5702 812 5769 Quosdam
844 5701 1015 5760 libros
1053 5703 1121 5760 ah
1165 5704 1283 5776 ipso
1321 5702 1519 5774 Optato
1548 5697 1845 5770 composita
1884 5710 2051 5771 opere
2156 5694 2394 5753 breviter
2422 5732 2435 5755 ,
2469 5688 2707 5747 dilucide
2732 5729 2747 5756 ,
2776 5702 2856 5771 .ac
2897 5686 3199 5744 orthodoxe
3238 5678 3706 5776 omninogexpotllh

456 5766 581 5882 iatn
602 5794 868 5857 confecto.
901 5799 970 5883 tit
991 5766 1208 5877 quidem
1229 5815 1357 5866 cum
1372 5766 1447 5861 ad
1470 5811 1535 5858 ea
1563 5766 1689 5873 quae
1707 5793 1885 5871 primo
1912 5766 2054 5857 libro
2164 5786 2416 5861 Ostendit
2438 5800 2610 5864 ,unatu
2641 5766 3048 5851 esse'sanctatn
3091 5778 3420 5847 catholicam
3451 5766 3710 5837 Ecclesiae!
