3898 6320
260 282 359 341 ῖιὶὕ

1556 283 1761 343 ΡΒῶΓ
1770 282 1928 340 ATIO
1968 282 2236 343 DL‘PINII.

3447 287 3550 344 766

257 413 352 469 per
376 406 549 454 totum
591 400 777 456 urbem
808 408 1074 458 terrarum
1105 400 1380 469 diﬁ‘usam,
1410 419 1513 461 nec
1537 403 1701 458 aliam
1731 415 1853 459 esse
1879 411 1935 474 Α
1960 401 2100 457 tistat
2128 411 2400 473 tamquam
2427 413 2697 479 martyres
2723 405 2781 480 4
2809 405 3065 463 colebant
3109 406 3350 478 loquitur
3413 407 3555 463 libro

260 502 440 559 posse.
472 504 569 546 aut
594 507 716 548 eam
745 495 990 565 angustis
1028 495 1266 567 regionis
1315 496 1544 566 alicujus
1593 494 1857 551 limitibus

257 581 653 639 circumscribi.
697 582 846 641 Hanc
873 594 1127 643 constare
1171 603 1235 642 ex
1280 588 1586 658 episcOpis.
1630 586 1858 658 presby-

264 673 419 742 teris,
444 674 713 743 diaconis,
743 688 798 734 et
819 677 1060 736 ﬁdelium
1085 681 1260 737 turba.
1293 682 1586 752 Episcopos
1610 682 1661 735 in
1686 681 1860 751 primo

261 771 604 839 sacerdotio,
634 774 984 846 presbyteros
1016 776 1068 830 in
1100 774 1342 831 secundo
1366 816 1382 841 ,
1417 784 1473 831 et
1502 774 1775 831 Diaconos
1803 773 1859 829 in

258 863 423 920 tertio
450 865 773 921 constitutos
821 865 1093 933 afﬁrmat;
1151 883 1259 935 quo
1296 869 1430 923 satis
1469 867 1709 923 ostendit
1749 866 1862 936 epi-

256 971 459 1028 seOpos
488 957 730 1014 eminere
748 974 914 1029 super
935 960 1308 1032 presbyteros,
1337 975 1445 1015 non
1476 975 1634 1016 secus
1652 959 1862 1015 acemi-

258 1061 400 1108 nent
428 1050 733 1125 presbyteri
752 1069 914 1123 supra
933 1053 1213 1110 diaconos.
1240 1054 1534 1111 ltomanam
1559 1053 1861 1109 Ecclesiant

257 1154 583 1202 exterarum
608 1156 859 1216 matrem,
886 1154 942 1203 et
967 1149 1187 1204 unitatis
1209 1157 1485 1214 centrum,
1521 1157 1740 1219 propter
1764 1148 1864 1203 Pe-

260 1249 429 1307 trum,
462 1241 553 1312 qui
593 1250 755 1310 caput
782 1243 1151 1312 apostolorum
1199 1242 1331 1311 fuit,
1382 1243 1647 1315 agnoscit.
1693 1241 1864 1299 Docet

260 1331 540 1390 hominem
572 1343 763 1405 suapte
790 1345 979 1390 natura
1010 1335 1285 1392 inﬁrmum
1325 1351 1447 1392 esse
1475 1344 1532 1391 et
1576 1335 1863 1403 imperfec-

259 1437 416 1490 tum,
448 1429 730 1499 gratiaque
779 1428 874 1484 Dei
904 1430 1150 1501 indigere
1197 1442 1254 1484 ut
1302 1429 1577 1502 perfectus
1622 1426 1858 1484 evadat:

258 1518 421 1575 nobis
447 1520 700 1587 omnibus
730 1533 1010 1592 peccatum
1042 1539 1163 1578 esse
1199 1524 1441 1578 innatum
1463 1564 1480 1587 ,
1505 1538 1571 1577 ac
1594 1522 1864 1591 baptisma

256 1613 631 1667 neceSsarium
650 1623 705 1667 ut
727 1611 845 1684 ejus
876 1612 1257 1669 remissionem
1285 1610 1534 1669 obtinere
1557 1612 1859 1668 valeamus.

262 1723 280 1758 ι
318 1703 684 1761 Nihilominus
707 1714 884 1762 tamen
906 1705 1157 1771 hominis,
1181 1724 1200 1757 ι
1219 1706 1311 1772 ait,
1332 1724 1350 1758 ι
1370 1704 1645 1776 essequod
1658 1705 1862 1760 bonum

1960 495 2143 552 tertio.
2207 496 2372 554 Verbi
2428 499 2604 556 divini
2655 501 3095 573 praedicationem
3144 512 3343 557 munus
3390 500 3558 557 fuisse

1958 591 2336 661 episcoporum
2363 596 2640 665 proprium
2683 595 2920 664 indicat,
2971 596 3223 667 huncque
3253 596 3555 652 solemnem

1960 682 2130 740 fuisse
2151 700 2394 749 morem.
2435 699 2494 742 ut
2531 697 2796 745 tractatus
2820 688 3001 745 omnis
3029 692 3082 745 in
3111 688 3351 746 Ecclesia
3384 702 3416 744 a
3453 701 3556 745 no-

1961 778 2109 834 mine
2139 778 2234 833 Dei
2281 779 2650 848 inciperetur,
2701 792 2753 837 et
2800 792 2859 836 ut
2899 781 3145 853 ejusdem
3191 782 3286 837 Dei
3340 780 3560 837 nomine

1962 870 2365 927 terminaretur.
2402 873 2742 930 Pmnitentim
2770 875 2999 945 publica:
3022 876 3197 932 sentel
3220 876 3467 931 addictos
3493 875 3559 932 ad

1963 965 2186 1021 ordines
2213 970 2523 1035 promoveri
2561 972 2787 1024 vetitum
2832 968 3002 1026 fuisse
3048 985 3116 1026 ex
3160 970 3415 1041 Pnrpurii
3464 970 3556 1025 Li-

1964 1059 2230 1115 mateusis
2258 1060 2411 1117 dicto
2437 1063 2584 1133 quod
2620 1064 2691 1119 ab
2728 1065 2846 1134 ipso
2877 1064 3115 1121 refertur
3142 1062 3181 1120 l.
3214 1082 3269 1132 ι,
3302 1065 3561 1135 colligere

1961 1162 2045 1210 cst
2078 1171 2092 1209 :
2128 1152 2295 1211 Eunt
2323 1155 2423 1211 huc
2449 1160 2599 1226 quasi
2634 1159 2935 1231 imponatur
2957 1160 3038 1215 illi
3072 1176 3254 1215 manus
3283 1162 3337 1215 in
3361 1163 3562 1231 cpisset-

1966 1259 2090 1320 ρειαί
2121 1261 2169 1306 ει
2194 1264 2463 1322 quassemr
2480 1252 2562 1307 illi
2591 1263 2747 1322 caput
2778 1253 2841 1308 de
2870 1254 3187 1327 poenitentia.
3214 1254 3367 1312 Unde
3395 1256 3558 1310 etiam

1964 1340 2194 1397 infertur
2234 1345 2633 1400 ordinationem
2681 1347 3044 1417 episcopalem
3095 1350 3283 1402 ma‘nns
3336 1344 3561 1416 imposi-

1966 1436 2114 1491 tione
2142 1438 2353 1508 perﬁci.
2392 1438 2550 1506 Quod
2580 1455 2712 1496 vero
2741 1442 2817 1496 ait
2845 1441 3168 1497 Creilianus
3212 1442 3414 1498 ibidem
3441 1485 3456 1510 ,
3507 1452 3565 1499 ut

1966 1529 2010 1584 si
2043 1529 2181 1584 nihil
2209 1528 2361 1586 Felix
2393 1532 2446 1586 in
2477 1547 2537 1587 se
2575 1533 2898 1589 contulisset
2929 1544 3204 1604 tamquam
3234 1534 3410 1589 adhuc
3432 1534 3562 1590 Dis-

1965 1636 2138 1677 couus
2171 1624 2550 1692 ordinaretur,
2580 1626 2877 1697 suspicioni
2908 1628 3083 1684 locum
3114 1628 3246 1694 dat,
3275 1628 3563 1684 diaconum

1966 1715 2281 1787 episcopum
2328 1726 2456 1773 tunc
2499 1720 2762 1789 temporis
2799 1719 3107 1775 ordinatum
3152 1720 3319 1777 fuisse
3358 1720 3565 1792 absque

252 1804 344 1851 θαι
369 1798 509 1853 Velle
530 1835 549 1863 9
578 1804 633 1853 ει
660 1794 714 1851 in
741 1812 809 1853 εο
833 1798 973 1868 (1⁸⁸οά
997 1798 1229 1853 vomeri"
1258 1812 1505 1863 curreret
1532 1812 1860 1869 (l‘lam‘lumn
1893 1805 1939 1866 Β
1968 1810 2166 1878 praevia
2196 1825 2388 1865 manus
2411 1812 2765 1881 intpositioue
2782 1813 2835 1868 in
2863 1815 3264 1888 presbyterum.
3306 1815 3564 1871 Basilicas

254 1890 357 1960 ipsi
390 1889 576 1944 datum
607 1905 712 1944 non
740 1890 813 1946 sit
837 1890 1129 1961 perﬁcere,
1163 1898 1220 1945 ut
1249 1899 1367 1961 post
1403 1892 1576 1963 spatia
1615 1905 1733 1960 qutc
1761 1889 1858 1946 de-

250 1981 347 2039 bet
376 1981 543 2037 itomo
572 1982 835 2051 implere,
878 1990 1047 2038 restet
1092 1982 1295 2046 aliquid
1331 1984 1439 2040 Deo
1488 1993 1547 2038 ut
1589 1982 1861 2040 deﬁcienti

250 2084 563 2131 succurrat.
594 2092 612 2126 ι
649 2075 852 2143 Quibus
884 2075 1096 2130 videtur
1126 2076 1289 2147 paulo
1307 2076 1427 2146 plus
1454 2075 1664 2132 arbitrii
1691 2074 1862 2131 nostri

249 2163 469 2221 viribus
499 2166 737 2222 tribuere
760 2179 927 2238 quam
942 2177 1151 2237 parest.
1177 2186 1197 2220 t
1217 2166 1496 2222 Neminem
1528 2167 1800 2224 hominem
1830 2184 1861 2223 a

253 2268 484 2328 peccato
530 2273 624 2329 per
651 2258 789 2314 hanc
823 2261 988 2315 vitam
1017 2258 1314 2316 immunem
1360 2275 1482 2316 esse
1503 2300 1521 2328 ,
1554 2275 1863 2317 sacramen-

253 2358 374 2405 tum
405 2348 658 2422 baptismi
709 2353 762 2407 itt
813 2355 1034 2409 nomine
1066 2353 1348 2410 Trinitatis
1378 2356 1546 2411 semel
1606 2355 1860 2410 collatum

249 2440 442 2498 iterari
472 2459 579 2499 non
605 2443 825 2514 debere,
856 2464 879 2499 ι
903 2448 997 2501 ait.
1025 2446 1245 2501 Videtur
1273 2459 1452 2503 tamen
1482 2464 1578 2519 pro
1603 2464 1861 2520 persuaso

252 2536 467 2593 habere
488 2553 675 2619 eorum
703 2540 793 2613 qui
824 2539 964 2612 apud
994 2539 1280 2608 hzcreticos
1304 2542 1683 2614 baptizatttur,
1716 2544 1863 2597 lava-

252 2622 413 2687 crum
444 2648 550 2688 non
580 2648 701 2690 eSSe
730 2644 937 2699 ratum,
986 2634 1132 2700 quod
1180 2635 1342 2693 ﬁdetu
1396 2637 1450 2692 itt
1493 2638 1745 2694 ministro
1777 2652 1864 2694 re-

249 2728 475 2801 quirat,
524 2728 620 2793 sed
647 2729 768 2800 quia
798 2728 962 2785 ﬁdem
1013 2731 1065 2787 in
1111 2733 1445 2803 suscipiente
1493 2734 1860 2790 necessariam

249 2820 531 2893 supponit,
583 2832 640 2877 ut
672 2821 856 2880 videre
885 2818 973 2879 est
1001 2825 1137 2881 libro
1159 2827 1194 2883 5
1219 2867 1234 2893 ,
1267 2825 1295 2897 §
1342 2827 1409 2894 8;
1441 2836 1495 2883 at
1522 2826 1592 2883 de
1620 2828 1689 2883 iis
1711 2829 1804 2900 qui
1830 2846 1860 2883 a

250 2914 620 2973 schismaticis
642 2924 734 2972 aut
756 2918 909 2973 malis
934 2919 1195 2975 ministris
1215 2920 1470 2991 buptizati
1502 2922 1706 2977 suntin
1731 2922 1860 2991 ﬁde,

250 3024 366 3063 non
398 3007 613 3064 dubitat
652 3009 780 3080 quin
814 3020 987 3067 ratum
1018 3010 1204 3068 haberi
1244 3011 1444 3071 debeat
1489 3028 1677 3070 eorum
1721 3013 1863 3084 bap-

251 3104 444 3161 tisma.
495 3104 722 3163 Joannis
755 3108 1022 3176 baptismo
1056 3109 1227 3165 semel
1257 3114 1453 3164 tinctos
1481 3122 1608 3166 ante
1640 3109 1860 3167 institu-

253 3199 466 3256 tionem
497 3198 744 3270 baptismi
774 3199 975 3257 Cbristi
1004 3202 1195 3258 iterum
1238 3201 1379 3258 lotos
1410 3218 1515 3258 non
1556 3217 1679 3259 esse
1709 3204 1858 3258 arbi-
1885 3193 1930 3255 C

253 3301 454 3353 tratur.
515 3292 891 3348 Exoreismum
955 3302 1015 3348 ut
1059 3296 1219 3349 ritum
1277 3294 1551 3364 baptismo
1600 3295 1859 3364 praevium

252 3385 629 3443 commendat.
652 3386 902 3445 Meminit
931 3386 1244 3443 chrismatis
1289 3398 1562 3464 tamquam
1594 3387 1672 3442 rei
1705 3402 1856 3442 sanc-

253 3493 359 3550 t;e,
395 3498 501 3539 nec
526 3498 634 3538 non
659 3494 713 3538 et
743 3482 1015 3539 unctionis
1037 3500 1154 3552 quae
1185 3482 1240 3538 in
1272 3482 1597 3554 baptismate
1625 3482 1740 3538 ﬁeri
1770 3498 1862 3539 so-

252 3577 428 3633 lebat.
471 3574 668 3631 Verbis
714 3576 851 3631 adeo
880 3577 1178 3649 perspicuis
1206 3592 1363 3632 suam
1404 3584 1638 3631 mentem
1688 3577 1863 3646 aperit

252 3671 408 3725 circa
439 3669 643 3724 realem
690 3667 946 3739 Corporis
994 3678 1047 3724 et
1089 3670 1380 3739 Sanguinis
1425 3669 1626 3725 Christi
1667 3670 1723 3725 in
1754 3669 1862 3724 Eu-

253 3762 521 3820 charistia
553 3763 919 3833 prtesentiam,
944 3771 999 3817 et
1026 3761 1171 3819 circa
1194 3762 1568 3819 adorationem
1592 3778 1711 3833 qua:
1736 3762 1862 3819 huic

254 3862 527 3927 debetur,
579 3869 638 3915 ut
668 3858 800 3915 nihil
848 3858 1158 3930 expressius
1205 3859 1382 3930 Optari
1435 3869 1619 3928 queat.
1665 3858 1862 3914 Multas

254 3958 521 4013 observat
568 3954 924 4012 caeremonias
958 3953 1296 4025 pertinentes
1340 3950 1408 4009 ad
1436 3950 1860 4009 celebrationem

255 4048 621 4107 Eucharistite
648 4062 809 4118 quam
840 4045 1096 4102 sacriﬁcii
1146 4046 1364 4101 nomine
1410 4043 1650 4115 insignit.
1686 4044 1762 4099 Ex
1793 4043 1862 4099 iis

254 4158 382 4214 quae
413 4142 578 4207 dicit,
617 4149 763 4210 patet
790 4139 932 4195 illius
975 4149 1223 4210 tempore
1265 4137 1592 4194 sacriﬁcium
1625 4152 1723 4208 pro
1752 4144 1859 4195 tota

255 4236 509 4307 Ecclesia
537 4234 782 4313 oblatum
805 4233 1011 4300 fuisse;
1034 4232 1176 4291 ineo
1193 4230 1530 4287 Dominicam
1556 4234 1859 4289 orationem

254 4330 487 4387 recitari
536 4326 924 4384 consuerisse;
977 4339 1132 4382 sacra
1175 4324 1453 4381 celebrata
1497 4339 1662 4395 super
1702 4324 1860 4380 altari

254 4423 449 4495 ligneo
472 4429 668 4476 ornato
694 4430 750 4477 et
768 4419 837 4475 ad
860 4419 1124 4489 majorem
1150 4420 1513 4475 reverentiam
1538 4419 1706 4475 linteo
1733 4434 1860 4477 coo-

254 4527 458 4588 perto;
506 4513 705 4571 calices
748 4526 941 4568 aureos
981 4522 1038 4568 et
1087 4520 1410 4581 argenteos,
1452 4520 1509 4568 et
1536 4521 1859 4569 ornamenta

1964 1901 2397 1959 Christianorum
2441 1904 2752 1976 complures
2792 1905 2957 1962 fuisse
2993 1914 3331 1978 compertum
3371 1915 3455 1964 est
3494 1922 3563 1963 ex

1962 1995 2154 2051 eodem
2183 1995 2380 2067 Optato
2416 2018 2429 2053 :
2462 2002 2572 2055 imo
2617 2000 2976 2072 quadraginta
3007 2011 3063 2058 et
3099 2003 3334 2075 amplius
3374 2003 3563 2058 Romae

1956 2090 2070 2160 jam
2103 2102 2214 2147 tum
2248 2092 2418 2149 fuisse
2444 2110 2565 2149 cum
2597 2093 2778 2150 Victor
2803 2111 2833 2150 a
2868 2096 3166 2151 Donatistis
3198 2098 3330 2152 illuc
3357 2098 3557 2154 missus

1961 2191 2048 2237 est
2075 2184 2385 2254 episcenos,
2406 2188 2558 2242 testis
2583 2197 2668 2243 est
2696 2186 2834 2243 libro
2859 2189 3053 2257 primo,
3079 2189 3107 2262 ς
3136 2189 3187 2243 4.
3216 2190 3340 2244 Haec
3360 2197 3415 2244 et
3442 2190 3546 2244 alia

1966 2277 2272 2348 hujusmudi
2314 2281 2483 2335 multa
2532 2280 2700 2337 libros
2722 2282 2904 2352 Optati
2956 2293 3213 2339 accurate
3258 2282 3564 2354 legentibus

1962 2371 2251 2428 observate
2273 2373 2596 2444 dignissima
2624 2383 2942 2431 occurrent.

2035 2463 2115 2520 De
2141 2468 2275 2538 style
2306 2466 2506 2537 Optati.
2540 2494 2612 2509 --
2638 2468 2793 2535 Quod
2826 2469 2892 2524 ad
2923 2467 3124 2541 stylum
3156 2469 3273 2539 ejus
3301 2467 3561 2539 pertinet,

1963 2559 2285 2629 magniﬁcus
2309 2569 2397 2615 est
2413 2600 2428 2625 ,
2459 2561 2759 2617 vehemens
2783 2570 2838 2616 et
2863 2574 3090 2634 pressus
3108 2603 3123 2629 ,
3157 2559 3252 2616 sed
3278 2560 3460 2615 minus
3483 2559 3567 2615 ni-

1966 2651 2111 2707 tidus
2138 2666 2202 2707 ac
2232 2653 2453 2722 politus.
2475 2654 2625 2721 Quos
2649 2664 2923 2723 expugnat
2940 2692 2954 2716 .
2983 2653 3185 2709 acriter
3209 2662 3397 2723 urget;
3430 2664 3568 2721 quos

1964 2754 2151 2801 narrat
2170 2756 2418 2812 eventus,
2452 2745 2627 2801 oculis
2650 2746 2806 2818 quasi
2834 2745 3091 2818 subjicit;
3134 2760 3255 2816 qu
3288 2745 3407 2799 loca
3438 2759 3564 2814 pro-

1962 2837 2100 2905 fert,
2146 2839 2428 2910 ingeniose
2458 2839 2731 2909 explicat;
2761 2839 3118 2895 subtilissime
3160 2848 3216 2894 et
3249 2837 3566 2893 acutissime

1963 2942 2200 2987 mentem
2243 2947 2395 2987 suam
2426 2931 2718 3003 exprimit,
2761 2941 2818 2987 et
2844 2931 3023 2986 verbis
3067 2945 3132 2986 ac
3187 2930 3559 2986 locationibus

1962 3026 2132 3080 utitur
2157 3024 2223 3080 ad
2247 3039 2311 3079 ea
2340 3040 2460 3091 quae
2490 3039 2745 3096 promere
2764 3024 2879 3080 vult
2902 3022 3315 3095 signiﬁcandum
3338 3021 3560 3093 aptissie

1966 3121 2088 3176 mis.
2120 3119 2474 3176 Narrationes
2506 3121 2727 3175 festivas
2765 3130 2931 3188 atque
2967 3119 3238 3190 jucundas
3289 3118 3563 3184 instituit,

1963 3229 2190 3285 quarum
2221 3216 2528 3286 exetnplum
2554 3216 2597 3270 si
2625 3214 2748 3287 quis
2775 3214 2977 3270 habere
3001 3214 3150 3277 Velit,
3180 3213 3321 3283 legat
3346 3212 3563 3268 deseris

1964 3307 2202 3377 ptionem
2245 3308 2497 3378 ancupii,
2539 3322 2660 3379 qna:
2706 3307 2903 3362 librum
2931 3316 3142 3362 sextum
3179 3304 3421 3371 claudit,
3452 3316 3560 3376 qua

1962 3401 2099 3457 nihil
2138 3402 2451 3474 elegantius
2496 3412 2587 3457 aut
2644 3402 2966 3457 concinnius
3010 3399 3306 3471 excogitari
3362 3407 3561 3471 potest.

1962 3494 2082 3551 Uno
2114 3495 2279 3551 verbo
2309 3496 2452 3567 quod
2488 3504 2678 3550 auctor
2709 3494 2874 3565 hujus
2910 3496 3092 3564 operis
3134 3507 3345 3564 magum
3382 3492 3567 3547 eradi-

1964 3588 2127 3643 tionis
2155 3602 2209 3643 et
2236 3589 2558 3644 excellentis
2607 3588 2808 3659 ingenii
2841 3587 2998 3644 fuerit
3020 3629 3036 3656 ,
3076 3601 3239 3643 nemo
3267 3600 3450 3643 rerum
3492 3589 3565 3642 is~

1958 3692 2141 3741 tarum
2177 3682 2386 3753 peritus
2413 3681 2760 3738 ittﬁeiztbitur.

2038 3777 2115 3833 De
2143 3777 2423 3848 allegorica
2454 3777 2774 3850 ρτωροσὶιὶοιιε
2803 3775 3096 3848 Scriptura
3133 3790 3289 3847 quam
3332 3776 3563 3847 sequitur

1967 3869 2210 3941 Optatos.
2238 3901 2311 3914 —--
2341 3872 2516 3929 Unum
2542 3880 2631 3927 est
2650 3872 2796 3941 quod
2825 3872 2879 3926 in
2905 3884 2975 3926 eo
2996 3869 3321 3941 reprehendi
3355 3877 3574 3941 posset,

1965 3964 2291 4036 allegoricus
2323 3965 2417 4020 ille
2446 3979 2643 4021 sensus
2684 3964 2982 4031 secundum
3014 3978 3174 4033 quem
3202 3963 3430 4033 plurima
3476 3976 3567 4015 sa-

1963 4072 2178 4113 crarum
2204 4057 2529 4114 Litterarum
2562 4056 2867 4112 testitnonia
2908 4054 3159 4126 exponit.
3196 4052 3392 4108 Vitium
3428 4053 3562 4108 illud

1963 4150 2110 4221 quod
2150 4150 2203 4206 in
2244 4149 2633 4206 concionatore
2674 4146 2960 4203 ferendum
3006 4156 3181 4210 esset,
3227 4148 3318 4200 vix
3361 4144 3566 4201 condo-

1964 4242 2201 4300 nandum
2241 4242 2458 4298 videtur
2492 4238 2699 4297 auctori
2749 4240 3016 4313 polentico
3056 4238 3333 4309 religionis
3379 4244 3564 4309 partes

1964 4338 2224 4394 adversus
2261 4330 2550 4392 hatreticos
2587 4335 2803 4407 agenti,
2842 4332 3039 4406 quibus
3086 4332 3141 4386 in
3176 4329 3566 4388 controversiis

1966 4433 2121 4497 ﬁrma
2146 4441 2200 4486 et
2232 4429 2536 4487 indubitata
2560 4439 2773 4500 oportet
2798 4443 2923 4484 esse
2950 4433 3291 4497 argumenta.
3324 4423 3430 4481 Sed
3456 4424 3565 4495 094-
3650 4476 3663 4497 ,

1966 4536 2079 4583 tato
2102 4540 2193 4583 res
2215 4535 2479 4581 eratcum
2503 4524 2834 4581 adversariis
2859 4524 2947 4594 qui
2973 4523 3165 4578 eadem
3198 4522 3408 4576 ratione
3432 4532 3563 4591 egeo

253 4610 506 4668 adhibita
531 4608 720 4664 fuisse.
759 4606 1062 4663 Ecclesium
1102 4606 1180 4662 ait
1208 4621 1338 4661 suos
1382 4604 1582 4662 habere
1606 4603 1856 4676 judices,

1970 4624 2124 4691 bent,
2152 4632 2209 4678 et
2245 4622 2541 4693 Scriptum
2583 4619 2911 4676 testimoniis
2940 4618 3334 4682 abolebantur,
3367 4624 3428 4669 ut
3456 4614 3561 4669 Ec-
3640 4646 3669 4681 φ

254 4703 427 4776 plecti
449 4701 682 4759 crimina
707 4740 723 4768 ,
756 4709 810 4756 et
836 4698 1172 4771 poenitentiae
1203 4698 1395 4769 subjici
1436 4712 1531 4754 eos
1558 4698 1653 4770 qui
1676 4700 1858 4769 gravia

257 4807 489 4869 peccata
521 4796 810 4853 admisisse
836 4810 895 4852 se
922 4796 1282 4859 conlitenlur,
1313 4805 1408 4848 attt
1434 4809 1623 4850 eorum
1654 4795 1729 4850 rei
1761 4810 1861 4865 pe-

256 4898 549 4961 raguntur.
587 4887 961 4956 Virginitatem
1005 4886 1220 4952 laudat,
1253 4886 1349 4942 sed
1381 4886 1450 4942 ad
1476 4874 1595 4942 eam
1627 4901 1860 4943 servan-

256 4982 388 5037 dam
420 4997 534 5038 non
562 4979 1009 5044 vulttcnerimisi
1040 4994 1134 5035 eos
1163 4982 1253 5050 qui
1273 4986 1534 5036 votosese
1555 4964 1864 5036 obstrinxe-

254 5074 377 5130 rint
422 5091 435 5127 :
494 5071 729 5128 advertit
774 5079 933 5127 aztate
964 5086 1059 5127 sua
1088 5070 1330 5142 virgines
1355 5087 1475 5139 qua:
1505 5087 1565 5127 se
1588 5072 1700 5129 Deo
1729 5087 1862 5129 cen-

255 5166 589 5233 secrabant,
621 5172 803 5221 votum
832 5163 964 5221 illud
1006 5164 1323 5222 solemuiter
1352 5178 1729 5237 nuncupasse,
1771 5181 1864 5227 ea-

255 5276 499 5331 rumque
542 5259 708 5330 capiti
739 5258 972 5315 mitellas
999 5257 1285 5328 impositas
1334 5258 1500 5315 fuisse
1522 5299 1538 5325 ,
1562 5258 1708 5331 quod
1755 5261 1863 5318 voti

254 5354 330 5410 ab
383 5353 517 5424 ipsis
545 5352 733 5407 emissi
789 5350 1046 5406 indicium
1072 5360 1211 5406 erat.
1256 5352 1469 5420 Quanta
1515 5356 1863 5412 veneratione

256 5446 382 5502 suis
401 5444 740 5516 temporibus
768 5441 1099 5500 Sanctorum
1130 5444 1373 5515 reliquie:
1397 5446 1744 5515 colerentur,
1775 5465 1865 5505 sa-

260 5541 334 5595 tis
360 5546 596 5594 testatur
622 5553 747 5593 cum
791 5537 859 5591 de
901 5538 1107 5593 tumulo
1136 5538 1418 5593 beatorum
1448 5538 1594 5594 Petri
1623 5551 1680 5595 et
1705 5540 1862 5600 Pauli
1920 5572 1929 5578 ν

258 5632 432 5689 verba
479 5630 639 5698 facit,
698 5630 827 5689 dum
882 5631 1101 5688 Lucilhe
1162 5630 1362 5689 factum
1433 5634 1705 5706 improbat
1742 5653 1865 5711 qua:

260 5724 738 5802 pseudomartyris
777 5736 871 5782 aut
910 5727 1111 5784 saltem
1141 5727 1381 5785 nondum
1434 5730 1686 5790 vindicati
1720 5749 1862 5792 mar.

260 5820 410 5905 tyrio
439 5836 501 5883 os
531 5820 703 5883 libare
733 5820 1041 5895 dicebatur,
1087 5830 1144 5884 et
1180 5837 1303 5889 cum
1328 5822 1398 5885 de
1426 5824 1496 5891 iis
1521 5842 1658 5903 quos
1678 5829 1863 5899 Dona.

1963 4714 2184 4776 clesiam
2207 4717 2671 4772 calumniarentur
2685 4725 2741 4771 et
2761 4723 2966 4769 sectam
2989 4727 3142 4769 suam
3163 4711 3561 4768 collaudarent.

1968 4812 2152 4869 Videri
2177 4821 2406 4883 possunt
2430 4810 2741 4867 testimonia
2763 4824 2792 4862 a
2819 4807 3181 4863 Partnenlano
3206 4808 3257 4861 in
3280 4806 3384 4859 huc
3399 4814 3567 4873 opere

1965 4904 2183 4961 laudata
2209 4944 2223 4971 ,
2256 4919 2379 4974 qum
2439 4903 2493 4957 in
2545 4917 2766 4957 sensum
2797 4901 3023 4956 omnino
3066 4900 3304 4955 alienum
3351 4895 3421 4952 ab
3447 4895 3568 4963 ipsa

1964 4997 2379 5066 detorquentur.
2434 4996 2528 5050 llis
2569 4994 2998 5060 animadversis,
3041 5002 3212 5048 restat
3237 5000 3297 5045 ut
3324 4989 3452 5061 quid
3506 4989 3562 5044 in

1970 5091 2073 5147 hac
2105 5091 2345 5148 editione
2374 5089 2555 5161 Optati
2586 5105 2615 5143 a
2641 5086 3138 5159 nobis-primulum
3188 5084 3355 5141 luerit
3398 5096 3570 5155 θη)οδ

1970 5199 2186 5240 namus.
3272 5181 3293 5201 '

1970 5310 2058 5377 111.
2099 5350 2171 5361 --
2207 5322 2274 5376 ne
2315 5333 2416 5376 HAG
2457 5335 2596 5376 nova
2635 5312 2833 5375 orrm
2874 5332 3177 5384 Ltnnonuu,
3223 5325 3570 5377 ALIORUIIQUB

2038 5430 2106 5470 AD
2145 5426 2468 5471 DONATISTAS
2506 5426 2902 5470 PERTINENTIUI
2944 5421 3381 5467 MONUIENTOBUI
3448 5419 3565 5459 EDI-

2042 5522 2225 5567 TIONE.

2047 5642 2186 5712 Quid
2230 5659 2264 5696 a
2303 5641 2451 5698 nobis
2491 5642 2799 5718 ρτιειιειυω.
2823 5669 2895 5689 η-
2928 5639 2986 5703 tn
3015 5624 3246 5708 quatuor
3300 5642 3573 5701 praecipuo

1972 5746 2221 5797 versatus
2251 5746 2338 5793 est
2367 5736 2523 5794 labor
2569 5744 2792 5803 noster;
2839 5735 2893 5797 in
2921 5727 3263 5820 emendando
3291 5725 3575 5820 textorio

1975 5834 2130 5904 novis
2189 5833 2334 5912 notis
2386 5832 2774 5916 conﬁciendis.
2827 5841 2922 5897 aut
2958 5818 3190 5929 alterum
3233 5818 3577 5928 observatio-
