3898 6320
403 237 509 296 767

1383 239 1442 297 S.
1502 237 1754 297 0PTATI
1797 240 2090 303 OPEBUM
2142 247 2681 310 PROLEGOMENA.
2750 262 2790 285 ἰ

3567 259 3657 318 768

404 353 563 411 nibus
593 351 855 419 edendis;
901 352 956 411 in
986 351 1312 423 adjiciendis
1341 353 1615 409 veteribus
1665 368 1995 414 monumen-
2022 362 2074 422 Α
2102 361 2258 435 isque
2295 366 2712 437 antiquissimus
2748 372 2831 422 est
2870 366 3040 423 codex
3078 368 3138 425 S.
3190 367 3503 428 Theodorici
3540 375 3663 443 apud

406 446 480 503 tis
527 445 596 501 ad
651 445 934 502 historiam
992 444 1395 523 Donatistarum
1456 446 1895 518 pertinentibus;
1945 450 2002 506 in

405 538 637 596 texenda
666 537 909 594 breviter
938 537 1100 609 hujus
1124 537 1438 595 scltismatis
1468 539 1536 595 ab
1557 539 1676 611 ejus
1695 542 1909 614 origine
1935 544 2002 599 ad

410 633 575 688 linem
607 647 778 702 usque.
810 631 1059 688 historia.

482 722 675 780 Texta:
705 723 884 797 Optati
931 726 1034 782 huc
1082 743 1243 798 usque
1281 730 1724 799 corruptissimus.
1774 731 2009 789 Enume—

407 818 543 874 ratio
596 818 1001 892 praecedentium
1055 819 1358 875 editionum.
1411 821 1762 894 Manuscripti
1807 826 2009 882 codices

407 915 591 984 quibus
637 914 720 968 usi
748 929 948 968 sumus.
981 943 1050 954 —
1078 911 1257 985 Optati
1300 924 1480 971 textus
1530 918 1634 972 huc
1672 934 1842 990 usque
1888 936 2011 977 cor-

410 1005 758 1078 rnptissimus
790 1005 907 1060 fuit.
936 1002 1106 1080 'l‘ypis
1138 1006 1371 1077 primum
1401 1023 1637 1065 excusus
1661 1020 1745 1066 est
1789 1010 2012 1081 Mogun-

396 1100 504 1157 ‘tite
529 1114 674 1155 anno
701 1098 865 1166 1549,
899 1115 1031 1154 cura
1061 1099 1289 1155 Joannis
1317 1099 1577 1176 Cpchlmi.
1621 1102 1782 1158 Plura
1826 1106 1877 1158 in
1910 1104 2014 1161 hac

412 1193 655 1251 editione
685 1193 916 1261 menda,
974 1210 1133 1264 quam
1176 1210 1364 1251 versus
1410 1195 1579 1252 fuisse
1626 1195 1860 1253 afﬁrmat
1890 1198 2015 1254 Bal-

413 1289 613 1346 duinus
638 1332 653 1357 ,
681 1290 773 1363 qui
815 1306 1009 1346 novam
1059 1292 1219 1363 hujus
1248 1294 1435 1364 Operis
1456 1293 1749 1351 editionem
1790 1296 2016 1352 Parisiis

411 1380 696 1438 adornavit
724 1398 871 1438 anno
905 1383 1065 1451 1565,
1109 1385 1326 1456 adjutus
1351 1386 1647 1441 collatione
1686 1390 2015 1458 exemplaris

418 1474 768 1545 manuscripti
809 1476 953 1545 quod
986 1478 1084 1547 ipsi
1138 1478 1630 1534 communicaverat
1656 1479 2004 1550 ESpenSaeus,

415 1566 740 1624 Parisiensis
795 1568 1106 1638 Theologus
1164 1569 1305 1625 baud
1345 1570 1618 1645 ignobilis.
1663 1572 1772 1629 Sex
1809 1582 2013 1628 tantum

416 1660 587 1717 libros
613 1662 1158 1734 priores‘coutinehat
1183 1663 1372 1719 isthaec
1385 1665 1586 1732 editio;
1619 1665 1712 1722 sed
1727 1667 2014 1736 septimum

2110 457 2347 515 libemus
2376 457 2842 530 septingentorum
2880 460 2947 516 ad
2978 460 3155 516 minus
3182 466 3456 517 annorum.
3485 463 3665 523 Secun-

2107 550 2209 606 dus
2240 567 2344 608 non
2391 553 2610 623 quidem
2652 554 2895 625 ejusdem
2945 555 3310 626 antiquitatis,
3343 556 3432 610 sed
3477 560 3665 629 optimm

2109 654 2252 700 notae
2280 656 2365 701 est
2392 649 2794 716 manuscriptus
2838 646 3011 702 codex
3049 647 3103 705 S.
3139 647 3393 705 Germani
3426 665 3453 704 a
3481 650 3665 719 Pratis,

2109 738 2201 807 qui
2229 752 2359 793 sane
2387 740 2863 794 emendatissimus
2895 751 3000 794 est.
3026 736 3267 795 Tertium
3289 782 3306 806 ,
3335 743 3421 810 qui
3449 740 3538 796 fuit
3556 743 3665 799 olim

2110 829 2356 885 Maceraei
2398 830 2658 902 Theolbgi
2701 830 3058 896 Parisiensis,
3102 831 3230 886 mihi
3276 833 3668 892 subministravit

2112 921 2391 991 Philippus
2402 924 2625 988 Silvius,
2640 938 2809 978 sacrae
2824 924 3114 979 Facultatis
3134 925 3447 981 Parisiensis
3466 927 3666 997 Doctor,

2115 1017 2167 1070 in
2198 1016 2352 1085 cujus
2382 1031 2573 1072 manus
2619 1016 2895 1086 pervenit,
2930 1018 3217 1073 recentiori
3256 1034 3411 1074 manu
3447 1032 3671 1079 exaratos

2114 1123 2179 1166 ac
2205 1109 2362 1164 valdc
2384 1109 2696 1165 mendosus.
2730 1111 2966 1178 Quartus
2996 1120 3079 1166 est
3106 1114 3495 1182 manuscriptus
3523 1114 3683 1171 codex"

2117 1199 2174 1255 S.
2210 1201 2357 1255 l’auli
2386 1202 2818 1256 Cormaricensis
2849 1217 3018 1271 prope
3048 1202 3320 1268 'l‘nrones,
3366 1204 3451 1272 qui
3476 1221 3600 1261 nunc
3625 1206 3669 1261 in

2120 1293 2451 1349 Bibliotheca
2486 1294 2797 1350 Colliertina
2828 1309 3056 1349 numero
3092 1294 3226 1350 1931
3258 1304 3272 1359 ‘,
3300 1298 3555 1367 ascriptus
3581 1306 3668 1353 est.

2116 1384 2510 1441 Sexceutorum
2543 1394 2598 1440 et
2641 1386 2872 1454 amplius
2909 1399 3174 1440 annormn
3207 1396 3291 1441 est
3329 1386 3427 1442 iste
3452 1388 3601 1444 codex
3628 1397 3673 1444 et

2118 1480 2338 1546 Optinne
2367 1489 2528 1545 nota‘,
2554 1487 2717 1549 atque
2748 1476 2953 1531 utinam
2986 1492 3180 1532 omnes
3201 1478 3380 1546 Optati
3412 1480 3525 1535 libri
3551 1480 3596 1534 in
3620 1494 3675 1535 eo

2119 1572 2412 1627 etiamnum
2436 1571 2862 1626 haherenturmt
2882 1571 3025 1640 quod
3050 1571 3342 1626 dolendum
3366 1571 3672 1640 intercidere,

2122 1663 2246 1718 folia
2270 1679 2392 1734 qua:
2415 1664 2623 1733 priores
2650 1664 2891 1733 quinque
2920 1652 3090 1719 libros
3114 1663 3461 1719 continebant
3479 1679 3535 1718 ac
3561 1665 3677 1720 sexti

416 1753 578 1823 paulo
604 1767 723 1823 post
750 1753 1133 1811 minutioribus
1160 1756 1529 1812 caracteribus
1555 1766 1838 1813 exaratum
1863 1757 2015 1829 adje—
2049 1764 2093 1822 Β
2124 1758 2357 1812 initium.
2397 1756 2601 1812 Pra-ter
2628 1755 2747 1812 haec
2786 1755 3055 1811 habentur
3098 1757 3151 1811 in
3204 1755 3306 1810 hoc
3350 1756 3677 1825 manuscripto

417 1854 633 1902 ceruut.
683 1847 1208 1904 Atemcudatiorem
1257 1849 1482 1905 alteram
1524 1834 1820 1907 editionem
1874 1852 2017 1908 idem

416 1950 563 1993 anno
585 1939 748 2004 1569,
769 1939 997 1997 Parisiis
1023 1941 1136 1997 fieri
1161 1945 1373 1998 curavit
1399 1944 1608 2000 duobus
1635 1947 2018 2017 manuscriptis

419 2044 587 2099 usus,
617 2047 849 2105 quorum
894 2049 1058 2090 unum
1091 2036 1325 2094 debebat
1361 2038 1557 2094 Joanni
1583 2039 1724 2095 Tilio
1761 2041 2019 2112 episcopo

420 2122 723 2190 Meldensi,
773 2126 1006 2183 alterum
1050 2128 1314 2186 Maceraeo
1355 2130 1633 2204 Theologo
1679 2132 2019 2190 Parisiensi:

420 2213 617 2271 horum
644 2231 749 2288 ope
779 2218 947 2274 multa
995 2220 1112 2277 loca
1151 2221 1423 2291 restituit;
1481 2223 1680 2281 fatetur
1730 2238 1907 2282 tamen
1964 2226 2016 2283 in

422 2307 750 2366 Prmfatione
772 2312 937 2368 multa
969 2312 1148 2370 adhuc
1177 2316 1396 2385 menda,
1429 2318 1629 2374 multas
1664 2319 1884 2376 lacunas
1927 2338 2020 2378 su-

416 2415 666 2473 peresse.
709 2402 871 2461 Juxta
898 2406 1192 2464 editionem
1227 2409 1374 2465 illam
1405 2398 1836 2468 Commeliniana
1877 2413 2020 2470 facta

420 2505 505 2550 est
535 2510 677 2552 anno
717 2496 878 2555 1599.
926 2498 1140 2557 Szeculo
1187 2514 1451 2575 sequente
1496 2505 1875 2576 Albaspinaus
1905 2509 2022 2578 cpi-

421 2602 620 2661 scopus
640 2590 1048 2650 Aurelianensis
1067 2638 1083 2662 ,
1113 2598 1203 2668 qni
1230 2596 1344 2654 fere
1370 2599 1576 2668 primus
1598 2616 1627 2654 e
1656 2601 1858 2657 nostris
1883 2604 2023 2658 anti—

425 2697 547 2748 qua:
574 2682 831 2740 Ecclesia:
861 2686 1163 2759 disciplinae
1191 2688 1530 2747 illustrandae
1557 2694 1704 2749 serio
1739 2695 2019 2763 incubuit,

425 2775 683 2833 librorum
709 2777 890 2850 Optati
931 2798 1127 2838 novam
1157 2785 1455 2842 editionem
1488 2788 1709 2844 molitus
1739 2801 1823 2845 est
1846 2832 1859 2852 ,
1901 2807 2022 2862 qua:

424 2871 646 2928 Parisiis
676 2875 859 2931 statim
890 2876 959 2933 ab
986 2877 1104 2949 ejus
1130 2888 1306 2937 morte
1337 2882 1539 2953 prodiit
1579 2900 1722 2940 anno
1757 2886 1919 2943 1651.
1955 2885 2025 2942 At

423 2975 634 3022 tantum
677 2968 835 3024 abest
861 2980 919 3026 ut
961 2974 1011 3027 in
1065 2972 1166 3028 hac
1194 2974 1434 3031 editione
1478 2987 1658 3035 textus
1702 2981 2024 3038 emendatus

2121 1851 2308 1906 codice
2347 1859 2698 1905 monumenta
2726 1848 2792 1903 ad
2824 1860 3067 1904 veterum
3109 1849 3501 1904 Donatistarum
3536 1849 3679 1902 histo-

2122 1944 2255 1998 riam
2284 1942 2604 2013 pertinentia
2626 1984 2641 2007 ,
2676 1957 2796 2010 qua:
2825 1942 2878 1997 in
2906 1943 3055 1997 nullo
3082 1942 3194 1997 alio
3222 1942 3572 2013 manuscripto
3603 1956 3683 1997 co-

2121 2038 2240 2094 dice
2270 2038 2516 2107 reperire
2551 2045 2651 2093 est.
2693 2037 2802 2093 Hoc
2832 2046 3016 2092 autem
3044 2038 3192 2092 circa
3228 2037 3360 2093 istos
3387 2038 3583 2093 codices
3603 2037 3682 2091 ob-

2121 2131 2471 2200 servandum,
2496 2131 2742 2188 codicem
2767 2130 3003 2201 Philippi
3028 2130 3184 2187 Silvii
3205 2132 3373 2186 vidcri
3404 2140 3678 2199 excerptum

2120 2242 2150 2281 a
2203 2225 2395 2282 codice
2451 2225 2509 2281 S.
2562 2224 2926 2292 Theodorici,
2974 2234 3030 2279 et
3071 2224 3321 2281 codicem
3352 2225 3453 2281 San
3491 2224 3683 2280 Germa-

2121 2334 2347 2374 nensem
2374 2333 2442 2374 ex
2475 2318 2899 2375 Cormaricensi.
2952 2318 3161 2373 [lorum
3204 2333 3310 2389 ope
3348 2317 3574 2374 codicum
3610 2318 3682 2372 vix

2121 2412 2225 2468 dici
2264 2421 2443 2484 potest
2480 2422 2614 2483 quot
2645 2413 2762 2467 loca
2791 2412 3231 2479 restituerimus;
3259 2422 3501 2483 corrupta
3525 2424 3682 2467 emen-

2121 2505 2388 2571 davimus,
2420 2505 2598 2560 luxata
2635 2505 2748 2560 suis
2784 2506 3122 2561 restituimus
3153 2505 3292 2561 locis
3314 2548 3329 2573 ,
3360 2504 3547 2561 Omissa
3576 2517 3682 2575 sup-

2123 2599 2425 2667 plcvimus,
2469 2599 2700 2655 ascititia
2742 2600 3144 2665 resecavimus;
3196 2614 3308 2653 uno
3337 2598 3498 2654 verbo
3533 2605 3682 2655 textus

2121 2691 2306 2763 Optati
2342 2693 2526 2747 nativo
2564 2692 2840 2761 splendori
2884 2693 3173 2748 restitutus
3205 2693 3412 2763 integer
3438 2700 3489 2746 et
3530 2705 3661 2746 einen

2123 2786 2280 2842 datus
2323 2787 2522 2857 prodit.
2556 2786 2895 2858 Ceujecturis
2944 2788 3030 2842 vix
3074 2787 3370 2857 quidquam
3404 2786 3684 2842 indulsimus

2125 2880 2225 2934 nisi
2280 2880 2667 2951 manuscriptis
2713 2880 2993 2935 codicibus
3038 2879 3237 2936 innixi.
3283 2880 3552 2941 Variantes
3588 2878 3684 2933 lec-

2127 2976 2302 3031 tiones
2320 2977 2610 3045 separatim
2636 2992 2666 3031 a
2696 2977 2836 3031 notis
2856 2975 2910 3031 in
2936 2977 3043 3031 line
3064 2975 3490 3046 uniuscujusque
3509 2972 3684 3044 pagina:

430 3059 635 3128 fuerit,
679 3072 791 3120 ute
819 3076 1009 3121 contra
1051 3077 1256 3123 scatent
1286 3072 1585 3128 innumeris
1620 3076 1832 3131 mendis
1873 3086 2029 3149 typo-
2125 3067 2511 3137 asciipsimus,
2554 3083 2623 3122 ex
2667 3068 2863 3139 quibus
2912 3068 3236 3137 intelligitur
3261 3077 3391 3139 quot
3432 3075 3480 3122 et
3506 3072 3674 3135 quanta

428 3156 703 3227 graplticis
723 3201 738 3225 ,
761 3175 894 3229 quas
918 3162 1142 3219 editoris
1168 3162 1375 3219 incuria
1406 3181 1594 3234 parum
1621 3169 1784 3223 cavit.
1815 3169 2017 3226 Eodem
2049 3156 2095 3218 C
2127 3161 2335 3216 sublata
2365 3161 2474 3216 sint
2513 3177 2542 3216 a
2581 3161 2738 3217 nobis
2765 3160 2958 3217 menda
3002 3171 3056 3216 et
3082 3171 3265 3216 errata
3288 3203 3304 3228 ,
3333 3169 3388 3216 et
3427 3170 3547 3230 quot
3588 3158 3683 3210 lora

429 3263 574 3304 anno
630 3250 862 3309 Mericus
911 3251 1269 3311 Casaubonus
1300 3256 1468 3314 edidit
1523 3258 1758 3316 Londini
1814 3248 2051 3332 septeni
2131 3253 2364 3309 Obscura
2412 3269 2476 3309 ac
2504 3268 2698 3310 sensus
2749 3254 2905 3322 Plane
2946 3269 3119 3309 vacua
3168 3254 3347 3308 Ῐυίέηι
3399 3248 3682 3331 acceperim-

429 3343 613 3415 Optati
642 3345 841 3414 libros,
874 3349 970 3405 sed
1019 3350 1071 3405 in
1099 3352 1441 3409 emendando
1467 3353 1572 3410 hoc
1600 3366 1824 3415 auctore
1877 3361 2028 3415 nullo

430 3454 559 3494 usus
580 3448 665 3495 est
696 3442 884 3498 codice
910 3445 1279 3516 manuscripto
1300 3488 1314 3513 ,
1352 3456 1408 3503 et
1437 3462 1502 3504 ex
1541 3449 1869 3519 conjecturis
1911 3462 2030 3507 tan-

430 3533 710 3589 tummodo
736 3535 852 3590 loca
883 3535 1055 3592 multa
1080 3576 1094 3605 ,
1136 3553 1231 3594 seu
1264 3550 1447 3610 recte,
1485 3555 1590 3603 seu,
1612 3558 1895 3613 perperam
1926 3543 2031 3599 im-

433 3629 682 3683 mutavit.
721 3629 1135 3688 Eruditissimns
1175 3633 1473 3706 Rigaltius,
1520 3637 1860 3695 Tertulliano
1885 3678 1899 3704 ,
1935 3640 2031 3694 Mi-

430 3721 585 3776 nutio
622 3730 672 3777 et
712 3714 990 3797 'Cypriauo
1049 3727 1103 3781 in
1142 3727 1315 3783 lucem
1358 3729 1557 3797 editis,
1580 3729 1834 3801 Optatum
1866 3733 2029 3788 etiam

429 3815 631 3872 addere
660 3827 959 3882 statuerat,
989 3830 1041 3874 et
1072 3821 1346 3892 conjicere
1387 3824 1509 3879 licet
1542 3839 1697 3891 eum,
1734 3839 1855 3879 cum
1886 3835 2031 3881 esset

429 3907 565 3964 artis
594 3910 798 3966 critica:
848 3913 1207 3983 peritissimus
1251 3930 1315 3970 ac
1362 3917 1415 3971 in
1463 3917 1785 3987 antiquitate
1826 3927 1882 3973 et
1919 3933 2034 3973 ma-

430 4003 834 4073 nuscriptorum
864 4004 1113 4062 codicum
1153 4008 1345 4063 notitia
1386 4008 1827 4073 versatissimns,
1861 4010 2028 4065 multa

432 4097 613 4168 magni
653 4100 916 4155 momenti
963 4101 1158 4156 menda
1190 4101 1601 4169 abstersurum,
1651 4111 1814 4172 atque
1859 4104 1928 4159 ab
1964 4119 2030 4159 eo

432 4188 613 4259 Optati
673 4200 876 4246 textum
926 4191 979 4247 in
1027 4177 1309 4264 integrum‘
1345 4194 1657 4249 restitutum
1693 4194 1756 4249 iri
1792 4213 1804 4248 :
1840 4211 2030 4265 verum

433 4290 725 4351 antequam
751 4299 890 4355 opus
928 4285 1062 4341 illud
1106 4285 1498 4358 aggrederetur
1525 4302 1557 4342 e
1603 4287 1741 4341 vivis
1777 4288 2030 4344 excessit.

433 4378 676 4447 Denique
696 4376 939 4435 Priorius
970 4396 1122 4437 nova:
1143 4382 1405 4437 librorum
1427 4379 1609 4451 Optati
1632 4380 1886 4449 editioni,
1913 4398 2034 4452 qua:

435 4470 660 4528 Parisiis
709 4473 968 4544 impensis
1007 4474 1232 4531 Joannis
1278 4475 1480 4545 liupuis
1531 4473 1844 4546 Bibliopolze
1896 4477 2030 4532 facta

2131 3345 2258 3402 Htec
2287 3347 2464 3417 quoad
2504 3347 2942 3403 emendatiOuem
2987 3357 3168 3403 textus
3189 3388 3207 3414 ,
3237 3349 3321 3402 cui
3363 3357 3603 3417 prwterea
3631 3345 3693 3399 il-

2134 3443 2412 3498 lustranda
2454 3458 2560 3498 non
2592 3457 2781 3512 parum
2809 3442 3065 3497 conducit
3092 3442 3215 3511 ejus
3257 3443 3311 3497 in
3347 3441 3583 3496 articulos
3614 3447 3686 3493 aut

2134 3540 2498 3611 paragraphos
2527 3538 2821 3603 distinctio,
2855 3552 2979 3593 cum
3007 3538 3270 3593 brevibus
3300 3536 3610 3609 argumentis
3634 3532 3686 3586 ad

2132 3636 2430 3704 marginem
2482 3633 2774 3702 appositis,
2808 3631 2952 3702 quod
3008 3630 3255 3687 nondum
3301 3646 3331 3686 a
3362 3640 3604 3703 quoquam
3644 3628 3685 3680 in

2131 3727 2312 3797 Optati
2342 3727 2494 3781 libris
2524 3727 2824 3796 praestitum
2857 3723 3053 3780 fuerat.

2204 3818 2358 3887 Quod
2392 3827 2594 3888 spectat
2620 3816 2689 3872 ad
2713 3826 2892 3882 notas,
2920 3831 3116 3887 paucas
3146 3831 3305 3883 sane,
3334 3816 3518 3871 breves
3541 3821 3588 3868 et
3610 3824 3688 3866 ns-

2133 3913 2399 3968 ccssarias
2442 3911 2511 3967 de
2555 3926 2696 3966 novo
2739 3909 3076 3966 confecimus
3101 3951 3116 3974 ,
3161 3925 3229 3965 ac
3260 3910 3479 3982 singulis
3516 3904 3691 3977 paginis

2134 4018 2257 4078 post
2286 4005 2557 4059 variantes
2599 4004 2864 4060 lectiones
2893 4019 2994 4058 una
3026 4018 3150 4057 cum
3195 4004 3339 4057 notis
3366 3997 3655 4069 Alhaspioaei
3675 4037 3687 4059 ,

2134 4099 2319 4163 Merici
2344 4096 2675 4161 Casauboui,
2696 4096 2920 4163 Barthii,
2936 4105 2989 4151 et
3015 4095 3212 4150 incerti
3243 4094 3523 4166 Scriptoris
3539 4090 3692 4158 subje-

2135 4193 2311 4248 cimus
2350 4209 2363 4244 :
2394 4190 2641 4245 Balduini
2683 4204 2814 4245 vero
2851 4188 3270 4244 observationes
3314 4198 3371 4242 et
3410 4180 3691 4254 Albaspioaai

2134 4285 2455 4357 appendicis
2486 4284 2604 4339 loco
2628 4283 2785 4338 libris
2806 4281 2989 4353 Optati
3017 4282 3262 4352 integras
3282 4281 3588 4352 adjecimns;
3614 4271 3691 4329 sed

2136 4386 2452 4449 repurgatas
2482 4377 2551 4431 ab
2581 4376 2881 4431 innumeris
2920 4374 3133 4430 mendis
3173 4372 3563 4447 typographicis
3593 4380 3693 4438 qua:

2141 4473 2195 4528 in
2223 4471 2552 4528 editionibus
2570 4469 2897 4540 Albaspintei
2921 4469 3191 4525 et‘Priorii
3219 4463 3695 4541 irrepserant.Prioo

434 4572 550 4629 est,
584 4565 818 4634 prteluit.
854 4568 902 4623 Is
942 4570 995 4623 in
1037 4570 1246 4623 monito
1272 4567 1340 4623 ad
1371 4567 1657 4623 Lectorem
1696 4569 1894 4623 fatetur
1914 4584 2032 4624 cor-
2062 4558 2116 4618 D
2142 4567 2207 4622 rii
2240 4579 2396 4623 notas
2420 4581 2525 4621 non
2552 4565 3123 4635 prmtermisissemus,
3153 4565 3196 4618 si
3225 4565 3352 4635 quid
3385 4565 3435 4617 in
3462 4566 3535 4617 eis
3555 4571 3693 4629 quan-

435 4658 963 4728 rnptissinutmesse
987 4668 1196 4717 textum
1219 4660 1399 4731 Optati
1435 4676 1448 4713 :
1480 4671 1535 4715 at
1560 4675 1667 4716 non
1706 4669 1911 4717 tantum
1941 4658 2036 4719 ille

434 4751 570 4806 nihil
599 4751 894 4824 quidquam
921 4754 1176 4823 praestitit
1199 4762 1257 4806 ut
1285 4752 1626 4809 emendatinr
1646 4753 1909 4824 prodiret,
1938 4755 2035 4811 sed

436 4854 492 4900 et
513 4845 839 4917 negligentia
871 4860 967 4901 sua
998 4860 1140 4901 nova
1163 4845 1403 4917 irrepere
1423 4847 1551 4901 sivit
1578 4847 1629 4902 in
1653 4858 1855 4903 textum
1879 4850 2039 4926 σφάλ-

437 4960 610 5012 ματα,
661 4939 787 5009 quid
829 4939 1031 5011 facias,
1090 4939 1291 5009 inquit,
1349 4940 1436 4995 ubi
1471 4941 1916 5014 meliorisSnotw
1952 4961 2038 4999 co-

434 5032 611 5088 dicum
639 5033 867 5087 maxima
897 5033 1116 5103 penuria
1142 5043 1237 5088 est.
1283 5032 1431 5088 Nihil
1458 5034 1707 5105 equidem
1750 5037 1796 5090 si
1845 5038 1913 5091 ita
1945 5052 2035 5093 res

436 5134 605 5182 esset.
651 5128 727 5180 At
762 5125 891 5181 licet
932 5127 1042 5181 rari
1073 5127 1184 5182 sint
1222 5126 1515 5183 admodum
1559 5131 1910 5201 manuscripti
1941 5146 2035 5187 co-

436 5217 588 5275 dices
623 5216 842 5289 Optati,
876 5234 984 5274 non
1033 5229 1209 5275 tamen
1258 5221 1483 5276 omnino
1516 5222 1667 5299 .nulli
1690 5232 1853 5288 sttnt;
1888 5235 1940 5279 et
1990 5226 2035 5281 si

436 5302 524 5374 vel
573 5317 849 5388 paululum
895 5317 1191 5389 diligentiae
1230 5319 1600 5387 adhibuisset,
1646 5323 1734 5378 vix
1777 5322 1894 5380 ﬁeri
1942 5339 2039 5396 po-

436 5414 634 5471 tuisset
676 5413 807 5486 quin
866 5413 921 5470 in
954 5429 1120 5471 unum
1163 5424 1257 5469 aut
1294 5415 1526 5473 alterum
1566 5416 1746 5487 Optati
1787 5417 2032 5474 codicem

438 5509 741 5567 incidisset.
796 5509 910 5583 Ego
960 5508 1176 5567 Priorio
1224 5510 1307 5566 vel
1354 5511 1560 5567 felicior
1619 5513 1705 5569 vel
1753 5514 2038 5570 sollicitior

436 5604 676 5675 quinque
701 5604 918 5662 codices
936 5604 1117 5677 Optati
1141 5607 1542 5678 manuscriptos
1562 5606 1742 5665 inverti
1767 5651 1780 5676 ,
1808 5624 2034 5678 quorum

441 5711 549 5767 ope
574 5698 860 5755 innumera
891 5714 1031 5771 pene
1068 5703 1263 5757 menda
1306 5701 1519 5758 sublata
1561 5712 1716 5769 sunt,
1760 5718 1823 5758 ac
1862 5712 2041 5760 textus

440 5790 494 5847 ili
549 5792 817 5863 integrum
863 5794 1062 5868 ubique
1099 5796 1269 5853 ferme
1327 5783 1609 5854 restitutus
1663 5788 1764 5853 cst.
1821 5795 2037 5853 Primus

2141 4660 2267 4715 tivis
2300 4661 2460 4730 pretii
2492 4659 2772 4714 inventum
2824 4656 3021 4712 fuisset
3060 4657 3205 4728 quod
3226 4657 3295 4712 ab
3318 4657 3437 4711 aliis
3463 4658 3694 4709 nonesset

2136 4752 2525 4817 observatum;
2570 4751 2667 4807 sed
2721 4754 2809 4821 qui
2852 4751 3080 4807 aliorum
3115 4750 3279 4807 habet
3315 4747 3693 4808 annotationes,

2140 4848 2237 4903 has
2260 4847 2457 4903 frustra
2490 4849 2810 4919 requireret.

2214 4940 2554 4997 Monumenta
2593 4940 2655 4993 ab
2697 4941 2813 5007 ipso
2847 4939 3037 5010 Optato
3072 4939 3177 4993 suis
3222 4936 3367 4992 libris
3398 4936 3601 5007 adjecta.
3638 4958 3694 4970 -—

2142 5037 2425 5092 Variorum
2456 5045 2613 5090 notas
2652 5035 2930 5103 excipiunt
2953 5043 3304 5089 monumenta
3328 5040 3500 5088 vetera
3521 5029 3578 5084 ad
3607 5024 3691 5079 liis-

2140 5130 2334 5185 toriam
2362 5128 2756 5183 Donatistarum
2775 5126 3116 5196 pertinentia,
3138 5126 3331 5181 ordine
3351 5119 3694 5190 chronologico

2142 5222 2349 5293 digesta
2376 5231 2428 5277 et
2453 5220 2519 5277 ad
2567 5221 2964 5291 manuscriptos
2991 5221 3207 5276 codices
3238 5235 3303 5275 ac
3340 5219 3574 5274 meliores
3600 5210 3694 5269 edi-

2142 5314 2379 5371 ditioues
2424 5324 2634 5371 exacta.
3098 5305 3101 5308 ⁴
3648 5367 3653 5371 _

2215 5409 2422 5465 Novum
2451 5424 2556 5464 non
2576 5416 2659 5463 est
2678 5406 2990 5479 huiusmodi
3018 5417 3363 5462 monumenta
3383 5403 3551 5477 Optati
3572 5398 3693 5456 libris

2141 5525 2381 5574 assuere.
2405 5509 2509 5565 hoc
2538 5511 2713 5580 ipsum
2742 5509 3068 5580 praestiterat
3088 5510 3314 5579 Optatos
3335 5509 3422 5577 qui
3444 5500 3504 5557 ad
3528 5496 3693 5595 iacien-

2143 5602 2269 5659 dam
2327 5602 2485 5659 fidem
2536 5617 2725 5657 eorum
2767 5616 2887 5671 qua:
2938 5602 3008 5657 de
3063 5600 3458 5677 Donatistarum
3501 5593 3694 5648 historia

2145 5696 2465 5769 scripserat,
2496 5706 2615 5752 acta
2642 5696 2757 5766 ipsa
2786 5704 2842 5752 et
2870 5709 3217 5752 monumenta
3251 5692 3331 5777 ad‘
3361 5694 3511 5747 linetn
3553 5684 3692 5777 libro;

2142 5793 2262 5849 ritm
2304 5784 2525 5849 suorum
2568 5780 2932 5863 opposuerat,
2961 5800 3018 5848 ut
3073 5774 3304 5846 lCStaltit‘
3358 5780 3488 5839 liliro
3525 5774 3690 5849 primm
