3898 6320
203 332 295 388 ἲϐθ

913 333 1005 390 DE
1044 328 1323 390 ΟΡΤΛΤΟ
1363 330 1451 388 ET
1491 330 1659 390 EJUS
1697 329 1921 387 LIBRIS
1960 329 2300 391 VETERUM
2338 328 2779 389 TESTIMONIA.

3388 330 3507 421 πο⁸

204 450 227 519 ς
270 450 336 505 :5
362 490 376 513 ,
429 449 518 503 ubi
552 447 781 519 loquens
823 447 893 505 dc
918 451 1153 506 concilio
1190 449 1425 507 Cirtensi
1459 451 1511 505 in
1546 450 1794 505 testimo-
1822 450 1875 512 Α
1901 448 2368 506 Miscellaueorum
2400 466 2619 506 Stturunt
2646 449 2743 505 lib.
2768 465 2829 517 u,
2863 462 2984 504 cum
3013 448 3157 506 notis
3177 464 3312 522 quas
3331 453 3495 507 etiam

202 544 337 597 nium
371 542 594 597 adducit
618 542 817 611 scripta
850 542 1168 599 Nundinarii
1216 543 1428 599 diaconi
1461 555 1515 599 et
1552 553 1794 599 vetustas

199 645 436 691 actorum
470 634 630 705 hujus
656 636 875 692 concilii
903 638 1274 705 membranas,
1299 654 1450 705 quas,
1473 638 1670 708 inquit,
1695 639 1795 692 du-

199 728 475 784 bitantibus
515 727 747 801 proferre
800 730 1079 800 poterimus
1101 772 1113 793 ,
1145 730 1332 784 harum
1378 746 1599 801 namque
1628 730 1796 799 pleni-

198 821 421 874 tudinem
464 836 637 875 rerum
686 820 740 874 in
769 822 1046 876 novissima
1069 831 1215 891 parte
1240 823 1452 876 istorum
1500 820 1794 877 libellorum

198 909 259 964 ad
284 911 609 982 implendam
632 912 786 978 [idem
807 913 1172 978 adiunximus.
1200 912 1334 969 Item
1356 914 1425 969 de
1456 915 1686 985 epistola
1711 929 1797 969 or-

196 1004 503 1060 dinatorum
553 1003 797 1074 Majorini
858 1006 1121 1062 adversus
1161 1005 1506 1062 Caecilianum
1565 1007 1793 1078 loquens

197 1096 382 1154 eodem
436 1098 487 1153 in
519 1097 679 1161 libro,
708 1096 736 1170 §
762 1097 856 1163 20,
878 1099 951 1153 ait
975 1139 989 1155 .
1014 1114 1074 1153 se
1104 1115 1215 1154 eam
1243 1100 1378 1153 inter
1413 1108 1619 1154 crateras
1647 1110 1793 1154 actus

194 1192 243 1246 in
271 1202 540 1260 posterum
565 1190 769 1246 habere.
808 1191 1068 1247 Volumen
1093 1207 1309 1262 quoque
1334 1204 1578 1248 aetorum
1609 1192 1795 1247 Euno-

197 1283 279 1339 tuii
309 1292 370 1337 et
415 1282 653 1356 Olympii
684 1284 735 1338 in
759 1285 1074 1340 novissimis
1100 1286 1183 1338 sui
1212 1285 1393 1353 operis
1424 1286 1670 1354 partibus
1696 1284 1792 1340 de-

193 1379 477 1449 scripsisse
524 1393 585 1434 se
632 1388 859 1435 testatur
904 1379 1125 1442 ibidem,
1173 1378 1201 1451 §
1248 1379 1338 1433 26.
1372 1379 1500 1452 Et§
1543 1379 1791 1448 sequenti

193 1483 299 1526 acta
353 1472 694 1542 purgationis
740 1471 938 1527 Felicis
965 1473 1168 1541 pariter
1212 1471 1281 1525 ab
1313 1473 1431 1541 ipso
1474 1471 1790 1537 laudantur,

192 1579 301 1634 quae
355 1563 411 1635 in
470 1572 941 1620 monumentorum
988 1576 1210 1617 suorum
1262 1562 1518 1633 congerie
1561 1562 1632 1617 ab
1675 1563 1793 1633 ipso

192 1661 389 1715 omissa
416 1659 583 1715 fuisse
610 1674 717 1715 non
749 1666 836 1714 est
863 1659 1178 1714 verisimile.

258 1756 338 1810 Ex
370 1755 459 1810 his
488 1754 626 1809 forte
654 1752 791 1809 actis
818 1769 938 1821 quae
972 1751 1032 1806 S.
1066 1750 1291 1822 Optatos
1318 1751 1384 1805 ad
1413 1751 1574 1806 linem
1604 1751 1792 1823 operis

1901 542 2250 611 subjecimus.
2283 543 2410 599 Post
2443 543 2559 600 haec
2609 543 2797 615 legere
2834 552 2920 600 est
2964 553 3318 601 monumenta
3352 560 3503 616 qna:-

1897 633 2018 690 dam
2038 635 2102 689 ad
2128 635 2339 691 initium
2363 635 2676 717 schismatis
2705 635 3103 691 Donatistarum
3133 637 3495 706 pertinentia:
3597 709 3604 717 .

1896 727 2193 782 succedunt
2230 716 2481 799 epistolae
2515 727 2851 784 Constantini
2887 743 3007 800 qua:
3047 727 3115 784 ad
3144 727 3416 786 Caeciliani
3444 738 3502 785 et

1896 820 2302 877 Donatistarum
2332 837 2552 878 causam
2585 831 2875 894 spectant,
2909 838 3120 881 necnon
3157 838 3219 882 ea
3238 839 3359 897 qna:
3379 824 3499 896 ipso

1896 914 2198 984 imperante
2227 931 2288 970 ea
2315 914 2383 972 de
2405 930 2464 971 re
2488 916 2704 971 decreta
2731 924 2878 971 sunt.

1971 1007 2270 1063 Donatistae
2297 1007 2429 1063 nihil
2454 1006 2795 1079 frequentius
2820 1006 3121 1066 Catholicis
3147 1008 3500 1081 objiciebant,

1894 1114 2055 1169 quam
2098 1115 2160 1155 ea
2207 1115 2327 1171 quas
2357 1102 2501 1171 passi
2535 1109 2689 1157 erant
2732 1101 2834 1157 sub
2862 1101 3092 1158 Leontio
3118 1143 3132 1169 ,
3159 1101 3375 1160 Ursatio
3399 1145 3415 1171 ,
3449 1113 3511 1161 et

1894 1193 2154 1251 Macario.
2201 1195 2282 1250 Ad
2328 1195 2380 1251 id
2414 1205 2628 1268 spectat
2670 1196 2967 1254 Donatista:
2996 1195 3282 1268 cujusdam
3322 1213 3507 1256 sermo

1895 1304 2039 1343 nunc
2067 1289 2300 1357 primum
2325 1305 2353 1343 a
2383 1290 2539 1346 nobis
2560 1290 2741 1347 editus
2762 1307 2793 1347 e
2817 1291 3007 1348 codice
3032 1293 3402 1365 manuscripto
3425 1292 3507 1348 bi-

1893 1382 2187 1440 bliothecae
2241 1383 2598 1440 illustrissimi
2656 1394 2712 1441 et
2763 1387 3205 1443 reverendissimi
3262 1387 3506 1460 episcopi

1894 1474 2314 1532 Catalanneusis
2339 1520 2355 1543 ,
2385 1479 2803 1550 quingentorum
2832 1479 3048 1535 circiter
3076 1494 3375 1548 annorum,
3402 1479 3499 1537 sed

1896 1585 2034 1640 Opus
2078 1571 2430 1626 vetustissimi
2462 1571 2751 1628 admodum
2798 1574 3103 1644 scriptoris.
3138 1575 3293 1630 llunc
3320 1574 3500 1647 sequi-

1898 1674 1987 1719 tur
2019 1665 2198 1734 passio
2221 1664 2439 1721 Marculi
2472 1666 2775 1723 sacerdotis
2798 1667 3119 1734 Donatistze,
3144 1668 3302 1740 cujus
3338 1670 3500 1725 etiam

1900 1758 2103 1813 mentio
2135 1756 2192 1811 lit
2232 1759 2371 1829 apud
2395 1758 2672 1831 Optatum,
2705 1778 2825 1834 qua:
2849 1763 2960 1833 jatn
2993 1762 3133 1818 edita
3158 1762 3334 1820 fuerat
3356 1763 3506 1820 Aua-

192 1848 266 1903 sui
288 1854 647 1919 apposuerat.
679 1846 922 1902 derivata
946 1854 1073 1901 sunt
1101 1858 1166 1900 ea
1192 1860 1311 1915 qum.
1333 1844 1386 1899 in
1416 1845 1868 1915 manuscrime
1896 1848 2157 1905 lectorum
2190 1850 2488 1908 Mabillonii
2519 1864 2647 1909 tom.
2683 1872 2757 1923 tv,
2786 1872 2929 1913 nunc
2961 1857 3139 1927 prodit
3165 1858 3505 1915 emendatior

191 1942 378 1999 codice
398 1940 462 1998 S.
492 1941 643 1997 Pauli
671 1938 1097 1996 Cormaricensis
1130 1938 1403 1993 habentur
1420 1946 1568 2009 gesta
1598 1952 1791 2008 purga-

192 2034 347 2089 tionis
378 2031 657 2089 Czectliani
701 2042 756 2089 et
784 2032 981 2087 Felicis
1012 2031 1363 2101 Aptungitani
1388 2072 1402 2098 ,
1435 2045 1646 2087 necnon
1694 2046 1790 2085 va-

191 2131 397 2183 riarum
427 2129 785 2198 epistularum
806 2126 1174 2183 Constantini
1215 2125 1564 2197 imperatoris
1591 2126 1658 2180 ad
1688 2124 1796 2180 Do-

192 2230 423 2277 natistas
472 2219 857 2291 pertinentium
897 2220 1143 2292 sylloge,
1186 2234 1307 2289 qua:
1348 2227 1696 2273 monumenta
1740 2218 1792 2272 in

192 2314 531 2370 editiouibus
558 2312 892 2382 Albaspintei
915 2327 979 2367 ac
998 2310 1193 2367 Priorii
1215 2326 1319 2365 una
1350 2326 1472 2366 cum
1503 2310 1795 2365 collatione

190 2410 605 2480 Carthaginiensi
631 2408 883 2479 adjuncta
907 2417 1030 2462 sunt
1058 2406 1240 2476 Optati
1271 2405 1425 2459 libris
1452 2446 1466 2471 ,
1490 2420 1613 2459 cum
1639 2403 1793 2474 prius

188 2519 217 2560 a
244 2505 505 2560 Massono
553 2502 784 2559 fuissent
809 2505 1101 2572 separatim
1150 2500 1293 2556 edita
1324 2513 1472 2555 anno
1514 2498 1693 2565 1589,
1743 2506 1795 2554 et

190 2598 455 2668 deinceps
486 2612 516 2653 a
543 2596 772 2653 Pitltazo.

256 2694 338 2750 Ad
382 2692 619 2748 istorum
659 2691 969 2762 exemplum
993 2730 1009 2756 ,
1044 2690 1095 2745 in
1121 2699 1306 2745 nostra
1328 2686 1569 2743 editione
1612 2695 1796 2742 vetera

190 2785 369 2841 omnia
416 2794 767 2841 monumenta
811 2800 935 2856 qua:
975 2783 1043 2838 ad
1073 2783 1356 2838 historiam
1391 2782 1795 2836 Donatistarum

188 2878 509 2951 pertinent,
540 2887 659 2933 acta
688 2877 898 2934 scilicet
943 2876 1297 2932 conciliorum
1338 2883 1395 2930 et
1442 2873 1794 2930 collationnm

188 2971 611 3042 episeopalium,
632 2971 897 3041 epistolas
922 2970 1330 3039 episcoporum,
1361 2966 1537 3022 edicta
1590 2978 1643 3022 et
1675 2968 1794 3037 epi-

186 3065 358 3121 stolas
419 3066 854 3135 imperatorum,
906 3072 1170 3136 gestaque
1217 3060 1621 3133 proconsularis
1643 3058 1797 3116 exhi—

189 3158 437 3218 buituus.

1895 1958 1960 1998 ex
1990 1944 2287 2000 collatiOne
2333 1946 2399 2000 ad
2452 1946 2692 2003 codicem
2740 1949 3130 2007 Corbeiensem
3159 1991 3174 2017 ,
3227 1950 3320 2023 qui
3352 1951 3511 2007 nobis

1884 2034 2055 2090 etiam
2081 2035 2742 2111 suppeditavitintegram
2787 2040 3094 2098 Maximiani
3128 2056 3181 2099 et
3210 2042 3359 2100 lsnac
3402 2044 3508 2099 Do-

1895 2130 2219 2185 natistarum
2254 2134 2561 2201 passionem
2581 2178 2595 2199 ,
2629 2135 2789 2207 cujus
2817 2144 3030 2208 partem
3061 2144 3270 2193 tantum
3297 2138 3499 2197 ibidem

1896 2222 2143 2277 ediderat
2184 2223 2545 2282 Mabillonius.
2575 2225 2706 2282 Inde
2737 2225 2803 2282 ad
2829 2226 3312 2302 Carthaginensem
3341 2232 3508 2287 colla-

1900 2315 2100 2371 tionem
2131 2331 2301 2387 usque
2325 2331 2615 2375 occurrent
2638 2321 2783 2393 leges
2811 2330 2922 2378 tum
2947 2322 3346 2382 Ecclesiasticze
3390 2334 3504 2382 tum

1908 2409 2104 2465 civiles
2129 2410 2183 2466 in
2218 2411 2527 2469 Donatistas
2558 2414 2696 2469 latae.
2728 2413 2992 2472 Civilibus
3021 2433 3084 2473 ex
3117 2417 3304 2474 codice
3328 2417 3510 2476 Theo-

1915 2499 2143 2555 dosiano
2169 2501 2534 2573 depromptis,
2571 2504 2922 2562 eruditissimi
2960 2508 3056 2562 viri
3085 2507 3273 2566 Jacobi
3304 2509 3508 2567 Gotho-

1904 2592 2051 2649 fredi
2094 2597 2542 2651 commentarium
2572 2596 2926 2668 subjecimus.

1984 2688 2116 2742 Acta
2144 2687 2452 2743 collationis
2478 2688 2920 2762 Carthaginensis
2950 2706 3078 2748 cura
3107 2701 3159 2749 et
3182 2693 3376 2751 studiis
3399 2694 3513 2752 cla-

1911 2779 2113 2836 rissimi
2138 2790 2299 2850 atque
2326 2781 2675 2838 eruditissimi
2706 2783 2806 2839 viri
2827 2783 3028 2843 Baluzii
3052 2779 3337 2843 emendata
3360 2788 3512 2860 juxta

1901 2871 2020 2943 ejus
2051 2873 2345 2931 editionem
2380 2892 2477 2930 stto
2499 2876 2620 2933 loco
2646 2877 2980 2934 inseruntur.
3011 2880 3186 2937 Novas
3227 2881 3516 2938 adornavi-

1903 2982 2021 3022 tnns
2051 2977 2205 3023 notas
2237 2970 2537 3037 prmscrtim
2584 2969 2726 3026 circa
2766 2971 2924 3028 sedes
2952 2973 3332 3044 episcoporum
3362 2974 3510 3031 Afri-

1902 3075 2159 3117 canorum
2204 3062 2295 3132 qui
2331 3064 2608 3118 collationi
2641 3064 2951 3120 adfuerunt.
2985 3066 3148 3122 Multa
3173 3066 3289 3138 jam
3324 3067 3394 3124 de
3439 3067 3510 3125 iis

1898 3154 2286 3211 observaverat
2310 3154 2595 3223 Baluzius,
2626 3158 2722 3213 sed
2752 3144 2866 3214 rem
2899 3168 3025 3231 post
3051 3174 3176 3216 eum
3201 3160 3510 3218 accuratius

258 3257 510 3313 Ρτίιιιυιῃ
531 3256 674 3312 inter
700 3270 762 3311 ea
785 3255 963 3312 locum
996 3262 1225 3324 occupat
1248 3253 1484 3312 editum
1533 3256 1583 3309 in
1608 3252 1796 3310 Chris-
1823 3243 1868 3306 C
1901 3247 2153 3301 tractavit
2175 3247 2421 3302 eruditus
2445 3248 2609 3304 Pater
2634 3248 3008 3307 Theodericus
3029 3250 3258 3309 Ruinarl
3285 3253 3339 3308 ill
3362 3254 3509 3310 notis

189 3351 367 3406 tianos
394 3353 563 3405 latum
587 3366 615 3403 a
644 3349 980 3406 Diocletiano
999 3359 1053 3403 et
1078 3349 1424 3414 Maximiano,
1456 3349 1615 3418 cujus
1642 3356 1797 3402 teno-

189 3458 298 3499 rem
350 3442 645 3499 Lactantio
674 3454 728 3497 et
760 3442 993 3498 Eusebio
1022 3439 1310 3496 referimus
1335 3484 1349 3507 ,
1396 3441 1537 3511 quod
1572 3440 1699 3495 licet
1731 3439 1797 3494 ad

188 3536 512 3601 Donatistas
537 3552 644 3591 non
673 3536 940 3607 pertineat
966 3577 980 3602 ,
1008 3535 1263 3605 quoniam
1299 3534 1579 3589 schismati
1610 3542 1797 3603 postea

186 3630 367 3687 locum
405 3630 557 3687 dedit
582 3641 638 3687 et
666 3630 736 3685 ab
760 3645 827 3685 eo
870 3630 1190 3685 Donatiante
1220 3638 1386 3684 srcta:
1412 3629 1622 3699 epoclta
1646 3643 1797 3697 rvpe-

186 3724 315 3780 titur
339 3768 357 3791 ,
412 3726 466 3781 in
509 3724 685 3797 capite
713 3730 960 3779 actorum
989 3721 1055 3777 ad
1080 3722 1363 3778 hismriam
1397 3721 1799 3777 Donatistarum

184 3820 583 3890 pertinentium
612 3816 987 3888 apponendum
1014 3830 1137 3872 csse
1165 3814 1436 3871 duximus.

255 3912 586 3984 Sequuntur
608 3920 727 3966 acta
767 3909 1062 3982 Martyrum
1089 3907 1466 3965 Africanorum
1493 3948 1508 3972 ,
1559 3920 1682 3978 qttre
1733 3904 1800 3960 ad

185 4004 508 4060 lraditinnis
550 4002 758 4058 crimen
805 4000 1098 4057 Catholieis
1124 4001 1443 4056 intentatum
1471 3998 1528 4071 6
1555 4014 1583 4052 a
1626 3998 1808 4054 Dona-

185 4099 331 4154 tistis
361 4103 642 4167 spectant.
683 4095 809 4151 [hec
838 4095 1113 4163 excipiunt
1134 4107 1284 4164 gesta
1314 4093 1656 4163 purgationis
1700 4091 1807 4147 Fe-

182 4188 303 4246 licis
331 4201 391 4246 et
429 4186 702 4245 Caeciliani
725 4229 739 4251 ,
771 4203 896 4259 quas
931 4186 1062 4243 licet
1101 4186 1401 4258 posteriora
1442 4187 1549 4241 sint
1576 4228 1591 4252 ,
1625 4193 1803 4241 tamen

185 4289 487 4350 exponunt
506 4294 569 4336 ea
597 4295 718 4351 quae
741 4288 988 4350 tempore
1018 4278 1421 4350 persecutionis
1467 4278 1803 4333 acciderunt.

180 4374 372 4434 Secuti
406 4390 603 4430 sumus
629 4374 687 4430 in
716 4375 785 4429 iis
810 4373 1105 4431 editionem
1130 4371 1420 4430 clarissimi
1443 4373 1543 4427 viri
1573 4372 1808 4439 Baluzii,

183 4470 271 4539 qui
325 4467 465 4523 haec
494 4475 614 4523 aeta
653 4482 775 4522 cum
815 4466 1180 4536 manuscripto
1214 4464 1403 4521 codice
1433 4464 1698 4520 Thnaneo
1719 4465 1813 4535 qui

180 4578 331 4622 nunc
377 4573 479 4620 est
521 4560 878 4620 Biblimhecae
906 4560 1282 4627 Colbertinae,
1334 4559 1530 4616 collata
1578 4559 1809 4615 inseruit

1903 3339 1969 3393 ad
2009 3340 2253 3395 notitiam
2300 3341 2688 3415 EpiSCoporntn
2734 3342 3111 3400 Africanorum
3141 3345 3243 3401 sub
3276 3346 3502 3402 llunne-

1905 3436 2039 3491 rico.
2090 3435 2176 3491 Ab
2205 3436 2289 3493 his
2310 3479 2325 3502 ,
2356 3453 2425 3494 ne
2454 3438 2581 3508 quid
2614 3438 3019 3496 dissimulamus
3042 3481 3059 3506 ,
3110 3442 3339 3497 mtttuati
3388 3440 3506 3497 fere

1903 3542 2088 3584 Sumus
2114 3531 2293 3585 omnia
2319 3547 2438 3601 qua:
2465 3531 2533 3588 de
2564 3531 2668 3586 illis
2698 3531 2922 3588 sedibus
2950 3531 3207 3588 diximus.
3241 3533 3425 3605 Atque
3454 3540 3518 3589 ut

1906 3623 2193 3677 materiam
2238 3622 2660 3679 exhauriremus
2684 3666 2700 3691 ,
2734 3622 3131 3696 Geographiam
3167 3640 3377 3681 sacram
3412 3641 3512 3682 seu

1913 3717 2164 3772 notitiam
2235 3716 2633 3787 provinciarum
2714 3726 2769 3773 et
2837 3718 3246 3789 episcOpatoum
3315 3717 3517 3775 African

1914 3812 2207 3879 texuimus,
2237 3825 2398 3883 quam
2425 3810 2672 3882 sequitur
2703 3811 2881 3867 tabula
2914 3811 3340 3886 Geograpbicaa
3366 3811 3514 3884 peri-

1913 3903 2125 3959 tissimo
2150 3904 2462 3985 geOgrapbo
2507 3903 2774 3960 delineala
2801 3944 2814 3969 ,
2848 3903 2899 3959 in
2932 3915 3177 3976 qualum
3211 3904 3516 3977 provincia-

1914 4014 2035 4054 rum
2067 3994 2449 4053 Al‘ricanarnm
2483 3997 2710 4065 divisio,
2737 4009 2848 4052 tum
2883 3996 3278 4070 praecipitat-um
3308 3996 3519 4056 sedium

1914 4092 2304 4164 episeopalium
2334 4092 2470 4147 situs
2499 4093 2672 4149 oculis
2700 4091 3082 4162 subjiciuntur.

1996 4185 2236 4255 Denique
2265 4184 2528 4240 universo
2576 4184 2726 4254 Operi
2759 4194 2884 4257 post
2928 4184 3066 4241 hanc
3107 4184 3478 4256 praelationem
3505 4225 3520 4252 ,

1918 4276 2205 4332 Donatiani
2227 4275 2543 4332 schismatis
2570 4275 2856 4332 historiam
2888 4278 3306 4349 prteposuimus,
3333 4275 3387 4332 in
3418 4291 3523 4347 qua

1920 4385 2026 4425 non
2053 4369 2260 4425 diserte
2301 4379 2356 4424 et
2401 4378 2594 4425 ornate
2614 4411 2629 4436 ,
2658 4369 2756 4426 sed
2784 4377 3036 4426 accurate
3063 4380 3119 4426 et
3139 4370 3525 4442 cltronologico

1919 4478 2073 4520 more
2098 4463 2308 4535 singula
2335 4471 2683 4535 exponuntur
2704 4463 2925 4532 suisque
2953 4464 3289 4536 temporibus
3309 4462 3526 4535 consig-

1921 4566 2140 4612 nantur.

1160 4788 1213 4893 7
1261 4819 1368 4883 DE
1419 4818 1746 4883 οΡΤΑΤο
1801 4819 1906 4891 ET
1969 4817 2156 4882 EJUS
2203 4817 2469 4881 .LIBRIS

1004 4979 1745 5066 VETERUM.
1810 4972 2734 5064 TESTIMONI'A.

181 5285 255 5341 υ.
283 5284 677 5356 Hieronymus,
702 5281 761 5336 in
782 5278 914 5335 libro
941 5277 1006 5334 de
1025 5275 1163 5334 Viris
1188 5276 1503 5346 illustribus,
1534 5291 1653 5346 cap.
1690 5273 1815 5329 121.

256 5468 509 5539 Optatos
549 5463 677 5521 Afer
715 5463 1003 5534 episcenos
1049 5461 1390 5519 Milevitanus
1419 5474 1486 5516 ex
1517 5467 1671 5530 parte
1725 5471 1820 5513 ca-

1928 5270 1993 5329 S.
2026 5272 2370 5345 Augustinus,
2395 5272 2489 5329 lib.
2511 5287 2553 5330 n
2573 5272 2637 5330 de
2665 5271 2921 5330 Doctrina
2949 5272 3269 5347 Christiana,
3302 5294 3419 5350 cap.
3443 5278 3535 5347 £0,

2589 5384 2736 5424 num.
2770 5368 2864 5425 61.

1995 5457 2187 5516 Nonne
2215 5459 2514 5531 aspicimus
2559 5470 2766 5532 quanto
2801 5476 2938 5518 auro
2966 5472 3020 5519 et
3052 5472 3281 5536 argento
3305 5473 3361 5521 et
3385 5473 3537 5522 veste

184 5564 407 5620 tbolica
461 5561 680 5631 scripsit
708 5558 810 5613 sub
844 5556 1227 5623 Valentiniano
1257 5566 1312 5612 et
1345 5555 1571 5611 Valente
1613 5552 1820 5625 princi-
1922 5551 2308 5610 suffarcinatus
2349 5554 2542 5610 exierit
2583 5554 2656 5611 de
2700 5553 2945 5627 Ευριο
2986 5554 3294 5629 Cyprianus
3343 5558 3543 5615 doctor

180 5658 352 5730 pibus
385 5653 682 5709 adversum
725 5651 1043 5708 Donatianze
1075 5651 1244 5721 partis
1282 5647 1610 5704 calumniam
1638 5646 1811 5703 libros

179 5770 314 5821 sex,
347 5753 413 5807 in
447 5750 643 5821 quibus
681 5746 881 5805 asserit
920 5746 1127 5805 crimen
1160 5745 1584 5802 Donatianorum
1619 5741 1675 5799 in
1714 5757 1814 5798 nos

181 5847 332 5905 falso
360 5843 699 5917 retorqueri.

1921 5649 2274 5707 Suavissimus
2313 5660 2369 5706 et
2392 5660 2600 5723 martyr
2646 5649 3031 5718 beatissimus;
3070 5661 3276 5724 quanto
3301 5652 3539 5711 Lactan-

1922 5741 2068 5808 tius,
2097 5753 2303 5814 quanto
2340 5741 2686 5813 Victorinus,
2740 5742 3006 5816 Optatos,
3061 5744 3322 5817 Hilarius,
3374 5759 3435 5806 ut
3476 5747 3549 5810 de

1918 5834 2057 5893 vivis
2086 5844 2318 5894 taceam.
