3898 6320
451 318 550 387 9η

1525 321 1583 382 8.
1608 316 1858 380 ΟΡΤΑΊΊ
1894 321 2063 380 OPEll

2176 323 2181 379 ἱ
2225 322 2760 387 PIlOLEGOMENA.
3597 341 3681 394 τη

446 446 615 514 Idem,
643 445 736 501 lib.
776 462 793 502 ι
839 455 1020 501 contra
1056 441 1326 516 epistolam
1374 439 1708 496 Parmenioni
1736 482 1749 507 ,
1795 456 1914 513 cap.
1961 441 2048 508 15,
2079 450 2126 509 Α
2157 447 2444 514 potuisset,
2483 445 2912 520 jussiteognitor
2935 455 3101 504 totam
3137 448 3371 521 paginam
3403 454 3610 523 recitari,
3639 467 3684 511 ut

1120 550 1264 590 num.
1316 534 1371 591 5.

520 629 724 701 Legant
747 629 837 701 qui
869 629 1053 685 volunt
1080 644 1201 701 quae
1233 635 1418 682 narrat
1444 634 1499 683 et
1527 624 1728 697 quibus
1754 625 2050 681 documen.

452 722 521 778 tis
546 738 707 793 quam
738 723 907 779 multa
949 722 1273 795 persuadeat
1303 719 1633 776 venerabilis
1655 717 1932 775 memet-ite
1955 716 2056 772 Mi-

445 816 713 872 levitanus
738 817 1028 889 episcopus
1055 815 1351 872 Catholicte
1365 812 1767 868 communionis
1792 795 2052 882 Optatus,

450 910 568 965 sive
607 909 676 965 de
703 909 910 966 anilla
955 909 1398 980 pecuniosisslma
1433 919 1557 963 tunc
1591 914 1649 963 et
1672 905 2055 961 factiosissima

449 1003 690 1072 immitia;
715 1020 877 1077 quam
899 1018 997 1076 pro
1026 1004 1287 1061 Ecclesiae
1324 1002 1609 1074 disciplina
1636 1010 1860 1057 sanctus
1886 999 2056 1056 Caeci-

452 1099 632 1157 lianus
657 1101 834 1157 adhuc
860 1101 1124 1157 diaconus
1156 1101 1399 1168 lmserat,
1422 1098 1508 1177 vel
1540 1097 1609 1154 de
1636 1096 1849 1152 caeteris
1870 1095 2059 1150 factio-

336 1218 348 1228 ·
447 1197 534 1251 nis
574 1195 694 1266 ejus
718 1197 1089 1263 consortibus,
1141 1195 1256 1250 sive
1299 1192 1511 1249 furibus
1554 1190 1919 1247 Ecclesiastici
1963 1204 2058 1244 ar-

451 1292 625 1364 genti,
655 1292 771 1347 sive
793 1290 859 1346 ad
890 1290 1262 1363 episcopatum
1292 1303 1350 1343 se
1383 1301 1489 1342 non
1523 1284 1840 1357 pervenisse
1860 1282 2057 1338 dolen-

452 1384 596 1440 tibus
622 1392 678 1441 et
704 1384 806 1439 sibi
826 1383 1110 1454 prrelatum
1139 1380 1485 1437 Caecilianum
1515 1375 1725 1433 insidiis
1741 1374 1936 1447 quibus
1961 1387 2060 1444 po-

455 1486 637 1536 terant
665 1478 1080 1543 insectantibus,
1110 1478 1228 1533 sive
1254 1475 1321 1531 de
1351 1470 1595 1529 Numidis
1623 1470 1894 1543 episcopis
1921 1481 2060 1539 quos

453 1572 556 1629 ista
585 1570 748 1628 factio
785 1580 1178 1627 convocaverat
1219 1568 1286 1623 ad
1327 1565 1628 1638 perniciem
1672 1561 1969 1628 Caeciliani,
1999 1568 2061 1616 ut

460 1664 558 1720 illo
587 1665 838 1737 deposito
868 1666 1005 1721 alter
1034 1665 1115 1721 eis
1142 1662 1505 1719 ordinaretur.
1549 1658 1677 1713 Hcce
1709 1656 1963 1712 habentur
1991 1655 2031 1710 li
2042 1684 2061 1697 -

454 1758 547 1814 bro
577 1761 749 1831 primo
782 1757 978 1832 Optati.

2154 539 2222 594 de
2250 541 2638 610 superioribus,
2674 550 2729 598 et
2762 541 3108 598 inferioribus
3138 542 3309 599 verbis
3341 543 3561 601 voluntas
3591 548 3686 617 ejus

2154 633 2244 705 qui
2288 634 2602 708 scripserat,
2640 645 2987 701 nosceretur;
3048 646 3101 692 et
3137 652 3199 692 ex
3236 634 3407 692 ofﬁcio
3448 637 3685 695 recitatum

2154 737 2237 785 est
2271 747 2284 782 :
2317 729 2626 785 thcilianus
2670 730 2902 786 omnium
2943 741 3480 804 supratnemoratorum
3525 743 3689 788 senten-

2157 822 2240 878 tiis
2260 823 2501 883 innocens
2531 826 2931 893 pronuntiatus;
2973 822 3115 897 quod
3142 839 3257 879 cum
3288 827 3583 881 recitaretur
3603 825 3689 882 Do-

2159 916 2369 971 natista:
2392 915 2642 973 dixerunt
2685 917 2786 974 hoc
2818 934 2876 974 se
2906 934 3013 973 non
3050 917 3267 988 petiisse
3293 916 3495 972 recitari
3527 927 3693 975 stoma-

2157 1008 2383 1064 chantes
2425 1009 2685 1065 adversus
2725 1025 2819 1066 eos
2860 1011 2951 1081 qui
3000 1010 3168 1065 risum
3204 1019 3381 1066 tenere
3408 1024 3505 1064 non
3541 1020 3694 1080 potue-

2160 1113 2306 1171 runt,
2338 1118 2460 1158 cum
2493 1101 2772 1159 audissent
2798 1118 2957 1174 quam
2985 1110 3226 1172 apertam
3266 1109 3443 1156 contra
3483 1102 3697 1172 semetip-

2160 1208 2251 1250 sos
2297 1194 2542 1264 paginam
2573 1195 2947 1265 protulissent.
2983 1192 3116 1247 Vide
3141 1193 3205 1247 de
3232 1192 3405 1247 eadem
3433 1209 3483 1247 re
3510 1192 3698 1265 capitula

2160 1286 2453 1341 collationis
2490 1285 2909 1357 Carthaginensis
2940 1286 3045 1342 diei
3092 1287 3255 1341 tertite
3293 1284 3418 1352 375,
3452 1283 3544 1340 47⁸1
3573 1296 3611 1341 et
3633 1302 3698 1341 se-

2160 1380 2366 1449 quentia
2406 1396 2567 1449 usque
2604 1380 2673 1434 ad
2701 1378 2810 1435 484
2848 1388 2897 1433 et
2928 1388 3106 1450 postea
3132 1378 3409 1448 capitulum
3446 1375 3558 1442 552,
3584 1385 3699 1431 etse-

2161 1473 2372 1543 quentia
2411 1489 2570 1544 usque
2595 1472 2666 1526 ad
2707 1471 2833 1535 5'59,
2881 1481 2926 1526 et
2955 1471 3225 1542 epistolam
3264 1468 3457 1524 concilii
3492 1467 3704 1523 Zertensis

2162 1565 2306 1636 apud
2333 1564 2392 1621 S.
2430 1565 2767 1640 Augustinum
2798 1563 2920 1634 Ml,
2968 1581 3111 1619 num.
3138 1564 3193 1619 9.

2255 1682 2311 1755 8
2342 1680 2403 1737 S.
2445 1680 2774 1754 Fulgentius,
2807 1682 2897 1736 lib.
2928 1697 2964 1736 tt
2990 1680 3059 1734 ad
3092 1678 3396 1744 Monimum,
3427 1694 3531 1748 cap.
3562 1675 3635 1731 15.

2239 1796 2471 1853 Sanctus
2504 1804 2684 1851 autem
2723 1793 3062 1851 Milevitanus
3093 1793 3380 1861 epist-opus
3402 1788 3452 1845 in
3481 1796 3616 1845 sexto
3638 1783 3711 1840 ad—

497 1895 892 1966 Idem,inlibro
919 1895 985 1952 de
1015 1895 1209 1951 unitate
1229 1890 1499 1960 Ecclesiae,
1513 1907 1631 1962 cap.
1661 1888 1906 1956 l9,nutu.
1932 1883 2023 1941 50.
2094 1856 2139 1916 Β
2175 1906 2363 1947 Versus
2406 1888 2821 1945 Partnenianunt
2869 1886 3007 1943 libro
3049 1856 3337 1941 consilium
3374 1881 3439 1939 de
3464 1878 3714 1950 virginibus

524 2011 635 2067 Nec
664 2026 765 2069 nos
815 2019 1098 2082 propterea
1132 2008 1363 2064 dicimus
1393 2006 1551 2062 nobis
1595 2003 1743 2060 credi
1782 2009 2065 2073 oportere,

454 2103 579 2174 quia
610 2102 781 2175 ipsam
814 2118 977 2174 quam
1016 2112 1268 2158 tenemus
1292 2096 1694 2155 commendavit
1722 2093 2067 2150 Milevitanus

455 2197 685 2271 Optatus
712 2197 801 2254 vel
819 2196 1241 2253 Mediolanensis
1269 2194 1616 2251 Ambrosius.

528 2314 702 2379 Idem,
727 2315 783 2369 in
809 2312 1082 2369 Breoiculo
1100 2276 1428 2379 Collalionis,
1458 2327 1575 2381 cap.
1601 2307 1696 2375 ‘20,
1727 2323 1871 2362 num.
1900 2306 1991 2362 58.

529 2430 635 2488 Sed
665 2428 791 2486 hinc
832 2429 1032 2500 repulsi
1072 2427 1352 2502 (episcOpi
1396 2421 1740 2495 Donatistae)
1782 2422 1933 2478 velut
1960 2422 2065 2476 ali-

456 2528 583 2600 quid
614 2527 1002 2584 validissimum
1033 2525 1299 2595 prolaturi
1345 2523 1613 2593 petierunt
1648 2520 1903 2591 Optatum
1936 2517 2064 2588 legi,

457 2621 603 2694 quod
647 2629 702 2677 et
725 2628 853 2676 ante
876 2621 1209 2692 petiverant,
1260 2617 1402 2674 unde
1444 2630 1505 2672 se
1550 2613 1875 2686 probaturos
1920 2610 2070 2664 dice-

458 2716 590 2770 bant
619 2714 968 2771 Cmcilianum
1004 2712 1074 2769 ab
1105 2711 1437 2783 imperatore
1466 2704 1854 2763 damnatum...
1905 2702 2069 2773 Opta-

460 2816 573 2863 tum
598 2823 727 2863 vero
761 2805 870 2878 legi
901 2805 1072 2861 multo
1101 2803 1394 2859 instantius
1422 2800 1806 2873 ﬂagitabant...
1851 2796 2069 2853 Recita-

458 2908 543 2955 tns
573 2909 656 2955 est
683 2899 913 2969 Optatos
949 2897 1302 2953 recitantibus
1349 2894 1644 2950 Donatistis
1679 2889 1772 2946 ubi
1804 2890 1881 2944 ait
1914 2906 1927 2942 :
1957 2886 2068 2942 Eo~

466 2993 584 3047 dem
605 3000 832 3063 tempore
868 2988 1102 3045 Donatus
1130 2990 1271 3060 petiit
1298 2996 1353 3043 ut
1380 2988 1428 3042 ei
1456 2986 1638 3041 reverti
1676 2983 1906 3039 licuisset
1932 2990 1979 3035 et
2000 2976 2070 3033 ad

459 3082 821 3157 Carthaginem
853 3082 1149 3148 accederet;
1204 3090 1325 3135 tunc
1360 3096 1390 3132 a
1424 3076 1738 3131 Philumena
1777 3082 2070 3147 suggestore

459 3179 573 3249 ejus
601 3175 899 3248 imperatori
928 3182 1223 3247 suggestum
1264 3182 1357 3237 est,
1398 3180 1451 3225 ut
1485 3170 1615 3224 bono
1649 3166 1791 3237 pacis
1833 3164 2072 3219 Caecilia-

458 3287 555 3325 nus
583 3267 778 3326 Brixia:
803 3278 1063 3324 teneretur
1092 3277 1139 3322 et
1168 3272 1365 3340 factum
1397 3276 1540 3320 est...
1576 3263 1632 3318 In
1666 3260 1862 3333 quibus
1890 3258 2071 3315 verbis
2099 3257 2147 3322 C

459 3363 641 3436 Optati
684 3380 806 3420 cum
839 3363 1063 3418 omnino
1113 3359 1258 3416 nulla
1294 3356 1573 3415 Cmciliani
1616 3353 1891 3413 damnatio
1931 3353 2072 3406 sicut

460 3458 534 3515 illi
596 3458 1066 3516 demonstraturus
1120 3471 1179 3514 se
1240 3471 1364 3512 esse
1418 3451 1783 3526 promiserant
1840 3446 2068 3520 reperiri

2172 1986 2399 2042 Paulum
2448 1997 2871 2054 supererogasse
2909 1988 3134 2038 testatur
3160 1978 3254 2036 his
3282 1977 3496 2033 verbis:
3532 1972 3715 2048 Virgini—

2172 2087 2251 2135 tus
2275 2078 2415 2134 enim
2439 2077 2715 2133 voluntatis
2745 2091 2825 2129 res
2855 2084 2951 2138 est,
2996 2090 3099 2129 non
3126 2069 3441 2129 necessitatis
3463 2110 3478 2135 ,
3504 2078 3544 2135 et
3570 2075 3718 2121 cetera

2172 2188 2287 2244 qua:
2303 2169 2553 2229 habentur
2591 2169 2757 2240 infra,
2776 2168 2868 2227 lib.
2902 2182 2975 2233 vt.
3011 2164 3122 2240 54,
3153 2182 3279 2239 pag.
3321 2162 3411 2230 9i,
3431 2170 3477 2216 et
3511 2175 3614 2231 cap.
3649 2155 3717 2213 l5.

2171 2266 2359 2338 Neque
2388 2265 2533 2321 enim
2562 2279 2597 2319 a
2619 2262 2848 2319 veritate
2893 2260 3165 2317 receditur
3196 2260 3252 2313 in
3291 2258 3390 2312 bac
3414 2263 3716 2326 superestis:-

2176 2362 2326 2417 tione
2354 2357 2620 2429 Apostoli,
2671 2357 2786 2411 sive
2811 2352 2957 2424 quod
3000 2360 3223 2407 sanctus
3276 2347 3597 2412 Ambrosius,
3631 2342 3721 2397 sive

2174 2453 2320 2525 quod
2368 2462 2589 2508 sanctus
2626 2447 2988 2520 Augustinus,
3017 2445 3137 2502 sive
3165 2442 3313 2515 quod
3367 2450 3569 2501 sanctus
3592 2436 3723 2507 Opta-

2177 2524 2264 2603 tus
2306 2551 2599 2600 senserunt
2636 2558 2666 2598 a
2708 2540 2864 2597 nobis
2913 2553 3129 2611 quoque
3181 2537 3337 2594 salva
3378 2531 3588 2591 veritate
3625 2524 3722 2583 fidei

2177 2642 2466 2705 sentiatur.

2181 2759 2451 2816 Honorius
2469 2753 2970 2828 Augustodunensis,
2985 2753 3042 2806 in
3054 2750 3193 2807 libro
3216 2750 3284 2804 de
3297 2743 3623 2819 Scripserim
3640 2735 3724 2793 Ec-

2671 2845 2975 2902 clesiasticis
2993 2885 3009 2909 ,
3031 2859 3149 2914 cap.
3183 2857 3268 2899 tu.

2249 2946 2480 3016 Optatns
2523 2942 2653 2998 Afer
2693 2942 3030 2997 Milevitanus
3077 2941 3370 3009 episeOpns
3413 2933 3509 2989 sub
3542 2928 3728 2987 Valente

2177 3039 2400 3110 scripsit
2428 3035 2716 3092 adversum
2743 3034 3065 3089 Duttatianas-
3081 3032 3257 3101 partis
3285 3023 3614 3086 calumniam.

2325 3154 2762 3227 Martyroloyium
2782 3150 3098 3216 Romanum,
3124 3146 3197 3200 ad
3227 3144 3361 3199 diem
3381 3157 3441 3229 tv
3463 3136 3614 3194 Junii.

2252 3270 2430 3327 Milevi
2473 3272 2525 3324 in
2563 3240 2812 3324 Nttmidia
2839 3263 3013 3322 sancti
3049 3246 3237 3334 Optati
3266 3256 3503 3332 episcopi
3529 3246 3728 3310 doctrina

2178 3379 2236 3426 et
2264 3368 2557 3425 sanctitate
2584 3363 2884 3437 conspicui.

2954 3520 2963 3533 ς

486 3542 3698 3623 WW5—

431 3745 507 3821 ω
649 3679 1722 3951 ιῌιδΤΟΡιΙΑ

538 4068 699 4139 Origo
757 4063 1069 4121 Christiania
1125 4058 1414 4129 Religionis
1456 4057 1512 4111 in
1565 4054 1769 4125 Africa.
1820 4052 2069 4107 Persecu-

460 4161 623 4216 tiones
648 4160 701 4215 in
729 4157 1071 4213 Christianos.
1106 4151 1404 4207 Persecutio
1434 4147 1762 4204 Diocletiani.
1791 4146 2067 4201 Sacrorum

463 4253 704 4309 codicum
736 4249 968 4305 traditio.
1000 4277 1073 4289 -—
1098 4244 1462 4300 Christianam
1516 4240 1853 4307 Religionem
1899 4254 2005 4294 non
2037 4252 2068 4294 a

465 4345 731 4417 principio
771 4343 842 4397 ab
891 4340 1165 4411 Apostolis
1193 4338 1326 4408 ipsis
1370 4336 1581 4407 accepit
1618 4334 1800 4390 Africa
1848 4333 1927 4405 (1)
1971 4333 2067 4388 sed

462 4440 618 4505 lapso
638 4436 752 4507 jatn
782 4436 986 4490 saeculo
1019 4448 1051 4489 a
1093 4432 1378 4498 Romanis,
1406 4438 1467 4487 ut
1506 4428 1802 4486 verisimile
1837 4437 1922 4485 est
1959 4426 2065 4499 (2),

466 4533 639 4604 prima
671 4530 952 4601 Evangelii
981 4530 1186 4584 semina
1220 4528 1495 4596 suscepit;
1529 4540 1649 4596 qua:
1679 4523 1935 4594 paulatim
1968 4542 2067 4581 ex-

1827 3656 3450 3862 DONATISTARUM

1925 3918 2308 3975 QNﬁP—IO

2170 4064 2347 4131 culta,
2409 4063 2560 4119 brevi
2610 4075 2861 4132 magnam
2920 4062 3229 4115 sementem
3286 4052 3552 4125 protulere
3581 4046 3737 4112 ιοιιὶηί

2171 4165 2383 4227 partem
2410 4157 2542 4213 licet
2585 4153 3026 4225 persecutionum
3058 4150 3213 4205 furor
3256 4142 3542 4217 aliquando
3563 4136 3740 4193 demcSe

2169 4251 2360 4314 suerit,
2400 4250 2471 4305 ab
2501 4248 2633 4316 ipsis
2675 4245 2964 4302 tormentis
3002 4252 3061 4298 et
3099 4241 3350 4298 caulibus
3394 4235 3737 4292 incretneattun

2170 4347 2406 4415 accepit,
2440 4354 2497 4398 ut
2521 4358 2650 4399 vere
2683 4340 2909 4397 omnino
2954 4354 2984 4393 a
3021 4336 3370 4392 Tertulliani)
3394 4372 3413 4399 ,
3448 4324 3742 4415 Cltrisuauo:

2177 4410 2317 4495 runt-
2338 4440 2430 4510 qui
2474 4439 2533 4493 in
2579 4437 2763 4493 Africa
2802 4444 2961 4491 erant
2998 4431 3223 4488 nomine
3262 4429 3464 4485 dictum
3508 4419 3653 4477 fuerit
3685 4410 3741 4466 ad

2177 4532 2441 4589 Ethnieos
2477 4550 2491 4585 :
2526 4530 2712 4587 Plures
2741 4530 3022 4603 efﬁciatur,
3048 4525 3255 4599 quoties
3301 4521 3533 4579 metitur
3557 4534 3587 4572 α
3608 4510 3742 4569 vobis.

545 4671 624 4740 (Ι)
649 4667 769 4723 Non
795 4687 825 4722 a
846 4666 1114 4734 Principio
1134 4666 1197 4721 ab
1222 4666 1482 4740 Apostolis
1503 4666 1628 4734 ipsis
1643 4667 1837 4735 accepit
1864 4667 2063 4738 Africa.

2176 4673 2433 4739 apostolis
2481 4670 2650 4727 fuisse
2699 4671 3025 4726 institutam.
3077 4666 3187 4722 Sed
3239 4664 3420 4740 minor
3465 4660 3511 4715 ei
3552 4655 3741 4740 debetur

467 4738 838 4823 Petilianusniu
867 4742 1094 4823 epistola
1119 4755 1284 4823 quiin
1303 4738 1493 4820 relellit
1511 4740 1565 4789 ὃ.
1588 4740 1941 4823 Augustini“,
1970 4741 2062 4795 lib.

471 4818 540 4872 de
581 4814 728 4871 Unit.
763 4811 1022 4866 Ecclesia!
1051 4825 1100 4865 c.
1136 4810 1224 4872 15.
1254 4809 1322 4863 de
1351 4810 1561 4873 origine
1588 4809 1866 4879 religionis
1894 4810 2069 4865 chris-

474 4889 635 4943 tiante
678 4886 731 4939 in
775 4882 955 4939 Africa
984 4882 1063 4935 sic
1111 4883 1368 4951 loquitur.
1414 4879 1490 4936 De
1526 4880 1669 4934 nobis
1698 4884 1714 4952 (
1743 4881 2070 4937 Christianis

468 4960 653 5022 Afris)
690 4957 879 5010 dictum
918 4964 989 5008 est
1020 4968 1036 5006 :
1068 4952 1232 5007 Erunt
1275 4953 1423 5014 primi
1468 4954 1554 5020 qui
1596 4964 1739 5006 erant
1780 4955 2065 5008 novissimi.

471 5031 553 5083 Ad
588 5028 815 5099 Africum
837 5025 970 5079 enim
993 5022 1332 5099 Evangeliunt
1360 5023 1679 5099 postmodum
1704 5024 1859 5085 venit,
1887 5035 1931 5078 et
1953 5026 2071 5099 ideo

473 5095 731 5171 nusquam
752 5100 1036 5171 litterarum
1068 5095 1478 5171 Apostolicarunt
1519 5095 1766 5164 scriptum
1803 5104 1875 5150 est
1931 5098 2068 5166 Afri—

402 5178 421 5197 '
473 5164 595 5226 cam'
614 5170 912 5223 credidisse.
936 5168 1032 5222 Cui
1050 5166 1384 5235 respondens
1411 5164 1769 5236 Augustinus,
1803 5182 1908 5221 non
1933 5164 2067 5221 con-

474 5241 648 5301 tendit
678 5241 836 5296 Afros
862 5240 930 5294 ab
958 5239 1231 5309 Apostolis
1261 5237 1392 5305 ipsis
1427 5249 1481 5291 et
1521 5252 1553 5293 a
1578 5238 1848 5309 principio
1888 5238 2071 5293 Evan~

472 5314 673 5386 gelium
702 5311 1000 5386 acoepisse,
1020 5308 1122 5386 sed
1155 5308 1663 5386 tanlttttt‘uennullns
1685 5309 1948 5386 barbaras
1972 5327 2067 5363 ua—

473 5378 636 5441 t'iones
665 5385 819 5438 etiam
832 5378 962 5452 'post
998 5379 1227 5452 Africam
1255 5378 1549 5452 credidisse.
1580 5378 1733 5434 Unde
1758 5389 1968 5435 certum
2000 5383 2070 5436 sit

476 5458 711 5513 Atricam
761 5455 813 5509 in
849 5450 1057 5507 ordine
1099 5450 1354 5506 credendi
1403 5464 1661 5504 nonesse
1696 5453 2065 5506 novissimam.

474 5528 846 5587 Tertullianns
897 5537 1113 5594 quoque
1163 5523 1216 5579 in
1265 5521 1402 5594 libro
1444 5520 2070 5594 deAPrtescriptiouibus

476 5606 733 5656 adversus
772 5591 1059 5651 bmre'ticos
1105 5596 1300 5649 fatetur
1330 5591 1602 5648 Ecclesias
1651 5591 1931 5649 Africanas
1957 5612 2068 5652 non

476 5687 597 5727 esse
643 5669 971 5741 apostolicus
992 5709 1006 5731 ,
1036 5664 1138 5741 hoc
1181 5675 1286 5731 εει,
1319 5679 1418 5719 nec
1440 5664 1507 5741 ab
1537 5662 1792 5732 apostolis
1811 5704 1827 5732 ,
1875 5680 1973 5741 nec
2000 5666 2069 5721 ab

479 5735 796 5811 apostolicis
821 5740 955 5793 viris
984 5739 1229 5811 quicum
1257 5735 1516 5806 apostolis
1563 5739 2068 5811 perseveraverint,

482 5806 643 5866 fuisse
690 5811 961 5869 fundatas.
1003 5806 1298 5867 Salvianus
1327 5823 1360 5863 e
1393 5818 1583 5864 contra
1625 5806 1836 5863 videtur
1865 5809 2072 5863 sentire

481 5881 518 5938 ι.
552 5897 622 5938 vu
650 5882 719 5938 de
748 5880 1118 5949 Providentia,
1159 5878 1640 5951 Carthaginiensem
1679 5877 1974 5936 Ecclesium
2002 5880 2071 5937 ab

2177 4729 2313 4800 ﬁdes
2340 4755 2603 4801 extraneo
2632 4754 2686 4799 et
2707 4742 2999 4800 recentiori
3025 4755 3088 4796 ac
3108 4739 3233 4794 aliis
3264 4737 3411 4793 Afris
3436 4743 3486 4792 et
3513 4729 3742 4797 antiquioo

2174 4818 2346 4872 ribus.
2806 4856 2813 4861 .
3358 4810 3367 4819 '

2412 4888 2665 4944 Romanis
2686 4897 2737 4940 ut
2762 4884 3033 4961 verisimile
3062 4892 3156 4937 est.
3174 4883 3233 4936 S.
3252 4876 3584 4961 -;Attgus_tinus

2174 4949 2327 5013 oliui.
2357 4975 2524 5025 cun,
2554 4975 2695 5014 nunc
2725 4974 2863 5013 mu
2889 4956 2957 5025 de
2980 4957 3226 5011 Romana
3251 4949 3487 5025 Ecclesia
3517 4951 3739 5025 loquens”:

2176 5029 2347 5093 Unde,
2372 5016 2375 5017 ν
2403 5016 2595 5100 inquit,
2644 5020 2981 5095 Evangelium
3030 5027 3098 5080 ad
3145 5028 3318 5100 ipsum
3350 5021 3572 5100 {Spicum
3606 5016 3735 5100 utfrui-li

2174 5100 2453 5159 limacem.
2477 5092 2529 5168 Ἰ,
2562 5092 2723 5168 ἐνίει.
2756 5092 2819 5153 ad
2853 5092 3175 5154 Decentium
3198 5094 3543 5168 Eugubiuum
3572 5092 3743 5165 aitesse

2174 5161 2526 5242 manifestum
2554 5161 2609 5227 in
2655 5188 2853 5226 omnem
2882 5168 3141 5242 Altaliam,
3195 5161 3426 5242 Gallius,
3474 5161 3740 5242 Ilispattfaf:

2174 5226 2435 5314 νῖσῖἦί.
2445 5226 2603 5314 ﬁatque
2619 5243 2858 5299 Siciliam
2872 5226 3182 5308 [malasque
3200 5226 3561 5314 interiacentes
3573 5226 3741 5314 nulla!

2175 5262 2431 5314 Alricum,
2452 5262 2504 5299 at
2544 5262 2603 5299 ne
2619 5262 2858 5299 διακίνει
2872 5262 3182 5308 statuasque
3200 5262 3561 5310 lnu‘rjlulcusca
3573 5262 3741 5283 ηιμ-ηπ

2175 5317 2459 5371 instituisse
2503 5262 2799 5383 Z’cclesias,
2836 5315 2935 5369 nisi
2977 5330 3062 5366 eos
3094 5328 3222 5382 quos
3262 5305 3561 5383 uenerabilis
3590 5298 3743 5383 Ρειξιρ

2176 5387 2455 5459 Apostolus
2494 5367 2737 5459 autejtts
2768 5367 3091 5459 successores
3106 5367 3494 5459 'coltstituerint
3541 5367 3743 5459 sect?th

2176 5450 2271 5524 tes,
2305 5467 2362 5515 et
2388 5458 2453 5513 D.
2481 5450 2709 5528 Gregor.
2741 5459 2836 5513 lib.
2866 5450 2962 5518 vn,
2994 5450 3152 5528 cpist-
3182 5450 3280 5528 52,
3328 5451 3398 5506 δά
3445 5450 3743 5528 θ’θπηψη

2175 5525 2659 5593 Cartliacinensem
2710 5530 3025 5599 episcopum
3061 5546 3074 5581 :
3107 5526 3345 5599 Scienm
3384 5531 3642 5599 εἴπεσκε
3668 5525 3745 5599 ,Ἦῖ

2174 5578 2888 5673 sgittas;istiuas};
2901 5578 3133 5673 ἓᾶἷὶίιὲιιὲ
3152 5578 3434 5673 iii-ipsaet
3458 5578 3746 5673 sacerdotali

2176 5657 2469 5739 exordium,
2499 5657 2831 5728 laudabiliter
2860 5657 3013 5743 agitis
3053 5668 3190 5743 quod
3216 5657 3397 5743 sedent
3439 5657 3747 5743 Apostolicgot

2176 5729 2541 5827 «suaenam
2563 5745 2729 5827 9mm
2774 5729 2930 5801 υεειῐί
2970 5729 3224 5815 originem
3254 5735 3501 5809 ρηιάσηιί
3540 5729 3748 5787 recorda-

2175 5829 2316 5873 tione
2346 5827 2629 5872 νεειιννηιε.
