3898 6320
246 318 346 379 775

1446 302 1770 384 ηἰςτοκιΑ
1810 308 2373 388 DONA'HSTARUM.

3448 328 3553 402 m

244 432 431 489 Semen
459 440 536 489 est
580 434 793 507 sanguis
822 433 1258 494 Christianorum.
1304 436 1372 495 At
1412 439 1561 495 nulla
1592 453 1846 509 umquam
1879 441 1923 499 A
1955 454 2062 496 non
2093 450 2301 500 tantum
2332 444 2523 512 laicus,
2572 445 2668 502 sed
2702 455 2756 503 et
2797 448 3026 507 clericos
3076 466 3141 507 ac
3193 452 3339 525 ipsos
3389 458 3552 513 cli‘tm

241 528 292 583 in
308 524 647 585 ChriStianos
678 530 871 586 s:cvior
891 539 1186 595 tempestas
1205 532 1438 587 excitata
1460 543 1547 589 est
1572 533 1622 587 in
1644 533 1713 587 Ai
1715 532 1816 588 rica
1832 574 1848 598 ,

241 638 400 693 quam
436 623 776 681 Diocletiano
811 633 869 681 et
917 625 1254 684 Maximiano
1301 628 1690 700 imperantibus
1729 637 1849 699 post

245 715 518 786 proposita
551 715 749 786 ubique
781 725 1049 774 terrarum
1077 722 1205 775 anni
1248 719 1354 777 303
1394 721 1549 776 initio
1581 721 1634 776 in
1665 720 1851 776 Chris-

248 807 424 863 tianus
443 807 638 863 edicta.
671 808 821 865 'l‘unc
844 811 905 869 in
948 812 1228 882 provincia
1272 813 1652 870 Proconsulari
1698 817 1850 870 Auu-

246 900 409 964 linus,
431 907 485 956 et
505 902 558 956 in
588 901 832 958 Numidia
861 902 1053 960 Florus
1076 905 1276 961 bellum
1303 904 1617 963 Christiano
1643 906 1850 963 nomini

245 993 582 1062 intulerunt,
641 996 784 1067 quod
845 997 925 1052 sic
972 997 1235 1055 describit
1273 1000 1573 1071 Oppotatus
1619 1001 1716 1057 lib.
1766 1015 1849 1069 ut,

240 1084 271 1159 δ
296 1087 330 1143 8
354 1107 368 1144 :
396 1086 648 1145 Omnibus
673 1098 853 1145 uotum
888 1099 984 1154 est,
1012 1092 1136 1162 quid
1165 1110 1344 1161 eorum
1378 1105 1595 1166 operata
1630 1095 1695 1149 sit
1725 1094 1852 1148 arti-

243 1184 423 1257 ficiosa
447 1185 727 1242 crudelitas
746 1204 765 1242 :
788 1189 1020 1247 seuiebat
1036 1189 1229 1246 bellum
1252 1190 1564 1248 Christianis
1576 1193 1850 1262 indictum;

242 1281 295 1330 in
318 1275 523 1346 templis
550 1277 926 1335 daemoniorum
951 1282 1189 1338 diabolus
1211 1284 1596 1357 triumphabat;
1630 1288 1854 1342 immun-

244 1365 326 1433 dis
355 1367 628 1437 fumabant
650 1385 757 1426 arte
792 1371 1079 1440 nidoribus,
1109 1384 1156 1429 et
1183 1375 1304 1445 quia
1350 1377 1419 1431 ad
1453 1377 1727 1449 sacrilegia
1769 1392 1853 1433 tu!b

242 1459 358 1515 nire
382 1478 485 1516 non
515 1472 770 1530 poterant,
800 1464 1103 1535 ubicumque
1141 1466 1261 1522 titus
1289 1484 1479 1537 ponere
1519 1470 1848 1541 cogebantur.

247 1552 431 1610 Omnis
461 1555 603 1611 locus
641 1558 887 1629 templum
926 1569 1034 1614 erat
1081 1561 1152 1615 ad
1195 1562 1379 1617 scelus.
1433 1562 1853 1635 Inquinobantur
1908 1556 1917 1564 ’

243 1664 408 1717 prope
436 1650 710 1707 morientes
744 1668 889 1708 senes
913 1671 932 1707 :
951 1654 1200 1727 ignorans
1231 1656 1559 1723 polluebatur
1595 1658 1854 1730 infantia;

240 1758 275 1797 a
303 1741 560 1798 matribus
591 1744 794 1813 paruuli
825 1748 1164 1814 portabantur
1192 1749 1262 1803 ad
1289 1751 1476 1821 nefas;
1509 1760 1743 1820 parentes
1771 1754 1854 1807 in-

1952 535 2239 603 episcopos
2281 547 2425 592 metu
2470 548 2860 596 tormentorum
2893 559 2956 598 ac
2985 545 3195 612 mortis,
3230 557 3338 602 tum
3370 563 3556 605 sacros

1950 629 2192 694 codices,
2229 638 2338 684 tttnt
2369 631 2470 686 alia
2497 646 2647 689 sacra
2681 649 2807 689 vasa
2840 644 2931 691 aut
2979 636 3339 695 instrumenta
3390 640 3569 696 tradiq

1950 718 2133 791 disse,
2154 721 2237 784 Hi.
2267 720 2581 797 Traditores
2610 725 2767 796 vulgo
2798 726 2925 785 dicti
2957 739 3102 783 sunt.
3152 732 3254 786 Alii
3296 748 3328 788 e
3369 742 3557 789 contra

1951 815 2133 871 studio
2166 815 2459 888 ﬂagrantes
2503 820 2861 877 immoderato
2894 821 3096 892 palam,
3127 824 3291 880 ctiam
3318 825 3361 881 si
3395 841 3556 883 nemo

1953 909 2005 980 2
2024 906 2767 984 inquireret,_proiitebantur
2789 928 2847 968 se
2870 914 3086 970 codices
3114 930 3301 972 sacros
3330 917 3558 986 habere,

1948 1016 2091 1072 quos
2118 1002 2412 1059 tradituros
2442 1016 2723 1076 negarent,
2757 1016 2921 1077 atque
2969 1022 3091 1063 sese
3122 1010 3282 1065 morti
3334 1010 3561 1081 objicie-

1953 1094 2101 1150 bant.
2133 1096 2350 1163 Quanto
2382 1097 2457 1151 illi
2492 1099 2869 1169 prudentiores
2916 1101 3075 1156 simul
3107 1111 3161 1158 et
3187 1103 3559 1177 religiosiores

1952 1188 2043 1258 qui
2080 1189 2299 1245 codices
2327 1203 2514 1247 sacros
2546 1191 2765 1248 silentio
2794 1206 2895 1247 suo
2929 1200 3102 1250 tectos
3129 1197 3522 1253 conservabant
3543 1238 3559 1264 ,

1951 1278 2025 1335 ita
2059 1289 2237 1337 tamen
2272 1292 2328 1338 ttt
2358 1283 2680 1355 apprehensi
2714 1295 2767 1341 et
2799 1286 3137 1358 interrogati,
3169 1304 3343 1361 neque
3380 1289 3561 1347 trade-

1955 1384 2095 1439 rent,
2122 1390 2299 1446 neque
2320 1378 2615 1435 tradituros
2637 1394 2696 1435 se
2721 1395 2844 1436 esse
2873 1381 3279 1451 profiterentur.

2030 1467 2325 1547 Mensurius
2347 1468 2773 1543 Carthaginensis
2802 1474 2928 1545 quid
2950 1476 3014 1529 de
3035 1475 3270 1547 codicum
3294 1490 3561 1534 sacrorum

1952 1544 2228 1615 traditione
2263 1565 2533 1618 censuerit.
2573 1564 2713 1630 Quid
2757 1544 3395 1641 SecundufTigisitanus
3440 1571 3564 1627 Nu-

1951 1655 2127 1711 midia:
2150 1654 2379 1712 Primos.
2402 1686 2474 1698 —
2497 1658 2571 1714 Ex
2606 1658 2690 1715 his
2714 1658 2815 1725 luit
2836 1660 3141 1719 Mensurius
3164 1663 3562 1739 Carthaginien-

1952 1750 2031 1803 sis
2062 1753 2315 1816 antistes,
2350 1751 2439 1818 qui
2467 1754 2831 1808 anteces‘soris
2862 1755 2944 1809 sui
2974 1755 3229 1827 Cypriani
3258 1748 3563 1815 doctrinam

236 1845 460 1891 cruenta
485 1839 765 1907 parricidia
810 1843 982 1911 facere
1023 1844 1376 1914 cogebantur:
1404 1845 1497 1901 alii
1542 1846 1852 1918 cogebantur
1879 1836 1927 1897 Β
1955 1852 2212 1907 sequens,
2243 1854 2339 1898 eos
2369 1844 2458 1913 qui
2502 1858 2561 1899 se
2589 1861 2691 1900 non
2735 1847 3093 1920 comprehensi
3124 1852 3563 1922 persecutionibus

239 1931 438 1999 templa
470 1929 567 1986 Dei
595 1933 695 1988 rivi
726 1933 1045 2001 subvertere;
1073 1937 1165 1992 alii
1211 1937 1470 1994 Christum
1516 1957 1723 2013 negare,
1762 1943 1852 1997 alii

242 2026 381 2097 leges
420 2028 619 2083 diuinas
666 2031 977 2101 incendere;
1015 2034 1108 2088 alii
1145 2032 1297 2088 tltura
1340 2050 1548 2105 ponere.
1605 2034 1670 2090 Et
1709 2036 1852 2091 idem

238 2118 472 2187 Auctor,
497 2120 591 2176 lib.
635 2121 733 2194 ης
774 2124 842 2179 15
875 2140 888 2178 :
922 2122 1096 2199 Hujus
1141 2127 1507 2197 persecutionis
1548 2144 1639 2196 per
1687 2139 1848 2185 totam

236 2211 481 2284 Africam
508 2216 749 2288 dieagata
786 2227 1083 2289 tempestas,
1113 2221 1257 2275 alios
1269 2222 1388 2289 fecit
1419 2233 1687 2294 martyres,
1722 2225 1855 2281 alios

237 2308 585 2379 confessores,
618 2312 894 2365 nonnullos
923 2314 1183 2385 funestam
1213 2315 1490 2383 prostravit
1524 2316 1579 2368 in
1610 2326 1847 2383 mortem,

240 2398 465 2455 latentes
493 2400 688 2457 dimisit
708 2403 921 2460 illazsos.
964 2405 1104 2473 Quid
1135 2422 1524 2461 commemorem
1549 2408 1731 2475 laicos,
1767 2410 1855 2479 qui

239 2503 367 2549 tunc
396 2496 455 2550 in
481 2493 717 2555 Ecclesia
756 2500 902 2553 nulla
938 2502 1145 2571 fuerant
1171 2501 1421 2572 dignitate
1445 2500 1647 2568 suffulti
1668 2503 1694 2556 ?
1730 2502 1855 2571 quid

238 2588 511 2643 ministros
559 2590 852 2660 plurimos?
901 2592 1029 2659 quid
1088 2593 1336 2647 diaconos
1383 2595 1440 2648 in
1488 2594 1685 2647 tertio?
1729 2594 1855 2664 quid

238 2681 589 2754 prwsbyteros
610 2684 665 2738 in
686 2684 911 2741 secundo
928 2686 1214 2743 sacerdotio
1240 2689 1546 2743 constitutos
1558 2690 1584 2742 .9
1603 2688 1627 2742 Ι
1635 2690 1715 2760 psi
1742 2689 1857 2760 api-

230 2790 327 2839 ces
343 2786 394 2831 et
419 2776 680 2848 principes
699 2778 949 2846 omnium,
965 2781 1126 2850 aliqui
1151 2781 1379 2850 episcopi
1407 2782 1511 2836 illis
1523 2783 1854 2852 temporibus,

244 2879 301 2923 ut
330 2867 528 2923 damno
563 2878 768 2925 (eterna!
787 2872 924 2937 vitta,
950 2873 1099 2929 istius
1128 2875 1338 2929 incerta:
1367 2873 1496 2929 lucis
1538 2891 1711 2930 moras
1742 2876 1858 2930 bre-

240 2961 488 3016 vissimus
533 2975 888 3035 compararent
917 2967 1253 3020 instrumenta
1306 2967 1492 3023 diuina:
1530 2967 1657 3039 legis
1699 2968 1855 3040 impie

243 3052 600 3109 tradiderunt.
651 3054 765 3112 Hoc
808 3057 954 3113 enim
995 3066 1114 3115 erat
1152 3060 1424 3129 peculiare
1474 3060 1857 3117 Diocletiauetn

245 3150 654 3219 persecutionis
692 3151 894 3209 malum
936 3152 1076 3223 quod
1121 3151 1415 3210 Christiani
1461 3153 1629 3210 libros
1672 3168 1858 3210 sacros

1954 1930 2203 2000 olerrent
2223 1944 2271 1989 et
2297 1937 2435 1990 ultro
2457 1938 2684 1993 dicerent
2709 1954 2762 1993 se
2790 1940 2973 1996 habere
2998 1944 3286 2015 scripturas
3305 1962 3430 2015 quas
3457 1963 3562 2003 non

1954 2026 2240 2091 traderent,
2273 2028 2393 2082 licet
2418 2030 2483 2083 ab
2505 2030 2577 2085 eis
2606 2031 2704 2086 hoc
2729 2048 2876 2087 nemo
2902 2034 3183 2102 quaesisset,
3213 2038 3559 2108 iniprobat'tit,

1954 2124 2010 2171 et
2040 2124 2312 2187 tamquam
2357 2129 2625 2194 martyres
2669 2124 2924 2182 honorari
2957 2129 3145 2183 vetuit.
3194 2127 3318 2198 Ipse
3359 2146 3479 2187 vero
3508 2148 3565 2187 se

1954 2224 2133 2265 sacros
2162 2213 2384 2277 codices,
2405 2231 2469 2269 ne
2488 2231 2523 2268 a
2548 2217 2962 2287 persecutoribus
2987 2222 3355 2291 inuenirentur,
3386 2224 3565 2279 abstu-

1958 2300 2080 2357 lisse
2103 2314 2254 2372 atqne
2280 2309 2579 2373 servavisse,
2610 2317 2657 2365 et
2687 2312 2868 2366 Iterum
2899 2313 3016 2368 loco
3044 2316 3100 2369 in
3127 2313 3340 2371 basilica
3367 2319 3563 2388 scripta

1954 2391 2312 2451 ltwreticorum
2347 2400 2643 2469 reliquisse,
2675 2412 2886 2461 testatus
2918 2407 3072 2461 estin
3098 2408 3319 2481 epistola
3348 2412 3419 2464 ad
3459 2411 3562 2468 Se-

1956 2487 2181 2543 cundum
2214 2506 2231 2553 ;
2262 2507 2378 2562 quas
2406 2509 2520 2546 cum
2552 2492 2863 2551 invenissent
2890 2511 3260 2568 persecutores,
3305 2512 3353 2557 et
3389 2503 3567 2560 abstu-

1958 2584 2159 2650 lissent,
2191 2586 2326 2641 nihil
2354 2588 2579 2658 amplius
2605 2605 2713 2645 esse
2758 2592 3096 2661 postulatum.
3135 2592 3269 2665 Quia
3318 2599 3567 2665 quamvis

1960 2676 2174 2746 quidam
2229 2688 2404 2748 postea
2466 2678 2893 2753 Carthaginensis
2940 2686 3139 2739 ordinis
3199 2670 3568 2761 suggessissenl

1960 2765 2294 2833 Proconsuli,
2343 2771 2483 2842 quod
2546 2772 2692 2828 illusi
2733 2776 2951 2845 fuissent
2990 2779 3076 2846 qui
3115 2779 3259 2835 missi
3307 2790 3450 2835 erant
3497 2782 3567 2837 ad

1960 2861 2374 2919 Christianorum
2417 2868 2704 2934 scripturas
2752 2871 3060 2940 auferendae
3101 2881 3149 2927 et
3196 2872 3564 2944 incendendas,

1961 2959 2084 3028 quia
2112 2976 2211 3014 non
2257 2961 2554 3016 invenerunt
2587 2962 2688 3017 nisi
2731 2965 2901 3019 nescio
2931 2982 3045 3037 qua:
3070 2965 3139 3022 ad
3167 2984 3250 3023 eos
3277 2985 3378 3023 non
3408 2970 3568 3044 perti-

1963 3051 2155 3117 nentia,
2184 3053 2326 3121 ipsas
2375 3064 2551 3109 autem
2580 3056 2634 3109 in
2666 3057 2818 3112 domo
2851 3057 3099 3131 EpiscOpi
3137 3062 3417 3131 custodire,
3449 3062 3571 3120 inde

1963 3144 2199 3201 deberent
2230 3151 2453 3218 proferri
2478 3159 2522 3203 et
2553 3150 2780 3219 incendi,
2808 3152 3106 3209 Proconsul
3130 3154 3198 3209 ad
3220 3156 3316 3210 ltoc
3345 3156 3417 3211 eis
3447 3172 3571 3211 con-

386 3242 787 3301 comburcndos
817 3246 1032 3302 uadere
1056 3258 1404 3316 cogeremur.
1436 3249 1645 3318 Quippe
1672 3248 1861 3304 existi.-
1886 3227 1931 3291 Ο
1964 3239 2151 3293 sentire
2176 3240 2362 3295 noluit.
2380 3240 2453 3296 ηδ
2480 3242 2763 3309 prudentia
2784 3242 3039 3300 Mensurii
3067 3246 3269 3302 servati
3294 3248 3573 3305 511111οἒ11⁵·

248 3336 479 3390 mabant
506 3335 752 3392 homines
784 3337 916 3393 valri
948 3339 1046 3395 hac
1080 3338 1420 3409 putissimum
1452 3340 1663 3398 ratione
1690 3340 1864 3395 chris—

249 3429 461 3485 tianam
485 3428 818 3500 Religionem
844 3446 909 3486 ex
931 3431 1129 3487 animis
1146 3432 1423 3488 hominum
1446 3431 1650 3489 aboleri
1680 3444 1862 3502 posse,

247 3522 294 3577 si
322 3521 454 3578 libri
480 3522 675 3594 quibus
699 3523 946 3580 doctrina
975 3524 1268 3581 christiana
1290 3526 1604 3582 continetur
1622 3541 1654 3582 e
1684 3525 1867 3582 medio

250 3616 603 3673 tollerentur.
623 3617 755 3673 llinc
771 3618 1088 3676 Diocletiani
1117 3631 1171 3676 et
1193 3620 1498 3676 Maximiani
1522 3620 1702 3677 edicto
1721 3628 1863 3691 prtu-

249 3714 416 3782 cipue
444 3711 760 3781 cavebatur,
791 3723 849 3769 ut
875 3714 1021 3770 sacri
1061 3714 1281 3772 codices
1330 3716 1564 3773 ﬂammis
1611 3716 1866 3773 absume-

250 3813 484 3870 rentur;
510 3813 671 3876 atque
698 3817 755 3861 ut
783 3806 835 3861 id
865 3810 1173 3864 executioni
1202 3811 1570 3873 mandaretur.
1604 3807 1872 3880 Principi-

251 3903 347 3953 bus
385 3908 438 3954 et
467 3900 854 3969 magistratibus
880 3918 974 3956 suo
1001 3902 1182 3973 cuique
1210 3904 1323 3958 loco
1353 3904 1641 3974 injunctum
1665 3905 1787 3976 fuit,
1815 3913 1873 3960 ut

252 3990 420 4045 libros
460 3989 675 4059 deiﬁcos
709 4003 1063 4061 extorquerent
1102 4010 1131 4050 e
1158 3994 1394 4051 manibus
1432 3995 1788 4068 episcoporum
1823 4002 1871 4051 et

250 4086 696 4156 presbyterorum,
733 4093 790 4139 ut
832 4070 1068 4140 refertur
1116 4084 1174 4140 in
1223 4087 1358 4153 actis
1406 4086 1601 4143 Felicis
1630 4087 1872 4158 episcopi

255 4175 690 4248 Tubyzacensis.
710 4177 848 4233 Huic
873 4178 1055 4236 edicto
1078 4190 1333 4252 parentes
1362 4182 1700 4253 singulorum
1721 4184 1871 4241 ioco-

254 4293 383 4332 rum
416 4277 789 4348 magistratus,
820 4278 1076 4346 lectbres,
1126 4280 1478 4354 presbyteios
1507 4292 1564 4338 et
1588 4282 1875 4353 episcopos

254 4386 450 4427 coram
480 4386 541 4426 se
567 4371 685 4428 sisti
723 4370 1009 4442 iubebant,
1032 4364 1357 4445 Scripturas
1404 4374 1474 4430 ab
1501 4375 1565 4430 iis
1613 4384 1873 4446 expostu-

256 4466 451 4521 labant
477 4481 494 4523 ;
525 4463 738 4521 tradere
760 4476 1050 4522 renuentes
1081 4466 1370 4522 tormentis
1399 4466 1540 4523 allici
1572 4478 1626 4523 et
1665 4468 1717 4523 in
1756 4482 1876 4523 car-

253 4571 450 4613 cerem
478 4555 676 4627 conjici
702 4557 964 4626 iubebant
984 4599 1000 4626 ,
1035 4559 1089 4615 in
1140 4561 1419 4631 proposito
1448 4569 1830 4629 permanentes
1851 4602 1868 4627 ,

256 4650 325 4704 ad
360 4649 746 4720 proconsulem
789 4661 880 4706 aut
925 4652 993 4706 ad
1022 4651 1184 4707 alium
1214 4654 1548 4722 superiorem
1580 4658 1865 4724 magistra-

259 4751 380 4799 tum
434 4740 608 4804 missi,
658 4744 834 4814 capite
887 4744 1279 4815 plectebantur.
1343 4745 1730 4802 Discurrcbant
1778 4762 1874 4819 per

258 4834 709 4891 Christianorum
749 4835 894 4892 :cdes
924 4835 1263 4908 apparitores
1293 4846 1347 4892 ct
1394 4837 1592 4893 milites
1613 4879 1629 4901 ,
1660 4848 1874 4895 scruta-

259 4927 469 4984 bantur
500 4928 794 4984 secretiora
821 4928 1035 4992 domus,
1072 4943 1176 4985 non
1206 4939 1412 4985 tantum
1460 4930 1627 4986 libros
1662 4944 1874 4999 sacros,

261 5024 361 5081 sed
389 5038 520 5079 vasa
549 5039 704 5080 sacra
752 5039 914 5080 aurea
959 5036 1015 5079 et
1038 5037 1314 5096 argentea,
1348 5025 1572 5090 calices,
1600 5025 1876 5094 lucernas,

182 5100 188 5103 ’
261 5118 489 5190 aliaque
528 5127 847 5185 ornamenta
895 5119 1131 5190 undique
1159 5118 1462 5188 conquisita
1500 5120 1874 5190 asportabant,

262 5228 335 5269 ne
369 5212 696 5284 praeparatis
744 5213 961 5285 quidem
1017 5214 1069 5269 in
1120 5228 1418 5284 pauperum
1460 5228 1590 5269 usus
1635 5214 1878 5270 vestibus

260 5305 604 5380 parcebant;
638 5322 699 5361 ac
728 5304 967 5374 demum,
1015 5317 1073 5362 ut
1120 5306 1241 5363 fieri
1288 5307 1429 5363 solet
1470 5308 1523 5362 in
1570 5305 1878 5379 bujusmodi

260 5401 523 5464 casibus,
561 5397 908 5467 perditissimi
962 5399 1207 5457 homines
1239 5401 1480 5471 pretiosa
1517 5416 1743 5472 quaeque
1772 5409 1881 5457 tam

261 5508 426 5550 sacra
454 5510 621 5566 quam
652 5493 877 5565 profana
917 5497 1311 5565 compilabant.
1343 5496 1401 5552 In
1434 5496 1618 5553 Africa
1653 5513 1886 5569 praeser-

265 5588 367 5643 tim
392 5588 467 5643 ita
498 5596 802 5659 grassatam
830 5604 953 5646 esse
980 5601 1387 5661 persecutornm
1419 5590 1625 5647 rabiem
1652 5633 1667 5657 ,
1721 5591 1883 5648 iidem

265 5681 481 5737 iaciunt
531 5692 710 5738 vetera
766 5693 1138 5750 monumenta,
1190 5698 1312 5754 quae
1354 5683 1537 5755 Optati
1584 5684 1736 5741 libris
1780 5700 1879 5741 an-

266 5778 592 5833 nexuimus.
626 5777 733 5833 Sed
774 5776 922 5849 quod
970 5776 1266 5834 dolendum
1307 5778 1477 5849 magis
1524 5787 1644 5842 est,
1700 5793 1765 5834 ex
1816 5778 1882 5836 iis

271 5871 447 5926 etiam
478 5868 834 5942 intelligimus
853 5870 1040 5943 plures
1066 5869 1430 5942 Christianos,
1463 5879 1523 5929 ut
1545 5872 1625 5928 ait
1648 5870 1881 5943 Optatos

1967 3333 2184 3404 thagine
2214 3334 2470 3405 praecipui
2502 3336 2722 3394 codices
2750 3354 3029 3395 sacrorum
3062 3342 3345 3398 librorum.

2039 3426 2304 3483 Numidiae
2331 3427 2542 3484 Primas
2573 3431 2853 3486 Secundus
2882 3431 3208 3504 Tigisiluntls
3233 3435 3415 3491 verbis
3444 3436 3570 3509 qui-

1967 3519 2090 3577 dem
2134 3520 2347 3592 jactans
2377 3524 2638 3594 gloriam.
2673 3524 2752 3579 rei
2781 3536 2951 3596 gestae
2984 3526 3202 3597 ignaros
3256 3527 3483 3597 fefellit;
3521 3537 3577 3586 at

1969 3614 2181 3670 virtutis
2208 3630 2423 3683 expers,
2448 3617 2645 3682 quibus
2666 3618 2792 3688 quid
2814 3619 3013 3690 egisset
3036 3620 3276 3691 ignotum
3303 3638 3408 3677 non
3432 3631 3573 3691 erat,

1969 3705 2169 3762 derisui
2222 3706 2339 3762 luit.
2369 3708 2451 3764 Ad
2502 3708 2833 3765 Mensurium
2886 3709 3086 3782 quippe
3138 3712 3288 3768 dedit
3339 3712 3572 3781 litteras,

1967 3800 2165 3869 quibus
2195 3800 2396 3866 aiebat,
2427 3819 2447 3855 ι
2486 3800 2677 3858 Missos
2712 3803 2779 3859 ad
2810 3819 2871 3860 se
2916 3818 2949 3860 a
2999 3813 3252 3863 curatore
3291 3816 3347 3864 et
3384 3808 3579 3864 ordine

1967 3891 2357 3949 Centurionem
2383 3903 2437 3949 et
2470 3893 2881 3951 Betteiiciarium
2929 3899 3021 3969 qui
3067 3909 3318 3969 peterent
3364 3898 3578 3956 divinos

1970 3986 2189 4043 codices
2216 3989 2551 4057 exurendos,
2582 3990 2742 4061 eique
2769 4007 2799 4045 a
2840 4007 2900 4048 se
2930 4006 3275 4062 responsum,
3318 3993 3576 4049 Christia~

1971 4095 2071 4134 nus
2105 4094 2217 4134 sum
2253 4088 2301 4133 et
2345 4079 2636 4153 Episcopus
2658 4096 2809 4149 ,‘tton
2852 4084 3088 4139 trsditor.
3135 4086 3381 4154 Cumque
3410 4085 3479 4140 ab
3508 4099 3577 4142 eo

1973 4176 2181 4233 vellent
2216 4178 2392 4246 aliqua
2425 4178 2614 4234 ecbola
2641 4189 2734 4234 aut
2761 4178 3142 4248 quodcumque
3186 4178 3456 4249 acrlpere,
3484 4194 3581 4236 ue-

1974 4283 2079 4340 que
2110 4268 2213 4325 hoc
2238 4270 2318 4325 eis
2348 4270 2585 4338 dedisse,
2631 4273 2889 4341 exemplo
2935 4271 3184 4329 Eleazari
3229 4271 3578 4343 Maccltabtei,

1971 4361 2066 4432 qui
2097 4376 2200 4418 nec
2229 4362 2433 4434 ﬁngere
2459 4363 2630 4420 voluit
2656 4364 2871 4420 suillam
2887 4379 3107 4421 camera
3140 4379 3204 4444 se
3227 4365 3580 4434 manducare,

1976 4470 2045 4509 ne
2084 4454 2204 4511 aliis
2253 4457 2522 4526 praeberet
2569 4457 3035 4526 prmvaricationis
3071 4459 3404 4529 exeniplum.
3441 4477 3461 4513 ι
3513 4462 3587 4516 At

1977 4548 2276 4619 Purpurins
2308 4550 2607 4620 Episcopus
2635 4549 2959 4607 Limatensis
2982 4553 3068 4607 vir
3094 4552 3361 4621 perfrictis
3392 4553 3585 4609 frontis

1973 4644 2287 4716 iactantiam
2344 4644 2488 4700 illam
2554 4645 2790 4701 Secundi
2845 4647 3093 4716 sequenti
3165 4648 3583 4718 exprobratione

1976 4739 2331 4809 compescuit,
2361 4755 2483 4793 cum
2516 4749 2798 4795 accusatus
2827 4741 2895 4794 ab
2940 4756 3007 4797 eo
3038 4742 3313 4797 homicidii
3348 4743 3432 4797 bis
3457 4756 3582 4798 eum

1978 4833 2137 4888 dictis
2185 4829 2539 4889 subsannavit
2570 4848 2584 4886 :
2614 4829 2699 4886 Tu
2743 4832 2870 4901 quid
2914 4833 3086 4904 egisti.
3133 4834 3221 4899 qui
3259 4844 3426 4887 tentus
3466 4849 3521 4888 es
3552 4848 3588 4888 α

1979 4922 2230 4979 Curatore
2263 4933 2311 4979 et
2353 4923 2536 4979 ordine
2580 4932 2636 4979 ut
2672 4925 2957 4997 scripturas
3004 4924 3155 4979 dares
3180 4926 3206 4978 Ρ
3240 4922 3509 4993 Quomodo
3537 4935 3587 4980 te

1981 5018 2213 5075 liberasti
2240 5018 2304 5072 ab
2347 5019 2506 5087 ipsis,
2540 5018 2641 5073 nisi
2688 5019 2808 5089 quia
2855 5017 3045 5073 dedisti
3094 5027 3185 5075 aut
3211 5020 3420 5093 jussiin
3469 5019 3588 5075 dari

1983 5114 2356 5185 quodcumque,
2383 5126 2505 5165 nam
2534 5128 2636 5166 non
2658 5120 2707 5166 te
2728 5111 3050 5166 dimittebant
3080 5112 3294 5184 possint.
3324 5111 3437 5168 Hoc
3457 5128 3591 5169 con-

1984 5206 2118 5263 vitio
2148 5219 2395 5273 repressa
2422 5215 2503 5261 est
2528 5205 2763 5261 Secundi
2784 5205 3026 5273 audacia,
3051 5206 3144 5278 qui
3175 5222 3239 5260 cx
3268 5214 3589 5263 accusatore

1984 5314 2110 5357 reus
2138 5298 2310 5356 lactus
2335 5298 2439 5355 sibi
2469 5298 2667 5355 timens
2695 5309 2886 5371 utpote
2928 5298 3264 5355 Traditionis
3306 5299 3588 5363 conscius,

1986 5394 2216 5451 consilii)
2242 5393 2482 5452 Secundi
2510 5392 2696 5450 fratris
2735 5395 2817 5450 sui
2866 5393 2958 5448 lilii
2988 5403 3159 5449 totum
3206 5393 3478 5464 negotium
3512 5391 3587 5448 ad

1982 5492 2084 5548 Dei
2108 5489 2369 5562 judicium
2392 5489 2621 5556 remisit,
2651 5498 2707 5545 et
2729 5487 3085 5558 coepiscopos
3104 5502 3234 5543 suos
3258 5484 3591 5541 Traditiouis

1987 5584 2273 5643 manifeste
2302 5598 2365 5640 ac
2394 5583 2613 5656 propria
2642 5581 2992 5638 confessione
3020 5581 3322 5647 convictos,
3349 5578 3421 5635 ab
3441 5577 3594 5636 omni

1988 5694 2146 5751 paena
2177 5679 2444 5734 immunes
2470 5691 2593 5733 esse
2622 5689 2815 5745 passus
2840 5682 2955 5739 ost;
2997 5687 3065 5729 ne
3093 5682 3147 5730 et
3184 5673 3300 5745 ipse
3343 5671 3593 5744 ejusdem

1985 5769 2231 5828 criminis
2263 5784 2390 5826 reus
2415 5775 2791 5841 perageretur.

2059 5863 2262 5922 Traditi
2298 5864 2500 5921 codices
2524 5862 2657 5919 sacri
2688 5878 2721 5917 α
2742 5859 2919 5918 Paulo
2941 5858 3160 5941 Cirtensi
3190 5871 3238 5919 et
3266 5860 3501 5920 Silvano.
3527 5888 3595 5909 —-
