3898 6320
429 276 538 335 775

1451 273 1510 333 S.
1558 271 1812 331 ΟΡΤΑΤΙ
1865 271 2022 331 OPEI

2129 273 2149 330 Ι
2190 273 2730 337 PROLEGOMENA.
3318 309 3325 315 '
3568 297 3650 355 776

425 385 689 443 Cirtensis
740 384 974 444 civitatis
1011 399 1134 458 quae
1163 385 1482 456 Metropolis
1518 387 1694 444 civilis
1740 388 2035 457 provincia:
2060 395 2108 452 Α
2139 388 2322 448 Zama;
2352 392 2543 461 fuisse,
2573 410 2681 467 quo
2702 410 2823 452 cum
2852 397 3129 456 venissent
3173 398 3437 462 Christiani
3479 411 3652 480 quidam

426 481 695 538 Numidia:
741 481 860 548 fuit,
905 480 1197 552 cpiscopus
1238 488 1356 536 erat
1398 479 1622 537 Paulus.
1654 481 1735 537 Ad
1768 496 1894 537 eum
1936 496 2032 538 ve-

428 573 510 629 nit
543 588 628 629 xrv
646 570 918 629 Kalendas
968 571 1157 629 lunias
1186 571 1457 630 Munatius
1494 572 1646 629 Felix
1676 572 1872 629 flamen
1904 587 2031 643 per-

426 676 619 739 petuus
669 673 891 722 curator
913 664 1143 721 colonia:
1170 666 1476 731 Cirtensis;
1504 664 1877 736 interpellavit
1911 664 2034 735 epi-

426 774 648 831 scopum
684 770 738 815 ut
770 758 1042 830 proferret
1070 763 1368 831 scripturas
1398 761 1641 831 legisﬂet
1660 762 1703 817 si
1728 761 1857 832 quid
1884 761 2031 818 aliud

425 854 671 911 haberet.
698 854 748 911 ls
778 855 1061 927 respondit
1086 856 1387 926 scripturas
1414 870 1536 911 esse
1568 870 1736 926 penes
1765 856 2030 922 lectores;

425 948 571 1019 quod
606 958 785 1005 autem
828 948 1065 1006 habebat
1112 949 1368 1015 hicsese
1412 948 1543 1004 dare
1588 958 1834 1019 paratum
1885 964 2028 1006 esse.

424 1039 660 1097 Rursum
700 1041 1074 1112 interpellatus
1109 1051 1167 1097 ut
1191 1040 1508 1099 ostenderet
1538 1042 1771 1098 lectores
1797 1084 1812 1108 ,
1841 1052 1936 1097 aut
1964 1043 2031 1098 ad

426 1126 551 1189 illos
578 1132 844 1202 mitteret,
869 1133 1115 1203 reposuit
1135 1148 1233 1189 eos
1250 1148 1374 1190 esse
1396 1140 1556 1191 notos
1581 1133 1779 1190 Edesio
1794 1144 1848 1190 et
1869 1133 2032 1192 Junio

427 1227 834 1298 cxceptoribus.
864 1227 999 1283 Dein
1030 1227 1231 1284 Paulus
1260 1237 1314 1283 et
1341 1228 1459 1299 ejus
1479 1229 1665 1284 clerici
1697 1229 1918 1297 calices,
1950 1230 2033 1284 lu-

426 1333 646 1386 cernas,
678 1328 857 1376 vestes
885 1334 1180 1391 pauperum
1209 1334 1275 1374 ac
1318 1323 1628 1376 universam
1662 1320 1922 1377 Ecclesiae
1941 1335 2033 1376 su-

427 1410 755 1483 pellectilem
770 1427 979 1469 necnon
1004 1428 1168 1468 unum
1182 1411 1429 1469 codicem
1461 1412 1843 1484 indagantibus
1863 1413 2030 1469 tradi-

424 1506 644 1564 derunt:
666 1507 795 1564 inde
814 1516 939 1564 sese
954 1506 1305 1578 magistratus
1318 1507 1387 1563 ad
1403 1507 1597 1563 domos
1616 1507 1878 1564 lectorum
1901 1522 2032 1565 con-

426 1602 684 1669 tulerunt,
716 1602 806 1672 qui
840 1615 947 1657 non
968 1603 1198 1677 multum
1215 1611 1580 1672 repugnantes
1597 1615 1784 1657 sacros
1810 1601 2030 1658 codices

423 1696 715 1754 tradidere.
741 1696 1013 1767 Imprimis
1025 1695 1459 1767 veroSylvanus,
1490 1705 1618 1752 tunc
1642 1695 2024 1761 subdiaconus,

2137 482 2449 555 inquisitum
2490 504 2616 544 num
2664 489 2731 543 ad
2754 489 2928 559 ipsum
2971 493 3299 562 pervenisset
3338 512 3522 556 sacrum
3547 519 3656 573 prm-

2134 592 2372 650 ceptum,
2410 581 2758 651 respondisse
2800 583 3071 652 nondum;
3119 586 3211 642 sed
3258 587 3445 646 vidisse
3478 608 3528 650 se
3564 598 3655 667 ejus

2134 673 2380 743 exempla
2421 684 2475 732 et
2506 673 2687 732 Zamtc
2716 686 2771 732 et
2801 677 3017 736 Furmis
3067 679 3306 740 basilicas
3331 696 3379 741 et
3416 687 3658 758 scripturas

2134 763 2297 831 dirui,
2322 779 2653 840 quapropter
2672 772 2978 844 proferrent
3007 774 3296 848 scripturas
3318 780 3361 836 si
3384 798 3503 850 quas
3526 782 3659 841 hahe-

2135 867 2280 926 rent,
2322 871 2448 917 tunc
2474 864 2690 921 misi<se
2718 879 2815 921 eos
2854 866 2921 923 ad
2967 867 3164 925 Felicis
3200 868 3421 927 domum‘
3451 884 3499 929 et
3536 872 3663 932 Gala-

2136 953 2269 1009 tium
2313 970 2496 1012 secum
2526 958 2615 1014 ubi
2674 958 3107 1017 Christianorum
3139 963 3401 1024 orationes
3435 968 3535 1023 fleri
3561 985 3663 1024 con-

2135 1057 2449 1116 sueverant,
2479 1053 2789 1123 porrexisse
2817 1063 2873 1109 et
2904 1054 3032 1112 inde
3060 1055 3357 1112 cathedram
3384 1068 3434 1115 et
3453 1061 3665 1131 epistolas

2134 1142 2481 1198 salutatorias
2506 1145 2712 1200 ablatas
2739 1155 2794 1201 et
2822 1148 2964 1202 ostia
2990 1149 3169 1204 omnia
3190 1148 3472 1219 combusta,
3498 1160 3545 1208 et
3568 1168 3663 1208 cum

2136 1235 2202 1289 ad
2229 1234 2449 1290 domum
2484 1234 2681 1292 Felicis
2705 1240 2944 1309 episcopi
2978 1241 3213 1296 misisset
3249 1241 3485 1298 officiales
3526 1244 3667 1316 publi-
3740 1263 3744 1266 ‘

2137 1341 2253 1392 cos,
2285 1329 2354 1384 ab
2384 1329 2452 1383 iis
2478 1333 2844 1387 renuntiatum
2885 1347 3007 1389 esse
3038 1332 3187 1388 illum
3216 1334 3494 1390 absentem.
3520 1334 3585 1389 ita
3606 1334 3667 1390 ni.

2139 1419 2217 1475 hil
2246 1436 2274 1474 a
2299 1420 2479 1477 Felice
2506 1422 2759 1478 traditum
2787 1438 2908 1481 esse
2958 1424 3117 1496 hujus
3150 1425 3444 1482 testimonio
3466 1441 3669 1499 comper-

2137 1522 2271 1568 tum.
2304 1516 2374 1568 At
2401 1514 2670 1586 ingentius
2706 1517 2798 1587 qui
2847 1529 3035 1588 postea
3080 1517 3180 1574 fuit
3223 1517 3442 1576 Decurio
3479 1519 3668 1591 liquen-

2135 1610 2273 1665 sium
2293 1652 2306 1675 ,
2344 1610 2512 1667 Felici
2544 1612 2787 1670 infensus
2814 1616 2957 1686 quod
3003 1614 3244 1672 Maurum
3273 1614 3554 1688 episcopum
3576 1614 3669 1673 Uti-

2133 1718 2353 1761 censem
2379 1708 2610 1763 amicum
2643 1720 2698 1764 et
2724 1708 2991 1779 hospitem
3025 1727 3181 1767 suum
3209 1712 3278 1767 ob
3299 1722 3515 1782 emptum
3562 1711 3668 1783 Epi-

422 1789 515 1860 qui
538 1789 815 1845 lucernam
841 1798 896 1845 et
921 1788 1268 1859 capitulatam
1285 1798 1594 1859 argenteam
1616 1801 1735 1859 qute
1757 1788 2019 1855 latebant,
2048 1792 2099 1856 B
2127 1807 2407 1867 scopatum
2437 1802 2982 1871 excommunicasset,
3002 1803 3344 1881 Caecilianum
3373 1802 3673 1871 convenit,ct

424 1884 565 1939 ultro
594 1883 855 1954 protulit,
886 1882 1075 1939 dicens
1104 1898 1165 1939 se
1212 1897 1352 1952 pone
1398 1897 1579 1938 arcam
1607 1897 1701 1939 eas
1729 1883 2026 1939 invenisse.

490 1975 861 2047 Comprehensi
905 1975 1192 2032 Christiani
1222 1977 1276 2031 in
1305 1976 1506 2029 civitate
1551 1974 1836 2030 Abitinensi
1881 1986 1929 2031 et
1975 1975 2030 2030 in

419 2086 676 2126 carcerem
702 2070 944 2139 conjecti.
978 2067 1269 2125 Consilium
1300 2069 1566 2123 Cceciliani
1605 2078 1651 2123 et
1679 2068 1931 2124 Mensurii
1968 2069 2031 2123 de

418 2163 693 2219 uisitandis
741 2172 892 2218 caute
954 2161 1389 2233 martyribus.——
1418 2160 1687 2217 Fervente
1731 2165 2027 2217 etiamnum

420 2255 803 2327 persecutione
830 2254 1010 2326 pridie
1037 2244 1164 2310 ldus
1192 2254 1471 2313 Februarii
1496 2254 1637 2309 "anni
1661 2252 1789 2322 504,
1822 2256 1873 2309 in
1896 2255 2033 2309 civi-

423 2357 534 2405 tate
555 2348 865 2406 Abitinensi
894 2347 1159 2405 Saturnus
1181 2346 1478 2419 Presbyter
1498 2362 1619 2403 cum
1646 2346 1772 2403 ﬁliis
1801 2355 2031 2417 quatuor

421 2443 717 2501 Saturnino
742 2442 961 2514 iuniore
990 2452 1049 2498 et
1077 2441 1260 2497 Felice
1288 2441 1633 2507 Lectorihus,
1663 2441 1828 2496 Maria
1863 2440 2030 2497 Sanc-

417 2535 706 2603 timoniali,
736 2534 1011 2592 Hilarione
1033 2534 1264 2600 infante,
1294 2542 1351 2591 et
1376 2549 1502 2590 cum
1542 2549 1609 2589 eo
1639 2533 1880 2601 Dativus,
1919 2533 2026 2588 Fe-

417 2629 523 2697 lix',
549 2630 852 2701 Ampelius,
880 2630 1081 2701 aliique
1105 2629 1418 2700 complures
1447 2639 1554 2684 tam
1584 2629 1686 2684 viri
1716 2644 1877 2701 quam
1903 2644 2026 2684 mu-

415 2722 582 2781 lieres
610 2723 953 2780 celebrantes
992 2724 1262 2780 dominica
1308 2732 1674 2791 sacramenta,
1722 2738 1753 2777 a
1798 2723 2026 2778 colonia:

418 2818 820 2891 Magistratibus
844 2819 1226 2888 comprehensi
1256 2827 1461 2874 suntet
1506 2834 1611 2873 una
1643 2816 2027 2889 Carthaginem

417 2912 688 2983 perducti,
718 2912 903 2981 ibique
931 2921 1053 2981 post
1081 2912 1371 2983 gloriosam
1399 2910 1800 2967 confessionem
1826 2912 1877 2965 in
1903 2926 2024 2965 car-

416 3020 600 3063 cerem
648 3005 903 3076 conjecti.
939 3004 1023 3061 Ad
1049 3018 1144 3061 eos
1183 3004 1588 3060 conveniendos
1620 3014 1674 3058 et
1700 3001 2023 3068 visitandos,

420 3099 501 3155 uti
526 3114 623 3170 par
652 3106 738 3154 cst
764 3097 1009 3166 credere,
1040 3098 1256 3153 incaute
1284 3104 1340 3152 et
1359 3096 1705 3168 glomeratim
1732 3109 2027 3151 concurre-

2133 1890 2202 1946 ab
2226 1904 2295 1946 eo
2318 1892 2471 1961 petiit
2496 1894 2647 1962 quasi
2683 1892 2878 1951 Felicis
2907 1897 3147 1959 nomine.
3172 1907 3227 1953 ut
3267 1900 3457 1969 sceipto
3481 1906 3671 1953 testare-

2133 1993 2222 2040 tur
2250 1987 2468 2044 codices
2495 2004 2681 2045 sacros
2707 1992 3019 2048 combustos
3050 2010 3174 2051 esse
3202 2004 3430 2066 tempore
3463 1993 3674 2050 duumvia

2131 2088 2281 2134 ratus
2309 2081 2413 2135 sui.
2457 2081 2593 2137 Cum
2638 2084 2691 2139 id
2741 2085 2843 2156 ipsi
2885 2086 3210 2159 denegasset
3236 2088 3560 2149 Caecilianus,
3587 2090 3674 2141 Au-

2131 2173 2370 2242 gentium
2418 2178 2650 2231 amicum
2678 2186 2733 2233 et
2776 2179 3038 2251 collegam
3084 2180 3351 2238 Caeciliani
3384 2182 3433 2238 in
3464 2181 3674 2237 mdilitate

2131 2264 2382 2321 adhibuit
2416 2268 2856 2339 intercessorem,
2890 2272 2955 2328 ad
2985 2273 3140 2345 cujus
3175 2290 3356 2344 preces
3396 2273 3668 2330 Cmcilianus

2130 2357 2414 2427 epistolam
2445 2362 2665 2432 scripsit
2690 2362 2879 2431 Felici,
2911 2381 3014 2436 qua
3045 2370 3343 2423 testabatur
3368 2382 3498 2422 anno
3518 2365 3675 2421 dumu-

2129 2451 2338 2508 viratns
2383 2455 2469 2510 sui
2499 2468 2773 2526 praesente
2803 2458 3016 2516 Galatio
3048 2464 3305 2532 quasdam
3338 2461 3569 2534 epistolas
3607 2476 3676 2515 sa-

2131 2545 2414 2603 lutatorias
2441 2567 2471 2605 e
2495 2549 2716 2608 basilica
2746 2553 2910 2609 fuisse
2957 2556 3188 2626 ablatas,
3220 2565 3273 2613 et
3308 2556 3554 2628 lngentius
3578 2553 3675 2610 huic

2130 2641 2375 2712 epistolae
2415 2644 2623 2700 addidit
2669 2646 2900 2704 Felicem
2947 2649 3153 2708 dixisse
3186 2670 3199 2707 :
3228 2650 3371 2707 Tolle
3414 2652 3675 2716 clavem,el

2130 2750 2260 2805 quos
2301 2735 2354 2789 in
2400 2737 2645 2792 cathedra
2686 2739 2843 2795 libros
2890 2752 2936 2796 et
2962 2760 3118 2812 super
3148 2744 3321 2815 lapide
3361 2743 3542 2798 codices
3580 2740 3676 2795 tolle

2129 2831 2270 2898 illos,
2303 2832 2392 2887 sed
2432 2832 2549 2887 uide
2586 2834 2841 2905 ofﬁciales
2871 2853 2934 2892 ne
2958 2838 3147 2894 tollant
3177 2839 3343 2895 oleum
3383 2848 3428 2894 et
3470 2837 3674 2892 triticum.

2129 2925 2227 2981 Cui
2261 2942 2384 2983 cum
2412 2932 2790 3001 respondisset
2811 2932 3132 2992 Ctecilianus
3159 2955 3171 2990 :
3204 2935 3284 2992 Tu
3310 2936 3461 2992 nescis
3488 2934 3591 3000 quia
3610 2931 3678 2986 ubi

2128 3019 2401 3089 scriptum
2424 3023 2753 3080 inveniuntur
2781 3028 2895 3093 ipsa
2921 3029 2972 3100 3
3003 3029 3190 3085 domus
3219 3029 3455 3084 diruitur.
3484 3025 3678 3082 Felicem

2129 3111 2196 3166 ad
2250 3114 2365 3169 haec
2408 3116 2657 3193 dixisse:
2693 3120 2834 3187 Quid
2878 3140 2999 3195 ergo
3042 3121 3340 3193 faciemus?
3380 3120 3678 3179 Caecilianum

418 3191 552 3249 bam
580 3191 897 3286 Christi“???
928 3205 994 3286 ᾳ
1022 3205 1131 3262 quo
1156 3188 1782 3286 invidia_°°"cnaba‘_‘!"o
1816 3188 2022 3286 phire"
2049 3191 2095 3256 Ο
2130 3188 2478 3281 respondisse
2513 3230 2527 3269 :
2559 3211 2735 3269 Tollat
2756 3188 2955 3286 aliquis
2971 3188 3245 3274 de'vestris
3271 3218 3322 3274 in
3347 3234 3463 3273 area
3486 3215 3563 3270 ubi
3588 3228 3682 3267 ora-

414 3300 524 3358 que
572 3284 732 3342 morti
781 3283 1198 3352 objiciebantur.
1232 3281 1390 3351 Quod
1421 3296 1650 3337 cernens
1687 3280 2019 3346 Mensurius,

414 3377 709 3437 Caeciliano
739 3378 1125 3436 archidiacono
1157 3379 1210 3434 in
1253 3377 1525 3434 mandatis
1552 3377 1703 3433 dedit
1751 3386 1811 3433 ut
1838 3377 2021 3432 incon-

414 3474 612 3531 sultam
645 3473 790 3529 illam
823 3473 1035 3529 turbam
1062 3488 1093 3528 a
1143 3472 1351 3528 foribus
1389 3471 1627 3528 carceris
1672 3478 1904 3537 arceret,
1955 3483 2023 3524 ne

418 3566 681 3624 tumultus
708 3568 884 3635 ﬁeret,
911 3574 967 3624 et
992 3565 1193 3622 invidia
1221 3565 1612 3621 concitaretur.
1647 3564 1783 3619 Hinc
1828 3575 2016 3617 ansam

417 3668 607 3732 postea
632 3658 904 3714 Caeciliani
934 3658 1299 3714 calumniandi
1344 3657 1693 3727 arripuerunt
1737 3656 1899 3727 hujus
1925 3655 2021 3710 ad-

415 3753 647 3815 versarii
678 3767 742 3808 ac
769 3752 1008 3824 ﬁngendi
1032 3754 1202 3826 ipsum
1241 3752 1355 3807 lora
1382 3763 1431 3807 et
1462 3753 1631 3826 ﬂagra
1659 3767 1775 3805 cum
1807 3750 2020 3805 armatis

414 3857 534 3904 ante
556 3851 694 3920 {ores
723 3848 946 3905 carceris
976 3847 1228 3918 posuisse,
1253 3856 1300 3901 et
1330 3846 1393 3900 ab
1419 3845 1651 3917 ingressu
1674 3854 1825 3917 atque
1874 3846 2019 3899 aditu

415 3952 627 3999 cunctos
673 3942 763 4014 qui
807 3942 995 3998 victum
1050 3951 1326 4013 potumque
1375 3939 1690 4011 martyribus
1739 3937 2019 4006 offerebant

414 4038 560 4110 gravi
588 4037 787 4111 injuria
823 4034 1157 4108 propulsasse
1183 4050 1202 4089 :
1228 4048 1349 4105 qua:
1377 4034 1647 4088 calumnia
1676 4047 1706 4087 a
1734 4032 2017 4088 verisimili

414 4130 644 4187 omnino
671 4130 931 4186 abhorret
960 4144 1061 4184 nec
1096 4128 1256 4183 aliam
1288 4126 1489 4183 habere
1514 4126 1730 4182 videtur
1752 4125 2017 4195 originem

412 4239 575 4296 quam
601 4223 747 4295 quod
775 4222 1033 4297 Cypriani
1057 4221 1342 4279 consilium
1401 4228 1618 4276 secutus
1647 4217 2019 4275 commendarit

413 4324 473 4372 ut
491 4326 640 4373 caute
664 4327 711 4372 et
737 4334 839 4373 non
872 4316 1195 4390 glomeratim
1210 4315 1397 4388 (verba
1419 4322 1546 4369 sunt
1561 4311 1818 4387 Cypriani
1842 4326 1932 4381 ep.
1959 4311 2016 4383 ν)

412 4428 509 4468 nec
522 4426 627 4485 per
650 4411 1028 4466 multitudinem
1056 4410 1152 4465 sibi
1168 4412 1410 4486 junctam
1438 4408 1507 4464 ad
1527 4406 1940 4463 conservandum
1968 4416 2017 4460 et

344 4576 347 4577 ν
411 4504 728 4560 uisitandum
762 4510 1104 4577 confessores,
1128 4504 1416 4560 Christiani
1443 4511 1827 4569 concurrerent,
1867 4511 2018 4570 atque

386 4607 469 4654 ut
495 4614 612 4653 cum
639 4606 1033 4671 temperamento
1061 4596 1159 4652 hoc
1178 4606 1418 4670 ageretur
1448 4612 1540 4668 per
1570 4594 1911 4667 Presbyteros
1937 4593 2018 4649 al-
2038 4603 2093 4665 1)

411 4694 571 4751 ternis
594 4693 788 4749 uicibus
815 4708 873 4748 eo
896 4694 1173 4761 uenientes,
1205 4703 1259 4748 ut
1292 4692 1485 4748 scilicet
1514 4692 1826 4762 temporibus
1852 4689 2015 4745 servi-

413 4797 575 4857 retur,
608 4789 771 4863 quieti
791 4789 1169 4861 prospiceretur
1190 4797 1235 4842 et
1262 4789 1397 4855 plebi
1419 4786 1794 4861 provideretur.

490 4882 629 4950 Quid
671 4881 738 4937 de
789 4879 980 4936 Felicis
1027 4879 1366 4953 Aptungitani
1418 4896 1571 4935 causa
1614 4879 1917 4935 constiterit.
1938 4909 2012 4921 --

412 4975 649 5033 Felicem
679 4974 1099 5047 Aptungitanum
1128 4972 1455 5044 Episcopum
1483 4971 1778 5033 Caeciliani,
1806 4982 1866 5027 nt
1884 4988 2008 5027 mox

412 5067 681 5135 dicemus,
712 5068 1101 5134 ordinatorem,
1132 5064 1438 5121 traditionis
1465 5065 1626 5120 etiam
1663 5063 1899 5122 crimine
1927 5065 2009 5120 in-

412 5159 687 5219 famarunt
727 5160 1041 5216 Donatistae.
1072 5158 1144 5215 At
1167 5174 1231 5214 ex
1262 5159 1583 5215 testimoniis
1613 5176 1799 5216 eorum
1830 5160 1923 5229 qui
1947 5176 2010 5217 ea

408 5255 481 5313 de
508 5270 589 5323 re,
634 5254 978 5325 postmodum
1021 5254 1368 5325 inquisitione
1417 5252 1551 5308 facta
1582 5268 1726 5310 anno
1756 5253 1898 5323 3M,
1942 5256 2011 5310 ab

407 5350 630 5409 Atiliano
692 5348 1017 5422 proconsule
1066 5347 1222 5419 jussu
1276 5344 1613 5402 Constantini
1668 5346 2011 5417 imperatoris

407 5443 576 5502 auditi
614 5454 762 5511 sunt,
795 5444 1090 5498 immunem
1119 5441 1187 5496 ab
1214 5455 1281 5496 eo
1318 5438 1549 5494 crimine
1575 5438 1812 5495 Felicem
1844 5440 2011 5498 fuisse

404 5538 672 5597 constitit.
696 5538 907 5610 Quippe
926 5534 1247 5592 Caecilianus
1270 5535 1360 5607 qui
1375 5534 1639 5591 Duumvir
1655 5544 1770 5589 erat
1795 5533 2003 5605 Aptun~

402 5630 600 5703 gitana:
633 5630 888 5698 coloniae,
918 5644 1042 5686 cum
1076 5627 1411 5700 prepositum
1444 5635 1530 5683 est
1554 5626 1792 5682 edictum
1831 5626 1901 5682 de
1925 5627 2006 5683 di-

402 5724 629 5783 ruendis
656 5724 915 5783 Ecclesiis
941 5734 1000 5783 et
1037 5722 1427 5782 comburendis
1472 5722 1627 5781 libris
1665 5718 2007 5779 Christiano-

403 5831 547 5887 tum,
602 5820 829 5875 testatus
881 5828 967 5874 est
1018 5833 1113 5888 se,
1162 5833 1286 5876 cum
1339 5817 1562 5876 missum
1612 5828 1695 5876 est
1745 5817 2004 5885 edictum,

2131 3303 2295 3357 tiones
2323 3302 2495 3371 facitis
2522 3316 2568 3360 et
2591 3307 2699 3361 illic
2723 3319 3002 3379 ponantur,
3031 3320 3078 3364 et
3098 3327 3193 3382 ego
3214 3311 3356 3366 uenio
3383 3325 3488 3364 cum
3511 3306 3679 3380 ofﬁcia-

2127 3394 2260 3449 libus
2288 3405 2334 3451 et
2358 3398 2504 3463 tollo,
2533 3405 2697 3470 atque
2720 3399 2846 3456 huic
2868 3401 3098 3457 consilio
3122 3405 3365 3474 paruisse
3387 3403 3613 3465 Felicem,
3639 3405 3682 3452 et

2126 3487 2179 3543 in
2207 3504 2333 3545 area
2362 3490 2578 3547 codices
2603 3507 2791 3548 sacros
2838 3496 2965 3567 poni
3012 3498 3305 3554 mandasse
3339 3516 3353 3553 :
3386 3488 3504 3552 illuc
3542 3492 3681 3550 Caeci-

2126 3579 2329 3638 lianum
2357 3599 2479 3640 cum
2526 3586 2850 3645 officialibus
2875 3591 3089 3647 venisse
3131 3603 3187 3648 et
3214 3592 3391 3648 omnia
3417 3590 3587 3647 tulisse
3611 3601 3681 3642 se-

2123 3675 2360 3733 cundum
2410 3692 2621 3735 sacrum
2672 3691 3022 3755 praeceptum.
3060 3685 3387 3743 Caecilianus
3427 3686 3477 3740 in
3517 3679 3682 3754 judicio

2123 3776 2295 3825 totum
2340 3771 2481 3827 istud
2530 3775 2775 3843 epistolae
2829 3793 2942 3834 sum
2986 3779 3260 3850 adjectum
3293 3795 3412 3838 esse
3452 3773 3685 3836 Contendit

2122 3871 2285 3934 atque
2330 3863 2637 3937 lugentium
2686 3869 2807 3925 falsi
2839 3872 3134 3943 redarguit,
3168 3874 3258 3946 qui
3290 3885 3567 3944 suspensus
3604 3868 3682 3923 int-

2123 3962 2441 4015 minentium
2501 3972 2892 4022 tormentorum
2935 3976 3079 4023 metu
3127 3968 3305 4026 fassus
3341 3981 3422 4026 est
3447 3968 3553 4023 haec
3591 3961 3685 4033 epi-

2124 4054 2277 4109 stolm
2293 4071 2353 4112 se
2382 4056 2657 4116 addidisse
2689 4059 2742 4116 in
2767 4059 3243 4120 vindictamMauri
3270 4062 3488 4135 hospitis
3510 4058 3610 4125 sui,
3639 4063 3684 4108 ul

2122 4145 2287 4204 Felici
2321 4148 2625 4206 traditionis
2653 4163 2834 4208 notam
2864 4153 3128 4212 inureret.

2194 4259 2425 4319 Nomina
2469 4264 2847 4337 Episcoporum
2873 4268 3097 4329 fconcilii
3142 4268 3409 4326 Cirtensis.
3434 4296 3500 4309 —
3522 4263 3683 4321 Persea

2120 4357 2339 4414 cutione
2368 4358 2614 4416 codicum
2646 4361 3031 4419 tradendorum
3065 4364 3288 4433 paulum
3319 4363 3545 4424 relaxata
3570 4368 3687 4411 anno

2121 4466 2247 4507 terre
2288 4452 2525 4523 vulgaris
2565 4451 2702 4523 305,
2742 4471 2805 4511 tn
2840 4471 3013 4512 nonas
3050 4457 3227 4513 Martii
3270 4455 3385 4530 (l),
3421 4455 3589 4510 decem
3612 4453 3687 4503 aut

2121 4544 2372 4600 undecim
2423 4548 2663 4617 episcopi
2713 4547 2981 4624 Numidia:
3028 4561 3406 4607 convenerunt
3454 4545 3602 4602 Cirta:
3644 4541 3685 4593 in

2118 4634 2336 4690 domum
2377 4635 2584 4693 Urbani
2628 4639 2821 4695 Donati
2858 4641 2925 4697 ad
2959 4642 3325 4699 ordinandum
3364 4642 3415 4698 in
3454 4640 3547 4695 hac
3578 4633 3688 4692 urbe

2117 4730 2448 4803 Episc0pum
2467 4733 2519 4788 in
2545 4733 2719 4791 locum
2741 4735 3193 4794 PauliCirtensis.
3213 4739 3451 4795 Primum
3468 4736 3597 4791 inter
3611 4741 3689 4787 eos

2115 4827 2451 4898 antiquitatis
2475 4828 2597 4900 jure
2624 4829 2801 4886 locum
2825 4831 3050 4888 tenebat
3071 4832 3357 4891 Secundus
3375 4829 3687 4902 Tigisitanus,

2115 4936 2239 4977 cum
2284 4938 2391 4995 quo
2432 4924 2733 4981 consedere
2779 4926 3020 4982 Donatus
3065 4927 3489 4992 Masculitanus,
3532 4921 3692 4977 Victor

2115 5014 2565 5083 Russicadensis,
2603 5019 2841 5075 Marinus
2879 5020 2948 5075 ab
2972 5020 3143 5091 Aquis
3172 5017 3510 5082 Tibilitanis,
3537 5013 3690 5069 Dona-

2115 5119 2200 5165 tus
2225 5107 2594 5176 Calamensis,
2630 5111 2931 5182 Purpurius
2968 5113 3336 5180 Limatensis,
3370 5110 3546 5168 Victor
3577 5104 3691 5161 Gar-

2115 5203 2330 5271 bensis,
2361 5204 2515 5262 Felix
2544 5222 2573 5261 a
2615 5205 2863 5272 Rotario,
2903 5206 3086 5263 Nahor
3129 5225 3159 5263 a
3200 5203 3571 5269 Centurionis,
3609 5197 3690 5255 Sc-

2115 5298 2321 5354 cundus
2344 5300 2523 5354 minor
2552 5300 2691 5354 [ilius
2715 5300 2898 5356 fratris
2917 5299 3474 5373 Secundi'l‘igisitani.
3511 5294 3688 5351 Cirtam

2113 5407 2329 5460 quoque
2367 5400 2589 5448 venerat
2621 5393 2884 5449 Menalius
2915 5395 3179 5451 incertum
3206 5397 3367 5464 cujus
3395 5395 3446 5448 in
3473 5383 3693 5447 Numidii

2113 5484 2259 5540 sedis
2285 5485 2592 5557 cpiscopus,
2611 5485 2712 5542 sed
2737 5487 2828 5556 qui
2854 5502 2922 5545 ne
2948 5502 2978 5543 a
3007 5489 3122 5545 suis
3140 5488 3357 5544 civibus
3382 5483 3691 5542 thurilicasse

2185 5721 2264 5796 (l)
2318 5724 2464 5781 Anno
2513 5725 2653 5796 503,
2696 5741 2756 5784 ιιι
2796 5724 2983 5783 Nonas
3010 5724 3216 5783 Martii.
3272 5725 3351 5783 De
3380 5723 3482 5779 hac
3509 5711 3689 5791 epocba

2113 5818 2238 5879 vide
2268 5822 2674 5880 annotationem
2706 5821 2809 5893 62,
2846 5824 2901 5880 in
2934 5822 3032 5880 lib.
3066 5840 3081 5880 ι
3115 5821 3325 5897 Optati'.
