3898 6320
215 312 319 370 771

1415 311 1742 369 HISTORIA
1778 310 2341 370 DONATISTARUM.

3416 322 3521 380 778

218 431 565 503 probaretur,
592 429 868 487 oculorum
899 429 1145 487 dolorem
1175 432 1377 503 lingens
1407 433 1475 490 ad
1500 448 1815 493 consvssum
1844 441 1895 498 Α
1925 433 2159 487 Silvano.
2186 463 2258 474 -—
2286 433 2410 488 Htec
2459 434 2611 503 prior
2662 449 2786 503 pars
2836 436 3049 509 synodi.
3101 438 3379 495 Posterior
3427 443 3523 513 fuit

218 532 439 577 suorum
472 523 769 594 procedere
798 526 1104 596 trepidavit.

198 614 203 615 ⁷
286 615 613 673 Accusantur
635 620 807 691 plures
833 619 1152 678 Traditionis
1176 640 1206 676 (ι
1235 624 1496 679 Secundo.
1530 623 1823 693 Purpurins

222 708 493 764 homicidii
517 710 792 767 accusatus
843 712 1085 782 ferociter
1136 716 1422 784 respondit.
1476 715 1826 771 Absolvuntur

220 821 395 861 omnes
427 804 535 862 Deo
558 820 761 863 servata
784 825 964 865 eorum
990 828 1252 867 causa.—
1273 811 1329 866 In
1359 811 1601 868 Concilio
1626 828 1820 883 prepo-

223 900 385 957 situm
409 888 497 957 est
514 918 542 955 a
568 902 841 971 Secundo,
868 914 924 960 ιιι
945 916 1233 977 antequam
1260 907 1575 977 epismpum
1600 906 1821 962 ordina-

224 1006 367 1065 rcnt,
397 997 692 1067 probarent
718 1012 838 1054 sese
864 998 1158 1065 adStantes,
1194 999 1293 1055 hoc
1319 1010 1423 1067 est,
1449 1007 1742 1071 purgarent
1765 1015 1827 1056 se

227 1088 293 1144 ab
318 1089 754 1145 accusationibus
779 1098 872 1146 aut
911 1091 1308 1161 suspicionibus
1346 1093 1656 1148 criminum.
1689 1092 1825 1149 Tum

229 1180 273 1237 is
298 1181 563 1237 Donatum
589 1182 995 1239 Masculitanum
1018 1185 1393 1257 interrogavit,
1424 1203 1549 1240 unm
1582 1186 1832 1243 tradidis-

228 1284 342 1336 sct;
372 1272 461 1328 hic
484 1291 659 1346 neque
684 1275 881 1334 factum
908 1279 1134 1349 ingenue
1157 1278 1333 1335 fassus
1351 1290 1456 1345 est.
1481 1295 1652 1350 neque
1674 1282 1833 1350 plane

228 1366 443 1438 negavit
466 1408 480 1433 ,
506 1367 600 1423 sed
628 1369 907 1436 respondit
933 1384 993 1426 se
1022 1371 1306 1441 quaesitura
1332 1387 1361 1425 a
1382 1371 1548 1427 Floro
1578 1380 1634 1426 ut
1664 1371 1835 1427 thuri-

232 1458 425 1514 ﬁcaret
465 1469 519 1513 et
565 1459 821 1515 traditum
869 1478 976 1515 nou
1022 1461 1191 1518 fuisse
1235 1461 1288 1518 in
1337 1478 1531 1518 manus
1559 1463 1710 1530 ejus:
1743 1463 1835 1518 ad-

233 1550 404 1617 dens,
448 1551 571 1620 quia
618 1551 758 1608 Deus
802 1553 929 1607 mihi
972 1553 1204 1620 dimisit,
1249 1571 1370 1626 ergo
1412 1565 1458 1610 et
1496 1566 1550 1609 tu
1581 1571 1728 1610 serra
1758 1572 1838 1610 me

232 1642 375 1710 Deo,
410 1643 482 1699 ita
514 1645 727 1700 veniam
758 1646 1003 1703 criminis
1033 1648 1185 1718 quasi
1214 1647 1439 1702 admissi
1481 1658 1706 1720 petens;
1750 1648 1837 1703 cui

233 1741 475 1808 reposuit
517 1740 800 1797 Secundus
824 1758 836 1792 τ
874 1742 1013 1808 Quid
1039 1759 1157 1813 ergo
1178 1742 1369 1811 [acturi
1399 1759 1575 1796 sumus
1604 1742 1667 1795 de
1696 1759 1836 1795 inar-

1927 525 2124 580 electio
2172 537 2227 581 ct
2277 526 2548 582 ordinatio
2600 528 2840 597 episcopi
2888 529 2942 585 in
2997 531 3172 586 locum
3226 532 3518 590 demortui.

1928 618 2182 675 Siltanus
2226 618 2272 673 is
2319 618 2385 673 de
2434 636 2545 690 quo
2586 620 2736 693 prius
2781 622 3025 693 dictum,
3072 627 3162 696 qui
3210 627 3311 681 sub
3357 627 3526 684 Paulo

1926 710 2189 781 episcopo
2232 710 2507 767 lucernam
2547 723 2600 769 et
2640 714 2987 784 capitulatam
3028 729 3341 785 argenteam
3383 721 3526 777 ultro

1927 803 2262 870 tradiderat,
2294 804 2603 875 ptoposilus
2631 814 2713 861 est
2740 817 2799 862 ut
2829 808 3175 865 ordinaretur
3205 814 3255 865 in
3288 813 3406 884 ejus
3445 816 3527 869 lo-

1927 910 2085 951 cum:
2128 905 2256 951 tunc
2291 911 2320 949 a
2363 898 2561 967 populo
2588 899 2943 955 acclamatum
2983 912 3099 958 est:
3135 902 3380 959 Traditur
3414 917 3520 969 est,

1927 986 2063 1040 alius
2092 987 2222 1055 ﬁat;
2250 1004 2441 1056 parum
2462 998 2511 1042 et
2537 989 2788 1062 integrum
2816 992 2973 1047 civem
3006 1005 3235 1049 nostrum
3264 999 3521 1052 volumus.

1929 1080 2207 1137 Adversus
2230 1081 2389 1152 hujus
2415 1084 2739 1141 electionem
2766 1088 3113 1143 reclamatqu
3140 1102 3219 1146 cst
3247 1108 3274 1147 a
3301 1095 3446 1149 clero
3470 1103 3531 1175 at

1931 1172 2001 1227 ab
2038 1174 2318 1231 honoratis
2352 1177 2593 1243 civibus;
2632 1179 2726 1235 sed
2765 1182 2997 1237 arenarii
3038 1186 3222 1240 rustici
3259 1186 3458 1256 aliique
3496 1172 3530 1242 e

1931 1264 2024 1319 vili
2069 1268 2349 1334 plebecula
2393 1270 2643 1326 mercede
2681 1273 2936 1328 conducti
2981 1273 3034 1330 in
3071 1292 3196 1331 area
3235 1290 3530 1351 martyrum

1934 1360 2232 1417 honoratos
2270 1363 2417 1418 cives
2446 1365 2810 1432 incluserunt,
2843 1383 2909 1423 ac
2938 1370 3210 1425 sublatum
3256 1373 3532 1429 Silvanum

1935 1465 1967 1506 a
1996 1451 2142 1507 Muto
2166 1456 2418 1509 areuario
2442 1456 2758 1526 episcopum
2787 1461 3190 1528 proclamaruut
3211 1506 3224 1528 ,
3253 1479 3410 1535 quem
3436 1464 3537 1522 Se—

1936 1543 2147 1600 cundus
2172 1554 2229 1601 et
2256 1546 2346 1600 alii
2375 1549 2614 1620 episcopi
2645 1551 2734 1621 qui
2764 1551 2965 1607 Cirtam
2994 1567 3365 1611 convenerant
3393 1559 3539 1614 ordi-

1940 1651 2157 1693 navere.
2202 1640 2244 1692 A
2296 1639 2520 1695 Silvano
2564 1641 2791 1712 deinde,
2837 1648 3195 1716 praesentibus
3233 1648 3540 1723 episcopis,

1941 1727 2127 1784 Victor
2171 1732 2458 1804 presbyter
2498 1744 2584 1789 est
2624 1734 2940 1804 ordinatus,
2971 1741 3062 1809 qui
3104 1751 3161 1795 ut
3202 1741 3357 1799 ﬁeret
3388 1759 3543 1814 pres-

234 1831 564 1903 tyribusquia
589 1849 690 1887 non
712 1831 1063 1898 tradiderunt,
1093 1843 1136 1888 et
1162 1834 1275 1888 ideo
1290 1834 1523 1888 coronati
1543 1834 1702 1888 sunt?
1730 1833 1832 1888 Du-
1864 1823 1909 1884 Β
1937 1819 2095 1892 ὑγιοτ
2134 1822 2316 1891 Vigittli
2359 1823 2519 1881 [01188
2556 1826 2774 1882 Silvano
2803 1828 2981 1894 dedit,
3014 1846 3151 1902 quos
3192 1844 3317 1888 aute
3358 1835 3546 1892 cathe-

237 1931 398 1978 natus
436 1940 653 1979 rursum
687 1925 794 1979 ait:
832 1923 980 1979 Mitte
1010 1943 1088 1979 me
1115 1926 1183 1979 ad
1215 1924 1382 1981 Deum
1404 1967 1417 1992 ,
1448 1937 1497 1980 et
1528 1926 1597 1981 ibi
1626 1924 1840 1980 reddam

235 2018 508 2072 rationem.
532 2016 669 2073 Tum
696 2018 983 2075 Secundus
1006 2020 1169 2087 jussit
1198 2036 1323 2076 cum
1349 2021 1608 2077 recedere
1637 2022 1688 2076 in
1718 2036 1838 2090 par-

240 2121 343 2167 tem
389 2112 619 2168 alteram
667 2123 724 2168 et
765 2123 911 2167 stare
938 2113 1092 2181 quasi
1124 2130 1297 2168 reum.
1343 2113 1550 2168 Deinde
1580 2114 1845 2169 Marinum

238 2205 303 2261 ab
329 2203 501 2277 Aquis
532 2204 845 2281 Ttbilitanis
877 2206 1226 2276 compellavit
1268 2207 1351 2261 his
1380 2206 1597 2263 verbis:
1643 2204 1847 2261 Dicitur

237 2306 285 2352 et
315 2306 361 2353 te
390 2296 685 2352 tradidisse.
720 2297 1021 2368 Respondit
1048 2298 1291 2354 Marinus
1320 2314 1379 2355 se
1419 2298 1637 2355 dedisse
1680 2299 1849 2355 Paulo

237 2390 510 2459 Cartulas,
540 2392 759 2448 codices
793 2409 925 2449 vero
952 2408 1081 2449 suos
1112 2394 1291 2449 salvos
1317 2409 1477 2460 esse;
1512 2395 1657 2448 hunc
1682 2395 1847 2451 etiam

240 2483 290 2539 in
315 2493 527 2556 partem
554 2486 780 2542 alteram
807 2472 1067 2542 secedere
1087 2486 1250 2557 jussit
1276 2486 1578 2545 Secundus.
1610 2486 1852 2543 Donatus

237 2575 571 2636 Calamensis
596 2581 666 2637 ab
688 2596 754 2637 eo
780 2579 1029 2637 similiter
1058 2581 1419 2650 interregatus
1440 2623 1456 2647 ,
1487 2580 1767 2651 respondit
1793 2595 1853 2635 se

239 2672 459 2730 dedisse
502 2672 719 2730 codices
761 2673 1149 2738 medicinales,
1192 2682 1248 2729 et
1286 2674 1391 2729 ltoc
1430 2688 1690 2744 responso
1729 2673 1856 2727 dato

238 2767 389 2824 stetit
417 2766 475 2822 in
506 2767 707 2823 medio.
739 2765 927 2822 Victor
956 2782 985 2821 a
1018 2766 1316 2822 Russicade
1354 2778 1641 2823 accusatus
1680 2781 1709 2821 a
1753 2767 1854 2824 Se-

240 2862 420 2917 cundo
446 2861 589 2932 quod
618 2861 938 2918 tradidisset
963 2872 1196 2932 quatuor
1223 2861 1513 2931 Evangelia
1536 2901 1552 2927 ,
1580 2870 1768 2933 aperte
1792 2876 1857 2917 ac

239 2954 361 3008 sine
394 2953 521 3008 ullis
558 2952 880 3024 ambagibus
919 2951 1124 3008 crimen
1164 2952 1343 3009 fassus
1382 2963 1499 3010 est:
1535 2952 1859 3009 Valentinia-

241 3061 343 3100 nus
366 3088 381 3112 ,
416 3046 625 3115 inquit,
659 3044 879 3100 Carator
917 3046 1013 3115 fuit
1037 3087 1052 3112 ,
1084 3045 1193 3116 ipse
1222 3063 1301 3102 me
1330 3048 1495 3117 coegit
1523 3057 1578 3100 ut
1607 3047 1861 3102 mitterem

240 3138 374 3204 illa;
407 3137 505 3192 hoc
522 3136 765 3192 delictum
792 3137 921 3191 mihi
949 3134 1181 3209 indulge,
1213 3148 1259 3192 et
1288 3138 1521 3211 indulget
1551 3135 1677 3191 mihi
1700 3137 1855 3192 Deus.

1941 1916 2094 1971 dram
2124 1918 2506 1989 episcoporum
2536 1922 2739 1991 positos
2759 1963 2774 1988 ,
2806 1922 2914 1993 ipsi
2945 1926 3245 1982 diviserunt
3287 1923 3425 1983 inter
3461 1946 3541 1985 se.

1947 2007 2072 2063 llaec
2103 2011 2281 2065 omnia
2329 2010 2582 2081 patefecit
2626 2013 2992 2071 Nundinarius
3034 2018 3239 2073 Silvani
3283 2020 3546 2076 diaconus

1944 2100 2115 2156 iratus
2153 2102 2415 2159 adversus
2454 2106 2769 2175 episcopum
2811 2122 2967 2162 suum
3012 2126 3040 2163 a
3083 2124 3190 2181 quo
3220 2111 3397 2167 fuerat
3428 2113 3549 2169 loco

1947 2204 2147 2251 motus.
2193 2196 2326 2264 Quae
2370 2213 2459 2253 res
2509 2197 2832 2268 Purpurioni
2877 2201 3248 2258 Limaleusum
3285 2215 3338 2260 et
3380 2207 3545 2261 alium

1948 2287 2197 2358 ejusdem
2229 2289 2482 2347 factionis
2509 2293 2826 2364 episcopum
2869 2298 3086 2351 nomine
3129 2297 3345 2353 Fortem
3377 2300 3551 2370 impu-

1950 2379 2048 2445 lit,
2079 2388 2137 2435 ut
2162 2382 2228 2436 ad
2256 2382 2537 2439 Silvanum
2561 2397 2615 2441 et
2643 2386 2711 2441 ad
2739 2387 3017 2443 Cirtenses
3040 2391 3338 2446 scriberent
3366 2394 3555 2463 quavis

1951 2473 2165 2530 ratione
2188 2473 2507 2531 Nundinarii
2536 2478 2748 2533 diaconi
2776 2481 3144 2536 exulceratum
3171 2486 3409 2540 animum
3439 2487 3552 2555 pla-

1952 2566 2063 2620 cari
2105 2574 2397 2636 oportere,
2436 2584 2507 2623 ne
2541 2584 2660 2638 qua:
2689 2571 2887 2627 sciebat
2924 2571 3098 2641 palam
3128 2572 3328 2630 faceret
3367 2595 3380 2628 :
3412 2577 3554 2645 quod

1955 2672 2077 2713 cum
2107 2659 2307 2715 factum
2335 2677 2440 2716 non
2469 2662 2690 2728 luisset,
2721 2663 2974 2720 Silvanus
3006 2664 3198 2721 harum
3232 2683 3411 2721 rerum
3450 2648 3558 2722 .do-

1957 2763 2210 2811 conuenta
2236 2767 2291 2811 et
2318 2765 2489 2812 testes
2513 2758 2757 2814 exhibuit
2785 2773 2967 2813 coram
2996 2759 3297 2831 Zeuophilo
3325 2777 3526 2831 procou
3543 2793 3557 2804 -

1958 2847 2077 2903 sule
2096 2888 2111 2913 ,
2143 2855 2201 2901 ut
2229 2848 2427 2904 habent
2450 2858 2625 2920 gesta.

2035 2940 2195 3012 Origo
2214 2942 2525 2997 schismatis.
2553 2943 2770 3000 Lucilla:
2792 2946 3035 3005 adversus
3052 2944 3386 3001 Ca’cilianum
3407 2949 3555 3005 ritur.

1963 3061 2031 3071 —
2061 3032 2420 3099 Quantumvis
2472 3035 2755 3092 Secundus
2785 3037 3118 3107 Tigisitanus
3155 3052 3209 3094 et
3258 3040 3563 3096 Meusnrius

1964 3124 2411 3195 Carthaginiensis
2441 3144 2551 3183 non
2585 3129 2723 3185 bene
2752 3131 3145 3187 concordareut
3168 3174 3181 3197 ,
3212 3132 3563 3188 nihilominus

242 3230 365 3288 Hoc
396 3247 666 3303 responso
694 3231 821 3288 dato
850 3232 1033 3287 statim
1066 3247 1188 3286 cum
1222 3233 1337 3288 reis
1366 3242 1513 3288 hiare
1537 3232 1721 3302 jussus
1750 3242 1854 3288 ρει,
1884 3214 1928 3277 C
1964 3225 2142 3274 tamen
2179 3219 2434 3291 quamdiu
2468 3221 2600 3276 vixit
2645 3222 2979 3288 Mensurius,
3028 3224 3231 3278 nullum
3280 3225 3421 3280 inter
3467 3244 3562 3281 eos

243 3323 387 3382 Tum
403 3323 1115 3395 PurpuriumLimatensem
1144 3339 1252 3379 non
1282 3324 1607 3389 traditionis,
1636 3324 1732 3380 sed
1762 3325 1859 3379 bo-

247 3419 460 3477 micidii
490 3418 823 3474 insimulavit
853 3419 1136 3474 Secundus
1160 3461 1174 3485 ,
1208 3421 1277 3474 ita
1322 3434 1445 3474 eum
1484 3419 1856 3489 compellans:

249 3513 462 3569 Dicitur
490 3522 537 3567 te
560 3529 765 3568 necasse
784 3513 921 3584 ﬁlios
943 3513 1131 3567 sororis
1158 3523 1258 3568 tate
1287 3514 1416 3567 duos
1445 3511 1612 3568 Milei.
1644 3513 1740 3568 llic
1764 3514 1859 3568 lto—

249 3622 342 3664 mo
364 3605 521 3662 ferox
546 3614 602 3661 et
626 3605 927 3677 impudens,
948 3605 1153 3660 crimen
1178 3605 1384 3660 illatum
1411 3605 1465 3659 in
1487 3613 1858 3660 accusatorem

254 3701 520 3758 retorsit:
548 3698 714 3755 Putas
736 3742 751 3767 ,
778 3699 950 3772 inquit
981 3698 1259 3767 Secundo,
1287 3716 1366 3755 me
1394 3702 1575 3755 terreri
1600 3717 1631 3753 a
1655 3712 1703 3755 te
1727 3702 1861 3755 sicut

254 3807 301 3849 et
332 3793 431 3848 alii
451 3794 478 3848 ἵ
504 3790 585 3847 Tu
612 3792 738 3860 quid
769 3792 918 3865 egisti
939 3832 952 3857 ,
986 3793 1073 3862 qui
1104 3801 1277 3846 tentus
1304 3808 1357 3846 es
1384 3810 1416 3846 a
1442 3802 1677 3846 curatore
1702 3802 1750 3846 et
1781 3808 1863 3846 or-

255 3888 382 3943 dine
411 3896 464 3941 ut
493 3886 780 3957 scripturas
809 3886 1004 3940 dares?
1036 3885 1308 3953 Quomodo
1338 3898 1386 3940 te
1414 3886 1645 3941 liberasti
1683 3885 1746 3941 ab
1786 3888 1867 3954 ip-

257 3982 366 4043 sis.
400 3980 506 4035 nisi
531 3980 652 4049 quia
689 3980 909 4045 dedisti,
953 3989 1042 4033 aut
1069 3979 1277 4050 jussisti
1317 3980 1433 4032 dari
1475 3980 1871 4051 quodcumque?

261 4090 386 4128 nam
417 4088 520 4127 non
549 4081 597 4126 te
623 4071 945 4127 dimittebant
978 4072 1190 4141 passim.
1223 4070 1357 4126 Tum
1392 4073 1442 4126 in
1476 4074 1651 4129 minas
1683 4089 1874 4144 proru-

263 4170 378 4240 pit:
420 4165 533 4239 Ego
554 4208 570 4234 ,
604 4165 814 4237 inquit,
844 4166 1014 4221 occidi
1034 4208 1048 4230 .
1081 4179 1128 4220 et
1156 4165 1331 4220 occido
1360 4182 1444 4222 eos
1472 4168 1561 4239 qui
1587 4178 1768 4223 contra
1797 4184 1876 4224 mc

267 4264 473 4335 faciunt
492 4278 512 4316 :
542 4270 597 4333 tu
625 4261 856 4317 ferinam
884 4260 1275 4316 immanitatem
1294 4257 1349 4332 ι)
1377 4261 1491 4315 ideo
1518 4262 1625 4315 noli
1651 4278 1729 4317 ine
1755 4277 1876 4331 pro—

263 4370 455 4410 vocare
486 4364 542 4407 ut
568 4352 684 4426 plus
714 4353 886 4407 dicant
909 4395 924 4419 ,
955 4353 1057 4407 scis
1085 4369 1165 4407 me
1190 4353 1251 4407 de
1281 4353 1482 4407 nemine
1511 4364 1752 4408 tractare.
1786 4352 1876 4408 Si-

268 4453 383 4508 mul
416 4465 613 4506 omnes
642 4450 718 4506 rei
750 4458 966 4506 stantes
998 4466 1338 4505 murmurare
1376 4459 1662 4520 cmperuut
1689 4449 1880 4505 adver-

271 4561 367 4602 sus
412 4542 750 4600 Secundum.
794 4542 948 4611 Quod
990 4542 1179 4599 videns
1224 4542 1505 4598 Secundus
1545 4543 1684 4597 alter
1719 4541 1880 4612 hujus

1965 3314 2203 3369 scitistua
2229 3317 2439 3385 erupit:
2482 3327 2540 3371 at
2568 3333 2634 3371 eo
2665 3329 2911 3383 mortuo,
2951 3317 3022 3371 ab
3058 3317 3248 3373 iisdem
3290 3319 3563 3390 episcopis

1966 3407 2057 3476 qui
2085 3407 2315 3462 concilio
2340 3407 2575 3464 Cirtensi
2604 3410 2921 3473 adfuerant,
2948 3408 3292 3466 ordinatione
3318 3411 3569 3481 Majorini

1965 3515 2126 3568 quem
2164 3498 2459 3555 Caeciliano
2507 3502 2657 3572 prius
2699 3502 2950 3557 ordinato
2985 3515 3389 3573 opposuerunt,
3429 3503 3567 3559 Car-

1970 3590 2305 3663 tbaginensis
2343 3596 2572 3662 prituum
2609 3594 2885 3660 Ecclesia,
2923 3609 2988 3650 ac
3026 3605 3216 3665 p05tea
3254 3604 3363 3651 tota
3390 3597 3568 3652 Africa

1971 3684 2026 3739 in
2072 3684 2206 3740 duas
2248 3696 2432 3753 partes
2470 3686 2639 3742 scissa
2680 3698 2785 3742 est.
2818 3687 2981 3758 Cujus
3020 3687 3304 3743 divisionis
3334 3690 3486 3758 origo
3516 3700 3571 3743 et

1970 3793 2153 3836 causa:
2185 3782 2490 3835 accuratius
2528 3791 2582 3836 et
2615 3782 2916 3852 elegantius
2944 3781 3179 3837 describi
3209 3797 3314 3837 non
3349 3794 3573 3852 possunt

1972 3886 2133 3941 quam
2177 3871 2308 3941 ipsis
2352 3872 2532 3942 Optati
2580 3873 2785 3928 verbis.
2828 3872 2973 3941 Hoc,
3019 3874 3224 3945 inquit,
3280 3874 3572 3946 (schisma)
3644 3870 3649 3877 ’

1973 3964 2117 4033 apud
2146 3962 2506 4035 Carthaginem
2536 3976 2648 4037 post
2676 3966 3057 4020 ordinationem
3084 3965 3352 4020 Cteciliani
3380 3969 3571 4036 factum

1975 4071 2115 4123 esse,
2146 4072 2296 4111 nemo
2320 4066 2394 4110 est
2416 4057 2502 4127 qui
2533 4058 2763 4112 nesciat:
2792 4074 2883 4127 per
2909 4056 3168 4111 Lucillum
3197 4057 3424 4123 scilicet,
3483 4073 3572 4110 ne-

1976 4148 2083 4202 scio
2121 4163 2277 4217 quam
2312 4147 2576 4218 [marinam
2623 4149 2927 4219 factiosum:
2972 4164 3087 4217 quia
3132 4157 3253 4202 ante
3276 4164 3578 4202 concussam

1980 4243 2348 4311 persecutionis
2387 4242 2676 4298 turbinibus
2711 4259 2921 4312 pacem,
2964 4243 3089 4296 dum
3122 4242 3295 4295 adltuc
3333 4242 3389 4295 in
3437 4252 3583 4296 tran-

1980 4336 2143 4406 quillo
2179 4344 2307 4391 esset
2344 4334 2610 4402 Ecclesia,
2654 4353 2772 4391 cum
2808 4337 3181 4406 correptionem
3226 4336 3581 4392 archidiaconi

1983 4426 2250 4485 chiliuni
2283 4432 2417 4502 {orre
2445 4446 2549 4486 non
2578 4438 2777 4500 posset:
2810 4446 2925 4500 qute
2951 4442 3071 4484 ante
3096 4431 3382 4501 spiritalem
3413 4431 3581 4485 cibum

1984 4530 2032 4576 et
2055 4533 2262 4590 potum,
2289 4540 2348 4577 os
2373 4525 2541 4578 nescio
2563 4524 2709 4592 cujus
2735 4524 2998 4593 martyris,
3027 4524 3074 4577 si
3100 4532 3268 4577 tamen
3316 4526 3581 4596 martyris,

273 4639 465 4696 fratris
506 4637 649 4691 tlltue
670 4678 686 4703 ,
728 4646 979 4706 patruum
1021 4637 1100 4691 sic
1129 4635 1399 4691 allocutus
1427 4644 1545 4689 est:
1579 4636 1739 4689 Audis
1770 4650 1861 4704 quo

1985 4614 2146 4670 libare
2171 4616 2467 4671 dicebatur:
2496 4629 2542 4671 et
2578 4633 2693 4670 cum
2731 4626 3048 4687 praeponeret
3087 4616 3237 4671 calici
3271 4618 3513 4687 salutari;
3526 4635 3584 4673 os

275 4736 417 4789 dicat
442 4733 498 4786 in
527 4731 614 4786 te?
642 4740 854 4801 paratus
881 4741 954 4786 est
981 4734 1215 4785 recedere
1241 4740 1286 4783 et
1312 4730 1533 4784 schisma
1561 4731 1750 4801 facere,
1782 4745 1883 4784 non

276 4836 486 4880 tantum
517 4824 648 4894 ipse,
679 4824 767 4877 sed
795 4831 841 4876 et
868 4838 1042 4877 omnes
1068 4837 1192 4892 quos
1221 4823 1435 4894 arguis;
1475 4836 1600 4892 quos
1619 4820 1724 4875 scio
1765 4818 1887 4890 quia

279 4923 548 4978 dimittere
571 4933 619 4976 te
646 4921 832 4976 habent
874 4930 919 4975 et
971 4920 1095 4975 dare
1123 4921 1175 4975 ir:
1207 4929 1254 4975 te
1280 4920 1616 4985 sententiam,
1648 4930 1694 4973 et
1724 4936 1889 4973 rema—

283 5018 430 5073 nebis
472 5017 616 5071 solus
660 5013 974 5070 hicreticus:
1010 5014 1124 5068 ideo
1165 5013 1291 5084 quid
1328 5013 1397 5065 ad
1436 5022 1483 5066 te
1523 5013 1739 5082 pertinet
1779 5011 1892 5081 quis

284 5111 414 5180 quid
440 5109 585 5182 egit?
608 5106 716 5163 Deo
744 5107 890 5163 habet
914 5108 1125 5162 reddere
1149 5107 1423 5160 rationem.
1448 5105 1490 5159 Τ
1498 5122 1585 5159 unt
1613 5103 1892 5161 Secundus

287 5202 629 5273 Tigisitauus
660 5200 711 5255 id
745 5214 989 5256 metuens
1012 5243 1027 5267 ,
1056 5199 1321 5255 consultis
1350 5198 1566 5253 Victore
1595 5196 1857 5255 Garbensi
1878 5237 1894 5264 ,

291 5296 479 5352 Felice
519 5310 550 5348 a
589 5293 844 5358 Rotario,
888 5300 943 5348 et
983 5291 1192 5347 Nabore
1231 5308 1260 5346 a
1301 5290 1679 5353 Centurionis.
1727 5288 1897 5343 tribus

289 5388 509 5458 scilicet
529 5385 803 5456 judicibus
831 5384 1212 5454 superstitibus
1238 5384 1328 5454 qui
1358 5381 1412 5437 iu
1442 5380 1766 5437 sententiam
1795 5379 1895 5434 Se-

292 5479 461 5537 cundi
505 5477 735 5533 minoris
780 5475 1181 5532 descenderunt
1218 5486 1274 5531 et
1315 5475 1475 5531 talem
1519 5489 1736 5529 oausam
1787 5472 1899 5527 Deo

293 5571 509 5629 servari
559 5568 766 5626 debere
813 5581 1181 5636 censuerunt,
1235 5584 1453 5625 reorum
1501 5565 1899 5622 absolutionem

299 5661 715 5735 promtutiavit,
747 5675 952 5732 eosque
980 5659 1174 5717 sedere
1197 5660 1379 5731 jussit.
1410 5658 1563 5715 'l‘unc
1588 5658 1792 5713 dictum
1822 5667 1907 5712 est

300 5759 369 5813 ab
398 5754 660 5810 omnibus
689 5752 797 5807 Deo
820 5754 1020 5826 gratius
1039 5795 1055 5821 ,
1084 5765 1134 5808 et
1163 5752 1443 5809 sederunt.

379 5848 661 5906 Ordinatio
706 5845 925 5901 Siluani.
979 5844 1298 5901 Nunditmt‘ii
1342 5844 1549 5902 diaconi
1588 5843 1835 5902 dissensio
1874 5860 1909 5899 α

744 5940 1016 6002 Ρηιιυι.
1066 5939 1177 6000 ΧΙ.

1991 4708 2159 4761 nescio
2185 4709 2337 4779 cujus
2363 4708 2583 4764 ltominis
2609 4709 2818 4776 mortui,
2835 4710 2929 4764 etsi
2960 4710 3218 4780 martyris,
3249 4711 3343 4764 sed
3371 4712 3587 4765 necdum

1991 4799 2267 4864 vindicati,
2302 4810 2568 4872 correpta,
2622 4817 2740 4855 cum
2784 4801 3118 4870 confusione,
3161 4801 3394 4857 discessit
3426 4802 3583 4857 irata.

1994 4890 2247 4947 Irascenti
2272 4903 2319 4949 et
2345 4894 2573 4960 dolenti,
2607 4910 2668 4948 ne
2694 4892 2981 4963 disciplina:
3005 4892 3380 4961 succumberet,
3410 4910 3592 4949 occur-

1997 4986 2069 5042 rit
2097 4987 2264 5042 subito
2294 4987 2658 5059 persecutionis
2686 4996 2837 5041 enata
2863 4996 3153 5057 tempestas.

2070 5079 2372 5137 Mensurius
2399 5080 2468 5136 ad
2506 5083 2710 5136 curiam
2750 5078 2949 5136 citatus
2985 5090 3299 5136 ornamenta
3339 5082 3596 5139 Ecclesia:

2000 5172 2167 5227 Botro
2195 5183 2249 5228 et
2276 5171 2512 5230 CeleSIio
2529 5172 2969 5229 commendat.—
2994 5170 3052 5245 4
3070 5170 3263 5229 Iisdem
3288 5176 3599 5245 temporibus

2002 5263 2158 5322 Felix
2199 5267 2411 5336 quidam
2459 5269 2728 5336 diaconus,
2776 5269 2863 5338 qui
2910 5279 3119 5340 propter
3146 5274 3396 5341 famosam
3428 5271 3596 5325 nescio

2001 5377 2155 5435 quam
2180 5404 2195 5428 ,
2224 5362 2288 5417 de
2315 5371 2532 5433 tyranno
2561 5361 2864 5431 imperatore
2902 5370 3024 5415 tunc
3055 5365 3247 5433 [actam
3284 5362 3552 5432 epistolam
3581 5404 3597 5429 ,

2002 5454 2291 5528 appellatus
2340 5464 2443 5520 est,
2492 5454 2781 5526 periculum
2828 5457 3037 5517 timens,
3088 5456 3230 5524 apud
3278 5453 3602 5511 Mensurium

2005 5551 2301 5621 episcopum
2350 5550 2614 5606 delituisse
2660 5549 2868 5602 dicitur.
2922 5549 3085 5613 Quem
3127 5564 3244 5601 cum
3288 5551 3603 5619 postulatunt

2010 5643 2307 5701 Mensurius
2338 5643 2538 5714 publice
2590 5642 2896 5713 denegaret,
2928 5640 3109 5693 relatio
3160 5640 3316 5693 missa
3363 5652 3467 5704 est,
3519 5661 3605 5697 rc-

2009 5741 2254 5811 scriptum
2283 5738 2506 5807 venit,,ut
2537 5738 2581 5792 si
2613 5735 2907 5790 Mensurius
2937 5731 3163 5787 Felicem
3193 5734 3465 5789 diaconum
3504 5753 3607 5794 non

2013 5835 2358 5902 reddidisset,
2398 5832 2467 5913 ad
2505 5830 2758 5905 palatium
2795 5828 3120 5899 diriget'etur.
3172 5828 3459 5884 Conuentus
3512 5848 3615 5893 non

3016 5920 3097 5984 25
