3898 6320
411 268 516 329 779

1619 264 1943 327 HISTORIA
1982 261 2540 331 nousrtsrsnuu.
3557 307 3644 367 τω

408 390 538 455 leves
565 387 853 460 patiebatur
876 386 1178 458 angustias:
1202 393 1349 441 eram
1374 383 1510 445 enim
1526 382 1776 441 Ecclesia:
1798 400 1863 441 ea:
1887 383 2015 439 lauro
2039 380 2099 451 Α
2117 386 2351 444 concilio
2387 386 2663 447 Romano:
2691 391 2971 450 Cceciliano
2996 396 3266 456 etimnnum
3290 400 3486 467 diacono
3512 418 3647 473 schis-

409 489 459 537 et
488 489 699 557 argento
724 476 1106 550 quamplurima
1132 485 1434 543 ornamenta
1456 516 1471 540 .
1499 491 1613 548 quin
1640 492 1732 533 nec
1773 474 2016 546 deiodere

413 582 592 636 terrae,
620 587 710 627 nec
740 587 912 633 secum
939 579 1150 644 portare
1173 578 1394 641 poterat.
1425 568 1555 637 ante
1574 568 1721 641 quasi
1747 567 2008 638 ﬁdelibus,

411 664 697 735 senioribus
725 662 1130 732 commendavit,
1160 661 1639 725 commemoratorio
1676 660 1814 733 fauo
1833 700 1849 727 ,
1878 658 2014 730 quod

410 758 616 823 cuidam
652 756 875 823 anicqu
912 756 1115 817 dedisse
1152 755 1376 819 dicitur:
1404 755 1481 819 ita
1505 763 1559 817 ut
1588 755 1634 810 si
1657 753 1766 827 ipse
1794 769 1899 809 non
1935 768 2016 807 re-

410 850 577 923 diret,
606 850 810 919 reddita
839 866 961 920 pace
987 848 1299 915 Christianis
1321 890 1336 917 ,
1367 848 1576 907 anicula
1601 847 1697 903 illa
1722 846 1800 902 illi
1827 844 1975 903 daret
1995 886 2011 911 ,

411 962 561 1013 quem
586 947 641 1007 in
678 945 955 1020 episcopali
991 942 1239 1007 cathedra
1274 944 1530 1007 sedentem
1565 943 1832 1005 inveniret.
1876 940 2016 1001 Pro.-

409 1044 573 1111 [ectus
612 1056 823 1097 causam
859 1039 991 1096 dixit
1012 1055 1031 1094 :
1064 1040 1238 1104 iussus
1268 1047 1343 1096 est
1380 1038 1605 1095 reverti:
1645 1037 1714 1094 ad
1744 1035 2016 1108 Carthagi-

410 1120 523 1188 ὡκ
550 1134 815 1206 peruenire
844 1150 948 1189 non
973 1133 1160 1204 potuit.

479 1246 760 1304 Ordinatio
785 1244 1060 1304 Caeciliani
1085 1247 1138 1301 in
1165 1246 1479 1317 episcopum
1504 1244 2010 1318 Carthaginensem,

410 1356 512 1413 nec
539 1357 648 1407 non
676 1356 857 1401 causae
887 1350 1049 1413 atque
1077 1340 1231 1413 origo
1260 1339 1588 1397 schismatis.
1617 1368 1687 1381 --
1714 1336 2014 1410 Tempestas

411 1437 781 1510 persecutionis
810 1445 1017 1505 peracta
1055 1444 1105 1490 et
1131 1435 1345 1506 definita
1372 1444 1466 1490 est.
1511 1433 1735 1490 lubente
1762 1431 1895 1499 Deo,
1927 1433 2012 1487 in-

411 1530 738 1602 dulgentiam
767 1531 998 1587 mittente
1028 1528 1322 1595 Maxentio,
1357 1527 1669 1583 Christianis
1691 1528 1899 1583 libertas
1938 1535 2014 1582 est

407 1627 665 1691 restituta.
699 1625 886 1689 Battus
909 1634 958 1682 et
986 1625 1265 1693 Celestius,
1296 1634 1356 1681 ut
1382 1625 1591 1692 dicitur,
1624 1625 1765 1699 apud
1794 1622 2015 1680 Cartha-

407 1719 578 1789 ginem
606 1714 839 1779 ordinari
869 1719 1155 1791 cupientes,
1187 1735 1399 1791 operam
1438 1718 1715 1786 dederunt,
1746 1725 1805 1773 ut
1830 1717 2013 1773 absen—

409 1786 542 1879 tibus
572 1810 625 1867 Ν
631 1813 852 1879 ualidis,
882 1786 981 1873 soli
1020 1813 1174 1867 uicini
1216 1786 1444 1883 episcopi
1474 1820 1786 1882 peterentur,
1814 1811 1903 1883 qui
1931 1827 2016 1866 or-
2042 1786 2093 1850 Β

407 1906 725 1969 dictationem
753 1908 895 1977 apud
920 1903 1289 1978 Carthaginem
1327 1904 1656 1961 celebrarent.
1707 1903 1853 1960 Tunc
1893 1907 2012 1977 suf-

408 2000 579 2073 fragio
609 1999 762 2056 totius
794 2000 980 2072 pepuli
1008 1997 1318 2055 Ccecilianus
1348 1998 1594 2071 eligitur:
1622 2006 1669 2053 et
1699 2014 1883 2054 manus
1914 1997 2013 2053 im-

407 2103 628 2165 ponente
655 2091 829 2149 Felice
856 2092 1254 2158 Autumnitano,
1284 2092 1557 2164 episcopus
1584 2073 1877 2147 ordinatur.
1909 2090 2016 2148 Bo-

406 2197 520 2245 trus
549 2195 596 2243 et
625 2184 872 2241 Celestius
897 2184 964 2240 de
987 2200 1079 2257 spe
1106 2200 1202 2239 sua
1231 2184 1415 2253 dejecti
1443 2192 1581 2240 sunt.
1614 2182 1793 2239 Breuis
1822 2183 1938 2238 auri
1968 2191 2017 2238 et

406 2281 607 2353 argenti
635 2278 833 2335 sedenti
860 2276 1157 2345 Caciliano,
1191 2278 1342 2333 sicuti
1372 2277 1661 2348 delegatum
1687 2295 1719 2332 a
1748 2277 2015 2334 Mensurio

406 2377 610 2444 fuerat,
643 2370 886 2437 traditur,
931 2371 1175 2426 adhibitis
1200 2371 1433 2426 testibus.
1467 2370 1829 2427 Convocantur
1854 2388 2015 2442 supra

405 2467 674 2529 memorati
699 2468 943 2533 seniores,
974 2468 1059 2535 qui
1087 2466 1322 2538 faucibus
1349 2467 1581 2522 avaritia:
1608 2469 2016 2523 commendatam

404 2560 668 2617 ebiberant
706 2560 957 2633 prtedam.
993 2559 1122 2615 Cum
1151 2560 1367 2615 reddere
1394 2570 1714 2631 cogerentur,
1750 2560 2013 2616 subduxe-

406 2638 530 2709 runt
551 2653 897 2709 communioni
924 2653 1124 2724 pedem.
1158 2652 1281 2708 Non
1308 2654 1479 2708 minus
1506 2665 1551 2708 et
1578 2652 1873 2722 ambitores,
1901 2651 2014 2723 qui-

406 2748 499 2804 bus
522 2756 570 2803 et
598 2747 830 2804 ordinari
858 2763 965 2802 non
994 2746 1246 2819 contigit:
1274 2762 1367 2801 nec
1395 2762 1497 2813 non
1539 2754 1585 2801 et
1620 2744 1825 2801 Lucilla
1842 2788 1858 2815 ,
1899 2760 2016 2818 quia

394 2841 715 2915 jamdudum
759 2843 891 2913 ferre
916 2856 1020 2894 non
1050 2841 1214 2911 potuit
1246 2840 1608 2912 disciplinam:
1636 2854 1751 2893 cum
1781 2838 2015 2893 omnibus

403 2934 514 2989 suis
560 2942 740 3003 potens
779 2941 828 2985 et
873 2931 1093 3002 factiosa
1138 2930 1377 3001 (sentina,
1421 2930 1769 2985 communioni
1812 2929 2016 2984 misceri

404 3026 592 3081 noluit.
643 3024 734 3081 Sic
781 3024 946 3079 tribus
986 3024 1397 3079 conuenientibus
1442 3025 1609 3079 causis
1652 3033 1700 3080 et
1742 3024 1972 3096 personis
1996 3065 2012 3091 ,

408 3120 606 3191 factum
647 3126 724 3174 est
763 3128 820 3174 ut
865 3117 1169 3190 malignitas
1211 3118 1412 3172 haberet
1455 3116 1714 3185 eﬂ'ectum.
1772 3115 2016 3174 Schisma

404 3189 567 3284 igitur
592 3212 685 3267 illo
714 3222 940 3283 tempore
968 3189 1199 3284 confuse:
1229 3211 1459 3266 mulieris
1484 3212 1757 3267 iracundia
1782 3211 2006 3282 peperit,
2038 3189 2086 3252 ο

404 3308 626 3364 ambitus
654 3307 899 3375 nutriuit,
929 3306 1151 3361 avaritia
1176 3306 1452 3362 roboravit.
1481 3307 1557 3361 Ab
1589 3307 1669 3363 his
1699 3306 1859 3362 tribus
1890 3323 2013 3380 per-

402 3402 544 3458 sonis
572 3410 752 3467 coutra
782 3399 1119 3481 Gracilianum
1157 3418 1331 3457 causa
1373 3404 1608 3473 conﬁcta:
1649 3410 1803 3471 sunt,
1846 3412 1903 3457 ut
1941 3403 2016 3458 oi-

404 3494 535 3551 tiosa
563 3498 678 3568 ejus
707 3494 967 3550 ordinatio
997 3494 1273 3551 diceretur.

481 3606 595 3675 Quo
618 3616 842 3678 temmre
870 3609 1077 3663 initium
1101 3608 1391 3666 schismatis
1418 3610 1764 3668 statuendum.
1782 3642 1850 3654 ——
1873 3610 2014 3670 Coh-

401 3702 572 3770 tigere
601 3698 789 3755 isthmc
816 3709 941 3772 post
971 3704 1405 3771 persecutionem
1434 3714 1706 3776 peractam
1748 3715 1805 3762 et
1846 3704 2012 3761 liber-

354 3864 361 3871 ι
405 3799 572 3846 tatem
619 3790 943 3847 Christianis
995 3795 1297 3850 restitutam
1347 3795 1399 3850 in
1446 3796 1629 3853 Africa
1678 3797 2011 3870 indulgentia

406 3882 691 3948 Maxentii,
734 3897 798 3939 ac
836 3882 1071 3954 proinde
1108 3893 1426 3959 postequam
1456 3887 1558 3943 iste
1586 3887 1783 3945 Africa:
1811 3890 2012 3960 potitus

403 3989 519 4047 est,
552 3978 696 4051 quod
742 3994 848 4035 non
894 3979 1123 4050 contigit
1152 3980 1254 4034 nisi
1286 3974 1408 4053 po'st
1438 3992 1668 4039 mortem
1702 3983 2014 4043 Maximiani

405 4070 645 4128 Herculii
687 4071 783 4142 qui
824 4086 965 4127 anno
1004 4071 1111 4129 510
1158 4087 1191 4127 e
1241 4074 1378 4130 vivis
1407 4075 1651 4141 sublatus
1697 4084 1825 4132 est:
1864 4086 2008 4148 post-

401 4180 565 4235 quam
591 4163 898 4229 Alexander
919 4164 1007 4236 qui
1033 4172 1163 4221 tunc
1192 4164 1438 4222 Prmfccti
1469 4166 1730 4229 Praetorio
1752 4169 1806 4224 in
1830 4167 2011 4227 Africa

400 4257 574 4312 vicem
598 4257 817 4326 gerebat
842 4271 906 4311 ac
935 4267 1116 4327 partes
1145 4256 1333 4315 Galeni
1367 4261 1617 4317 tuebatur
1646 4277 1676 4318 a
1707 4261 1867 4317 Rullo
1903 4262 2009 4318 Vo-

404 4348 615 4405 lusiano
640 4356 695 4404 et
719 4348 1038 4419 cha,quos
1061 4364 1184 4405 cum
1216 4352 1386 4423 copiis
1416 4353 1746 4411 Maxentium
1776 4356 1831 4411 in
1866 4355 2011 4412 Afri-

403 4456 521 4496 cam
561 4441 813 4507 miserat,
846 4442 1021 4498 victus
1049 4453 1213 4512 atque
1245 4444 1561 4502 inlerl‘eCtus
1591 4456 1705 4513 est,
1740 4457 1798 4504 ut
1841 4457 2011 4507 testes

2117 495 2201 534 ma
2231 479 2411 551 fecisse
2444 480 2777 559 Carthagine.

2188 616 2480 675 Concilium
2492 619 2559 677 70
2589 621 2940 689 Numidarum
2966 624 3277 703 Carthagini.
3302 636 3544 699 Ασοιιεωίο
3563 646 3655 703 σω.

2116 708 2313 765 ciliaui.
2338 740 2409 751 —
2428 710 2710 781 Secundus
2738 726 2793 773 et
2820 718 3061 795 episcopi
3090 722 3339 788 Numidiae
3364 736 3520 789 uocati
3545 735 3655 795 Car-

2119 802 2390 877 thaginem
2417 807 2485 863 ad
2513 808 2911 871 ordinationem
2938 815 3209 888 episcopi,
3232 818 3530 882 invenerunt
3552 828 3654 887 Cn-

2117 896 2376 955 cilianum
2406 899 2519 971 jam
2548 901 2887 973 ordinatum:
2922 922 3068 980 agre
3097 912 3261 973 tulere
3287 930 3345 973 se
3370 933 3470 975 non
3495 936 3658 995 expec.

2119 1000 2290 1061 tatos,
2334 995 2582 1068 inprimis
2624 999 2906 1069 Secundus
2941 1004 3181 1077 Primos,
3218 1015 3529 1073 conveniens
3559 1035 3659 1078 esse

2116 1089 2432 1148 existimans
2470 1102 2527 1149 ut
2554 1095 2806 1167 princeps
2839 1114 2870 1155 a
2907 1101 3187 1171 principe,
3216 1103 3316 1162 hoc
3347 1116 3458 1178 est,
3481 1109 3662 1170 Primas

2115 1196 2146 1237 a
2186 1183 2427 1241 Primate
2462 1186 2829 1247 ordinaretur.
2865 1193 2937 1249 At
2970 1193 3400 1268 Carthaginensis
3429 1202 3583 1259 clerus
3616 1214 3662 1262 et

2118 1276 2379 1347 populus.
2407 1277 2603 1351 quibus
2624 1281 2949 1354 jampridem
2980 1284 3260 1346 Secundus
3283 1299 3337 1347 et
3360 1291 3578 1350 Numidae
3598 1296 3663 1353 in-

2116 1367 2214 1424 visi
2243 1378 2403 1426 erant
2419 1412 2437 1448 ,
2466 1370 2565 1429 hos
2585 1375 2837 1447 excipere
2863 1377 3188 1448 noluerunt;
3213 1382 3307 1439 sed
3330 1388 3544 1458 suscepti
3564 1398 3666 1446 sunt

2115 1461 2184 1516 ab
2229 1461 2296 1519 iis
2323 1464 2414 1536 qui
2452 1464 2799 1533 Cmcilianum
2827 1471 2952 1528 odio
2980 1473 3278 1543 habebant,
3304 1492 3333 1533 a
3375 1478 3555 1537 Lucina
3577 1482 3665 1538 sci-

2117 1552 2247 1611 licet
2272 1565 2326 1611 et
2352 1556 2472 1630 ejus
2496 1558 2796 1619 fautoribus
2814 1605 2830 1632 ,
2856 1580 2886 1620 a
2913 1566 3134 1629 senibus
3160 1568 3267 1626 illis
3289 1569 3471 1642 quibus
3492 1574 3666 1631 credits

2115 1644 2326 1703 fuerant
2355 1662 2673 1709 ornamenta
2702 1670 2855 1713 sacra
2880 1698 2895 1722 ,
2925 1672 2956 1711 a
2984 1657 3153 1716 Botro
3178 1670 3234 1719 et
3256 1661 3478 1719 Celestio
3500 1666 3581 1737 qui
3603 1665 3669 1722 in-

2119 1737 2481 1811 dignabantur
2504 1746 2786 1805 ordinatos
2807 1765 2865 1806 se
2889 1766 2996 1807 non
3025 1753 3208 1811 fuisse.
3233 1755 3553 1829 Septuaginta
3578 1758 3670 1815 lue-

2121 1842 2246 1889 runt
2267 1843 2361 1891 aut
2385 1836 2603 1894 circiter
2628 1841 2866 1913 episcopi
2893 1842 3165 1903 Numidiae
3184 1890 3200 1915 ,
3230 1851 3514 1920 Augustino
3539 1860 3671 1920 teste,

2120 1932 2175 1981 et
2214 1926 2357 1983 inter
2397 1944 2521 1999 eos,
2552 1946 2747 1989 omnes
2772 1934 2849 1990 illi
2875 1938 2967 2008 qui
2993 1940 3226 2001 concilio
3260 1938 3485 1999 Cirtensi
3520 1943 3674 1998 adlue-

2122 2028 2243 2074 rant
2270 2062 2283 2087 ,
2316 2019 2628 2082 Traditores
2657 2026 2868 2084 scilicet
2892 2040 2947 2086 et
2974 2029 3261 2089 homicidas
3280 2076 3294 2101 ,
3322 2050 3423 2091 una
3446 2050 3557 2091 cum
3590 2034 3675 2092 Sil-

2121 2126 2261 2167 vano
2288 2112 2520 2169 Cirtensi
2548 2126 2603 2172 et
2639 2117 2849 2174 Donato
2874 2136 2904 2176 a
2930 2121 3286 2198 Casis-nigris
3312 2126 3563 2198 praecipuo
3586 2126 3676 2182 dis-

2120 2205 2393 2263 sensionis
2421 2206 2723 2273 incentore.
2753 2209 2835 2268 Ad
2862 2213 3147 2272 basilicam
3187 2214 3243 2275 in
3283 2233 3383 2290 qua
3421 2217 3677 2274 Christiani

2120 2299 2541 2368 conveniebant,
2571 2303 2752 2363 nullus
2778 2309 3048 2375 accessit;
3078 2311 3177 2367 sed
3206 2311 3261 2369 in
3288 2311 3443 2369 domo
3478 2310 3674 2382 quadam

2120 2393 2328 2462 privata
2357 2395 2793 2461 conventiculum
2824 2415 2982 2463 suum
3013 2401 3344 2463 habuerunt.
3383 2403 3595 2460 Vocatus
3619 2404 3676 2460 ab

2120 2484 2187 2540 iis
2208 2483 2528 2555 Caecilianus
2544 2530 2559 2554 ,
2588 2490 2896 2550 innocentia
2921 2510 3018 2551 sua
3046 2495 3222 2553 fretus
3238 2539 3255 2562 ,
3282 2497 3570 2554 mandatum
3595 2497 3678 2552 hoc

2121 2577 2252 2648 ipsis
2291 2578 2593 2651 signiﬁcat:
2626 2582 2687 2638 Si
2713 2595 2787 2638 cst
2813 2585 3026 2651 quodin
3050 2603 3129 2642 me
3167 2588 3421 2661 probetur.
3446 2597 3576 2645 exeat
3607 2603 3681 2641 ac-

2119 2685 2328 2731 cusator
2352 2685 2398 2729 et
2428 2676 2624 2749 probet.
2656 2676 2758 2735 Illo
2789 2688 3042 2754 tempore,
3073 2683 3288 2755 inquit,
3314 2682 3548 2755 Optem,
3572 2698 3600 2735 α
3619 2688 3677 2736 tot

2122 2763 2345 2822 inimicis
2375 2770 2504 2825 nihil
2533 2771 2587 2826 in
2624 2788 2739 2828 eum
2780 2776 2944 2843 potuit
2982 2776 3250 2848 conﬁngi:
3286 2777 3374 2837 sed
3407 2777 3467 2832 de
3502 2774 3683 2831 ordina-

2120 2868 2227 2915 tore
2256 2876 2370 2932 suo,
2403 2864 2540 2933 quod
2568 2865 2631 2920 ab
2672 2866 2736 2920 iis
2776 2868 2910 2938 falso
2948 2867 3198 2927 Traditor
3235 2871 3497 2937 diceretur,
3524 2867 3680 2923 meruit

2118 2953 2385 3027 infamari.
2418 2955 2446 3011 1
2453 2967 2616 3017 terum
2642 2976 2674 3014 α
2698 2957 2974 3016 Cccciliano
2998 2965 3307 3026 mandatum
3331 2972 3401 3019 cst
3417 3004 3431 3030 ,
3456 2962 3569 3019 utsi
3592 2958 3679 3015 Fe-

2121 3047 2196 3101 lix
2221 3048 2274 3101 in
2300 3065 2384 3117 se,
2414 3051 2547 3106 sicut
2570 3050 2651 3107 illi
2674 3052 3079 3121 arbitrabantur,
3104 3055 3243 3118 nihil
3265 3057 3572 3116 contulisset.
3598 3051 3681 3123 ipsi

2122 3147 2380 3210 tamquam
2436 3141 2607 3199 adhuc
2663 3143 2951 3202 Diaconum
3002 3132 3309 3213 ordinarent
3362 3146 3679 3205 Cruciliauutu.

2118 3230 2269 3289 Tunc
2296 3233 2593 3309 Purpurius
2616 3239 2769 3294 solita
2794 3242 2990 3301 malitia
3017 3244 3204 3315 fretus,
3234 3244 3383 3314 quasi
3406 3253 3451 3298 et
3476 3240 3683 3296 Cecilia~

2121 3344 2221 3383 nus
2259 3329 2400 3400 ﬁlius
2428 3332 2625 3387 sororis
2655 3337 2768 3406 ejus
2794 3346 2954 3402 esset,
2983 3337 3056 3392 sic
3082 3338 3157 3393 ait
3178 3356 3198 3394 :
3225 3338 3398 3396 Exeat
3424 3336 3521 3393 huc
3552 3332 3683 3406 quasi

2120 3419 2429 3493 imponatur
2456 3422 2535 3480 illi
2557 3439 2750 3482 manus
2776 3427 2837 3501 in.
2854 3427 3187 3501 Episcopatu
3202 3474 3218 3501 ,
3249 3440 3306 3488 et
3327 3438 3593 3502 quassetur
3614 3425 3678 3480 illi

2100 3521 2281 3589 caput
2306 3514 2374 3572 de
2401 3516 2742 3587 pmnitentia.
2789 3519 2888 3579 His
2914 3522 3062 3581 rebus
3091 3526 3388 3598 compertis,
3414 3532 3512 3579 tota
3531 3520 3684 3576 Eccle-

2116 3607 2196 3661 sia
2223 3604 2553 3675 Ctecilianum
2576 3610 2809 3680 retinuit,
2830 3630 2891 3669 ne
2913 3631 2967 3670 se
2993 3616 3281 3679 latronibus
3307 3614 3603 3676 tradidisset.

2189 3720 2468 3785 Damnatio
2509 3724 2794 3785 chiliani.
2828 3756 2902 3771 --
2926 3728 3233 3791 Absentem
3278 3733 3455 3804 itaque
3493 3729 3683 3787 damna-

2115 3826 2311 3877 verunt
2352 3816 2741 3888 Ceciliauum,
2782 3822 2925 3893 quod
2957 3833 3181 3882 vocatus
3212 3825 3407 3883 adesse
3434 3824 3679 3887 noluerat.

2116 3908 2262 3979 quod
2295 3924 2325 3965 a
2354 3909 2730 3969 Traditoribus
2755 3924 2902 3970 esset
2925 3915 3243 3987 ordinatus,
3269 3928 3326 3975 et
3347 3916 3486 3990 quod
3511 3914 3681 3970 victum

2117 4000 2315 4065 aliene
2346 4005 2674 4077 martyribus
2700 4005 2754 4062 in
2783 4009 3029 4066 custodia
3048 4013 3364 4069 constitutis
3385 4006 3684 4083 prohibuisse

2114 4092 2418 4155 dicebatur.
2459 4095 2679 4155 Prolata
2710 4098 2767 4156 in
2803 4114 2930 4156 eum
2972 4101 3207 4175 ejusque
3245 4104 3571 4161 ordinatam
3606 4097 3683 4153 de-

2108 4185 2361 4257 jectionis
2391 4197 2552 4262 atque
2580 4194 3158 4253 excommunicationis
3186 4198 3476 4263 sententia,
3497 4193 3547 4249 io
3584 4190 3681 4259 eius

2112 4282 2295 4340 locum
2325 4285 2645 4356 Majorinum
2663 4328 2680 4356 ,
2708 4290 2800 4360 qui
2830 4289 3003 4347 lector
3033 4290 3212 4349 fuerat
3241 4292 3373 4350 dum
3399 4286 3684 4348 Cacilianus

2112 4386 2228 4435 erat
2254 4378 2694 4451 archidiaconus,
2724 4380 3086 4440 domesticum
3112 4384 3340 4443 Lucium
3383 4386 3493 4455 ipsa
3517 4377 3684 4436 δυση-

2112 4480 2299 4542 gante,
2329 4482 2385 4526 et
2413 4470 2575 4543 hujus
2600 4483 2824 4545 argento
2852 4478 3090 4548 corrupti
3108 4476 3261 4550 (nam
3290 4475 3679 4550 quadringentos

399 4542 527 4644 sunt
564 4535 936 4644 lolzimus‘et.
961 4539 1212 4644 Aurelius
1249 4538 1451 4644 Victor.
1499 4541 1636 4597 Hinc
1673 4542 2008 4616 indulgentia
2035 4565 2092 4644 b
2115 4535 2422 4623 folmﬂeam
2452 4535 2739 4637 propterea
2771 4535 3044 4641 episcopis
3072 4535 3684 4643 dedi—sse.posteavcom-

400 4628 491 4683 illa
537 4644 567 4684 a
611 4629 880 4685 Maxentio
925 4630 976 4684 in
1008 4629 1243 4687 Africam
1285 4632 1424 4689 mitti
1463 4649 1573 4689 non
1611 4636 1825 4707 potuit,
1856 4645 1912 4692 et
1946 4636 2011 4692 li-

398 4724 578 4780 bertas
608 4739 704 4794 per
733 4723 884 4778 illum
913 4724 1233 4781 Christianis
1259 4728 1466 4783 restitui
1495 4740 1620 4785 ante
1645 4745 1851 4788 annum
1877 4730 2004 4799 5M,

396 4828 504 4888 quo
531 4832 671 4871 anuo
694 4816 1125 4886 persecutionem
1154 4819 1209 4873 in
1231 4817 1538 4877 Occidentis
1565 4822 1813 4894 partibus
1840 4823 2002 4880 linem

398 4912 672 4982 accepisse
698 4919 927 4967 testatur
956 4910 1241 4968 Eusebius.
1870 4939 1875 4943 ν
1936 4938 1967 4969 ς

483 5045 724 5103 Visitator
750 5046 995 5109 Ecclesia
1021 5045 1415 5120 Carthaginensi
1438 5052 1599 5109 datus
1619 5073 1652 5111 a
1671 5057 1883 5114 Clericis
1907 5058 2007 5117 Se-

398 5140 574 5207 cundi.
598 5169 671 5183 -—
687 5141 991 5209 Antequam
1017 5138 1342 5205 Caecilianus
1366 5143 1736 5219 ordinaretur,
1763 5151 1874 5221 jam
1905 5153 2004 5210 Se-

322 5247 327 5253 '
397 5232 605 5290 cuudus
642 5233 870 5299 clericos
905 5230 1287 5307 Carthaginem
1332 5240 1588 5308 miserat,
1630 5243 1721 5313 qui
1767 5244 1894 5302 licet
1932 5248 2001 5303 ad

398 5328 628 5395 clericos
685 5327 1143 5400 Carthaginienses
1178 5331 1443 5390 accedere
1474 5336 1779 5409 noluerint,
1818 5357 1849 5396 a
1889 5341 2001 5399 Lu-

391 5423 517 5479 cilla
543 5424 779 5493 suscepti
812 5423 1144 5487 visitatorem
1176 5427 1622 5501 nominaverant,
1651 5435 1697 5488 si
1727 5433 1861 5491 ﬁdes
1902 5436 1996 5493 ba-

382 5513 586 5579 beatur
625 5515 924 5588 Augustino
964 5516 1017 5572 id
1057 5521 1298 5575 narranti
1329 5534 1493 5578 serm.
1514 5540 1680 5595 aut,
1708 5526 1778 5584 de
1802 5528 1992 5588 Pasto—

392 5606 538 5662 ribus
566 5622 618 5664 c.
651 5608 738 5664 15.
769 5608 884 5667 Hoc
912 5616 1157 5682 tempore
1192 5609 1494 5671 Ecclesiam
1520 5632 1738 5691 quoque
1762 5619 1990 5680 Cartha-

389 5696 664 5778 giniensem
689 5700 923 5760 turbavit
946 5703 1184 5761 Donatus
1205 5722 1234 5762 a
1256 5706 1630 5782 Casiis-nigris,
1656 5714 1769 5783 qui,
1793 5715 1989 5775 eodem

391 5794 527 5857 teste
561 5787 616 5859 in
656 5789 934 5853 Breviculo
969 5796 1280 5857 collationis
1316 5798 1423 5860 diei
1451 5802 1491 5860 ὅ
1511 5803 1792 5867 convictus
1817 5818 1905 5869 est
1929 5810 1988 5871 in

2119 4671 2331 4733 pertum
2359 4661 2494 4734 fuit)
2516 4663 2833 4735 episcopum
2859 4665 3046 4723 illicita
3066 4666 3424 4723 ordinarunt:
3445 4663 3522 4722 sic
3539 4660 3685 4716 altare
3756 4688 3763 4697 ο

2115 4763 2309 4815 contra
2330 4755 2505 4813 altare
2530 4767 2774 4817 erectum
2796 4768 2911 4815 est:
2941 4745 3067 4817 hinc
3089 4758 3403 4817 schismatis
3422 4772 3487 4814 ae
3502 4756 3684 4811 dissen-

2116 4847 2288 4905 sionis
2317 4848 2553 4905 initium.
2990 4919 3001 4927 .

2184 4965 2393 5024 Littera
2418 4967 2605 5041 synodi
2633 4972 2689 5024 in
2713 4939 3315 5024 ςωοειίαηαπιῖθεύεείο
3352 4964 3553 5039 Apum.
3590 4956 3685 5016 σε·

2109 5059 2332 5116 cibianus
2359 5061 2417 5115 in
2444 5062 2803 5117 communione
2829 5062 2985 5117 totius
3014 5060 3152 5116 orbis
3181 5069 3463 5133 permanet.
3491 5052 3686 5109 -Ροει

2109 5155 2436 5212 sententiam
2466 5157 2762 5226 prolatam,
2792 5157 3030 5226 litteras,
3061 5165 3121 5212 ut
3152 5155 3267 5213 ﬁeri
3297 5156 3466 5221 solet,
3493 5147 3684 5208 nomine

2109 5248 2326 5305 concilii
2366 5249 2432 5305 ad
2465 5250 2737 5307 Ecclesias
2767 5248 3055 5307 Africanas
3086 5251 3387 5318 miserunt,
3419 5247 3609 5311 livore,
3636 5246 3685 5294 ul

2108 5347 2285 5419 inquit
2303 5347 2548 5418 Optatos,
2572 5347 2811 5405 dictante
2830 5348 3166 5418 conscriptas
3185 5364 3199 5414 ;
3222 5346 3422 5419 quibus
3439 5333 3682 5400 Caeciliani

2106 5441 2448 5498 ordinatores
2468 5440 2772 5498 traditionis
2794 5455 2917 5498 reos
2941 5456 3065 5498 esse
3084 5440 3563 5504 calumniahautur,
3581 5430 3683 5489 Ca2-

2103 5538 2286 5595 ciliani
2318 5538 2713 5594 ordinationem
2755 5537 2965 5593 irritam
2997 5552 3121 5593 esse
3151 5534 3564 5609 pronuntiabant
3584 5566 3597 5593 9
3626 5537 3680 5579 ac

2102 5645 2295 5689 omnes
2319 5626 2607 5688 monebant
2630 5640 2688 5689 ut
2710 5632 2779 5689 ab
2801 5631 2921 5704 ejus
2941 5632 3326 5689 communione
3343 5627 3679 5687 abstinerent,

2100 5733 2157 5780 et
2201 5724 2518 5795 Majoriuum
2564 5741 2662 5796 pro
2710 5726 2952 5799 legitimo
3001 5735 3363 5798 agnoscerent
3413 5720 3676 5792 EpiscopO-

2099 5814 2376 5875 Creditum
2405 5826 2489 5877 est
2515 5833 2546 5875 a
2576 5819 2825 5891 pluribus
2852 5818 3150 5893 Africanis,
3185 5816 3462 5878 numerosi
3491 5804 3681 5872 concilii
