3788 6318
105 315 200 375 731

1294 309 1621 377 HISTORIA
1658 307 2215 377 DONATISTARUM.

3283 328 3387 387 78!

102 418 305 494 litteris
335 437 389 494 in
419 436 761 495 Caecilianum
792 435 970 493 datis:
1005 435 1131 491 hinc
1156 450 1261 491 non
1295 444 1503 490 tantum
1549 434 1676 492 Car-
1703 429 1757 493 Δ
1779 428 2217 501 judiceseGallia
2246 434 2363 493 dari
2389 437 2755 508 postulabant,
2784 404 2946 511 quem
2969 442 3139 502 refert
3158 446 3386 520 Optatos

103 530 449 602 thagincnsis,
472 530 563 586 sed
583 540 636 586 et
664 531 910 586 universa
928 526 1177 585 Africana
1199 526 1446 584 Ecclesia
1470 526 1522 581 in
1543 525 1681 582 duas

101 633 278 696 partes
325 623 659 695 est;divisa;
710 624 829 680 aliis
864 621 1133 680 Caeciliani
1163 620 1532 678 innocentiam
1581 620 1679 678 de-

98 716 474 785 fendentihus,
522 726 577 773 et
630 732 753 773 cum
795 732 861 773 eo
908 715 1353 772 communionem
1397 713 1682 771 retinenti-

98 810 231 877 bus;
271 811 393 867 aliis
436 809 706 866 stantibus
734 824 763 864 a
797 817 947 881 parte
976 808 1218 880 Majorini
1258 817 1313 863 ct
1342 822 1369 862 a
1400 804 1679 863 Caeciliani

98 903 476 961 communione
521 901 944 959 discedentibus.
996 901 1065 956 At
1116 917 1240 956 cum
1296 898 1364 954 ad
1407 897 1683 955 Ecelesias

97 997 480 1054 transmarinas
520 1010 738 1053 causam
785 995 923 1055 hanc
952 994 1163 1051 deferre
1193 993 1486 1051 adversarii
1516 990 1684 1048 Czeci-

96 1090 218 1145 liani
262 1098 384 1145 tunc
432 1089 692 1163 temporis
732 1090 847 1144 ausi
892 1104 997 1144 non
1029 1096 1247 1154 essent,
1276 1084 1599 1143 Cmcilianus
1627 1083 1682 1139 in

93 1182 467 1241 communione
512 1183 675 1237 totius
711 1181 859 1237 orbis
888 1181 1255 1240 Ecclesiarum
1289 1180 1621 1253 permansit,
1651 1193 1683 1236 e

94 1285 277 1331 contra
310 1290 437 1331 vero
467 1272 763 1345 Majorinus
790 1274 999 1333 nullum
1032 1273 1221 1335 habuit
1253 1282 1406 1331 extra
1448 1272 1683 1327 Africam

93 1370 333 1441 quicum
363 1384 428 1426 eo
457 1369 888 1427 communicaret
912 1410 928 1434 ,
972 1379 1061 1423 aut
1092 1368 1244 1424 illum
1290 1383 1387 1439 pro
1427 1367 1687 1439 episcopo

96 1461 498 1536 Carthaginensi
544 1462 786 1520 haberet.
818 1461 900 1519 Ad
927 1460 1275 1519 Caecilianum
1325 1462 1392 1518 ab
1435 1460 1685 1516 omnibus

95 1556 462 1613 transmarinis
494 1555 754 1615 Ecclesiis
786 1553 1284 1611 communicatorim
1313 1552 1685 1620 mittebantur,

94 1666 198 1706 non
234 1657 413 1706 autem
443 1649 509 1705 ad
540 1649 887 1720 Majorinum.

179 1741 546 1799 Constantinus
602 1740 935 1799 Carciliannm
989 1758 1082 1813 pro
1154 1739 1380 1815 legitimo
1450 1735 1689 1808 episc0po

1784 535 2107 595 conceptum
2124 526 2206 582 his
2229 528 2433 585 verbis:
2458 530 2723 602 Rogamus
2741 542 2812 601 te,
2825 532 3177 607 Constantine,
3192 542 3381 614 Optime

1782 612 2082 681 imperator,
2100 619 2345 687 quoniam
2372 622 2627 692 degenere
2642 627 2789 697 justo
2816 643 2890 696 es,
2912 633 3061 703 cujus
3089 612 3235 701 pater
3254 635 3388 691 inter

1783 714 1994 760 cteteros
2016 707 2350 779 imperatores
2389 717 2796 784 persecutionem
2826 735 2932 774 non
2970 724 3219 792 exercuit,
3249 736 3297 781 et
3323 727 3385 781 ab

1783 793 1881 852 hoc
1909 800 2164 871 facinore,
2190 802 2433 859 immunis
2462 817 2537 861 est
2557 806 2750 865 Gallia.
2785 809 2927 867 Nam
2965 814 3021 870 in
3044 815 3228 889 Africa
3250 818 3387 876 inter

1784 911 1878 951 nos
1921 905 1969 951 et
2015 907 2227 953 ca'teros
2266 900 2538 975 episc0pos
2580 908 2928 963 contentiones
2954 919 3114 978 sunt;
3169 914 3387 985 petimus

1785 997 1838 1042 ut
1864 988 1928 1044 de
1954 988 2130 1046 Gallia
2171 992 2317 1048 nobis
2348 994 2557 1068 judices
2586 996 2701 1054 dari
2749 1002 3019 1075 prtecipiat
3070 1005 3237 1076 pietas
3268 1017 3382 1063 tua.

1786 1080 1990 1139 Danaa
2016 1083 2268 1153 Luciano,
2301 1087 2493 1161 Digna,
2528 1090 2749 1149 Nasutio
2770 1137 2785 1164 ,
2826 1096 3108 1170 Capitone,
3140 1100 3386 1160 Fidentio

1787 1183 1832 1227 et
1879 1178 2076 1232 cteteris
2121 1180 2373 1252 episcopis
2419 1185 2579 1253 partis
2612 1183 2828 1253 Donati,
2874 1198 2967 1245 aut
2995 1193 3174 1263 potius
3205 1194 3386 1269 Majo-

1788 1266 1892 1323 rini
1910 1310 1927 1336 ,
1952 1280 2013 1324 ut
2038 1270 2451 1331 observavimus
2483 1277 2586 1334 hoc
2616 1279 2757 1335 loco.

1861 1359 2227 1419 Constantinus
2253 1366 2342 1422 dat
2372 1369 2581 1442 judices
2626 1382 2728 1429 tres
2749 1391 2777 1431 e
2801 1373 2976 1432 Gallia
3001 1378 3270 1452 episcopos
3304 1381 3392 1452 qui

1789 1451 1973 1508 Romae
2027 1472 2236 1512 causam
2289 1460 2539 1530 deﬁniant
2600 1482 2703 1522 una
2770 1484 2886 1523 cum
2940 1468 3180 1526 Miltiade
3231 1451 3388 1529 Rom.

1791 1546 2054 1618 episcopo.
2085 1578 2158 1590 ——-
2186 1551 2576 1613 Constantinus
2596 1559 2917 1630 imperator,
2943 1572 3165 1634 accepta
3187 1566 3240 1622 in
3263 1566 3392 1624 Gal-

1792 1637 1903 1707 liis,
1936 1638 2025 1698 ubi
2055 1652 2168 1700 tum
2194 1648 2532 1716 versabatur,
2578 1652 2844 1710 relatione
2896 1655 3117 1714 Anulini
3160 1675 3394 1731 procon-

1793 1732 1947 1823 sulis,
1979 1745 2035 1790 et
2057 1736 2253 1793 libellis
2302 1738 2483 1797 eidem
2521 1743 2775 1803 relationi
2817 1746 3122 1819 adjunctis,
3168 1767 3390 1823 permo-

94 1836 627 1915 agnascit.—5Quin
652 1837 817 1895 etiam
841 1834 1230 1893 Consmtuinus
1258 1836 1572 1907 imperator,
1595 1829 1690 1903 qui
1719 1820 1765 1885 B
1794 1821 1928 1881 leslc
1959 1830 2183 1886 omnino
2213 1832 2366 1900 ιυιὶι.
2399 1842 2456 1889 ul
2489 1834 2604 1905 ipse
2634 1837 2710 1893 ait
2746 1838 2799 1894 itt
2842 1842 3071 1910 epistola
3104 1820 3393 1901 ad'Miltia-

92 1941 340 2002 superato
368 1946 512 1993 anno
540 1931 648 1987 3l‘2
674 1930 970 1996 Maxentio,
1004 1930 1212 1986 Italiam
1238 1927 1549 1987 etAl'ricam
1578 1928 1683 1983 im-

95 2023 243 2092 perio
263 2037 365 2077 suo
388 2021 732 2092 adiunxerat,
766 2024 1025 2093 pecunias
1042 2037 1173 2094 quas
1204 2021 1256 2076 in
1291 2030 1544 2093 sumptus
1585 2019 1686 2076 mi-

96 2114 389 2169 niatrorutu
418 2113 682 2170 Ecclesia:
710 2111 1007 2169 Catholica:
1029 2115 1429 2185 provinciarum
1459 2113 1684 2181 Africae,

96 2205 359 2261 Numidiae
410 2216 461 2264 et
503 2208 790 2281 utriusque
820 2207 1153 2264 Mauritaniae
1191 2223 1261 2266 ex
1305 2208 1439 2264 lisco
1486 2208 1681 2280 largie.

96 2301 270 2368 batur,
313 2300 603 2358 Creciliatlo
657 2312 927 2375 tamquam
974 2303 1221 2376 legitimo
1276 2301 1688 2375 Carthaginensi

99 2394 356 2463 episcopo
383 2394 787 2451 distribuendas
813 2397 1115 2463 commisit;
1146 2407 1195 2452 et
1241 2395 1432 2452 litteris
1458 2394 1524 2451 ad
1562 2410 1686 2451 eum

97 2484 231 2540 datis
264 2486 640 2543 schismaticns
689 2488 884 2544 acerbe
913 2488 1268 2560 perstringit,
1299 2498 1574 2559 tamquam
1607 2486 1690 2541 in-

98 2579 406 2651 composita:
456 2582 655 2636 mentis
684 2581 933 2638 homines
957 2623 972 2649 ,
1004 2581 1057 2637 id
1098 2591 1322 2653 agentes
1353 2589 1413 2635 ttt
1460 2581 1693 2634 sanctis-

98 2671 245 2728 sima:
273 2689 336 2731 ac
359 2674 645 2730 catholicae
674 2674 935 2731 Ecclesiae
964 2676 1221 2747 ponulum
1252 2673 1498 2745 improba
1529 2684 1692 2743 atque

100 2765 398 2823 adulterina
431 2765 665 2823 falsitate
717 2778 1106 2840 corrumpant;
1149 2768 1335 2839 aitqu'e
1378 2783 1437 2824 se
1476 2765 1695 2824 dedisse

99 2857 149 2914 in
176 2859 449 2915 mandatis
475 2859 711 2917 Anulino
756 2858 1070 2932 proconsuli
1116 2870 1169 2914 et
1219 2860 1447 2932 patricio
1472 2860 1694 2943 'vicario

104 2949 506 3022 praefectorum,
538 2964 596 3008 ut
620 2954 779 3023 hujus
810 2953 887 3009 rei
911 2968 1097 3008 curam
1125 2958 1315 3025 gerant
1340 2969 1355 3018 ;
1401 2961 1454 3007 et
1484 2952 1527 3006 si
1557 2966 1695 3023 quos

101 3043 474 3117 hujuscemodi
515 3046 763 3104 homines
800 3048 852 3104 in
912 3047 1014 3103 hac
1061 3048 1296 3104 amentia
1343 3061 1695 3119 perseverare

102 3139 409 3213 contigerit,
455 3138 747 3197 Caeciliano
774 3142 996 3210 scribit,
1025 3152 1083 3196 ut
1122 3142 1328 3213 abSque
1355 3140 1696 3197 haesitatione

1788 1915 1950 1973 dem:
1986 1918 2055 1975 In
2090 1922 2201 1977 istis
2230 1928 2508 1995 provinciis
2552 1946 2681 1999 quas
2715 1931 2889 1988 divina
2916 1932 3252 1994 Providentia
3287 1956 3393 2003 sum

1789 2007 2046 2066 devotioni
2074 2024 2358 2083 spontaneo
2384 2018 2646 2077 deditione
2679 2024 2963 2082 tradiderat
2983 2068 2998 2092 ,
3047 2038 3095 2083 et
3118 2028 3175 2085 in
3201 2031 3387 2102 quibus

1790 2102 2019 2158 niaxima
2046 2117 2151 2160 erat
2181 2110 2361 2181 papuli
2402 2113 2698 2184 multitudo,
2755 2118 2951 2189 plebem
2994 2124 3145 2193 quasi
3183 2125 3237 2180 in
3262 2125 3395 2184 duas

1791 2206 1962 2266 partes
1993 2198 2214 2255 divisam
2258 2201 2328 2256 ad
2378 2204 2638 2264 deteriora
2690 2211 2980 2282 deﬂectere,
3025 2225 3075 2271 et
3126 2220 3397 2292 episcopos

1789 2290 1923 2346 inter
1948 2310 2002 2351 se
2030 2293 2317 2353 dissentire.
2344 2297 2415 2355 Ut
2442 2299 2606 2373 igitur
2630 2303 2858 2363 dissidio
2884 2309 3046 2365 linem
3085 2290 3398 2384 imponeret

1792 2382 2200 2476 Constantinus,
2230 2399 2341 2446 tres
2372 2393 2661 2466 episcopos
2687 2413 2719 2454 e
2743 2397 2916 2456 Callia
2950 2382 3176 2473 judices
3205 2407 3389 2476 dedit,

1792 2474 2093 2534 Maternum
2119 2482 2591 2557 Agrippinensem,
2624 2488 2893 2548 Reticium
2925 2474 3389 2568 Augustalium

1794 2583 1950 2638 sem,
1994 2581 2049 2629 et
2095 2575 2357 2632 Marinum
2414 2580 2824 2652 Arelatensem,
2874 2589 3123 2657 quicum
3154 2594 3398 2653 Miltiade

1796 2661 2045 2754 Romano
2104 2670 2363 2743 episcopo
2414 2673 2601 2732 Romae
2652 2694 2768 2735 rem
2835 2680 3166 2754 iudicarent.
3225 2689 3403 2748 Simul

1795 2752 2035 2811 Anuliuo
2058 2760 2351 2825 mandavit,
2375 2772 2435 2818 ut
2456 2763 2801 2826 Caecilianum
2823 2752 2944 2829 cum
2970 2775 3161 2834 decem
3184 2781 3402 2849 episco-

1798 2849 1881 2918 pis
1905 2850 2074 2920 partis
2102 2866 2239 2921 suae,
2268 2856 2686 2917 etadversarios
2713 2862 2991 2925 Caeciliani
3019 2871 3246 2930 totidem
3289 2874 3402 2931 Ro-

1798 2956 1941 2997 mam
1972 2946 2225 3018 navigare
2256 2950 2595 3021 praeciperet,
2640 2954 2778 3012 intra
2798 2958 2947 3021 diem
2978 2972 3191 3020 sextum
3224 2981 3399 3025 nonas

1798 3035 2071 3103 octobris;
2104 3046 2163 3093 ut
2193 3039 2303 3096 illic
2322 3044 2612 3115 episcOpali
2636 3046 2848 3116 judicio
2874 3066 3035 3109 causa
3066 3070 3256 3112 eorum
3288 3058 3403 3116 dis-

1798 3139 2127 3201 ceptaretur.
2153 3134 2328 3206 Atque
2349 3148 2408 3193 ut
2431 3138 2642 3209 judices
2662 3142 2779 3198 dati
2799 3148 3002 3217 negotii
3024 3150 3397 3218 plenissimam

101 3231 437 3303 supradictus
476 3233 690 3303 judices
715 3234 895 3302 adeat,
930 3235 1089 3306 idque
1129 3235 1262 3306 ipsis
1289 3238 1521 3301 referat,
1553 3246 1611 3290 ut
1642 3235 1693 3291 in
1722 3218 2475 3299 C‘habcremC"8“m°“e‘“t
2516 3236 2769 3306 e‘empla
2810 3237 3120 3297 “bellorum
3153 3244 3225 3299 ab
3251 3246 3402 3303 Anu-

107 3338 223 3379 reos
264 3325 719 3396 quemadmodum
746 3327 809 3385 iis
846 3343 1028 3383 coram
1065 3327 1698 3398 mandaverat,animad-

116 3426 411 3472 verterent.

170 3510 466 3565 Adversarii
495 3508 760 3566 Cazciliani
792 3510 990 3567 libellos
1019 3512 1144 3566 dant
1182 3514 1476 3584 proconsuli
1516 3514 1700 3568 adver—

105 3621 188 3659 sus
233 3621 373 3661 eum.
423 3602 610 3659 Petunt
635 3604 700 3658 ab
728 3605 1039 3676 imperatore
1080 3606 1175 3671 sibi
1212 3605 1329 3660 dari
1367 3605 1597 3679 judices.
1628 3635 1700 3647 ——

107 3699 243 3755 litem
274 3700 577 3771 imperator
597 3698 664 3755 ad
688 3700 978 3755 Anuliuutn
1005 3699 1071 3755 de
1102 3699 1446 3756 imnumitate
1474 3700 1701 3757 clerico-

108 3810 218 3850 rum
246 3797 299 3852 in
331 3795 516 3854 Africa
546 3797 795 3854 scribens
820 3839 833 3863 ,
866 3812 962 3853 eos
1004 3806 1211 3852 tantum
1242 3813 1271 3853 a
1299 3797 1531 3869 publicis
1578 3794 1702 3851 fun-

109 3888 381 3946 ctionibus
422 3889 646 3959 eximit,
693 3891 780 3958 qui
821 3893 874 3944 in
918 3887 1153 3945 Ecclesia
1191 3891 1445 3945 catholica
1470 3890 1553 3944 cui
1583 3888 1700 3945 Cte-

108 3981 326 4037 rilianus
353 3994 536 4053 ρτωεει
556 3983 896 4038 sanctissima:
937 3983 1201 4057 religionis
1248 3985 1565 4038 ministrant.
1599 3986 1704 4039 Ac-

108 4076 275 4145 ceptis
317 4074 403 4130 his
429 4074 620 4131 litteris
671 4074 940 4132 Anulinus
969 4072 1321 4131 Caecilianum
1367 4084 1423 4131 et
1470 4075 1703 4131 clericos

109 4164 548 4237 Carthaginensis
572 4166 831 4223 Ecclesia:
860 4168 1177 4234 accersivit,
1203 4168 1546 4240 perlectoq'ue
1575 4168 1704 4239 ipsis

112 4255 372 4327 imperiali
390 4270 658 4329 prmcepto
670 4275 763 4315 eos
780 4259 1025 4315 hortatus
1042 4271 1203 4327 est,ut
1220 4260 1423 4316 unitate
1434 4276 1703 4318 consensu

110 4348 350 4405 omnium
392 4349 552 4413 facta,
595 4350 933 4407 immunitate
954 4351 1059 4406 sibi
1077 4367 1337 4407 concessa
1368 4353 1701 4421 fruerentur,

111 4453 164 4497 et
207 4446 416 4515 absque
459 4444 851 4516 impedimento
896 4444 1157 4516 deinceps
1185 4445 1382 4502 divinis
1429 4446 1589 4503 rebus
1618 4446 1705 4501 iu-

112 4537 395 4593 servirent.
427 4537 628 4595 Verum
660 4550 779 4610 post
816 4553 1015 4610 paucos
1055 4539 1173 4595 dies
1218 4539 1434 4611 quidam
1488 4556 1554 4596 ex
1604 4540 1702 4596 ad-

1803 3314 1916 3372 lino
1938 3316 2228 3375 missorum
2257 3320 2324 3375 ad
2351 3321 2593 3395 singulos
2619 3340 2810 3384 eorum
2834 3333 3136 3390 transmisit
3155 3349 3279 3393 eum
3316 3337 3407 3394 lit-

1805 3409 1933 3467 teris
1959 3412 2154 3481 quibus
2180 3428 2275 3470 eos
2306 3414 2641 3482 hortabatur,
2672 3429 2732 3476 ut
2754 3436 2974 3479 causam
3014 3423 3157 3483 hanc
3179 3444 3407 3487 accura-

1804 3504 2013 3562 tissime
2047 3519 2442 3579 cognoscerent
2470 3520 2525 3566 et
2553 3527 2617 3568 ex
2651 3518 2972 3589 praascripto
3005 3518 3232 3589 iustitia:
3257 3522 3404 3595 judi-

1802 3605 2009 3653 carent.
2064 3597 2254 3654 Exstat
2300 3600 2418 3669 ejus
2467 3604 2694 3673 epistola
2763 3608 2830 3662 ad
2887 3608 3183 3669 Miltiadem
3232 3614 3399 3685 data,

1804 3705 1925 3760 qua:
1946 3690 2121 3761 ipsum
2136 3691 2372 3761 judicem
2397 3688 2515 3765 ejus
2533 3710 2711 3752 Caus.u
2733 3714 2856 3757 esse
2877 3702 2995 3758 vult
3017 3720 3119 3761 una
3143 3721 3265 3763 cum
3291 3707 3405 3765 Re-

1807 3781 1953 3847 ticio,
1978 3783 2284 3840 Materuoet
2308 3785 2536 3857 Marino,
2552 3790 2776 3865 collegis
2798 3793 2937 3863 ejus.

1877 3874 2177 3931 Romantca:
2207 3889 2421 3951 utraque
2459 3893 2604 3955 parte
2648 3886 2938 3945 mittuntur.
2969 3891 3257 3951 Concilium
3300 3899 3406 3955 Ilo-

1806 3985 2012 4023 manum
2025 3970 2115 4025 sub
2132 3970 2388 4029 Miltiade.
2417 3973 2725 4034 chilianus
2742 3980 2984 4040 innocens
3004 3991 3368 4057 pronuntiatus
3392 4009 3411 4060 ;

1804 4062 1857 4116 in
1884 4061 2147 4118 Donatum
2193 4071 2443 4124 sententia
2482 4070 2609 4124 lata.
2646 4102 2717 4114 ν-
2755 4073 3025 4132 Anulinus
3050 4080 3203 4151 juxta
3252 4099 3407 4140 matt-

1805 4153 1987 4209 datum
2043 4154 2392 4226 imperatoris
2448 4158 2741 4219 Caeciliano
2796 4176 2852 4221 et
2900 4169 3224 4229 adversariis
3287 4176 3407 4248 ejus

1807 4258 2051 4330 praecipit
2071 4268 2129 4315 ut
2158 4259 2284 4315 deni
2314 4277 2379 4317 ex
2404 4270 2630 4335 utraque
2661 4277 2814 4335 parte
2842 4264 3069 4324 Romam
3105 4271 3265 4329 irent.
3300 4274 3402 4332 Cui

1809 4351 2061 4406 mandato
2086 4368 2145 4408 se
2174 4354 2446 4423 parituros
2484 4370 2607 4413 cum
2634 4358 2849 4431 utrique
2891 4364 3297 4438 promisissent,
3323 4369 3407 4426 rei

1807 4444 2094 4500 certiorem
2110 4444 2235 4501 fecit
2256 4446 2456 4516 impera
2467 4456 2659 4504 torem.
2680 4451 2817 4521 Ergo
2832 4452 3154 4523 Caecilianus
3167 4475 3269 4517 una
3283 4477 3409 4521 cum

1808 4535 1997 4592 decem
2030 4540 2296 4610 episcopis
2326 4539 2495 4611 partis
2525 4557 2637 4598 sure
2658 4545 2953 4603 ettotidem
2980 4564 3047 4606 ex
3077 4554 3196 4623 ejus
3218 4556 3409 4614 adver-

116 4632 368 4687 versariis
397 4630 669 4689 Cteciliani
688 4675 705 4702 ,
733 4633 984 4703 adjuncta
1007 4633 1107 4689 sibi
1138 4633 1705 4705 populimultitudine,
1730 4616 1785 4683 D
1808 4629 1965 4684 sariis
2000 4630 2248 4704 (quorum
2287 4634 2676 4705 antesignanus
2702 4647 2821 4693 erat
2851 4640 3089 4701 Donatus
3104 4616 3401 4722 'Casensis)

116 4727 488 4795 proconsulem
528 4727 816 4783 adiverunt
835 4737 996 4799 atque
1019 4727 1157 4784 duos
1180 4727 1397 4784 libellos
1419 4729 1668 4788 obtulere
1687 4773 1702 4800 ,

118 4834 280 4874 unum
307 4820 359 4876 in
376 4820 517 4876 aluta
530 4820 822 4893 signatum,
848 4820 1001 4892 cujus
1018 4820 1134 4876 htec
1148 4830 1264 4877 crat
1284 4824 1703 4895 superscriptio:

117 4912 341 4970 Libellus
366 4912 613 4971 Ecclesia:
655 4913 925 4969 catholicae
947 4916 1225 4970 criminum
1252 4910 1516 4971 Caeciliani
1546 4916 1707 4970 tradi-

119 5017 247 5064 tusa
275 5019 418 5083 parte
447 5009 699 5086 Majorini
728 5026 746 5065 :
776 5011 1013 5067 alterum
1054 4994 1192 5067 sine.
1217 5004 1395 5083 sigillo
1426 5011 1712 5068 conteren-

121 5110 223 5158 tem
271 5102 450 5159 eidem
494 5103 697 5160 alutae:
732 5104 1113 5176 petieruntque
1161 5113 1218 5159 ut
1257 5117 1353 5160 eos
1396 5103 1612 5165 libellos
1641 5104 1709 5160 ad

118 5195 426 5257 comitatum
456 5196 737 5269 dirigeret.
766 5196 841 5253 Ita
872 5213 987 5255 rem
1015 5196 1179 5254 refert
1206 5198 1323 5271 ipse
1350 5198 1621 5254 Anulinus
1653 5198 1707 5254 in

121 5287 378 5347 relatione
421 5288 487 5344 ad
520 5290 902 5360 imperatorem
932 5289 1056 5347 data
1085 5289 1398 5362 Carthagini
1447 5306 1560 5346 xvn
1601 5290 1710 5347 kal.

122 5379 282 5443 Maias
317 5381 674 5439 Constantino
700 5385 942 5454 Augusto
971 5380 1039 5439 ΙΙΙ
1087 5383 1238 5449 Cos.,
1279 5383 1368 5454 qui
1398 5383 1713 5441 consulatus

123 5473 306 5533 incidit
354 5475 405 5531 in
434 5492 633 5539 annum
666 5492 789 5532 mra:
838 5476 1077 5548 vulgaris
1133 5479 1261 5534 315.
1319 5476 1559 5535 Libellos
1611 5479 1715 5535 sibi

125 5567 329 5626 oblatos
375 5571 530 5627 simul
592 5587 715 5629 cum
761 5571 1024 5629 relatione
1072 5571 1137 5629 ad
1192 5572 1614 5641 imperatorem,
1658 5584 1717 5631 ut

127 5672 315 5717 cuncta
347 5670 529 5732 posset
556 5662 873 5735 dignoscere
896 5705 923 5731 ,_
958 5663 1107 5720 misit
1152 5665 1442 5723 Anulinus.
1474 5665 1715 5723 Caecilia-

132 5769 252 5810 num
300 5756 513 5812 interim
543 5758 596 5813 itt
622 5774 725 5817 suo
754 5764 897 5817 stattt
934 5757 1171 5831 reliquit.
1222 5759 1463 5819 Libellus
1483 5760 1603 5819 sine
1640 5758 1715 5816 si-

130 5863 231 5918 gno
260 5865 504 5911 annexus
532 5852 717 5919 alutae,
751 5869 858 5911 non
889 5852 1029 5913 alius
1056 5863 1173 5915 erat
1200 5870 1375 5926 quam.
1402 5855 1449 5914 is
1473 5868 1582 5929 quo
1610 5854 1714 5914 sibi

1814 4722 2040 4779 Romam
2068 4735 2368 4781 venerunt:
2402 4742 2636 4799 cumque
2667 4728 2770 4787 huc
2804 4733 2967 4789 etiam
2997 4738 3272 4796 venissent
3301 4751 3413 4799 tres

1816 4819 2053 4891 cpisc0pi
2101 4819 2363 4878 Gallicani
2405 4821 2620 4893 judices
2646 4842 2673 4878 a
2704 4824 3065 4887 Constantino
3098 4812 3357 4890 nominati
3387 4878 3407 4905 ,

1818 4910 1869 4966 hi
1902 4927 2007 4967 una
2034 4927 2154 4967 eum
2201 4913 2438 4970 Miltiade
2471 4925 2525 4972 et
2556 4917 2866 4987 quindecim
2897 4921 3168 4994 episcopis
3215 4924 3367 4983 Italis
3388 4969 3408 4997 ,

1814 5018 2041 5074 quorum
2073 5003 2290 5060 nomina
2309 5014 2363 5061 et
2388 5004 2547 5063 sedes
2579 5008 2745 5064 refert
2764 5008 3014 5082 Optatos,
3041 5013 3135 5071 lib.
3167 5031 3218 5085 ι,
3264 5016 3411 5091 §25,

1815 5101 1868 5157 in
1901 5100 2064 5157 domo
2094 5100 2308 5159 Faustte
2350 5106 2402 5161 in
2431 5104 2731 5177 Laterano,
2766 5108 2892 5181 (hoc
2920 5122 3004 5169 est
3052 5115 3105 5170 itt
3151 5132 3215 5174 ea
3258 5130 3415 5190 parte

1816 5192 2069 5251 Laterani
2109 5196 2292 5267 palatii
2331 5211 2454 5268 quae
2511 5197 2727 5256 Faustm
2782 5202 3109 5275 imperatrici
3147 5209 3415 5271 destinata

1815 5290 1953 5360 erat)
1983 5286 2345 5345 Constantino
2390 5288 2458 5345 ΙΙΙ
2499 5302 2550 5346 et
2598 5292 2811 5349 Licinio
2851 5297 3047 5355 iterum
3087 5301 3239 5356 Coss.
3270 5318 3418 5359 anno

1816 5381 1945 5448 515,
1975 5390 2128 5438 sexto
2158 5396 2328 5437 nonas
2356 5384 2595 5439 octobris
2635 5385 2747 5454 die,
2792 5400 2947 5447 sexta
2977 5392 3107 5447 feria
3147 5408 3421 5452 eorm-nc-

1819 5486 1964 5531 runt.
1997 5476 2087 5532 llis
2118 5476 2495 5533 novemdeeim
2522 5478 2931 5537 considentibus
2959 5485 3228 5554 episcopis
3253 5501 3418 5543 causa

1819 5569 2090 5628 Caeciliani
2131 5584 2184 5628 et
2224 5571 2413 5627 Donati
2451 5574 2627 5641 carpit.
2649 5572 2862 5642 agitari.
2912 5576 3019 5634 Res
3046 5593 3141 5647 per
3180 5579 3419 5640 triduum

1818 5673 1940 5725 acta
1980 5677 2085 5735 est,
2127 5664 2509 5724 assistentibus
2540 5665 2775 5721 Notariis
2800 5668 2892 5737 qui
2912 5678 3031 5725 acta
3061 5672 3420 5735 conﬁcerent.

1822 5760 2004 5819 Primo
2051 5760 2140 5817 die
2168 5757 2493 5815 Cmcilianus
2541 5765 2596 5813 et
2632 5766 2984 5820 accusatores
3010 5765 3131 5835 ejus
3154 5775 3431 5827 steterunt

1822 5870 1881 5913 se
1905 5861 2087 5913 coram
2128 5850 2417 5923 iudicibus.
2466 5850 2543 5905 De
2580 5860 2959 5914 acettsatorum
3008 5858 3254 5929 personis
3282 5866 3431 5920 trac-
