3898 6320
378 328 485 386 785

1582 317 1897 376 HISTORIA
1940 317 2495 377 DONATISTARUM.
3527 330 3611 389 πει

372 452 543 498 tatutn
588 448 703 505 est,
734 447 787 494 et
816 438 1032 511 quidam
1062 452 1274 503 eorum,
1315 453 1544 510 quorum
1591 442 1698 495 vita
1749 440 1974 496 maculis
2001 442 2048 502 A
2153 439 2290 508 Quid
2318 453 2432 511 post
2471 442 2723 514 synodum
2757 442 3043 497 Romanam
3076 445 3127 497 in
3161 445 3326 514 Africa
3350 455 3536 517 gestum,
3559 483 3615 493 _

373 536 650 608 inquinata
696 544 850 597 erat,
893 522 1188 589 secundum
1231 532 1376 606 leges
1407 535 1475 589 ab
1521 539 1733 591 actione
1773 536 1973 606 repulsi

374 636 519 686 sunt.
545 626 591 684 A
618 628 829 683 caneris
856 628 1232 698 qumsitutnut
1263 637 1429 684 testes
1452 639 1505 684 et
1537 629 1889 700 probationes
1920 630 1973 684 in

375 719 721 778 Catcilianum
769 720 1161 790 producerent,
1199 730 1309 775 tum
1341 720 1415 776 illi
1456 721 1586 777 nihil
1618 723 1669 776 in
1702 738 1823 777 eum
1854 739 1976 792 pro-

374 817 520 875 ferre
550 824 874 889 potuerunt;
911 817 1005 872 sed
1051 815 1104 871 id
1140 825 1345 871 tantum
1381 817 1689 887 allegavcre
1735 814 1977 873 Caecilia-

374 928 505 969 num
566 912 636 969 ab
677 910 928 967 universa
988 908 1143 981 plebe
1198 908 1609 982 Carthaginensi
1663 919 1973 965 accusatum

373 1003 563 1060 fuisse.
589 1001 659 1059 At
677 1000 888 1073 judices
932 999 1091 1072 hujus
1123 1002 1486 1058 accusationis
1510 1016 1631 1074 quae
1678 1001 1975 1057 tumultuo-

372 1101 450 1153 sis
470 1098 643 1153 solum
666 1096 998 1152 clamoribus
1020 1137 1036 1164 ,
1080 1096 1225 1151 nulla
1262 1095 1713 1151 documentorum
1750 1105 1975 1152 attesta-

375 1190 540 1257 tione,
565 1189 709 1246 nulla
743 1190 960 1245 testium
990 1188 1096 1244 iide
1129 1189 1424 1255 nitebatur,
1470 1189 1733 1244 rationem
1767 1187 1975 1244 haben-

373 1282 499 1339 dam
536 1298 660 1339 esse
703 1282 1043 1353 nequaquam
1087 1288 1437 1337 censuerunt.
1471 1279 1856 1351 Requisiernnt
1905 1280 1974 1337 ab

374 1374 463 1443 iis,
494 1386 550 1430 ut
575 1384 753 1432 certos
786 1382 1130 1430 accusatores
1148 1382 1203 1430 et
1228 1382 1395 1430 testes
1416 1373 1750 1440 iuduccrent,
1785 1371 1874 1445 qui
1902 1372 1975 1427 si-

375 1471 487 1524 mul
531 1483 654 1524 cum
684 1467 749 1524 iis
778 1483 845 1524 ex
894 1468 1077 1523 Africa
1116 1478 1396 1533 venerant,
1440 1475 1642 1523 etcum
1673 1477 1975 1539 przesentes

373 1560 624 1627 fuissent,
651 1577 681 1617 a
715 1561 925 1616 Donato
944 1560 1206 1617 subtracti
1247 1559 1590 1627 dicebantur,
1621 1559 1744 1630 quia
1780 1555 1974 1614 testifi-

372 1656 478 1712 cati
506 1664 663 1711 erant
707 1654 838 1710 nihil
877 1653 1078 1711 habere
1100 1668 1158 1709 se
1183 1654 1325 1726 quod
1356 1653 1412 1708 in
1447 1652 1797 1708 Cmcilianuut
1826 1651 1975 1708 dice-

373 1755 519 1803 rent.
561 1744 669 1802 Eos
715 1762 776 1803 se
823 1746 1191 1803 exhibiturum
1238 1745 1330 1801 ille
1368 1746 1653 1815 promisit,
1695 1753 1859 1816 atque
1899 1745 1971 1799 ita

2080 532 2207 589 Post
2260 533 2401 589 istud
2449 534 2711 603 judicium
2752 535 3060 606 Contugissc
3112 546 3265 608 puto,
3315 540 3440 608 quod
3468 554 3618 598 narrat

2078 622 2338 698 Optatos,
2392 624 2487 681 lib.
2543 624 2654 698 t,§
2700 625 2791 693 26,
2840 628 2921 683 his
2947 628 3167 683 verbis:
3219 626 3400 684 Eodem
3434 614 3619 704 tempore

2083 715 2218 772 idem
2252 715 2488 772 Donatus
2533 718 2674 790 petiit
2700 760 2714 784 ,
2762 726 2815 771 ut
2845 722 2885 772 ei
2918 719 3097 773 rererti
3127 719 3362 787 licuisset,
3404 732 3445 777 et
3470 712 3621 779 necad

2081 810 2445 883 Carthaginem
2470 812 2753 868 accederet.
2792 810 2935 867 Tunc
2965 829 2996 866 a
3020 811 3302 881 Filumiuo,
3332 813 3624 889 suffragatore

2078 906 2211 977 ejus,
2244 907 2541 976 imperatori
2571 916 2863 979 suggestum
2894 917 2987 975 est,
3011 916 3067 962 ut
3103 907 3232 962 bono
3273 908 3404 977 pacis
3428 908 3626 966 Ca’cilia-

2076 1018 2175 1057 nus
2205 999 2399 1056 Brixia:
2439 1001 2740 1055 retineretur
2767 1017 2786 1055 :
2817 1010 2863 1056 et
2905 1001 3101 1072 factum
3125 1010 3218 1056 est.
3249 1000 3386 1057 Tunc
3424 1002 3517 1058 duo
3540 1006 3628 1075 cpi-

2076 1093 2218 1165 scopi
2261 1094 2329 1147 ad
2368 1091 2597 1164 Africam
2625 1093 2766 1147 missi
2790 1104 2932 1159 sunt,
2976 1091 3266 1148 Eunomius
3293 1102 3337 1148 et
3376 1093 3626 1166 Olympius.

2083 1184 2364 1252 Venerunt,
2394 1194 2441 1240 et
2471 1184 2612 1256 apud
2654 1183 3017 1255 Carthaginem
3064 1189 3271 1256 fuerunt
3300 1202 3384 1254 per
3409 1187 3505 1241 dies
3526 1204 3630 1256 qua-

2079 1275 2357 1349 draginta,
2387 1285 2442 1329 ut
2486 1276 2879 1346 pronuntiarent
2918 1277 3003 1330 ubi
3049 1287 3175 1333 esset
3227 1275 3492 1334 Catholica.
3539 1278 3633 1335 Hoc

2079 1369 2324 1425 seditiosa
2349 1386 2472 1443 pars
2514 1366 2708 1424 Donati
2737 1370 2851 1440 ﬁeri
2894 1386 3048 1441 passa
3102 1386 3205 1426 non
3246 1380 3360 1427 est:
3388 1372 3447 1425 de
3491 1372 3632 1426 studio

2079 1464 2304 1534 partium
2331 1464 2571 1537 strepitus
2597 1461 2889 1537 quotidiani
2908 1475 3025 1520 sunt
3045 1464 3205 1519 habiti
3229 1480 3248 1518 :
3265 1466 3518 1520 novissima
3540 1482 3634 1520 sen-

2084 1556 2239 1610 tentia
2262 1555 2559 1611 corumdem
2581 1557 2934 1629 episcoporum
2964 1554 3210 1611 Eunomii
3229 1568 3278 1613 et
3308 1558 3515 1630 Olympii
3538 1558 3635 1614 talis

2078 1648 2285 1721 legitur;
2322 1667 2341 1701 t
2363 1659 2418 1704 ut
2431 1649 2657 1705 dicerent
2676 1651 2822 1704 illam
2836 1666 2947 1705 esse
2963 1648 3303 1720 Catholicam,
3328 1667 3436 1721 qua:
3460 1660 3568 1707 esset
3592 1654 3636 1705 in

2084 1759 2103 1794 ι
2129 1751 2233 1797 toto
2260 1742 2380 1797 orbe
2409 1753 2660 1798 terrarum
2688 1740 2902 1810 diﬂ'usa,
2928 1752 2975 1798 et
3002 1744 3305 1798 sententiam
3324 1745 3483 1800 decem
3500 1755 3541 1800 et
3561 1761 3639 1798 tto-

374 1841 576 1896 mansit
610 1840 664 1896 in
695 1838 930 1911 pendulo
972 1838 1247 1897 Caeciliani
1286 1854 1474 1896 causa.
1527 1840 1762 1894 Donatus
1792 1847 1969 1899 autem
2005 1841 2105 1901 B’t
2138 1852 2247 1891 rem
2303 1838 2661 1908 episcoporum
2687 1835 3006 1908 jamdudum
3054 1836 3230 1891 datam
3258 1878 3275 1904 ,
3311 1837 3506 1893 dissolvi
3555 1853 3639 1892 non

371 1931 632 1989 Casensis
694 1942 980 1989 accusatus
1048 1941 1104 1988 et
1168 1933 1447 1989 convictus
1497 1941 1581 1988 est
1613 1974 1627 1999 ,
1682 1931 1973 1988 Cmciliano

371 2022 667 2079 etiamnum
701 2022 1106 2088 archidiacono,
1136 2024 1372 2081 schisma
1396 2018 1596 2080 iecisse
1624 2022 1969 2096 Carthagine,

383 2117 743 2175 etconlessus
788 2134 848 2175 se
876 2119 1243 2190 rebaptizasse
1278 2128 1334 2174 et
1370 2119 1637 2189 episcOpis
1676 2118 1838 2189 lapsis
1862 2134 1974 2173 ma-

374 2229 507 2270 num
538 2213 881 2284 imposuisse.
909 2212 1158 2270 Secunda
1186 2212 1273 2268 die
1305 2228 1335 2267 a
1361 2210 1682 2283 quibusdam
1712 2227 1882 2268 novus
1911 2199 1975 2268 li-

377 2306 557 2364 bellus
578 2306 1001 2363 denuntiationis
1022 2306 1281 2363 adversus
1307 2306 1653 2363 Cmcilianum
1684 2305 1839 2362 datus
1857 2318 1935 2363 e5t
1956 2323 1970 2372 ;

376 2414 486 2470 quo
516 2398 659 2455 facto
689 2399 887 2471 agitata
937 2414 1151 2454 rursum
1199 2398 1457 2469 cognitio,
1514 2408 1569 2453 et
1613 2407 1791 2453 tamen
1838 2397 1974 2452 nihil

367 2493 661 2565 quidquam
694 2493 746 2549 in
796 2493 1139 2549 Caecilianum
1173 2492 1343 2564 potuit
1376 2491 1612 2563 probari.
1644 2490 1849 2547 Eadem
1882 2490 1972 2547 die

374 2593 556 2642 actum
598 2584 811 2641 videtur
838 2586 907 2642 de
931 2585 1161 2641 concilio
1205 2584 1542 2656 septuaginta
1591 2581 1970 2656 epi~coporutn

367 2681 462 2755 qui
487 2679 837 2738 Caecilianum
866 2680 1276 2745 damnaverant,
1306 2695 1537 2751 quorum
1570 2679 1721 2748 quasi
1766 2680 1980 2749 gravis:

364 2777 505 2832 sima
551 2775 930 2847 opponebatur
964 2774 1277 2830 auctoritas.
1326 2772 1606 2829 Adversus
1656 2772 1777 2827 illos
1807 2774 1971 2827 multa

366 2870 511 2927 dicta
543 2878 705 2926 sunt:
735 2867 1050 2924 Traditores
1079 2881 1173 2922 eos
1199 2865 1365 2922 fuisse
1381 2864 1661 2921 Caeciliani
1695 2864 1971 2931 inimicos,

370 2964 695 3020 ambitiosos
723 2962 994 3027 homines,
1037 2959 1257 3016 Lucillae
1287 2960 1553 3016 obnoxios
1585 2968 1638 3014 ct
1664 2957 1780 3032 ejus
1812 2975 1975 3030 pecu-

362 3057 454 3112 nia
483 3066 792 3127 corruptos,
834 3054 1049 3126 aliaque
1078 3052 1341 3124 ejusmodi
1371 3069 1383 3105 :
1415 3052 1676 3107 adversus
1727 3050 1970 3107 Cmcilia-
2010 3082 2013 3085 ι

369 3163 500 3204 num
541 3146 685 3220 quod
716 3162 745 3202 a
774 3145 956 3203 Felice
978 3144 1347 3218 Aptuugitano
1377 3141 1709 3199 Traditionis
1739 3159 1833 3200 reo
1881 3159 1973 3199 or-

2083 1947 2103 1981 e
2140 1946 2302 1999 posse.
2346 1948 2365 1981 ›
2404 1929 2493 1986 Sic
2516 1930 3011 1983 communicaverunt
3035 1930 3170 1983 clero
3193 1928 3451 1984 Cteciliani
3468 1972 3481 1996 ,
3511 1939 3551 1982 et
3574 1945 3642 1984 re-

2077 2023 2215 2078 rersi
2241 2031 2381 2077 sunt.
2415 2020 2496 2077 De
2522 2024 2606 2078 iiis
2634 2022 2787 2077 rebus
2828 2023 3072 2078 habemus
3115 2024 3374 2078 volumina
3403 2034 3605 2078 actorum
3626 2064 3640 2090 ,

2075 2116 2213 2184 quod
2233 2116 2277 2172 si
2298 2116 2413 2187 quis
2434 2117 2672 2181 voluerit,
2706 2117 2759 2170 in
2798 2116 3085 2170 novissimis
3107 2117 3337 2188 partibus
3367 2115 3510 2187 legat.
3535 2115 3642 2171 Cum

2078 2208 2185 2262 hate
2227 2208 2426 2276 ﬁerent,
2469 2205 2699 2262 Donatus
2756 2208 2893 2262 ultro
2933 2208 3075 2279 prior
3101 2209 3171 2262 ad
3197 2209 3539 2283 Carthaginem
3580 2226 3643 2264 re-

2076 2301 2170 2357 dit.
2206 2300 2319 2357 Hoc
2346 2301 2520 2354 audito
2542 2343 2556 2367 ,
2586 2299 2895 2356 chilionus
2922 2303 2988 2355 ad
3029 2318 3176 2356 suam
3206 2302 3401 2369 plebem
3428 2319 3644 2373 propera-

2076 2397 2164 2452 vit.
2195 2395 2307 2451 lloc
2336 2397 2488 2451 modo
2512 2396 2696 2451 iterum
2726 2397 3051 2453 renouellatce
3075 2408 3193 2452 sunt
3222 2410 3413 2467 partes.

2152 2488 2291 2544 Novi
2315 2489 2561 2543 tumultus
2583 2487 2890 2544 Donationa:
2916 2489 3157 2558 [actionis
3185 2489 3645 2548 adversusCatcilia-

2076 2602 2213 2640 man.
2249 2615 2317 2626 -—
2350 2585 2530 2656 Itaque
2559 2585 2868 2641 Donatianze
2910 2583 3157 2640 factionis
3184 2585 3433 2643 homines
3460 2587 3507 2641 itt
3537 2601 3643 2658 per-

2076 2678 2276 2736 vicacia
2316 2694 2411 2734 sua
2444 2688 2824 2751 permanentes
2850 2721 2863 2745 ,
2906 2694 3075 2734 novos
3104 2679 3269 2734 etiam
3299 2680 3542 2736 tumultus
3566 2694 3647 2750 per

2077 2774 2313 2829 Africam
2341 2773 2615 2829 concitare
2639 2782 2939 2845 coeperunt,
2964 2782 3020 2828 et
3042 2789 3111 2829 ex
3140 2775 3205 2830 iis
3234 2775 3475 2831 nonnulli
3503 2777 3646 2847 impc-

2077 2878 2314 2927 ratorem
2348 2866 2497 2923 adire
2526 2868 2642 2922 ausi
2672 2875 2818 2933 sunt,
2852 2881 2915 2923 ac
2940 2866 3008 2922 de
3040 2884 3185 2923 novo
3214 2867 3549 2926 Ctecilianutn
3573 2883 3647 2923 ac-

2076 2975 2283 3016 cusare.
2313 2952 2519 3029 Quibus
2540 2975 2661 3016 cum
2695 2960 3065 3035 respondisset
3088 2961 3423 3033 imperator:
3454 2961 3648 3016 Frustra

2076 3052 2131 3106 id
2151 3070 2236 3108 eos
2251 3056 2454 3126 jactare
2482 3069 2597 3107 cum
2626 3070 2707 3108 res
2753 3053 2969 3123 fuissent
2988 3056 3127 3126 apud
3156 3055 3333 3111 urbem
3372 3055 3573 3111 Romam
3594 3053 3647 3107 ab

2076 3147 2271 3202 idoneis
2321 3164 2382 3201 ac
2447 3147 2815 3215 probatissimis
2859 3148 2981 3204 viris
3027 3148 3287 3220 episcopis
3343 3150 3606 3205 terminata:
3631 3189 3646 3213 ,

367 3240 591 3296 dinatus
632 3238 842 3294 fuisset.
872 3237 967 3294 Hae
1009 3236 1343 3309 quasstiones
1372 3236 1555 3306 plures
1585 3244 1639 3290 ct
1680 3234 1971 3291 intricatis-
1997 3239 2041 3303 C
2075 3241 2257 3295 obnixe
2278 3258 2337 3295 ac
2354 3242 2681 3312 pertinaciter
2704 3241 3104 3313 responderunt,
3128 3244 3271 3313 quod
3299 3260 3470 3299 eorum
3498 3242 3641 3298 omnis

366 3332 519 3389 sinue
546 3338 723 3398 crant,
756 3346 787 3385 a
831 3330 1031 3401 quibus
1077 3327 1458 3384 abstinendum
1488 3341 1609 3384 esse
1652 3327 1753 3384 sibi
1800 3326 1969 3384 (luxe-

366 3435 499 3483 runt
524 3426 740 3483 concilii
764 3426 996 3482 [tomani
1030 3436 1231 3497 patres,
1259 3440 1318 3479 ac
1350 3423 1419 3480 de
1441 3421 1733 3479 Cmciliano
1761 3430 1966 3478 tantum

365 3532 421 3576 et
462 3521 668 3577 Donato
692 3521 953 3593 judicium
988 3521 1129 3577 ferre
1160 3519 1470 3576 voluerunt.
1498 3517 1599 3573 Hic
1629 3517 1823 3573 iterum
1857 3516 1969 3587 pol-

363 3616 547 3672 licitus
575 3627 657 3673 est
688 3632 747 3673 se
775 3616 863 3673 die
902 3615 1145 3689 sequenti
1200 3614 1424 3670 idoneos
1461 3622 1627 3668 testes
1677 3611 1967 3667 criminum

365 3708 639 3766 Caeciliani
672 3708 1034 3765 exhibiturutn
1062 3726 1073 3761 :
1101 3716 1157 3763 at
1194 3723 1318 3763 cum
1367 3704 1647 3777 promissis
1683 3712 1829 3760 stare
1860 3720 1967 3760 non

362 3809 586 3877 posset,
616 3802 681 3857 ad
704 3800 963 3873 judicium
996 3800 1254 3857 accedere
1284 3800 1518 3870 amplius
1554 3797 1748 3855 noluit.
1780 3797 1967 3870 Itaque

356 3899 516 3957 tertia
547 3896 639 3953 die
673 3895 1005 3951 Caecilianus
1035 3894 1273 3950 onntinm
1308 3908 1403 3949 ore
1439 3893 1699 3948 innocens
1732 3905 1969 3963 pronun-

364 3991 529 4047 tiatus
551 3998 655 4057 est,
682 3996 739 4043 et
765 3987 1079 4044 communio
1108 4002 1231 4041 cum
1258 4002 1323 4043 eo
1354 3995 1567 4041 servata
1601 4005 1614 4042 :
1646 4001 1677 4041 e
1724 3996 1909 4041 contra
1936 3999 1967 4039 a

363 4083 595 4155 singulis
624 4084 679 4138 in
705 4083 969 4139 Donatum
1013 4080 1228 4153 propria
1274 4079 1617 4137 confessione
1646 4080 1966 4137 convictum

364 4175 650 4233 sententia:
702 4175 821 4230 lata:
866 4183 1014 4230 sunt.
1055 4173 1112 4229 In
1163 4182 1391 4230 caeteros
1446 4183 1627 4229 autem
1681 4173 1965 4243 cpiscopus

364 4267 458 4339 qui
485 4265 829 4322 thcilianum
870 4266 1293 4332 damnaverant,
1345 4263 1477 4321 nihil
1520 4263 1922 4335 pronuntiatum
1948 4305 1964 4331 ,

362 4375 464 4418 nec
480 4359 624 4415 ullus
640 4374 827 4415 eorum
849 4374 879 4414 a
902 4358 1282 4416 communione
1303 4358 1560 4414 Ecclesia:
1587 4358 1843 4430 expulsus
1861 4364 1965 4421 est;

364 4455 462 4514 sed
492 4449 701 4512 cunctis
713 4452 982 4526 episcopis
1005 4453 1173 4524 partis
1185 4451 1428 4523 Majorini
1456 4452 1514 4525 θ
1538 4452 1687 4523 optio
1716 4450 1838 4507 data
1861 4461 1966 4517 est,

371 4555 434 4603 nt
463 4548 506 4602 si
552 4545 619 4602 ad
647 4550 906 4601 unitatem
948 4546 1125 4602 redire
1164 4545 1390 4610 vellent,
1424 4544 1475 4598 in
1523 4543 1637 4599 suis
1671 4543 1968 4599 honoribus

2073 3351 2230 3388 causa
2267 3351 2366 3389 non
2414 3335 2593 3406 fuisset
2628 3335 2846 3401 audita;
2898 3334 2986 3389 sed
3022 3337 3195 3405 potius
3248 3336 3404 3392 iidem
3445 3333 3648 3406 episcopi

2070 3427 2295 3497 quodam
2324 3428 2436 3483 loco
2462 3445 2514 3483 se
2539 3429 2868 3498 clausissent,
2894 3439 2942 3484 et
2961 3440 3115 3502 prout
3142 3442 3324 3501 aptum
3351 3432 3472 3504 ipsis
3500 3436 3648 3501 fuerat

2065 3520 2405 3591 iudicassent.

2148 3612 2310 3668 Nova:
2335 3631 2510 3669 eorum
2547 3615 2629 3668 atl‘
2652 3616 3016 3686 imperatorem
3048 3618 3295 3688 querelis.
3340 3618 3493 3675 Gesta
3526 3614 3649 3687 apud

2071 3704 2348 3777 diluiuum
2378 3708 2568 3780 Africae
2620 3709 2977 3780 proconsulem
3022 3709 3084 3763 de
3132 3710 3431 3766 innocentia
3477 3706 3648 3764 Felicis

2070 3801 2430 3875 Aptungitani.
2444 3833 2506 3843 —
2522 3801 2618 3859 His
2645 3813 2919 3873 permotus
2940 3802 3333 3861 Constantinus
3357 3806 3647 3878 imperator,

2070 3902 2129 3949 ut
2168 3892 2597 3952 dissensionibus
2638 3895 2856 3952 tandem
2904 3896 3192 3969 aliquando
3224 3899 3391 3955 linem
3432 3899 3651 3970 impone-

2070 4000 2173 4053 ret,
2213 4002 2428 4042 causam
2474 3986 2670 4044 Felicis
2703 3987 3059 4059 Aptungitani
3106 3989 3160 4044 in
3207 3991 3430 4062 publico
3476 3988 3651 4045 Africa:

2065 4079 2271 4151 judicio
2289 4081 2585 4137 examinari
2605 4083 2886 4153 prmcepit,
2920 4094 2976 4138 ct
2999 4083 3296 4141 concilium
3325 4082 3490 4157 priori
3511 4083 3652 4152 longe

2070 4174 2414 4231 numerusius
2462 4173 2653 4230 indixit
2700 4174 2752 4229 in
2796 4174 2983 4230 urbem
3031 4174 3434 4241 Arelatensem,
3473 4184 3529 4229 ut
3557 4183 3652 4228 tom

2070 4266 2342 4324 Caeciliani
2397 4282 2561 4323 causa
2618 4269 2817 4323 iterum
2862 4252 2945 4324 ad
2995 4284 3223 4324 examen
3294 4276 3652 4326 revocaretur.

2070 4363 2301 4434 Scripsit
2349 4361 2512 4433 igitur
2565 4360 2631 4417 ad
2687 4360 2887 4419 Verum
2941 4379 3039 4419 seu
3096 4361 3361 4419 Verinum
3415 4362 3653 4418 vicarium

2068 4454 2285 4524 Africze,
2321 4463 2378 4510 ut
2402 4454 2471 4510 de
2498 4454 2603 4509 vita
2634 4453 2836 4512 Felicis
2857 4453 3209 4527 Aptungitani
3245 4465 3303 4512 et
3341 4455 3410 4512 de
3448 4453 3654 4510 crimine

2070 4547 2400 4605 Traditionis
2419 4548 3024 4619 cnjnsinsitnulabatur,
3045 4550 3258 4621 publice
3282 4550 3653 4621 inquireretur.
3723 4599 3731 4613 ,
3811 4578 3818 4585 -

361 4650 772 4715 permanerent,
803 4641 1013 4697 etiamsi
1042 4651 1193 4697 extra
1228 4639 1525 4697 Ecclesiam
1554 4639 1787 4696 ordinati
1831 4638 1964 4696 fuis—
1989 4644 2044 4707 D
2068 4640 2201 4696 Cum
2233 4652 2409 4697 autem
2443 4638 2616 4696 Verus
2639 4641 2979 4697 incommoda
3008 4642 3315 4697 valetudine
3367 4649 3651 4703 teneretur.

360 4743 544 4793 senta
571 4732 866 4805 Majorino;
903 4735 976 4787 ha
1017 4744 1073 4787 ut
1111 4733 1438 4804 ubicumque
1478 4732 1586 4789 duo
1616 4742 1801 4790 essent
1850 4734 1965 4805 epi-

361 4831 511 4902 scopi
535 4874 549 4897 ,
579 4844 717 4885 unus
749 4845 775 4881 a
808 4826 1123 4893 Caeciliano,
1152 4829 1289 4884 alter
1318 4844 1346 4882 a
1369 4827 1634 4900 Majorino
1658 4829 1960 4895 ordinatus,

361 4923 410 4980 is
456 4921 875 4978 confirmaretur
914 4919 1005 4991 qui
1065 4920 1215 4990 prior
1265 4934 1410 4978 esset
1455 4921 1757 4988 ordinatus,
1803 4921 1961 4977 alteri

364 5031 495 5070 vero
517 5016 669 5086 plebs
694 5014 797 5069 alia
820 5011 1053 5084 regenda
1069 5012 1462 5083 provideretur.
1495 5015 1621 5071 llaec
1642 5032 1709 5070 cx
1740 5015 1956 5086 Optato,

362 5107 462 5163 lib.
501 5124 541 5174 ιἸ
566 5105 707 5179 924,
733 5116 787 5161 et
808 5105 1130 5176 Augusuno,
1151 5119 1241 5175 ep.
1266 5121 1398 5161 ιιιιι
1419 5147 1435 5173 ,
1460 5115 1515 5162 et
1541 5106 1824 5163 Breviculo
1849 5108 1962 5163 col-

363 5199 589 5258 lationis
618 5198 723 5255 diei
749 5197 1153 5267 3collegimus.
1184 5199 1277 5254 His
1305 5202 1559 5270 peractis,
1609 5199 1878 5257 Miltiades
1908 5211 1962 5256 et

358 5292 555 5366 reliqui
583 5290 822 5363 episcopi
851 5306 1206 5363 quascumque
1235 5293 1286 5346 in
1312 5291 1541 5347 concilio
1561 5302 1710 5364 gcsla
1726 5292 1959 5361 fuerant,

355 5403 463 5443 una
492 5400 617 5442 cum
650 5384 786 5442 actis
831 5383 1003 5454 ipsius
1047 5383 1263 5438 concilii
1288 5382 1355 5439 ad
1389 5384 1770 5454 imperatorem
1817 5388 1958 5442 Con-

362 5479 659 5534 stantinum
678 5475 1015 5540 direserunt,
1043 5474 1384 5529 verboetiam
1433 5472 1767 5531 afﬁrmantes
1810 5461 1957 5546 quod

358 5570 616 5640 judicium
665 5585 822 5626 suum
872 5568 1064 5625 fuisset
1089 5582 1187 5639 pro
1213 5582 1393 5623 rerum
1421 5568 1676 5640 mquitate
1704 5567 1957 5639 deprom-

359 5670 511 5731 ptum
535 5703 549 5727 ,
591 5676 793 5734 eosque
837 5661 1017 5733 potius
1065 5675 1224 5717 noxa:
1262 5658 1528 5717 obnoxios
1556 5674 1680 5717 esse
1713 5660 1957 5719 dicentes

358 5751 451 5821 qui
479 5761 664 5809 contra
691 5752 1039 5812 Caecilianum
1067 5760 1396 5826 putaverunt
1424 5751 1669 5825 quwdam
1714 5768 1957 5813 commo—

359 5856 511 5899 γεω.

2068 4731 2316 4807 Ᾱῑιίαηιις
2347 4732 2641 4804 proconsul
2678 4733 3037 4805 qumstionem
3073 4733 3261 4789 habuit
3294 4734 3421 4791 loco
3455 4730 3655 4797 Vicarii,

2067 4825 2264 4883 Alﬁum
2293 4825 2640 4883 C:eciliannm
2670 4827 2760 4899 qui
2802 4836 3047 4899 tempore
3086 4828 3483 4901 persecutionis
3509 4838 3655 4882 cura-

2066 4928 2148 4976 tor
2174 4920 2347 4976 fuerat
2372 4920 2647 4993 municipii
2665 4922 3201 4989 Aututnnitanornm,
3228 4922 3491 4978 accersiri
3511 4917 3661 4991 jussit

2062 5028 2184 5069 cum
2213 5012 2456 5085 ingentia
2494 5014 2672 5070 scriba
2694 5055 2709 5081 ,
2747 5013 3009 5081 Claudio,
3042 5015 3339 5072 Saturnino
3362 5057 3377 5082 ,
3430 5012 3655 5075 Calidio,

2063 5105 2343 5173 Gratiano,
2370 5106 2600 5177 Superio
2628 5108 2946 5163 Stationario
2967 5149 2983 5175 ,
3011 5106 3212 5164 Solone
3237 5123 3402 5163 servo
3432 5105 3656 5179 publica,

2064 5199 2293 5271 aliisque
2333 5200 2560 5257 teStibus
2597 5200 2666 5255 ad
2712 5202 3072 5274 quaestionem
3120 5186 3466 5259 necessariis.
3506 5198 3659 5254 Lecta

2062 5305 2189 5351 sunt
2218 5306 2335 5350 acta
2369 5294 2741 5367 municipalia,
2776 5296 3091 5368 interrogati
3129 5295 3461 5353 Saturninus
3488 5301 3541 5350 et
3568 5289 3661 5346 Ca-

2064 5389 2229 5445 lidius
2250 5389 2438 5459 junior
2452 5398 2756 5457 curatores,
2788 5387 3053 5460 Superius
3093 5387 3450 5445 stationarius
3473 5394 3529 5441 et
3552 5382 3659 5439 Care

2061 5479 2287 5535 cilianus
2354 5479 2638 5547 Duumvir,
2681 5479 2956 5551 Ingentius
3003 5478 3295 5551 quaestioni
3356 5475 3656 5550 applicitus,

2060 5570 2236 5644 iisque
2276 5573 2530 5630 omnibus
2582 5572 2803 5639 auditis,
2841 5572 2981 5630 hanc
3019 5572 3307 5645 proconsul
3336 5569 3657 5629 sententiam

2060 5665 2429 5738 pronuntiavit
2460 5683 2474 5722 :
2507 5663 2738 5724 Felicem
2778 5667 3075 5739 religiosum
3112 5669 3415 5739 episcopum
3455 5664 3661 5720 liberum

2062 5773 2173 5813 esse
2213 5758 2278 5813 ab
2325 5759 2591 5814 exustioue
2638 5759 3096 5818 instrumentorum
3147 5759 3462 5831 Dei/icerant
3502 5752 3660 5808 marti-

2066 5850 2256 5919 fes’tutn
2286 5859 2379 5920 est,
2408 5866 2523 5906 cum
2555 5866 2703 5908 nemo
2734 5851 2922 5910 incum
2952 5852 3160 5926 aliquid
3199 5851 3418 5925 probare
3437 5843 3650 5922 potuerit
