3898 6320
251 300 338 367 783

1386 288 1709 349 HISTORIA
1751 285 2302 346 DONATISTARUM.

3388 287 3494 346 786

245 416 358 487 quod
378 409 763 484 religiosissimas
785 405 1071 479 scripturas
1101 405 1371 461 tradiderit
1400 406 1475 461 uel
1510 404 1783 459 exusserit.
1820 410 1871 468 Α
1900 414 2060 474 rupto
2105 402 2390 475 Augustini
2430 402 2551 458 loco
2574 446 2587 467 ,
2638 402 2765 459 lib.t
2810 413 2998 460 contra
3035 404 3450 462 Parmenianum
3478 449 3496 474 ,

246 507 454 564 Omnium
495 506 622 557 enim
665 501 1003 571 interrogatio
1045 499 1397 573 suprascripta
1452 499 1784 568 manifestata

240 613 301 658 est
325 598 476 654 nullas
496 598 767 667 scripturus
784 593 1005 663 Dei/iens
1030 594 1106 647 vel
1121 594 1370 658 inventas,
1394 591 1469 647 cel
1495 600 1785 657 corruptas,

240 693 304 748 vel
326 691 534 744 incensas
579 687 754 760 fuisse.
802 684 914 739 Iloc
959 686 1085 739 actis
1126 686 1415 739 continetur
1461 684 1597 756 quod
1637 680 1791 739 Felix

239 787 471 858 episcopus
490 780 752 853 religiosus
780 778 885 833 illis
909 777 1220 849 (corporibus
1246 794 1404 849 neque
1425 794 1649 850 pratsens
1669 781 1786 850 {tte-

237 880 311 943 rit,
352 891 496 945 neque
533 872 891 928 conscientiam
930 871 1387 925 accommodaverit
1415 911 1429 936 ,
1480 887 1643 939 neque
1689 869 1791 926 tale

235 968 404 1043 aliquid
449 968 556 1037 ﬁeri
590 968 827 1043 jusserit.
856 964 1134 1036 lugentius
1183 979 1213 1020 e
1264 972 1451 1019 centra
1502 964 1783 1020 convictus

235 1063 353 1135 quod
373 1060 764 1118 AlﬁiCasciliani
795 1059 1041 1127 epistolae
1069 1059 1324 1113 nonnulla
1344 1057 1643 1114 addidisset
1660 1058 1784 1129 qui-

234 1157 316 1213 bus
336 1154 485 1210 Felici
511 1154 712 1209 crimen
745 1150 1080 1208 Traditionis
1126 1151 1527 1221 imponebatur,
1561 1150 1613 1203 in
1666 1164 1789 1205 car-

232 1246 661 1317 ceremconjectus
693 1253 799 1312 est,
831 1254 883 1301 et
911 1244 1026 1299 illic
1048 1243 1302 1299 detentus
1328 1242 1503 1297 donec
1522 1241 1790 1297 Constan-

232 1342 351 1397 tinus
374 1354 505 1396 anno
521 1339 763 1410 sequenti
790 1335 1061 1393 Prebiano
1092 1335 1403 1407 proconsuli
1436 1333 1635 1389 :Eliani
1666 1351 1790 1390 suc-

229 1434 402 1491 cessori
425 1433 634 1504 scripsit
676 1439 735 1486 ut
762 1447 885 1487 eum
911 1431 977 1487 ad
1011 1432 1329 1487 comitatum
1361 1430 1623 1486 mitteret.
1653 1428 1788 1485 Acta

229 1528 304 1583 illa
342 1525 574 1583 confecta
603 1534 729 1581 sunt
773 1524 841 1579 ab
869 1521 1088 1580 Atiliano
1116 1521 1411 1578 Volusiano
1454 1531 1509 1577 et
1539 1521 1790 1577 Anniano

228 1618 505 1673 consulibus
533 1632 598 1672 xv
620 1616 881 1673 kalendas
908 1615 1150 1681 martias,
1188 1615 1292 1669 hoc
1315 1623 1418 1680 est,
1452 1613 1542 1670 die
1569 1614 1783 1670 decima

225 1713 382 1782 quinta
409 1711 612 1767 mensis
636 1709 915 1771 Februarii
941 1707 1067 1763 anni
1094 1708 1197 1764 ’514
1223 1705 1332 1783 (a),
1365 1715 1597 1780 quatuor
1635 1723 1788 1763 men-

226 1806 351 1861 sibus
373 1816 484 1875 post
504 1806 772 1879 synodum
795 1804 1119 1860 Romanam.

282 1897 513 1971 Epistola:
559 1897 881 1954 Constantini
927 1898 1112 1969 quibus
1171 1898 1467 1953 Arelatense
1514 1897 1788 1953 concilium

223 1993 395 2047 indicit.
418 2024 483 2034 —
515 1993 718 2048 Eodem
749 2009 911 2060 anno,
936 2009 1123 2069 mense
1148 1994 1410 2064 AttguSto,
1437 1992 1679 2047 habitum
1708 2002 1791 2048 est

223 2085 505 2141 Arelatense
552 2086 863 2141 concilium.
918 2086 1222 2156 Seripserat
1282 2083 1669 2140 Constantinus
1720 2085 1789 2140 ad

222 2176 445 2233 Ailaliutn
475 2177 570 2251 (b),
597 2194 691 2233 seu
720 2180 879 2233 utalii
911 2179 1121 2249 legunt,
1149 2179 1457 2245 Ahlavium,
1481 2188 1573 2233 aut
1612 2178 1790 2251 potius

222 2269 462 2327 tElianuin
493 2270 693 2328 Africa:
727 2274 1146 2344 proconsulem,
1193 2284 1250 2329 ut
1278 2270 1625 2330 Caecilianum
1658 2290 1783 2329 cum

221 2363 325 2420 aliis
345 2368 606 2438 episcopis
648 2381 785 2438 quos
831 2368 949 2436 ipse
979 2367 1270 2439 deligeret,
1322 2383 1533 2423 necnon
1580 2368 1790 2439 aliquos

220 2459 335 2514 alios
358 2475 418 2514 ex
455 2449 748 2530 provinciis
781 2460 1079 2532 Byzaeena,
1109 2458 1441 2529 Tripolitana
1469 2500 1485 2527 ,
1537 2457 1788 2514 Numidia

221 2563 262 2606 et
282 2553 615 2620 Mauritaniis,
641 2563 802 2624 atque
828 2553 991 2608 etiam
1027 2552 1240 2625 aliquos
1270 2570 1336 2609 ex
1367 2553 1485 2623 ejus
1530 2553 1788 2608 adversa-

219 2646 318 2712 riis,
343 2647 457 2701 data
499 2647 782 2702 ovec1ione
815 2646 1024 2716 publica
1059 2660 1155 2716 per
1183 2644 1418 2701 Africam
1448 2656 1502 2700 et
1531 2645 1787 2701 Maurita-

221 2738 341 2793 niam
383 2740 499 2795 inde
539 2741 604 2796 ad
637 2739 923 2812 Hispanias
962 2740 1316 2812 transportari
1338 2739 1576 2811 jnberet,
1610 2749 1667 2795 ut
1709 2741 1790 2795 in-

220 2838 286 2885 tra
311 2830 443 2887 diem
473 2831 830 2888 kalendarum
866 2833 1230 2903 Augustarum
1276 2833 1549 2888 Arelatem
1599 2847 1788 2904 perve—

220 2922 386 2979 nirent.
422 2924 656 2982 Dederat
684 2922 846 2980 etiam
894 2924 1191 2996 imperator
1218 2926 1430 2981 litteras
1477 2925 1541 2981 ad
1574 2906 1789 2997 episco-

220 3029 316 3085 pos,
345 3031 473 3088 quos
499 3018 699 3074 adesse
717 3017 955 3074 concilio
991 3018 1229 3085 volebat,
1274 3019 1469 3087 quibus
1500 3018 1791 3074 mandabat

219 3107 304 3175 eis,
339 3122 388 3165 ut
416 3120 639 3185 accepto
670 3112 883 3183 publico
923 3111 1194 3178 vehiculo,
1226 3112 1365 3167 intra
1398 3112 1656 3168 kalendas
1676 3115 1783 3168 Au-

1893 511 1943 553 c.
1964 497 2018 563 5,
2042 495 2130 551 ubi
2160 496 2436 553 mentione
2465 495 2599 552 facta
2633 497 2862 553 Romani
2882 497 3077 572 judicii
3098 499 3198 555 sub
3228 500 3487 566 Miltiade,

1892 603 2053 661 quem
2075 587 2402 645 Traditionis
2439 591 2490 662 7
2522 591 2846 646 accusabant
2881 592 3202 679 Donatistae,
3228 600 3351 663 post
3371 607 3498 650 sen-

1892 681 2117 738 tentiam
2149 681 2217 737 ah
2267 699 2331 738 eo
2372 683 2533 737 latam
2581 684 2697 739 haec
2743 683 3124 741 habebantur:
3162 685 3339 758 Usque
3366 687 3497 742 adeo

1892 779 2149 835 dementes
2177 789 2295 834 sunt
2342 779 2590 847 homines,
2616 792 2671 835 ut
2698 780 2944 837 ducentos
2965 782 3177 856 judices
3206 783 3349 856 apud
3369 801 3496 856 quos

1891 874 2012 928 victi
2039 883 2180 941 sunt,
2222 874 2367 929 victis
2411 873 2755 945 litigatoribus
2795 877 3005 931 credant
3034 894 3144 932 esse
3181 886 3494 951 postponen-

1893 966 2011 1022 dos.
2041 966 2382 1023 Existimavit
2422 967 2631 1022 scilicet
2658 966 2947 1034 Baronius,
2978 969 3122 1040 quod
3150 969 3219 1025 de
3247 968 3497 1026 ducentis

1888 1058 2161 1130 judicibus
2191 1060 2279 1115 hic
2326 1058 2547 1126 dicitur,
2586 1059 2858 1132 pertinere
2887 1059 2955 1116 ad
2985 1061 3271 1117 concilium
3303 1062 3499 1119 Arela-

1895 1161 2077 1225 tense;
2120 1166 2244 1207 cum
2276 1160 2455 1208 tamen
2485 1152 2552 1207 de
2574 1153 2817 1208 liomano
2845 1152 2933 1209 hic
2960 1163 3172 1226 agatur,
3211 1154 3356 1226 quod
3401 1170 3500 1210 no-

1896 1243 2200 1299 vemdecitn
2231 1253 2436 1299 tantum
2469 1243 2612 1300 haud
2648 1243 2812 1300 dubie
2840 1245 3217 1317 episcoporum
3265 1247 3382 1302 luit.
3433 1249 3505 1303 At

1895 1341 1947 1396 in
1978 1340 2217 1412 genuino
2245 1340 2529 1413 Augustini
2571 1350 2723 1397 textu
2751 1340 2819 1398 de
2844 1340 3096 1398 ducentis
3127 1341 3397 1413 iudicibus
3420 1343 3502 1397 ni-

1893 1435 1968 1490 hil
1997 1433 2266 1500 habetur;
2320 1434 2416 1490 sed
2467 1445 2523 1490 ut
2554 1435 2866 1490 restitutum
2899 1445 3074 1491 estex
3105 1436 3275 1491 veteri
3315 1435 3500 1491 codice

1896 1530 2151 1587 Vaticano
2203 1530 2256 1587 in
2305 1541 2576 1601 postrema
2628 1530 2868 1587 editione
2919 1545 3146 1602 operum
3205 1526 3494 1601 Augustini

1891 1623 1996 1694 legi
2020 1622 2181 1680 debet
2210 1641 2223 1677 :
2252 1639 2412 1694 usque
2426 1623 2555 1679 adeo
2581 1624 2838 1678 dementes
2858 1633 2978 1678 sunt
3000 1623 3253 1686 homines,
3290 1632 3348 1678 ut
3372 1638 3497 1677 con-

1892 1725 1973 1770 tra
2004 1714 2213 1789 judices
2243 1716 2382 1787 apud
2427 1731 2554 1786 quos
2593 1716 2713 1770 victi
2760 1724 2919 1781 sunt,
2961 1715 3105 1769 victis
3149 1713 3497 1788 litigatoribus

1820 1815 1871 1876 B
1894 1812 2125 1867 credant.
2165 1811 2336 1880 Quam
2371 1812 2659 1869 lectionem
2690 1810 2851 1882 hujus
2901 1810 3006 1865 loci
3044 1809 3334 1881 genuinam
3373 1822 3498 1865 esse

1896 1914 2041 1974 patet
2085 1921 2098 1958 :
2145 1920 2265 1958 nam
2323 1918 2521 1960 omnes
2571 1902 2788 1960 codices
2836 1902 3186 1973 manuseripti
3241 1901 3502 1957 omittunt

1898 2006 2171 2068 postrema
2201 1996 2365 2055 verba
2400 2013 2512 2052 esse
2550 1996 2948 2070 postponeudos,
2981 2012 3101 2068 qua:
3132 2012 3162 2051 a
3192 1995 3498 2052 Lovanien-

1894 2091 2045 2146 sibus
2082 2090 2293 2162 adjecta
2320 2099 2467 2157 sunt,
2498 2100 2555 2145 ut
2592 2104 2812 2146 sensum
2841 2089 3075 2159 aliquem
3096 2088 3411 2144 efﬁcerent:
3443 2095 3501 2142 et

1893 2200 2016 2241 cum
2052 2200 2153 2239 vox
2200 2172 2566 2243 contradens
2596 2185 2665 2239 ab
2694 2184 3024 2240 Atnanucnsi
3070 2199 3165 2254 per
3209 2180 3411 2253 duplex
3443 2197 3499 2251 cc

1893 2286 1985 2332 aut
2011 2294 2072 2332 ca
2111 2292 2370 2349 expressa
2393 2275 2602 2342 fuisset,
2637 2276 2763 2332 inde
2808 2277 3175 2346 exscriptores
3205 2288 3494 2330 numerum

1892 2370 2251 2426 ducentorum
2296 2368 2615 2427 effecerunt.
2668 2369 2796 2424 Ruit
2835 2383 2967 2439 ergo
3011 2384 3078 2425 ex
3126 2367 3272 2431 omni
3312 2367 3493 2446 capite

1894 2461 2109 2518 Baronii
2159 2462 2493 2532 conjectura,
2525 2470 2581 2516 et
2628 2461 2844 2517 aliunde
2884 2475 3169 2517 numerum
3207 2459 3494 2530 episcopo—

1893 2569 2012 2609 rum
2043 2552 2255 2611 concilii
2284 2553 2626 2610 Arelatensis
2658 2553 2916 2625 colligere
2959 2561 3195 2624 oportet.
3227 2550 3500 2608 Constan-

1894 2649 2037 2704 tinus
2084 2647 2137 2703 in
2177 2647 2404 2717 epistola
2438 2646 2503 2701 ad
2533 2647 2848 2714 Chrestum,
2881 2646 2960 2703 ait
2983 2645 3212 2717 jussisse
3242 2660 3303 2703 se
3330 2645 3499 2716 pluri-

1893 2757 2011 2796 mos
2033 2757 2097 2796 ex
2124 2740 2354 2815 diversis
2384 2755 2449 2797 ac
2476 2754 2643 2811 prope
2686 2740 2907 2795 inﬁnitis
2937 2739 3072 2795 locis
3116 2738 3403 2811 episcopos
3436 2740 3490 2794 in

1894 2833 2079 2890 urbem
2099 2832 2469 2889 Arelatensem
2494 2835 2632 2889 intra
2648 2832 2918 2890 Kalendas
2930 2832 3162 2905 Augusti
3176 2831 3489 2899 convenire;
3506 2852 3512 2858 ’

1890 2942 2010 2999 quae
2040 2928 2201 2983 verba
2230 2927 2521 2983 concilium
2563 2926 2709 2982 istud
2741 2926 2895 2982 valde
2937 2940 3286 2982 numerosum
3320 2925 3487 2982 fuisse

1893 3018 2143 3073 videntur
2171 3018 2417 3074 innuere.
2467 3011 2798 3089 At'primum
2830 3017 2883 3073 in
2914 3017 3165 3075 confesso
3208 3027 3293 3074 est
3336 3018 3479 3088 apud

1893 3127 2083 3167 omnes
2113 3119 2333 3167 vocatos
2364 3120 2570 3166 tantum
2603 3111 2772 3168 fuisse
2803 3127 2870 3167 ex
2901 3109 3213 3168 Occidentis
3253 3110 3502 3181 partibus

218 3203 332 3272 gusti
361 3203 409 3259 in
436 3203 624 3261 urbem
676 3206 1046 3262 Arelatensem
1093 3206 1476 3273 convenirent,
1529 3221 1651 3277 quo.
1676 3214 1787 3262 sta-
1812 3204 1857 3267 C
1892 3220 2011 3275 quae
2059 3204 2415 3260 Constantino
2467 3206 2752 3277 parebant,
2800 3213 2857 3261 et
2895 3205 3036 3260 inter
3087 3204 3305 3278 triginta
3345 3215 3455 3262 tres
3480 3246 3496 3273 ,
3530 3262 3531 3265 η

220 3303 371 3351 tuerat
403 3313 467 3354 ex
507 3297 747 3356 diversis
789 3313 854 3355 ac
884 3312 1051 3370 pr0pe
1079 3297 1303 3354 inﬁnitis
1333 3299 1467 3355 locis
1505 3300 1790 3373 episcopos

218 3389 401 3458 adesse,
432 3402 489 3448 ut
525 3408 695 3451 causa
719 3392 993 3449 Caeciliani
1047 3401 1101 3448 et
1143 3392 1545 3448 Donatistarum
1569 3392 1680 3463 jam
1702 3392 1791 3464 ju-

219 3482 365 3538 dicata
399 3487 593 3544 auditis
625 3489 821 3543 iterum
882 3487 1127 3557 partibus
1175 3485 1442 3541 ﬁniretur.
1469 3485 1788 3556 Exemplum

218 3572 354 3647 hujus
380 3582 625 3651 epistolae
666 3580 735 3636 ad
782 3578 1069 3637 Chrestum
1119 3579 1518 3652 Syracusanum
1573 3580 1791 3651 scripta:

220 3673 378 3729 retulit
404 3675 689 3741 Eusebius,
721 3675 807 3730 cui
851 3675 1047 3730 similia
1082 3675 1247 3730 fuisse
1276 3674 1522 3745 exempla
1554 3673 1620 3730 ad
1662 3673 1789 3730 reli-

217 3783 331 3835 quos
347 3772 631 3841 episcopos
655 3771 817 3826 missa
843 3786 937 3841 par
960 3780 1045 3826 est
1073 3772 1317 3827 credere.
1343 3769 1399 3825 In
1440 3784 1506 3825 eo
1552 3768 1694 3842 quod
1725 3767 1791 3823 ad

216 3862 470 3923 Chreslum
512 3868 783 3923 directum
812 3878 915 3931 est.
948 3875 1272 3937 potestatein
1321 3867 1394 3921 illi
1433 3865 1561 3921 facit
1598 3860 1793 3937 adjun-

215 3956 351 4023 geudi
378 3959 474 4013 sibi
504 3958 652 4015 duos
681 3959 902 4015 secundi
930 3958 1159 4025 ordinis,
1186 3958 1291 4015 hoc
1319 3968 1421 4020 est.
1457 3968 1515 4013 ut
1541 3958 1793 4014 existimo

218 4049 556 4123 presbyteros,
613 4051 893 4115 diaconos,
947 4059 1038 4105 aut
1090 4051 1225 4105 alios
1278 4050 1528 4115 clericos,
1577 4061 1631 4104 et
1680 4058 1791 4106 tres

216 4143 435 4200 servulus
482 4145 701 4201 itineris
769 4145 849 4199 sui
906 4144 1106 4199 socios.
1179 4142 1326 4198 Idem
1379 4145 1538 4197 etiam
1582 4142 1793 4197 caeteris

218 4236 460 4306 episcopis
502 4238 779 4294 indultum
829 4252 953 4293 esse
982 4254 1047 4292 ex
1088 4253 1154 4291 eo
1194 4243 1428 4301 constat,
1460 4236 1599 4307 quod
1631 4235 1794 4291 simul

216 4340 317 4383 cum
350 4332 624 4401 episcOpis
666 4332 900 4385 concilio
952 4328 1224 4385 alf‘uerint
1274 4340 1329 4384 et
1371 4329 1796 4400 suliscripscrint

216 4423 517 4493 presbyteri,
552 4423 764 4479 diaconi
791 4432 846 4477 et
872 4422 961 4478 alii
993 4423 1174 4477 clerici
1206 4422 1407 4490 plures.

276 4513 492 4571 Nomina
534 4526 582 4572 et
616 4531 857 4570 numerus
888 4514 1243 4588 episcoporum
1273 4513 1477 4568 concilii
1525 4513 1795 4568 Arelaten-

1893 3302 2121 3370 quorum
2150 3298 2365 3354 nomina
2402 3299 2453 3355 in
2485 3298 2975 3370 subscriptionibus
3006 3300 3282 3366 leguntur,
3312 3314 3502 3355 occur—

1893 3403 2020 3450 runt
2045 3393 2284 3464 episcopi
2311 3409 2377 3449 ex
2417 3393 2668 3473 omnibus
2689 3392 3001 3449 Occidentis
3035 3394 3297 3465 partibus,
3325 3393 3498 3458 italia,

1894 3484 2113 3557 Apulia,
2146 3483 2429 3549 Dalmatia,
2459 3484 2671 3550 Galliis,
2724 3484 3040 3552 Britanniis,
3074 3485 3322 3543 Sardinia
3346 3527 3362 3552 ,
3409 3486 3498 3542 Si-

1896 3580 2041 3647 cilia,
2078 3578 2330 3650 llispania
2373 3589 2428 3635 et
2472 3575 2674 3635 Africa.
2704 3579 2851 3635 Nihil
2881 3588 3064 3637 autem
3094 3589 3243 3637 vetat
3288 3582 3502 3653 episco-

1895 3687 1994 3744 pos
2027 3681 2103 3727 tot
2131 3672 2466 3728 diversarum
2511 3674 2795 3744 regionum
2846 3673 3032 3730 dicere
3068 3690 3137 3731 ex
3174 3674 3409 3732 diversis
3433 3691 3501 3733 ac

1894 3778 2064 3835 prope
2112 3763 2341 3820 inlinitis
2408 3764 2543 3821 locis
2594 3776 2970 3843 congregatos.
3045 3767 3253 3824 Deinde
3320 3776 3500 3825 utrum

1896 3872 2085 3913 omnes
2115 3857 2354 3928 episcopi
2385 3873 2413 3913 a
2436 3858 2796 3916 Constantino
2821 3860 2997 3915 vocati
3020 3859 3295 3917 adfuerint
3323 3861 3502 3918 incer-

1898 3957 2007 4003 tmn
2058 3959 2160 4004 est.
2197 3949 2402 4020 Duplex
2448 3950 2824 4006 tantummodo
2864 3962 3274 4009 monumentum
3322 3962 3501 4010 estex

1897 4057 2006 4113 quo
2035 4042 2553 4116 episcoporum,qui
2580 4044 2647 4099 ad
2679 4045 2972 4101 c0ncilium
3003 4046 3145 4102 istud
3173 4062 3500 4114 convenere,

1898 4150 2159 4191 numerus
2197 4142 2253 4190 et
2302 4138 2520 4191 nomina
2577 4139 2787 4208 possint
2813 4139 3016 4210 colligi,
3061 4156 3256 4211 nempe
3306 4156 3503 4213 super—

1897 4227 2122 4303 scriptio
2179 4228 2423 4298 epistolae
2466 4228 2685 4285 concilii
2741 4231 2908 4301 ipsius
2960 4242 3016 4288 et
3068 4233 3503 4306 subscriptiones

1897 4322 2136 4378 concilii.
2171 4325 2241 4377 At
2269 4325 2750 4394 superscriptionis
2775 4326 2979 4382 certior
3018 4328 3346 4396 auctoritas,
3375 4345 3501 4385 nam

1898 4417 2108 4471 variant
2155 4417 2604 4488 subscriptiones,
2648 4428 2882 4490 suntque
2927 4436 3034 4475 non
3066 4436 3255 4490 parum
3286 4434 3503 4490 pertur-

1898 4510 2040 4568 batae
2069 4521 2247 4583 atqua:
2274 4522 2545 4583 corrupta:
2572 4528 2587 4569 :
2621 4511 2718 4567 sed
2761 4527 2857 4583 par
2903 4514 3191 4586 utrobique
3219 4517 3505 4589 episcopo-

215 4607 290 4662 sis.
313 4640 379 4649 —
403 4610 473 4666 De
513 4625 745 4665 utttucro
773 4609 1151 4679 episcoporum
1196 4608 1411 4663 οοιιεὶιίἰ
1459 4607 1797 4662 Arelatensis
1824 4598 1879 4659 Ι)
1904 4624 2023 4664 rum
2048 4621 2308 4662 numerus
2330 4648 2344 4672 ,
2382 4608 2470 4676 qui
2503 4606 2717 4676 triginta
2748 4615 2859 4661 tres
2898 4621 3006 4663 non
3042 4609 3267 4665 excedit
3303 4618 3359 4666 et
3412 4625 3504 4667 ea-

215 4711 429 4759 ccrtatur
484 4706 630 4760 inter
683 4704 997 4774 scriptores.
1042 4701 1345 4757 Sexcentas
1391 4701 1559 4758 fuisse
1608 4701 1799 4757 scribit

217 4788 345 4861 Ado;
368 4797 460 4852 sed
490 4795 631 4852 levis
659 4795 946 4851 admodum
988 4793 1110 4850 lidei
1141 4794 1373 4865 scriptor
1403 4793 1457 4849 in
1488 4793 1589 4849 hoc
1625 4809 1796 4866 nego-

219 4889 296 4944 tio.
322 4889 591 4947 Ducentos
622 4890 789 4946 fuis-e
812 4889 1115 4958 suspicatus
1145 4897 1225 4943 est
1270 4887 1534 4944 Baronius
1576 4904 1642 4945 ex
1673 4905 1797 4946 cor-

275 5054 461 5123 Μυῖα
512 5055 582 5109 iii
634 5052 822 5107 mensis
870 5049 1179 5114 Februarii,
1212 5049 1337 5105 anni
1372 5049 1712 5123 διιηῡοεοι
1744 5049 1799 5105 id

218 5125 527 5195 Augustinus
560 5127 616 5181 in
654 5124 794 5181 libro
838 5124 913 5195 ad
936 5123 1246 5195 Donatistas
1274 5131 1397 5191 post
1424 5122 1798 5195 collationem.

219 5191 348 5252 Atio
378 5199 515 5253 actis
559 5198 758 5252 dicitur
793 5194 1009 5251 auditus
1053 5191 1375 5248 Caecilianus
1418 5193 1681 5248 Dumnvir
1705 5207 1799 5249 xw

217 5264 454 5326 kalendas
504 5267 844 5337 Septembris
893 5265 1184 5319 Volusiano
1235 5276 1289 5320 et
1338 5265 1589 5337 Anniano
1639 5264 1795 5320 Coss.

218 5340 334 5404 Qua:
360 5350 418 5396 ut
441 5336 695 5396 conciliet
713 5336 978 5401 Valesius,
1003 5337 1553 5404 censetqnaastionem
1580 5336 1797 5389 inchoa-

221 5419 314 5466 tam
343 5427 527 5468 mense
557 5411 855 5466 Februario
882 5417 940 5464 et
987 5423 1175 5462 mense
1205 5410 1448 5477 Augusto
1482 5406 1799 5473 perfectam.

219 5485 493 5540 Attamdiu
525 5482 891 5539 intermissam
923 5479 1113 5546 fuisse,
1146 5488 1239 5536 aut
1271 5479 1370 5534 sub
1396 5479 1575 5534 indice
1602 5493 1803 5549 pepen-

221 5553 351 5627 disse
373 5556 948 5627 cognitiouent,_quam
970 5554 1307 5627 Augudinus
1334 5563 1490 5605 voc:tt
1509 5549 1804 5627 diligentis-

221 5625 399 5682 simum
444 5622 706 5690 cxanten,
737 5624 821 5676 vix
853 5622 1117 5677 credibile
1168 5633 1279 5688 est,
1324 5635 1446 5676 cum
1502 5624 1799 5690 praisertim

222 5705 347 5753 teste
370 5698 569 5765 Optato
597 5696 905 5751 mandasset
946 5694 1260 5765 imperator.
1295 5704 1353 5748 ut
1398 5694 1602 5747 remotis
1632 5711 1804 5747 neces-

222 5763 444 5825 sitatibus
471 5769 710 5841 publicis,
745 5768 815 5841 de
836 5768 940 5841 vita
971 5763 1161 5841 elicis
1190 5765 1527 5841 Aptungitani
1549 5781 1804 5841 qumere‘
1829 5821 1835 5827 ,

220 5851 326 5901 tur;
354 5835 545 5897 volens
571 5840 773 5896 scilicet
802 5836 906 5891 hoc.
921 5835 1179 5907 judicium
1206 5836 1505 5895 Arelatensi
1540 5839 1798 5905 praevium

1903 4703 2026 4758 dem
2057 4700 2169 4756 fere
2212 4699 2459 4765 nomina,
2489 4709 2647 4767 atque
2684 4714 2851 4755 unum
2885 4715 2953 4755 ex
2999 4703 3169 4758 altero
3199 4702 3504 4761 illustratur

1905 4807 1960 4853 et
2003 4794 2343 4851 emendatur.
2398 4792 2456 4848 In
2507 4795 2971 4865 superscriptione
3026 4798 3233 4868 primus
3267 4799 3507 4856 occurrit

1906 4879 2143 4946 Marinus
2168 4887 2510 4945 Arelatensis
2529 4929 2545 4958 ,
2590 4892 2834 4960 sequitur
2859 4891 3107 4948 Acratius
3135 4933 3150 4959 ,
3189 4895 3281 4965 qui
3313 4895 3508 4954 melius

1907 5064 2049 5106 esse.
2080 5044 2567 5124 verisimiliusest
2611 5048 2869 5124 mendum
2901 5065 3023 5107 esse
3051 5051 3127 5106 in~
3149 5056 3344 5124 gestis,
3378 5074 3504 5117 cum

1906 5121 2229 5201 ινιτιτβεειιιίιιξ⁸
2255 5121 2307 5175 in
2341 5119 2417 5201 iis
2453 5119 2690 5177 Licinius
2718 5123 3080 5201 βορειοηείηο
3122 5119 3501 5201 conjnngatnr,

1908 5193 1968 5249 ut
2019 5193 2232 5270 imperii
2283 5193 2591 5270 particeps,
2640 5194 2733 5263 qui
2779 5196 2923 5270 circa
2955 5194 3115 5270 linem
3163 5193 3352 5270 hn'jns'
3371 5193 3499 5259 artati

1907 5280 2027 5338 cum
2050 5264 2407 5338 Constantino
2433 5264 2856 5338 belluni_gessit,
2875 5275 2931 5322 et
2956 5269 3134 5325 victus
3157 5264 3310 5327 est'in
3338 5271 3501 5329 Ciba-

1908 5337 2041 5392 lensi
2085 5336 2270 5405 proelio
2301 5336 2388 5392 die
2408 5344 2597 5392 octava
2626 5335 2878 5393 octobris
2900 5339 3212 5397 commisso.

1980 5407 2057 5481 (b)
2085 5407 2368 5482 zEla/ium.
2396 5407 2455 5482 In
2481 5410 2853 5482 manuscripto
2881 5411 3070 5466 codice
3111 5413 3302 5482 legitur
3346 5414 3504 5470 Ela-

1912 5479 2167 5551 ﬁo;‘8ed
2225 5480 2373 5535 nulla
2422 5479 2586 5551 hujus
2649 5480 2790 5550 apud
2839 5491 3051 5538 veteres
3098 5479 3355 5540 memoria
3400 5504 3414 5542 :
3473 5504 3504 5545 e

1909 5561 2097 5607 contra
2123 5551 2332 5607 Ablavii
2362 5567 2559 5607 nomen
2607 5552 2838 5608 illuSIre.
2872 5551 3055 5613 Potuit
3079 5555 3334 5611 Ablavius
3375 5568 3505 5616 tunc

1911 5622 2450 5698 temporisjicarius
2491 5638 2611 5677 esse
2645 5623 2870 5698 Africae.
2917 5623 3167 5698 Baluzius
3216 5627 3501 5698 legendum

1911 5691 2099 5750 comet
2139 5693 2422 5766 Elimiam
2456 5709 2558 5766 pro
2611 5691 2871 5763 sElaﬁum
2897 5736 2910 5759 ,
2961 5696 3050 5766 qui
3096 5691 3344 5753 ﬁlian'tts
3376 5712 3505 5763 tunc

1913 5769 2202 5848 proconsul
2220 5764 2571 5848 eratAfricae,
2600 5775 2660 5847 ut
2681 5780 2752 5847 ex
2778 5764 3073 5848 gestis,‘de
3103 5770 3297 5842 quibus
3317 5787 3504 5848 snpra,

1913 5837 2053 5909 tjlttul
2080 5854 2186 5891 nam
2209 5837 2466 5889 :tltltttt'l'cl.
2489 5856 2516 5886 tt
2551 5837 2846 5891 verisimili.
