3898 6320
311 313 413 368 787

1499 300 1817 363 HISTORIA
1863 296 2413 363 DONATISTARUM.

3503 303 3603 361 788

309 430 365 483 iu
394 420 879 493 subscriptionlhns
912 421 1177 491 Aginatius
1198 419 1561 486 Trevirensis,
1588 416 1911 475 Theodorus
1937 415 1988 478 Α
2015 418 2089 470 ita
2116 418 2332 489 respuit,
2363 429 2417 473 ut
2446 418 2592 474 nulla
2622 417 2672 473 in
2702 418 2807 473 illis
2852 427 2936 471 aut
2983 416 3184 471 dicendi
3227 417 3364 471 ratio
3411 418 3607 471 subsis-

313 517 698 588 Aquileiensis,
728 514 933 569 Natalis
961 513 1249 585 presbyter
1275 512 1508 567 civitatis
1536 509 1908 568 Ursoleusium

312 610 455 665 forte
505 606 856 678 Urgelitanze,
909 605 1190 660 Proterius
1235 603 1536 674 Capuensis
1588 602 1907 673 episcopus,

314 702 515 757 Vocius
545 696 941 770 Lugdunensis,
978 696 1152 753 Verus
1183 695 1530 763 Viennensis,
1555 694 1914 751 Probatianus

315 808 409 851 seu
450 792 737 849 Probatius
765 790 1055 864 presbyter
1091 788 1551 856 Tarraconensis,
1597 786 1915 843 Caecilianus

313 887 761 959 Carthagioensis
794 926 807 951 ,
875 885 1167 940 Faustinus
1224 882 1510 957 presbyter
1566 882 1633 938 de
1693 883 1916 938 civitate

316 979 739 1044 Arausicorum,
794 976 1121 1048 Surgentius
1150 976 1437 1047 episcopus
1463 973 1702 1031 civitatis
1741 973 1918 1029 Poco—

254 1107 260 1113 -
312 1070 483 1137 fellis,
528 1072 667 1126 forte
693 1068 797 1125 vici
826 1069 1085 1125 Biltensis
1125 1069 1180 1123 in
1218 1065 1424 1132 Africa,
1456 1064 1755 1137 Gregorius
1782 1065 1918 1123 Por-

315 1166 547 1234 tuensis,
569 1164 816 1221 Reticius
843 1162 1368 1235 Augustoduueusls,
1415 1160 1768 1217 Ambitausus
1820 1175 1916 1217 seu

317 1257 660 1314 lmbetausus
708 1256 1018 1322 Remensis,
1049 1254 1359 1311 Termatius
1399 1253 1682 1325 presbyter
1727 1252 1794 1308 de
1838 1254 1917 1309 ci-

321 1352 492 1408 vitate
518 1350 938 1423 Bastigensium,
988 1348 1258 1405 Meroclcs
1303 1344 1745 1417 Mediolanensis,
1787 1346 1921 1402 Par-

321 1443 424 1500 dus
471 1442 787 1515 Arpitanus,
819 1442 1066 1499 Adellius
1094 1441 1163 1498 de
1193 1442 1406 1497 colonia
1452 1440 1878 1498 Londinensium
1899 1482 1916 1509 ,

326 1537 621 1592 llibernius
665 1536 806 1592 forte
856 1537 1085 1592 Eborlus
1128 1534 1489 1591 Eboracensis
1518 1577 1533 1602 ,
1586 1533 1921 1591 Fortunatus

322 1630 608 1700 episcopus
662 1626 1020 1685 Cmsariensis
1072 1628 1128 1684 in
1182 1627 1501 1684 Mauritania
1534 1670 1548 1693 ,
1623 1628 1923 1684 Aristasius

325 1730 462 1786 forte
511 1730 832 1786 Anastasius
870 1730 1278 1785 Beneventinus
1327 1744 1422 1783 seu
1472 1727 1920 1794 Beneventeusis,

2019 518 2164 577 teret,
2224 518 2316 566 aut
2344 511 2626 567 accusandi
2670 511 2854 566 modus
2895 510 3056 578 ullus,
3082 520 3170 564 aut
3216 508 3452 582 probatio
3491 527 3609 565 con-

2016 606 2225 662 ueniret.
2266 604 2531 663 lnnocens
2586 609 2769 679 itaque
2820 606 2888 661 ab
2943 620 3131 662 eorum
3158 605 3445 662 calumniis
3488 620 3608 675 pre-

2017 699 2296 755 nuutiatus
2341 712 2424 757 est
2472 700 2828 766 Cmcilianus,
2864 699 2965 768 ipsi
3005 714 3154 766 vero,
3179 700 3362 773 judice
3407 697 3518 755 Deo
3565 710 3610 755 et

2016 800 2177 845 matre
2204 789 2460 858 Ecclesia,
2489 792 2651 848 verba
2682 800 2807 847 sunt
2833 790 3079 863 epistolae
3108 786 3383 864 synodica:
3425 792 3611 847 conci-

2018 883 2098 953 lii,
2124 903 2237 959 qute
2262 903 2382 941 suos
2410 889 2547 942 novit
2593 897 2640 942 et
2683 889 2995 961 comprobat,
3055 898 3148 942 aut
3192 886 3425 942 damnati
3471 898 3612 955 sunt,

2019 988 2107 1033 aut
2126 962 2326 1053 repulsi
2359 996 2378 1036 :
2414 978 2654 1037 damnati
2708 982 2911 1039 scilicet
2963 990 3306 1038 accusatores
3356 983 3617 1055 praecipui

2020 1089 2083 1130 ac
2108 1075 2417 1131 schismatis
2442 1086 2713 1142 auctores,
2769 1077 2952 1134 creteri
2991 1091 3023 1131 a
3046 1076 3428 1132 communione
3474 1076 3618 1148 pulsi

2019 1166 2192 1223 donec
2215 1167 2281 1222 ad
2303 1167 2600 1224 Ecclesium
2628 1167 2953 1225 catholicam
2978 1167 3247 1235 redirent,
3282 1183 3390 1237 quo
3417 1167 3471 1222 in
3490 1182 3620 1224 casu

2023 1258 2290 1315 indultum
2322 1270 2402 1315 est
2436 1259 2502 1315 iis
2529 1262 2620 1333 qui
2661 1261 2844 1317 clerici
2872 1268 3033 1317 erant
3087 1258 3233 1316 inter
3281 1258 3620 1329 Donatistas,

2022 1354 2152 1409 utin
2178 1353 2346 1425 gradu
2367 1370 2465 1409 suo
2495 1364 2808 1423 manerent,
2852 1364 2908 1412 et
2955 1355 3100 1413 circa
3138 1352 3424 1427 episcopos
3480 1354 3624 1412 idem

2022 1458 2282 1505 statutum
2306 1446 2447 1522 quod
2477 1450 2629 1522 prius
2659 1450 2713 1505 in
2736 1448 2966 1505 concilio
2995 1448 3241 1505 Romano
3261 1490 3277 1517 ,
3324 1459 3381 1504 ut
3408 1449 3462 1504 in
3486 1449 3624 1505 locis

2025 1541 2115 1597 ubi
2148 1557 2286 1596 unus
2314 1533 2435 1597 erat‘
2458 1548 2666 1596 tantum
2718 1539 3008 1611 episcopus
3057 1540 3224 1610 partis
3255 1530 3537 1610 Maiorini,
3579 1540 3626 1596 is

2024 1633 2097 1689 ibi
2128 1643 2495 1706 permaneret.
2529 1632 2629 1690 Ubi
2654 1648 2804 1700 vero,
2834 1646 2973 1687 unus
2996 1631 3395 1687 communionis
3445 1630 3627 1687 Caeci-

2026 1728 2177 1793 liani,
2207 1726 2348 1783 alter
2372 1727 2640 1799 Majorini,
2682 1728 2726 1781 is
2756 1727 2829 1781 ibi
2876 1725 3296 1783 conﬁrmaretur
3339 1726 3431 1798 qui
3476 1712 3631 1798 pFior

321 1826 647 1896 Lampadius
668 1823 968 1890 Utiuensis,
999 1822 1190 1879 Vitalis
1211 1821 1471 1879 Verensis
1502 1821 1556 1877 in
1588 1819 1767 1877 Africa
1800 1837 1924 1892 pro-
1951 1806 1999 1871 Β
2029 1820 2169 1876 roret
2198 1818 2499 1884 ordinatus,
2535 1817 2694 1875 alteri
2732 1832 2863 1873 vero
2885 1818 3039 1889 plebs
3078 1817 3181 1872 alia
3211 1816 3446 1888 regenda
3479 1834 3632 1875 com-

321 1918 618 1982 cousulari,
669 1914 948 1973 Maternus
987 1915 1360 1982 Coloniensis,
1410 1913 1659 1970 Liberius
1715 1914 1923 1971 Emeri-

323 2003 515 2076 tensls,
563 2008 861 2081 Gregorius
890 2008 1030 2064 alter
1060 2007 1216 2079 cujus
1264 2022 1462 2063 nomen
1507 2015 1560 2063 et
1607 2007 1758 2063 locus
1813 2021 1923 2063 non
1978 2002 1992 2016 “

325 2110 542 2160 exstant
569 2104 622 2158 in
651 2100 1166 2173 subscriptiouibus,
1190 2098 1458 2156 Crescens
1488 2099 1579 2170 qui
1607 2098 1750 2155 torte
1778 2097 1923 2155 idem

326 2211 450 2252 cum
477 2192 710 2250 Chresto
736 2193 1082 2266 Syracusano
1104 2234 1119 2259 ,
1162 2190 1446 2248 Avitianus
1469 2190 1887 2262 Rotomagensis
1906 2234 1922 2258 ,

327 2288 529 2344 Dalnus
549 2286 919 2354 Vasionensis,
940 2286 1234 2343 Orientalis
1249 2283 1926 2358 Burdegalensis,Quinta-

326 2384 438 2438 sius
464 2379 832 2446 Calaritauus,
867 2379 1054 2436 Victor
1075 2378 1378 2445 Uticensis,
1404 2386 1458 2435 et
1485 2377 1762 2449 Epictetus
1784 2378 1926 2434 Cen-

330 2473 724 2531 tumcellensis.
754 2472 959 2529 Horum
988 2472 1228 2527 omnium
1254 2473 1498 2539 nomina,
1546 2471 1925 2543 episcoporum

330 2574 453 2624 esse
493 2565 817 2623 existimans
848 2564 1128 2635 Valesius,
1161 2572 1273 2621 tres
1300 2574 1364 2620 ac
1394 2566 1611 2636 triginta
1640 2564 1929 2635 episcopos

328 2660 540 2734 synodo
583 2659 888 2717 Arelatensi
935 2658 1173 2716 adfuisse
1224 2659 1351 2716 inde
1393 2659 1632 2731 collegit.
1681 2656 1752 2715 At
1806 2672 1928 2713 cum

327 2755 474 2810 inter
514 2755 650 2809 istos
689 2753 907 2826 triginta
946 2762 1065 2833 tres
1103 2761 1342 2825 quatuor
1384 2752 1732 2826 presbyteros
1751 2739 1932 2808 luisse

329 2854 546 2904 constet
572 2863 640 2903 ex
669 2846 1163 2919 subscriptionibus
1184 2889 1199 2915 ,
1256 2856 1452 2917 nempe
1497 2845 1764 2915 Natalem,
1796 2846 1932 2901 Pro-

330 2942 584 3006 batium,
653 2938 1011 3006 Faustinum,
1081 2939 1458 3009 Termatium,
1538 2938 1738 2995 residui
1808 2946 1935 2994 sunt

333 3035 575 3107 episcopi
613 3041 823 3090 tantum
868 3033 1279 3111 vigintinovem,
1312 3035 1505 3106 quibus
1533 3033 1763 3091 addendi
1809 3045 1937 3091 sunt

333 3147 399 3187 ex
449 3126 941 3200 subscriptionibus
987 3130 1210 3187 Oresius
1248 3129 1629 3197 Massiliensis,
1665 3130 1939 3186 Mamerti-

2027 1913 2357 1979 mitteretur,
2390 1921 2483 1967 aut
2511 1921 2726 1967 servato
2749 1911 3000 1983 EpiscOpi
3031 1910 3238 1967 honore
3281 1922 3335 1969 et
3363 1911 3633 1983 dignitate

2027 2006 2082 2061 in
2109 2004 2298 2062 eadem
2332 2005 2569 2061 Ecclesia
2595 2015 2962 2077 permaneret,
2991 2020 3054 2061 ac
3083 2005 3305 2080 Collega
3354 2007 3632 2064 deceden-

2029 2108 2081 2153 te
2110 2100 2162 2153 in
2192 2097 2308 2169 ejus
2336 2097 2511 2153 locum
2539 2098 2876 2154 succederet.
2911 2084 2984 2154 Ea
3029 2098 3098 2155 de
3128 2114 3292 2155 causa
3337 2100 3635 2157 concilium

2028 2190 2080 2245 in
2107 2189 2335 2261 epistola
2366 2189 2624 2262 synodica
2647 2190 2714 2245 ad
2741 2190 3081 2264 Sylvestrum
3132 2192 3312 2248 innuit
3337 2207 3398 2249 se
3445 2194 3640 2251 mitius

2033 2296 2158 2339 cum
2211 2281 2574 2338 schismaticis
2621 2276 2799 2355 egisse
2829 2325 2843 2348 ,
2900 2283 2979 2339 sic
3025 2282 3091 2339 ad
3158 2300 3282 2340 eum
3316 2286 3639 2351 scribens:

2035 2374 2246 2431 Utinam
2270 2418 2285 2445 ,
2336 2380 2498 2449 frater
2528 2375 2879 2444 dilectissime,
2938 2376 3007 2431 ad
3033 2377 3131 2433 hoc
3185 2387 3385 2433 tantum
3427 2389 3642 2452 specta-

2030 2469 2205 2523 culum
2221 2470 2462 2524 interesse
2491 2470 2619 2523 tanti
2644 2469 2849 2542 fecisses
2875 2485 2894 2524 :
2924 2468 3152 2539 profecto
3174 2471 3427 2527 credimus
3438 2474 3567 2543 quia
3587 2475 3643 2528 in

2030 2579 2118 2618 eos
2138 2565 2356 2619 severior
2377 2563 2558 2634 fuisset
2582 2563 2834 2619 sententia
2859 2564 3085 2636 prolata,
3100 2572 3146 2619 et
3172 2573 3221 2620 te
3242 2565 3437 2637 pariter
3463 2567 3646 2622 nobis-

2033 2672 2148 2710 cum
2170 2655 2473 2731 judicante,
2505 2665 2660 2711 cretus
2691 2664 2862 2710 noster
2893 2656 3081 2731 majori
3123 2656 3305 2712 (tetitia
3326 2657 3643 2716 .exultasset.

2108 2748 2339 2804 Cauones
2388 2748 2593 2804 concilii
2649 2748 2984 2804 Arelatensis.
3035 2778 3105 2790 --
3159 2748 3390 2807 Peracto
3433 2752 3650 2823 judicio

2037 2857 2216 2899 causae
2244 2851 2461 2913 propter
2482 2856 2641 2914 quam
2666 2841 2954 2899 convocati
3003 2852 3163 2898 erant
3193 2842 3245 2898 in
3278 2843 3472 2900 urbem
3507 2849 3651 2903 Are-

2040 2937 2307 2993 latensem
2338 2932 2606 3008 episcopi,
2638 2952 2745 2991 nou
2793 2936 2909 2991 haec
2939 2945 3146 2992 tantum
3198 2938 3303 2993 sibi
3358 2940 3652 2997 tractanda

2040 3046 2160 3086 esse
2189 3029 2569 3086 existimarunt
2611 3029 2675 3085 ad
2721 3046 2840 3102 quie
2899 3031 3113 3087 fuerant
3158 3029 3401 3099 invitati,
3462 3032 3563 3090 sed
3597 3043 3655 3091 et

2043 3137 2305 3196 praeterea
2329 3133 2386 3179 ut
2417 3123 2674 3180 Ecclesiis
2701 3123 2811 3178 suis
2839 3122 3209 3190 consulerent,
3235 3118 3382 3195 leges
3432 3125 3490 3180 in
3522 3142 3654 3197 pro-

333 3238 436 3279 nus
481 3222 786 3278 Elosatium
806 3265 820 3290 ,
877 3221 1179 3278 Restitutus
1209 3220 1635 3277 Londinensium
1655 3263 1670 3288 ,
1705 3220 1938 3278 Faustus
1967 3209 2012 3273 C
2044 3219 2233 3273 vinciis
2282 3218 2395 3274 suis
2422 3217 2790 3273 observandas
2821 3218 2982 3274 edere
3011 3217 3391 3276 decreverunt.
3425 3217 3654 3279 Conditi

334 3315 764 3383 Tuburbitanus,
804 3325 860 3371 et
887 3314 1071 3371 Victor
1094 3331 1125 3370 a
1154 3315 1373 3371 civitate
1393 3313 1816 3387 chisvolumini
1842 3331 1939 3371 seu

336 3410 596 3482 Legensis
628 3411 679 3467 in
712 3409 991 3477 Numidia,
1049 3422 1278 3481 quorum
1322 3411 1542 3466 nomina
1577 3411 1940 3481 prmtermissa

334 3513 465 3559 sunt
512 3504 564 3558 in
617 3503 1084 3574 superscriptione
1150 3502 1400 3571 epistolas
1453 3502 1749 3575 synodicae.
1812 3503 1942 3561 inde

338 3596 550 3668 exurgit
582 3606 839 3653 numerus
866 3597 1247 3668 episcOpornm
1298 3596 1513 3670 triginta
1542 3606 1792 3670 quatuor,
1825 3596 1944 3669 qui—

338 3691 441 3745 bus
514 3686 745 3744 addendi
805 3700 930 3744 sunt
984 3688 1292 3761 quindecim
1352 3688 1695 3763 presbyteri,
1753 3691 1942 3761 viginti

341 3783 582 3854 quinque
611 3780 835 3837 Diaconi
861 3824 876 3850 ,
907 3794 1001 3837 sex
1033 3782 1366 3849 Exorcistae,
1405 3793 1461 3838 et
1507 3783 1614 3839 duo
1660 3782 1940 3851 Lectores,

341 3890 574 3948 quorum
599 3875 818 3930 nomina
845 3874 896 3929 in
921 3874 1409 3946 subscriptionibus
1435 3876 1706 3949 leguntur.
1728 3877 1853 3933 Haec
1875 3877 1945 3935 de

344 3984 572 4025 numero
593 3967 815 4024 Patrum
839 3968 930 4040 qui
958 3968 1187 4025 concilio
1217 3970 1519 4026 Arelatensi
1562 3970 1940 4030 interfuerunt.

416 4060 641 4117 Concilii
679 4060 906 4126 Prwses.
962 4054 1185 4117 Decreta
1225 4059 1449 4117 Concilii
1517 4058 1950 4120 Arelatensis.—

342 4154 565 4210 Prteiuit
589 4154 871 4210 consessui
894 4151 1134 4209 Marinus
1163 4155 1519 4225 Arelatensis,
1561 4158 1716 4229 cujus
1748 4172 1945 4215 nomen

346 4248 582 4320 primum
611 4244 810 4318 legitur
828 4246 885 4302 in
901 4248 1366 4319 superscriptione
1383 4248 1628 4321 epistola:
1651 4250 1947 4322 synodicae.

347 4339 590 4397 Adfuere
612 4338 702 4395 alii
732 4339 842 4396 duo
862 4340 1076 4410 judices
1104 4341 1196 4413 qui
1243 4343 1294 4397 in
1325 4343 1493 4412 priori
1528 4343 1735 4414 judicio
1788 4346 1964 4403 s‘edev

349 4443 470 4489 rant
519 4433 796 4489 Maternus
841 4440 898 4489 et
939 4435 1229 4506 Agre-tius.
1257 4436 1537 4509 Sylvester
1584 4436 1673 4511 qui
1723 4438 1951 4498 Miltiadi

349 4526 598 4583 Romano
651 4522 891 4598 pontiﬁci
937 4538 1296 4598 suecesserat,
1353 4545 1475 4586 cum
1507 4530 1575 4586 ab
1610 4530 1746 4589 urbe
1797 4548 1947 4589 rece~

2042 3320 2168 3366 sunt
2194 3312 2374 3382 itaque
2396 3310 2466 3365 ab
2502 3309 2631 3380 ipsis
2657 3324 2893 3365 canones
2919 3310 3104 3382 viginti
3136 3309 3262 3376 duo,
3306 3320 3361 3367 et
3404 3311 3474 3368 ad
3530 3314 3655 3387 Syl-

2043 3415 2280 3462 vestrum
2317 3420 2507 3476 papam
2536 3404 2859 3472 transmissi,
2892 3414 2949 3459 ut
2979 3420 3075 3474 per
3098 3419 3221 3461 eum
3247 3404 3338 3477 qui
3366 3407 3567 3475 primm
3593 3424 3656 3465 ac

2044 3500 2334 3571 pra-cipuae
2365 3498 2515 3554 orbis
2557 3497 2818 3554 Ecclesiae
2846 3505 3114 3569 praeerat,
3144 3498 3355 3555 caeteris
3386 3500 3657 3558 Ecclesiis

2044 3593 2468 3649 inualescerent.
3284 3666 3293 3671 η

2117 3686 2352 3744 Canones
2382 3686 2601 3742 Coucilii
2642 3687 2884 3743 adversus
2927 3687 3201 3743 traditores
3234 3696 3280 3742 et
3301 3689 3363 3743 de
3391 3688 3657 3761 baptismo

2046 3780 2425 3838 hwreticorum.
2458 3778 2640 3835 -—'Ex
2673 3779 2755 3835 his
2786 3780 3085 3837 canonibus
3128 3776 3236 3837 duo
3264 3792 3391 3837 sunt
3458 3780 3661 3853 prteri-

2047 3892 2152 3947 puc
2180 3875 2269 3946 qui
2299 3874 2365 3930 ad
2414 3885 2735 3946 praesentem
2783 3890 3001 3931 causam
3054 3876 3343 3948 pertinent,
3371 3876 3657 3939 decimus-

2048 3972 2258 4038 tertius,
2302 3987 2409 4043 quo
2434 3979 2659 4027 cavetur
2678 3988 2691 4026 ;
2712 3970 2770 4044 8
2794 3981 2848 4025 ut
2884 3972 2972 4042 qui
3006 3972 3289 4042 scripturas
3312 3983 3531 4029 sanctas
3553 3985 3659 4028 Ira-

2049 4067 2242 4121 didisse
2270 4066 2536 4131 dicuntur,
2562 4065 2642 4120 vel
2684 4081 2807 4119 vasa
2849 4064 3127 4133 dominica,
3174 4066 3253 4119 uel
3300 4067 3520 4121 nomina
3551 4071 3663 4137 fra-

2051 4170 2189 4214 trum
2218 4173 2454 4225 suorum,
2481 4157 2545 4212 ab
2571 4154 2752 4212 ordine
2795 4157 2919 4211 cleri
2968 4165 3345 4224 amoveantur;
3400 4158 3498 4212 sed
3540 4161 3662 4230 quia

2020 4252 2199 4307 .mulli
2225 4252 2447 4323 suntqui
2470 4260 2649 4306 contra
2672 4249 3085 4306 Ecclesiasticam
3125 4251 3356 4324 regulam
3405 4269 3661 4325 pugnan-

2052 4356 2124 4400 tes
2164 4362 2255 4417 per
2304 4354 2454 4400 testes
2504 4344 2795 4415 redemptos
2853 4354 3032 4416 putant
3054 4361 3109 4399 se
3154 4345 3223 4398 ad
3273 4348 3664 4401 accusationem

2051 4437 2255 4492 admitti
2282 4436 2485 4503 debere,
2538 4436 2781 4490 statuitur
2808 4446 2864 4489 ut
2901 4453 3006 4491 non
3040 4436 3399 4503 admittuntur,
3462 4439 3573 4493 nisi
3601 4454 3665 4493 ea:

2054 4533 2182 4588 actis
2214 4528 2430 4602 publicis
2451 4528 2739 4597 docuerint,
2766 4529 2959 4585 crimen
2988 4529 3309 4585 Traditionis
3344 4532 3410 4584 ob
3438 4533 3517 4586 eis
3539 4548 3666 4604 quos

352 4619 484 4676 dere
510 4620 734 4677 minime
767 4622 1051 4691 potuisset,
1109 4623 1236 4680 illuc
1264 4622 1620 4681 Claudianum
1662 4636 1720 4683 et
1765 4622 1945 4685 Vitum
1977 4598 2032 4665 D
2057 4598 2299 4680 accusant
2330 4623 2490 4694 fuisse
2515 4622 2863 4677 commissum.
2895 4621 3092 4678 Eorum
3119 4639 3237 4677 vero
3274 4623 3360 4693 qui
3406 4642 3443 4677 a
3475 4598 3668 4679 Tradi-

351 4713 707 4785 presbyteros
729 4712 938 4784 legatos
980 4714 1129 4770 misit
1166 4716 1255 4787 qui
1298 4717 1444 4773 vices
1492 4733 1618 4773 suas
1660 4719 1952 4789 implerent

354 4820 478 4863 cum
509 4807 720 4863 duobus
740 4805 1002 4863 diaconis.
1037 4807 1207 4865 Porro
1232 4811 1335 4866 etsi
1369 4826 1435 4867 ex
1494 4813 1747 4869 omnibus
1789 4814 1948 4871 Occi-

353 4903 533 4958 dentis
559 4903 805 4973 partibus
838 4898 905 4956 ad
936 4901 1037 4957 hoc
1066 4903 1356 4960 concilium
1396 4905 1636 4977 episcopi
1673 4920 1948 4964 convene-

355 4997 489 5064 rint,
520 4996 694 5068 major
724 5006 903 5051 tamen
929 5010 1117 5053 eorum
1149 5012 1274 5068 pars
1305 5013 1371 5054 ex
1402 4998 1597 5055 Galliis
1626 5017 1641 5067 ;
1674 5016 1796 5057 nam
1827 5016 1952 5057 sex-

356 5088 532 5144 decim
583 5089 825 5160 episcopi
879 5088 1145 5145 Gallicani
1214 5090 1269 5146 in
1315 5091 1806 5163 subscriptionibus
1853 5111 1954 5151 ηυ-

359 5189 659 5237 merentur.
716 5178 1041 5251 Congregati
1096 5182 1258 5252 igitur
1310 5183 1550 5255 episcopi
1624 5186 1678 5241 in
1731 5188 1953 5244 civitate

357 5274 663 5330 Arelatensi
682 5272 929 5329 kalendis
947 5270 1195 5346 Augusti,
1225 5274 1516 5334 Volusiano
1542 5277 1609 5348 ll,
1635 5276 1956 5339 etAnniano

356 5367 516 5425 Coss.
542 5383 689 5424 anno
720 5359 847 5434 δη,
878 5382 1095 5424 causam
1133 5366 1409 5424 Caeciliani
1434 5384 1645 5427 rursum
1667 5373 1955 5429 examina-

358 5473 505 5519 runt.
536 5462 784 5518 Praesens
812 5470 930 5518 erat
947 5476 1096 5530 reus,
1127 5471 1427 5533 praesentes
1472 5473 1835 5533 accusatores,
1886 5466 1958 5524 de

360 5553 555 5622 quibus
600 5552 719 5609 hac
775 5553 851 5608 ait
897 5552 1185 5611 concilium
1250 5553 1303 5610 in
1358 5554 1588 5626 epistola
1647 5552 1952 5629 Synodica:

366 5644 560 5701 Graves
609 5663 669 5701 ac
726 5646 1038 5719 perniciosos
1084 5644 1186 5722 legi
1233 5658 1425 5706 nostra:
1484 5661 1636 5722 atque
1691 5651 1961 5711 traditioni

362 5734 626 5804 circuatur:
690 5741 876 5795 mentis
929 5741 1162 5796 bontines
1206 5743 1534 5814 pertulimus,
1592 5759 1720 5815 quos
1764 5753 1815 5799 et
1862 5744 1960 5801 Dei

367 5829 529 5882 nostri
556 5846 778 5901 presseris
806 5834 1090 5890 auctoritas
1116 5845 1162 5892 et
1193 5835 1402 5901 traditio
1430 5852 1491 5893 ac
1512 5838 1692 5913 regula
1730 5837 1958 5896 ueritatis

2053 4718 2248 4772 toribus
2276 4716 2502 4771 ordinati
2531 4715 2735 4786 fuerant
2761 4716 3017 4770 ordinatio
3038 4717 3186 4771 irrita
3232 4733 3335 4771 non
3382 4732 3505 4772 esse
3546 4734 3670 4788 pro-

2054 4810 2359 4877 nuntiatur,
2389 4826 2480 4864 nec
2510 4809 2790 4881 quidquam
2838 4811 3093 4864 ordinatis
3139 4811 3334 4865 obesse.
3384 4809 3533 4879 Quae
3561 4812 3670 4866 duo

2053 4903 2123 4960 ad
2152 4918 2369 4959 oausam
2400 4901 2674 4958 Caeciliani
2706 4902 2997 4972 pertinent,
3028 4903 3259 4973 primum
3291 4903 3419 4972 quia
3471 4903 3671 4960 Tradi-

2055 4997 2221 5053 tionis
2245 4998 2450 5053 crimen
2478 4995 2620 5067 quod
2642 4995 2763 5064 ejus
2783 4994 3084 5052 adversarii
3132 4994 3327 5063 Felici,
3356 4994 3666 5063 Mersus-io,

2057 5089 2289 5160 aliisque
2334 5087 2621 5143 catholicis
2672 5087 2945 5158 episcopis
2987 5086 3349 5154 intentabant,
3405 5102 3482 5143 ex
3533 5090 3671 5145 actis

2060 5181 2288 5256 publicis
2315 5181 2546 5253 probare
2577 5180 2802 5236 minime
2831 5188 3104 5252 poterant,
3130 5179 3227 5237 sed
3274 5188 3488 5236 tantum
3518 5184 3668 5255 vulgi

2063 5291 2344 5335 rumorem
2369 5284 2462 5332 aut
2491 5283 2657 5331 testes
2684 5277 2916 5347 pecunia
2945 5286 3232 5347 corruptos
3269 5275 3336 5331 ad
3365 5291 3470 5332 eos
3528 5277 3671 5334 infa-

2064 5370 2290 5427 mandos
2315 5370 2644 5439 allegabant.
2673 5368 2941 5433 Alterum,
2969 5368 3095 5439 quia
3134 5366 3408 5424 Caeciliani
3440 5370 3673 5426 ordinis-

2063 5465 2264 5519 tionem
2314 5462 2655 5532 potissimum
2698 5462 3109 5533 impugnabant,
3163 5474 3230 5518 eo
3256 5461 3400 5534 quod
3456 5474 3669 5522 esseta

2064 5553 2243 5612 Felice
2281 5554 2651 5625 Aptungitano
2689 5546 3021 5610 Traditionis
3048 5569 3140 5610 reo
3189 5553 3417 5627 aliisque
3442 5556 3667 5628 episco-

2066 5650 2149 5721 pis
2175 5649 2553 5706 Traditoribus
2581 5649 2904 5705 ordinatus:
2955 5665 3077 5721 quae
3129 5651 3270 5705 ratio
3298 5651 3505 5708 nonius
3551 5662 3675 5710 erat

2067 5746 2304 5812 roboris,
2337 5747 2517 5800 statim
2549 5755 2711 5817 atque
2740 5744 3041 5802 Traditoris
3069 5745 3341 5802 ordinatio
3372 5746 3530 5803 irrita
3557 5756 3669 5805 non

2065 5845 2200 5897 erat.
2233 5836 2385 5895 Alter
2411 5846 2585 5900 canon
2615 5839 2708 5921 qui
2755 5853 2976 5904 causam
3007 5838 3266 5915 Afrorum
3317 5850 3554 5917 spectat,
3586 5847 3670 5913 est
