3898 6320
224 324 312 380 739
669 352 672 354 ν
1353 313 1669 372 HISTORIA
1711 282 2276 376 DONATISTARUIit.
3376 327 3480 383 ηπ,

222 450 428 505 octavus,
456 435 519 492 de
547 436 822 508 Baptismo
856 434 1256 502 iuereticorum,
1286 434 1440 506 cujus
1463 434 1581 490 haec
1612 432 1775 490 verba
1802 435 1850 495 Α
1881 449 2082 507 rogans
2143 447 2201 494 ut
2246 439 2496 508 exemplo
2543 437 2742 495 Christi
2793 437 3107 511 patientiam
3170 439 3490 500 adhiberent

220 541 326 590 sunt
353 550 362 586 :
391 529 465 586 De
487 529 647 601 Afris,
671 533 810 602 quod
840 531 1054 602 propria
1086 530 1196 603 tege
1220 547 1317 586 sua
1358 539 1575 585 utuntur
1599 538 1656 584 ut
1693 545 1775 585 re—
1878 529 2000 585 data
2029 530 2392 588 schismaticis
2420 531 2597 589 adhuc
2616 533 2842 603 Optione
2863 533 3096 606 eligendi
3128 537 3309 592 utrum
3347 537 3483 592 mal.

219 627 465 699 taptizent,
493 623 686 696 placuit
707 631 761 678 ut
782 624 828 678 si
856 624 924 678 ad
946 623 1228 680 Ecclesium
1275 623 1464 693 aliquis
1489 623 1552 678 de
1595 622 1777 678 haemi
1877 624 2010 691 ient,
2044 624 2118 680 ita
2142 634 2199 680 ut
2228 626 2272 680 si
2300 640 2396 682 eos
2422 627 2475 682 in
2501 629 2781 698 proposito
2833 631 3188 698 perseverare
3238 614 3481 685 animad-

224 719 392 775 venerit
425 718 725 789 interrogent
770 734 887 773 eum
936 718 1244 790 symbolum,
1293 727 1340 773 et
1369 718 1413 773 si
1467 717 1780 788 pervidet-int
1876 723 2175 782 verterent,
2237 719 2484 788 protinus
2509 718 2576 774 ad
2601 718 2850 789 proprias
2874 719 3033 776 sedes
3083 720 3348 778 redirent.
3382 713 3486 776 Dc-

218 833 334 880 eum,
360 814 410 868 in
434 811 606 880 Patre,
639 822 686 867 et
727 811 892 882 Filio,
919 824 968 870 et
992 813 1193 886 Spiritu
1236 823 1414 868 sancto
1464 828 1573 868 esse
1613 811 1779 884 bapti-
1879 811 2044 882 nique
2074 811 2126 866 in
2150 812 2340 868 eadem
2364 811 2593 882 epistola
2626 820 2812 868 monet
2833 828 2928 869 eos
2950 813 3166 870 misisse
3209 829 3270 871 se
3298 813 3486 870 Arela-

217 917 386 972 zatum,
417 920 592 959 manus
617 905 665 959 ei
685 916 883 959 tantum
919 907 1214 968 imponatur
1241 913 1295 959 ut
1337 905 1558 976 accipiat
1604 903 1777 976 Spiri-
1883 913 1989 960 tem
2018 903 2282 961 oiti'ciales
2309 917 2438 962 suos
2465 905 2554 976 qui
2579 906 2889 976 pertinaces
2922 902 2988 962 ad
3015 909 3328 965 comitatum
3359 924 3485 980 per-
3535 935 3542 939 -

218 1008 307 1054 tum
325 1007 561 1052 sanctum.
584 996 737 1064 Quod
761 999 806 1053 si
825 999 1160 1071 interrogatus
1176 1016 1277 1054 non
1300 999 1620 1070 responderit
1643 996 1777 1052 hanc
1889 1000 2170 1065 ducerent,
2195 1007 2252 1055 et
2277 985 2494 1055 dedisse
2519 999 2730 1055 litteras
2755 999 2821 1054 ad
2843 994 3118 1057 Yicariu‘m
3169 1001 3388 1068 Africae,
3425 1011 3484 1058 ut

216 1090 521 1160 Trinitatem,
583 1093 887 1162 baptizatur.
939 1092 1059 1162 Quo
1115 1107 1322 1149 canone
1361 1108 1490 1149 usus
1542 1092 1776 1164 rebaptio
1891 1102 2159 1166 quotquot
2180 1094 2300 1164 ejus
2329 1095 2554 1149 insanize
2585 1093 2792 1150 similes
2818 1093 3126 1160 invenerit,
3178 1095 3360 1150 statim
3391 1111 3487 1152 eos

214 1183 349 1239 zandi
375 1199 464 1238 eos
488 1185 577 1254 qui
616 1184 683 1239 ad
716 1185 1015 1241 Ecclesiam
1053 1186 1346 1241 veniebant
1375 1185 1430 1240 in
1471 1184 1653 1240 Africa
1685 1199 1776 1240 re-
1878 1187 1946 1244 ad
1977 1188 2295 1244 comitatum
2324 1186 2545 1259 dirigat,
2574 1195 2633 1244 ut
2655 1188 2734 1243 sic
2755 1187 2975 1244 tandem
2999 1187 3289 1261 aliquando
3310 1189 3482 1245 turbis

215 1287 376 1350 ceptus
419 1277 483 1333 ad
508 1292 606 1336 eos
643 1287 852 1334 tantum
906 1279 1195 1335 hereticos
1250 1281 1627 1350 restringitur,
1683 1280 1774 1352 qui
1884 1291 1938 1342 et
1966 1281 2298 1339 dissensioni
2322 1281 2443 1337 iiuis
2476 1283 2869 1352 imponeretur.

212 1374 500 1431 Trinitatem
555 1389 660 1428 non
711 1374 1098 1445 agnoscebant,
1131 1389 1194 1429 ac
1234 1373 1460 1445 proinde
1507 1376 1558 1430 in
1590 1375 1774 1440 Patre,
1950 1378 2244 1449 Appellatio
2297 1369 2687 1432 Donatistarum
2759 1377 2828 1430 ad
2881 1377 3264 1446 imperatorem.
3321 1377 3485 1432 Cieri-

212 1478 259 1523 et
283 1466 430 1530 Filio,
462 1474 515 1520 et
543 1465 748 1536 Spiritu
777 1477 966 1523 sancto
992 1482 1097 1522 non
1131 1476 1287 1521 erant
1333 1467 1610 1536 baptizati,
1671 1466 1774 1524 hoc
1879 1474 2051 1529 (ianus
2093 1480 2140 1527 et
2188 1475 2298 1544 ejus
2341 1469 2627 1524 aduersarii
2656 1468 2928 1525 vocati.—
2957 1469 3050 1526 iiis
3080 1471 3318 1542 acceptis
3344 1487 3485 1526 nun-

211 1569 299 1624 est,
330 1561 375 1612 in
400 1557 486 1613 illa
515 1559 622 1613 iide
652 1558 954 1615 Trinitatis.
988 1560 1105 1616 Non
1131 1560 1274 1615 enim
1308 1559 1439 1615 dicit
1482 1559 1770 1616 concilium
1880 1567 1969 1621 tiis
1993 1609 2008 1635 ,
2040 1564 2195 1620 multi
2229 1579 2294 1618 ex
2325 1574 2478 1633 parte
2523 1563 2716 1617 Donati
2758 1562 3104 1633 imperatoris
3149 1564 3283 1618 iram
3325 1565 3481 1619 veriti

213 1661 260 1706 ut
287 1653 672 1723 interrogentur
719 1653 789 1708 de
841 1651 1011 1708 forma
1043 1652 1317 1724 baptismi,
1379 1654 1474 1708 sed
1507 1652 1576 1709 de
1626 1653 1769 1708 fide:
1879 1674 2003 1716 cum
2031 1651 2326 1713 Caeciliano
2354 1655 2407 1710 in
2436 1654 2783 1710 concordiam
2813 1653 3048 1710 rediere.
3071 1654 3173 1723 Qui
3202 1667 3336 1710 vero
3361 1669 3485 1725 pero

209 1746 487 1816 interrogent
526 1762 642 1800 eum
691 1747 1098 1818 symbolum.....
1156 1747 1308 1814 Quod
1354 1750 1400 1802 si
1429 1749 1773 1821 interrogatus
1880 1751 2171 1808 tinaciores
2203 1747 2386 1814 fuere,
2433 1747 2498 1804 ad
2553 1747 2870 1803 comitatum
2906 1745 3152 1818 perducti
3193 1757 3320 1804 sunt
3371 1765 3386 1804 :
3428 1748 3483 1806 lii

210 1859 294 1897 non
338 1843 649 1912 responderit
696 1843 832 1898 hanc
881 1843 1190 1899 Trinitatem
1278 1845 1583 1914 baptiutur.
1637 1843 1773 1900 Huic
1803 1849 1851 1917 Β
1880 1845 2075 1920 partim
2111 1857 2210 1915 per
2247 1857 2328 1910 se,
2371 1842 2566 1913 partim
2592 1857 2688 1913 per
2713 1840 3104 1913 suifragatores
3133 1855 3272 1912 quos
3301 1841 3352 1898 l‘n
3381 1858 3480 1914 pa-

207 1936 480 1992 delinitioui
505 1945 872 1993 consentanea
925 1936 1140 1992 videtur
1179 1935 1360 2009 Optati
1391 1937 1458 1993 de
1501 1937 1774 2008 baptismo
1881 1942 2013 1998 latio
2040 1938 2336 2003 habebant,
2379 1937 2758 2009 imperatorem
2787 1937 3144 2009 interpellare
3184 1952 3290 1993 non
3320 1927 3489 1994 desti-

207 2029 554 2085 bzereticorum
588 2030 880 2098 sententia,
919 2030 1009 2101 qui
1039 2028 1259 2098 fatetur,
1302 2030 1396 2086 lib.
1433 2046 1472 2098 ι,
1509 2030 1535 2101 §
1587 2031 1674 2097 10,
1707 2046 1770 2088 ea
1879 2043 2084 2100 terunt,
2112 2041 2171 2088 ut
2210 2030 2330 2104 ipse
2376 2029 2519 2088 inter
2563 2035 2748 2102 partes
2789 2029 3054 2102 judicium
3097 2031 3281 2088 feriet.
3330 2021 3484 2101 Quod

205 2122 360 2178 cumia
383 2137 499 2193 qua:
525 2122 924 2178 Parmenianus
953 2123 1165 2178 dixerat
1195 2123 1262 2178 de
1291 2123 1487 2178 vitioso
1536 2131 1592 2178 et
1616 2122 1772 2179 irrito
1877 2145 1999 2185 cum
2041 2126 2220 2199 primo
2265 2133 2546 2182 aversatus
2594 2136 2742 2182 esset
2782 2124 3171 2181 Constantinus
3196 2169 3210 2192 ,
3268 2125 3481 2182 tandem

205 2215 460 2289 baptismo,
517 2217 589 2272 ad
627 2218 956 2288 baptismum
1007 2231 1194 2272 eorum
1229 2215 1609 2272 haereticorum
1651 2232 1774 2285 per-
1877 2223 2147 2281 continuis
2194 2215 2599 2277 Donatistarum
2665 2217 2994 2276 aditionibus
3049 2221 3226 2274 victus
3276 2220 3478 2282 cessit,

205 2310 350 2365 tinere
375 2311 459 2380 qui
479 2309 816 2366 ialsaverunt
841 2310 1145 2383 symbolum
1159 2325 1221 2365 ac
1241 2309 1309 2366 de
1324 2309 1590 2366 Trinitate
1611 2322 1773 2379 prave
1879 2325 2044 2387 utque
2082 2315 2217 2387 ipsis
2251 2331 2312 2370 os
2345 2323 2572 2385 prorSus
2606 2302 2919 2370 occluderet
2943 2355 2960 2381 ,
2997 2311 3064 2369 d‘e‘
3092 2310 3370 2369 Cmciliani
3403 2312 3485 2368 in-

204 2405 446 2468 sentiunt;
473 2403 838 2474 eamdemque
859 2402 1138 2459 Trinitatis
1163 2403 1347 2471 fidem,
1374 2403 1467 2458 iii).
1494 2418 1547 2469 v,
1577 2402 1679 2474 δῦ,
1711 2403 1743 2456 4

1940 2408 2126 2465 tcentia
2154 2397 2418 2479 judicium
2449 2407 2588 2462 terre
2633 2406 2936 2462 constituit.
2979 2404 3058 2462 Ac
3086 2406 3321 2476 primum
3353 2405 3479 2482 qui-3

204 2507 247 2553 et
266 2497 314 2564 8,
341 2499 387 2552 in
402 2496 735 2567 suscipiente
761 2496 1015 2567 requirit;
1045 2511 1107 2552 uc
1132 2497 1348 2552 demum
1382 2495 1580 2552 ibidem
1595 2496 1774 2551 Dona-
1876 2502 1999 2559 dem
2022 2501 2371 2558 Caecilianum
2397 2515 2467 2555 ex
2498 2493 2678 2554 Africa
2708 2513 2990 2555 accersere
3018 2498 3357 2562 decreverat,
3388 2491 3482 2554 sed

206 2591 336 2645 tistas
359 2588 709 2660 reprehendit
739 2588 880 2659 quod
909 2597 1189 2660 postquam
1223 2587 1384 2643 homo
1413 2588 1774 2660 interrogatus
1878 2600 2082 2650 mutata
2103 2636 2116 2658 ,
2163 2591 2229 2648 ad
2261 2591 2581 2663 petitionem
2620 2589 3022 2645 D‘o‘uatistarum
3055 2589 3437 2660 episcoporum
3467 2631 3481 2653 ,

205 2683 247 2737 in
273 2684 586 2754 baptismate
612 2683 968 2754 responderat
1006 2683 1166 2738 ﬁdem
1209 2682 1490 2738 Trinitatis
1514 2725 1528 2748 ,
1575 2683 1771 2739 iterum
1880 2688 2149 2747 sententia
2179 2731 2195 2755 ,
2238 2688 2526 2759 episcopos
2566 2685 2735 2756 partis
2775 2683 2969 2738 Donati
2999 2681 3091 2754 Qui
3124 2681 3178 2738 in
3222 2683 3480 2738 c‘omitat'u

203 2785 306 2847 post
332 2776 457 2831 illud
487 2792 654 2830 unum
677 2778 828 2831 credo
850 2777 1134 2848 exigerent
1162 2776 1382 2830 alterum
1407 2776 1579 2834 credo.
1607 2776 1742 2844 Quid

1944 2796 2033 2843 unt
2062 2788 2114 2843 in
2142 2785 2380 2843 Africam
2410 2785 2609 2841 reverti
2650 2783 2842 2856 jussit,
2879 2791 2937 2838 ut
2963 2775 3070 2838 illic
3106 2781 3272 2837 causa
3307 2777 3483 2834 omnis

203 2870 309 2938 quid
338 2869 404 2924 sit
423 2885 600 2927 canon
629 2869 964 2926 Arelatensis
992 2870 1060 2926 de
1087 2886 1194 2941 quo
1227 2871 1439 2941 agimus
1490 2870 1742 2941 speciatin

1942 2900 1995 2938 ne
2029 2882 2160 2953 ipsis
2198 2881 2461 2937 adversus
2489 2879 2838 2936 Caecilianum
2870 2875 3215 2949 competebat
3249 2873 3317 2930 ali
3346 2873 3481 2928 ami-

203 2977 292 3016 non
320 2973 395 3019 est
416 2964 670 3019 conditos
697 2963 960 3020 adversus
984 2961 1231 3034 Maiorini
1255 2973 1484 3035 partem,
1510 2963 1606 3020 sed
1629 2961 1772 3019 circa
1878 2976 1956 3031 cis
1987 2990 2082 3031 seu
2126 2973 2402 3046 jndicibus
2449 2985 2586 3045 quos
2627 2971 2882 3043 elegisset
2908 3013 2922 3038 ,
2954 2975 3386 3042 cognosceretur
3432 2967 3488 3021 ct

203 3055 351 3126 legem
379 3056 519 3114 Afris
560 3057 833 3128 propriam
883 3056 952 3111 de
1004 3055 1404 3126 rebaptizandis
1447 3055 1514 3111 iis
1562 3055 1652 3127 qui
1707 3057 1776 3111 ab
1881 3066 2151 3122 ﬁniretur.
2206 3065 2400 3121 Verum
2445 3062 2766 3136 imperatori
2796 3061 2957 3134 paulo
2986 3070 3105 3132 post
3145 3059 3197 3116 in
3248 3063 3482 3114 mentem

204 3148 445 3207 haereticis
473 3150 735 3221 baptizati
787 3149 1006 3205 fuerant
1051 3164 1176 3205 cum
1212 3151 1279 3204 ad
1331 3149 1630 3206 Ecclesium
1684 3163 1743 3205 ve

1953 3160 2028 3214 nit
2068 3157 2367 3214 timendum
2411 3165 2532 3213 che
2559 3198 2573 3222 ,
2619 3170 2686 3213 ne
2717 3154 2762 3211 si
2801 3155 2851 3209 in
2884 3147 3066 3209 Africa
3109 3151 3287 3209 causae
3324 3149 3485 3221 hujus

203 3245 415 3312 aiebant,
448 3255 616 3316 uuam
659 3245 947 3301 concilium
977 3245 1080 3301 hoc
1103 3254 1314 3302 canone
1357 3245 1694 3315 temperavit.
1880 3250 2115 3323 cognitio
2164 3251 2575 3317 institueretur,
2629 3265 2658 3303 a
2709 3243 3032 3303 turbulentis
3083 3243 3402 3318 quibusdam
3454 3257 3486 3299 e

265 3335 481 3408 Epistula
505 3339 762 3410 εέηοάίεα
791 3337 997 3392 “mou”
1046 3337 1380 3394 Ανείαιεηδίει
1407 3368 1479 3378 -
1503 3337 1603 3406 QUi
1645 3352 1775 3392 COH-
1802 3353 1848 3415 [ζ
1883 3345 2284 3403 Donatistarum
2327 3345 2560 3400 factione
2601 3343 3015 3416 perturbaretur
3055 3341 3338 3414 judicium,
3383 3345 3484 3396 nec

204 3444 430 3488 venerant
454 3433 507 3489 in
534 3434 730 3489 urbem
758 3434 1134 3488 Arelatensem
1167 3433 1429 3502 episcopi,
1483 3441 1772 3503 antequam
1882 3439 2180 3496 secundum
2204 3439 2488 3496 veritatem
2511 3437 2764 3503 ferretur,
2796 3447 2887 3491 aut
2910 3435 2954 3489 si
2979 3449 3066 3490 res
3087 3435 3225 3490 bene
3243 3432 3486 3504 iudicata

205 3525 556 3597 discederent,
617 3529 931 3597 synodica!“
987 3529 1270 3598 epistolam
1325 3529 1391 3582 ad
1439 3529 1773 3600 sylvestrum
1879 3542 2057 3600 esset,
2091 3542 2150 3589 ut
2183 3540 2341 3588 erant
2367 3531 2625 3587 obstinati
2653 3529 2850 3595 animi,
2887 3527 3095 3599 judicio
3123 3526 3476 3598 acquiescere

204 3623 464 3693 scripsere,
497 3639 607 3695 qua
643 3624 817 3694 ipsum
851 3639 1037 3679 eorum
1070 3639 1192 3694 qua}
1241 3633 1528 3696 gesserant
1578 3625 1775 3680 certio-
1879 3635 2228 3694 recusarent;
2279 3635 2486 3682 mutato
2527 3624 2756 3680 consilio
2794 3617 2986 3679 statu-it
3011 3665 3024 3690 ,
3060 3631 3117 3676 ut
3154 3617 3480 3677 Caecilianus

205 3729 302 3770 rem
329 3714 547 3786 iaciunt,
609 3727 665 3774 et
717 3717 875 3773 simul
907 3732 1144 3772 canones
1197 3732 1225 3771 a
1271 3731 1330 3773 se
1374 3717 1622 3773 conditos
1673 3716 1776 3788 ipsi
1823 3771 1828 3774 .
1879 3723 2056 3794 potius
2100 3729 2152 3775 et
2200 3720 2317 3790 ejus
2359 3717 2654 3774 adversarii
2704 3722 3116 3772 accerserentur
3146 3711 3215 3768 ad
3257 3711 3485 3768 comita-

205 3815 579 3882 transmittunt,
635 3821 693 3868 ut
721 3828 818 3883 per
845 3828 969 3868 eum
997 3814 1211 3869 czeteris
1250 3812 1508 3869 Ecciesiis
1559 3813 1774 3868 innote-
1883 3825 2032 3882 tum;
2080 3824 2139 3870 ut
2165 3815 2282 3887 ipse
2310 3815 2453 3870 inter
2479 3811 2855 3885 eosjudiciom
2900 3812 3088 3868 ferret.
3133 3806 3491 3880 Scripsitigia

205 3915 414 3961 soerent.
441 3908 522 3964 Ad
556 3908 942 3978 imperatorem
971 3922 1184 3978 quoque
1209 3908 1566 3979 scripserunt,
1599 3913 1655 3964 et
1709 3909 1777 3964 ab
1882 3918 1968 3964 tur
1995 3915 2107 3962 t‘um
2133 3906 2199 3961 ad
2229 3904 2584 3961 Cmcilianum
2611 3947 2625 3973 ,
2660 3913 2773 3960 tum
2813 3904 2879 3959 ad
2925 3903 3210 3974 episcopos
3238 3901 3360 3972 ejus
3391 3897 3485 3954 atl-

203 4010 259 4050 eo
284 3997 548 4055 licentiam
605 3999 836 4055 abeundi
896 4001 1119 4070 petiere.
1175 3999 1396 4056 interim
1451 4001 1664 4072 quidam
1710 4019 1776 4058 ex
1881 4000 2188 4065 versarios,
2232 4003 2289 4054 ut
2319 3998 2546 4053 Romam
2589 3997 2657 4053 ad
2696 4012 2756 4052 se
2789 3995 3074 4062 venirent,
3117 4008 3222 4065 qua
3269 3991 3320 4047 in
3348 3987 3482 4047 urbe

206 4091 611 4164 partevMajorini
642 4094 1057 4149 Constantinum
1107 4093 1357 4150 adierunt
1399 4094 1466 4150 ad
1513 4094 1775 4166 judicium
1881 4097 2196 4153 morabatur
2245 4109 2434 4151 mense
2475 4093 2719 4165 Augusto
2765 4092 2891 4146 anni
2921 4091 3064 4156 315,
3110 4097 3170 4144 ut
3197 4103 3262 4144 ex
3294 4086 3485 4143 codice

205 4183 306 4252 eius
332 4197 688 4255 PW'VocameS
711 4186 811 4259 (α),
837 4202 1068 4258 quorum
1095 4188 1512 4258 appellationem
1545 4190 1776 4260 primum
1879 4191 2264 4250 Theodosiano
2295 4190 2482 4260 liquet.
2517 4187 2680 4242 Extat
2705 4185 2867 4257 hujus
2899 4182 3128 4256 epistola
3167 4180 3234 4237 ad
3265 4183 3481 4252 episco-

207 4273 478 4334 detestatus
505 4288 592 4336 est
620 4279 1028 4346 Constantinus,
1077 4280 1130 4335 in
1173 4281 1288 4336 haec
1319 4282 1482 4338 verba
1528 4289 1779 4353 prorum-
1882 4301 1982 4358 pos
2011 4282 2290 4341 Caeciliani
2331 4280 2706 4346 adversarios,
2733 4279 2787 4334 in
2829 4292 2935 4349 qua
2963 4285 3246 4348 postquam
3292 4271 3485 4328 mutati

207 4385 366 4439 pens:
417 4371 461 4426 0
500 4371 686 4427 rabida
753 4375 946 4444 furoris
990 4373 1210 4428 audacia
1232 4357 1266 4430 ί
1303 4373 1443 4431 sicut
1497 4376 1550 4432 in
1581 4378 1779 4434 causis
1883 4357 2093 4436 consilii
2134 4376 2407 4432 rationem
2435 4373 2708 4441 reddidit,
2751 4371 3036 4442 pollicetur
3082 4368 3212 4440 ipsis
3250 4366 3394 4439 quod
3437 4366 3486 4422 si

205 4461 474 4521 Gentilium
509 4467 626 4522 ﬁeri
653 4466 818 4533 solet,
866 4467 1282 4538 appellationem
1313 4469 1775 4541 interposuerunt.
1884 4480 2152 4544 praesente
2180 4469 2473 4525 thciiiano
2501 4467 2586 4524 vel
2627 4481 2791 4521 unum
2823 4480 2854 4521 e
2883 4463 3199 4520 criminibus
3249 4469 3484 4533 Quarum

203 4555 496 4631 indignatos
510 4559 720 4617 scilicet
741 4574 836 4616 eos
861 4562 1240 4632 episcoporum
1260 4563 1465 4633 judicio
1481 4580 1586 4620 non
1611 4574 1774 4632 stare,
1884 4586 2005 4626 eum
2035 4565 2364 4625 accusabant
2392 4569 2622 4638 probare
2648 4564 2962 4636 potuerint,
3006 4559 3230 4644 perinde
3259 4559 3311 4616 id
3340 4551 3483 4631 apud

181 4659 250 4716 _et
273 4653 330 4706 ad
355 4654 633 4710 szecularia
657 4653 857 4726 judicia
876 4669 1193 4725 provocare,
1221 4671 1488 4728 suumque
1511 4660 1780 4729 postulare
1884 4682 1943 4722 se
1975 4665 2208 4721 futurum
2235 4680 2299 4720 ac
2326 4665 2371 4720 si
2401 4663 2648 4719 universa
2678 4678 2798 4734 quae
2825 4662 2872 4716 ei
2896 4658 3484 4730 intenderantprobata

201 4743 469 4813 judicium.
505 4748 740 4819 Scripsit
775 4748 937 4820 igitur
961 4749 1027 4806 ad
1058 4751 1344 4821 episcopos
1386 4753 1600 4810 concilii
1642 4755 1782 4812 Arc-
1805 4753 1858 4819 D
1886 4769 2089 4816 essent.
2121 4757 2324 4814 Eodem
2366 4765 2612 4828 tempere
2655 4753 2868 4810 videtur
2915 4753 3204 4824 sciipSisse
3254 4739 3322 4805 ad
3351 4749 3486 4804 Pro-

205 4836 405 4896 latensis
432 4841 629 4898 borum
683 4842 959 4898 hominum
1013 4845 1366 4914 pervicaciam
1413 4847 1609 4904 acerbe
1655 4866 1779 4922 per—
1888 4855 2104 4910 biamtm
2136 4849 2335 4906 Afrij
2364 4847 2738 4920 proconsulem
2769 4841 2868 4919 (ὖ),
2902 4851 2956 4901 ut
2985 4843 3284 4917 ingentium
3311 4841 3480 4896 decu-

204 4934 478 5006 suingens,
513 4935 748 5002 laudans
796 4937 1010 4992 concilii
1033 4937 1295 5009 judicium
1325 4983 1338 5008 ,
1391 4951 1444 4998 et
1491 4945 1778 5016 cpiscOpos
1885 4943 2828 5018 rionemZiquensiumgquiFelicis
2853 4925 3488 5013 epistolamaduiterasse

269 5051 340 5125 (a)
376 5053 456 5107 Ad
489 5053 753 5133 judicium
777 5059 888 5133 ejus
915 5065 1262 5133 proogcantes.
1304 5057 1436 5114 Stmt
1467 5060 1556 5133 qui
1586 5061 1779 5117 existi-
1884 5065 1950 5120 ad
1993 5063 2322 5120 Arelatensis
2368 5059 2558 5133 synodi
2590 5058 2778 5114 Patres
2829 5057 3006 5112 datam
3054 5069 3189 5133 esse
3214 5051 3482 5133 suntquis-

203 5122 335 5207 ξηεηί
362 5122 987 5207 provocationem-istam
1032 5127 1427 5207 Donatistarum
1453 5122 1517 5207 aii
1548 5133 1780 5203 impera—
1885 5152 2044 5207 quam
2079 5136 2325 5190 dubitare
2361 5122 2573 5204 potest,
2602 5145 2927 5207 provocasse
2966 5122 3485 5207 eos‘dicituadjudi-

207 5202 364 5276 ιφεβῐῃ
401 5197 772 5276 interpositam
802 5198 1026 5276 fuisses
1051 5199 1252 5276 judicio
1283 5201 1532 5276 Miltiadis
1565 5195 1777 5262 et'co‘n-
1887 5195 2030 5263 cium
2055 5223 2233 5272 suum,
2258 5215 2311 5260 et
2340 5195 2777 5276 provocationem
2809 5205 2947 5276 lianc
2971 5199 3153 5254 verbis
3177 5197 3283 5252 illis
3306 5195 3486 5276 detes-

205 5267 299 5347 cilii
328 5259 578 5347 Romani.
615 5272 684 5324 At
720 5271 930 5347 quoties
958 5270 1023 5325 de
1048 5259 1253 5347 judicio
1283 5273 1524 5347 liotnann
1556 5283 1609 5329 ct
1644 5259 1779 5332 A're-
1889 5259 2030 5334 {ita}
2055 5259 2362 5334 E'bii’rib’ma
2401 5277 2591 5347 furoris
2633 5271 2892 5328 audacia!
2944 5281 3049 5328 etc.
3074 5312 3087 5336 ,
3136 5285 3258 5347 quae
3318 5259 3483 5347 verba

206 5336 380 5394 latensi
425 5341 665 5411 loquitur
711 5336 1078 5422 Augustinus,
1113 5343 1435 5422 toties_dicit
1472 5346 1778 5422 Donatislas
1887 5351 2113 5422 Optatos
2145 5348 2308 5422 refert
2331 5336 2598 5422 tamquam
2625 5347 2829 5422 prolata
2861 5336 3483 5422 postsypodiiipmaua:

206 5407 666 5494 φηίιρθειοέρεεεξ
688 5407 826 5494 {‘PU‘]
854 5413 1234 5494 ἰιειρεττιιοτθιη
1261 5415 1329 5470 de
1359 5418 1531 5494 Ρνίῐῖιο
1552 5420 1775 5494 iudicio,
1885 5407 2167 5494 ju'dicium.
2202 5421 2270 5475 At
2298 5436 2419 5494 cum
2455 5407 2656 5494 nullum
2690 5407 3291 5494 Arelziiensis_:C0ti_ciiii
3332 5413 3482 5494 naen-

207 5492 250 5564 et
271 5497 296 5535 a
320 5479 581 5564 Secundo
602 5479 870 5564 adipsum
893 5479 1273 5564 Imperatorem
1303 5479 1624 5564 appellasse.
1658 5479 1778 5564 ipse
1885 5479 2088 5550 iioncm
2119 5493 2324 5555 iecerit,
2354 5491 2494 5564 baud
2523 5491 2715 5545 mirum
2747 5489 2982 5564 siverba
3006 5485 3092 5564 illa
3119 5485 3184 5537 ad
3215 5479 3480 5564 synpuum
3543 5540 3551 5546 .

207 5551 486 5632 Ῑηηῖθΐίηίζΐ
520 5557 572 5609 in
602 5551 828 5632 θρὶδὶριεξ
862 5557 928 5611 ad
971 5551 1220 5632 Elaﬁum
1260 5551 1501 5615 referens
1541 5551 1778 5629 quid-tle
1882 5567 2182 5622 Romanam
2236 5551 2522 5628 retulerit,
2571 5574 2690 5632 qua:
2740 5558 2808 5615 ad
2858 5557 3174 5614 Arelatense
3215 5551 3480 5624 judicium

203 5625 388 5712 judicio
413 5626 677 5712 _iiomano
706 5628 984 5712 dixissent
1027 5629 1126 5712 sibi
1178 5631 1510 5712 Donatistae,
1541 5625 1615 5712 ait
1661 5635 1782 5689 illos
1881 5640 2175 5712 pertinent.
2512 5625 2517 5628 ’
2869 5703 2879 5712 _
2949 5700 2960 5712 ο
3118 5697 3131 5712 _
3171 5695 3210 5712 ἢ
3279 5693 3322 5712 ι,

208 5698 543 5781 rpspondisse
581 5699 918 5781 :ﬂuodillic
959 5702 1313 5781 omniscauia
1352 5719 1452 5781 non
1487 5693 1785 5781 ruissetau-
1884 5693 1901 5711 ’
1934 5693 2034 5781 ί(ὁ)
2068 5708 2264 5781 Eodem
2297 5717 2522 5776 tempore
2543 5704 2742 5781 uidetur
2779 5700 3046 5781 scripsisse
3064 5697 3131 5752 ad
3164 5693 3482 5781 Rrobianum

210 5767 324 5854 dita.
353 5768 442 5854 sed
474 5771 627 5854 pauci
672 5771 883 5854 quidam
919 5773 1146 5854 episcopi
1175 5775 1398 5854 quodam
1428 5767 1536 5854 loco
1563 5793 1614 5831 se
1643 5779 1786 5834 clau~
1890 5767 2082 5854 Africa:
2121 5767 2509 5834 Praconsuiem.
2537 5776 2674 5831 Sunt
2728 5773 2818 5844 qui
2856 5767 3140 5854 episi'Oiaui
3172 5767 3484 5854 iﬂamfFri'

210 5839 424 5928 siluam,
456 5837 506 5895 ἐι
555 5837 700 5928 prout
723 5845 849 5928 ipsis
886 5837 1062 5928 aptum
1087 5837 1272 5928 fuerat
1299 5889 1311 5912 ,
1338 5850 1673 5923 judicassent.
1720 5854 1749 5906 Α

1946 5837 2044 5907 iam
2071 5866 2191 5906 esse
2234 5858 2493 5928 censeant
2518 5860 2674 5928 anno
2714 5837 2979 5916 superiori
3028 5849 3152 5926 ante
3184 5837 3485 5896 Contiliom

214 5911 346 5971 idem
383 5911 772 5978 Constantinus
811 5918 864 5976 in
907 5911 1135 5991 epistola
1164 5921 1229 5978 ad
1260 5911 1543 5995 episcOpos
1571 5965 1586 5994 ,
1630 5939 1790 5998 quam
1894 5911 2234 5986 Arelatense.
2267 5921 2337 5981 At
2371 5919 2714 5980 verisimilius
2740 5911 2823 5978 est
2855 5916 3179 5976 accersitum
3206 5927 3314 5972 non
3363 5925 3485 5973 esse
