3898 6320
170 311 258 369 793
1323 310 1641 369 HISTORIA
1684 308 1865 366 BONA
1874 308 2072 365 TISTA
2084 309 2249 366 RllM.

3343 313 3449 369 7M

170 437 385 507 peritus,
418 433 678 507 eloquens
702 477 715 500 ,
750 434 1033 501 eruditus,
1084 449 1294 489 morum
1326 435 1630 504 integritate
1675 449 1739 489 ac
1766 438 1817 496 Α
1841 433 3445 508 raputsubsrripseratepistolamDonatnsinquabocagebat

169 526 498 603 temperantia
548 526 1019 593 commcndabilis,
1060 526 1156 582 sed
1203 526 1333 585 elati
1378 527 1515 582 adeo
1554 525 1739 589 animi,

167 636 215 675 ut
256 620 455 674 nullum
501 619 776 674 hominem
822 620 924 674 sibi
974 617 1398 688 comparandum
1449 618 1745 675 arbitrare—

167 727 266 782 tur,
295 729 403 769 sua:
430 716 600 784 partis
641 714 927 785 episc0pus
973 715 1093 770 loco
1134 714 1528 784 mancipiorum
1580 716 1742 771 habe-

163 819 272 872 ret,
299 822 360 862 ac
403 807 664 863 mortales
688 818 947 873 cunctos,
992 808 1140 876 ipsos
1170 809 1332 862 etiam
1379 809 1741 878 imperaturos

164 911 211 958 et
245 902 583 973 magistratus
630 902 700 955 ab
742 902 823 957 eis
872 903 1198 958 constitutos
1250 912 1643 957 contemneret.
1672 888 1740 957 'ls

163 1005 349 1051 tantum
377 994 520 1065 apud
550 1008 679 1050 suos
707 993 1044 1051 auctoritatis
1084 994 1352 1061 obtinuit,
1381 1006 1439 1050 ut
1470 1009 1592 1049 eum
1624 1008 1735 1048 om-

161 1102 247 1143 ncs
282 1088 518 1155 impense
547 1087 824 1151 colerent,
857 1101 955 1156 per
983 1102 1106 1142 eum
1130 1086 1375 1155 jurarent
1396 1126 1412 1152 ,
1450 1094 1507 1142 et
1543 1085 1596 1141 in
1643 1100 1740 1143 ore

160 1180 325 1251 populi
366 1194 470 1236 nOn
503 1178 775 1235 diceretur
801 1178 1127 1249 episcopus,
1169 1178 1266 1235 sed
1309 1178 1549 1233 Donatus
1600 1176 1738 1234 Car-

160 1272 395 1343 thaginis.
426 1271 616 1327 Totam
632 1270 737 1328 -ilIe
760 1270 1000 1327 Africam
1032 1271 1084 1326 iu
1124 1269 1263 1326 duas
1303 1281 1486 1341 partes
1515 1270 1732 1336 divisit,

162 1381 370 1437 quarum
402 1382 558 1420 unam
592 1374 796 1434 partem
834 1380 988 1420 suam
1037 1366 1151 1434 ipse
1192 1364 1296 1420 dici
1328 1364 1527 1431 voluit,
1560 1364 1632 1420 ita
1679 1372 1738 1420 ut

160 1458 218 1514 ab
241 1460 306 1514 iis
330 1459 421 1529 qui
452 1474 517 1513 ex
545 1458 778 1514 diversis
802 1455 999 1513 Africae
1027 1457 1315 1528 provinciis
1344 1457 1731 1527 Carthaginem

160 1552 468 1615 veniebant,
520 1566 629 1606 non
676 1561 943 1620 quaereret
990 1550 1122 1605 illud
1165 1552 1309 1619 quod
1352 1549 1586 1605 humana
1633 1550 1737 1605 fert

157 1643 476 1701 consuetudo
514 1645 583 1700 de
610 1645 841 1713 pluviis,
873 1646 942 1701 de
972 1660 1105 1715 pace
1126 1686 1141 1710 ,
1170 1644 1238 1699 de
1277 1654 1539 1715 proventu
1568 1648 1692 1700 anni
1715 1687 1730 1711 ,

157 1737 238 1791 sed
266 1736 413 1791 illius
457 1735 523 1791 ad
555 1736 800 1807 singulos
825 1752 1070 1807 quosque
1098 1737 1381 1793 venientes
1410 1738 1525 1793 haec
1547 1747 1735 1795 essent

1849 539 1905 583 ut
1931 529 2148 584 nonnisi
2176 530 2226 584 in
2253 531 2371 601 ejus
2394 532 2776 587 communione
2807 532 3067 602 baptisma
3093 533 3296 588 Christi
3325 547 3448 590 esse

1846 622 2131 686 credatur,
2177 633 2369 678 contra
2407 638 2568 693 quam
2624 622 2818 679 librum
2869 625 3164 694 scripserat
3192 626 3448 696 Augusti-

1847 730 1979 783 nus,
2019 716 2107 787 qui
2151 715 2261 786 jam
2312 730 2417 772 non
2457 728 2675 783 exstat,
2725 717 2821 774 sed
2864 718 3020 787 cujus
3060 730 3439 791 argumentum

1846 805 2016 861 refert
2056 808 2523 863 Retractationmu
2546 849 2561 874 ,
2596 808 2689 863 lib.
2720 825 2772 874 ι,
2803 825 2854 865 c.
2885 810 2977 865 21.

1917 898 2078 969 Leges
2117 899 2439 953 Constantini
2467 900 2530 953 de
2562 898 2866 954 Donatistis.
2896 930 2967 942 --
2990 900 3285 958 Crescente
3336 904 3439 957 llo-

1846 994 2166 1048 natistarum
2197 1009 2424 1048 numero
2462 1003 2516 1048 et
2548 995 2763 1060 lurore,
2791 993 3179 1051 ConStantinus
3210 998 3445 1067 impera-

1848 1094 1931 1142 tor
1961 1097 2151 1142 contra
2186 1088 2308 1143 illos
2345 1088 2746 1143 severissrmam
2775 1088 2946 1159 legem
2975 1090 3133 1156 tulit,
3162 1105 3268 1161 qua
3301 1090 3442 1146 basi-

1842 1179 1975 1234 licas
2001 1191 2058 1235 et
2093 1180 2208 1236 loca
2250 1180 2305 1234 in
2345 1180 2541 1251 quibus
2584 1180 3084 1251 congregabantur,
3123 1180 3442 1252 ipsisjussit
3514 1168 3517 1171 Α

1840 1272 2041 1328 auferri
2087 1288 2150 1328 ac
2181 1272 2311 1327 ﬁsco
2355 1272 2640 1328 vindicari.
2689 1272 2796 1328 Sed
2849 1273 2947 1327 i5ta
2990 1274 3278 1328 severitate
3328 1287 3436 1328 non

1840 1369 2002 1423 modo
2030 1382 2136 1422 non
2166 1381 2412 1438 repressa
2431 1407 2448 1435 ,
2477 1368 2571 1422 sed
2599 1378 2652 1421 et
2682 1381 2907 1423 accensa
2938 1375 3023 1422 est
3048 1366 3264 1421 illorum
3296 1366 3441 1421 inso-

1839 1461 2001 1517 lentia
2021 1501 2038 1528 ,
2074 1469 2392 1531 tantumque
2419 1459 2587 1515 abfuit
2618 1459 2746 1529 quin
2777 1460 2843 1513 ad
2872 1457 3437 1516 EcclesiteCatholicze

1838 1555 2014 1609 sinum
2050 1554 2468 1617 reducerentur,
2522 1561 2580 1607 ut
2625 1568 2657 1608 e
2707 1561 2896 1608 contra
2942 1552 2997 1606 in
3026 1566 3145 1607 eam
3175 1551 3355 1606 acrius
3375 1565 3439 1606 ac

1839 1647 2170 1717 petulantius
2213 1646 2510 1700 saevieriut.
2581 1644 2736 1713 Quod
2787 1659 2910 1698 cum
2955 1642 3256 1714 accepisset
3293 1643 3439 1698 Con-

1840 1742 2110 1795 stautinus
2137 1782 2151 1805 ,
2184 1741 2251 1794 ad
2273 1740 2555 1794 universos
2580 1739 2866 1808 episcopos
2895 1746 2949 1792 et
2988 1736 3055 1791 ad
3085 1736 3301 1806 plebem
3331 1735 3435 1791 Ec-

155 1830 297 1885 verba
328 1847 342 1882 :
380 1828 520 1896 Quid
549 1830 689 1901 apud
711 1845 799 1884 vos
824 1831 993 1901 agitur
1023 1832 1088 1885 de
1113 1841 1260 1901 parte
1284 1848 1395 1885 mea
1421 1832 1443 1883 .9
1472 1832 1550 1886 Ac
1579 1832 1732 1886 dein-
1763 1838 1806 1898 Β
1835 1838 2018 1892 etesias
2057 1835 2348 1892 Catholica:
2391 1850 2486 1905 per
2513 1833 2749 1888 Africam
2793 1832 3076 1903 epismlam
3120 1830 3436 1901 prudentem

154 1938 263 1995 ceps
304 1938 412 1979 non
461 1924 623 1979 modo
670 1923 1071 1980 communionis
1112 1924 1232 1995 ejus
1278 1926 1528 1980 homines
1574 1926 1734 1995 vulgo

156 2015 429 2072 Donatista
457 2017 589 2073 dicti
626 2028 754 2075 sunt
777 2059 792 2083 ,
820 2017 915 2073 sed
959 2028 1011 2072 et
1051 2020 1152 2087 ipsi
1194 2019 1248 2074 in
1270 2019 1487 2088 judiciis
1516 2029 1573 2075 et
1599 2020 1732 2074 actis

80 2128 83 2131 ’
156 2109 367 2177 publicis
398 2109 624 2180 professi
653 2122 775 2166 sunt
806 2127 866 2166 se
892 2126 1015 2167 esse
1044 2110 1114 2167 de
1145 2122 1299 2181 parte
1332 2114 1544 2168 Donati.
1577 2112 1731 2179 Quod

153 2216 259 2258 cum
288 2203 426 2273 ipsis
450 2205 839 2274 exprobratum
881 2204 1073 2261 finisset
1104 2206 1155 2259 iu
1186 2204 1476 2261 collatione
1504 2205 1734 2261 Cartha-

154 2295 385 2366 ginensi,
417 2296 543 2353 licet
585 2312 782 2353 nomen
825 2298 966 2354 istud
1015 2297 1386 2367 repudiarint,
1416 2298 1483 2352 de
1525 2299 1733 2356 Donato

155 2397 315 2444 tamen
345 2398 618 2460 tulitquam
640 2399 861 2445 auctore
885 2405 984 2446 suo
1011 2390 1089 2445 sic
1116 2389 1395 2459 magniﬁce
1424 2390 1586 2445 locuti
1631 2390 1733 2463 ιο

150 2491 376 2553 suntper
405 2496 467 2536 os
496 2480 746 2536 Pcttliani
775 2498 788 2534 :
824 2480 1086 2536 Donatum
1110 2490 1281 2534 autem
1320 2493 1509 2535 sancta:
1535 2498 1725 2535 mento-

150 2574 230 2628 ria:
277 2572 595 2645 martyrialis
645 2574 827 2645 gloria:
875 2575 1037 2628 uirum
1062 2614 1077 2639 ,
1137 2590 1493 2643 prwcessorem
1540 2574 1732 2629 scilicet

151 2675 365 2719 nostrum
407 2664 558 2738 (nota
588 2666 703 2721 btec
732 2667 891 2722 verba
934 2667 1128 2738 quibus
1171 2683 1275 2721 non
1321 2668 1482 2723 unius
1521 2677 1728 2724 tantum

148 2757 573 2829 Carthaginensis
600 2760 870 2830 episcopi,
905 2759 1000 2815 sed
1041 2760 1283 2816 onmium
1313 2759 1470 2831 hujus
1497 2763 1729 2831 partium

149 2850 512 2922 episcoporum
542 2867 841 2923 praecessor
868 2851 1219 2924 appellatur),
1246 2863 1599 2908 ornamentum
1630 2853 1728 2908 Ec-

150 2944 297 2998 clesitc
333 2945 482 3000 istius
526 2946 741 3000 ciuxtatt's
786 2946 900 3000 loco
941 2962 1036 3001 suo
1084 2947 1359 3017 meritoque
1404 2962 1724 3003 venerantur.

146 3034 244 3093 Nec
264 3051 399 3095 vero
426 3040 745 3095 auctoritate
770 3054 866 3095 sua
898 3048 1103 3094 tantum
1132 3050 1292 3109 atquc
1340 3040 1568 3097 diversis
1597 3042 1728 3097 arti-

148 3130 234 3184 bus
271 3130 514 3186 scbistua
562 3130 614 3185 in
660 3140 768 3185 tota
814 3131 999 3188 Africa
1047 3133 1399 3202 propagavit,
1453 3148 1636 3189 verum
1674 3141 1730 3189 et

1834 1930 2124 1984 admodum
2156 1940 2205 1983 ct
2236 1938 2571 1984 mansuetam
2600 1926 2856 1996 scripsit,
2890 1942 2992 1994 qua
3036 1925 3169 1980 dicit
3210 1942 3266 1979 se
3291 1924 3435 1995 quod
3488 1922 3495 1931 ’

1834 2023 1961 2093 ﬁdes
1990 2022 2165 2076 debuit
2183 2063 2198 2085 ,
2230 2032 2481 2092 quantum
2506 2021 2786 2089 prudentia
2811 2018 2975 2072 caluit
2997 2058 3012 2083 ,
3044 2026 3196 2086 prout
3236 2015 3437 2084 paritas

1834 2117 1999 2186 potuit
2038 2126 2255 2169 tentasse
2286 2131 2375 2185 per
2401 2116 2573 2168 omnia
2604 2114 2937 2167 humanitatis
2984 2121 3031 2166 et
3071 2110 3436 2164 moderationis

1833 2208 2009 2278 olﬁcia
2033 2251 2047 2273 ,
2080 2220 2135 2261 ut
2176 2222 2281 2276 pas:
2322 2207 2664 2261 sanctissimis
2707 2205 3047 2275 fraternitatis
3092 2220 3181 2273 per
3227 2217 3437 2256 teneor.

1833 2302 1972 2355 diam
2010 2300 2238 2354 stabilita
2266 2310 2541 2356 teneretur.
2574 2298 2680 2354 Sed
2703 2299 2824 2369 quia
2852 2298 2914 2351 ob
2942 2278 3286 2365 pervicaciam
3315 2309 3433 2364 quo-

1832 2392 2071 2447 rumdam
2101 2410 2201 2446 non
2234 2394 2451 2458 potuerit
2482 2392 2536 2445 id
2572 2392 2770 2461 assequi
2808 2391 2881 2443 ita
2923 2404 3033 2444 esse
3071 2386 3288 2444 consilia
3323 2402 3435 2441 mo-

1831 2486 2080 2552 deranda,
2114 2494 2169 2538 ut
2197 2485 2358 2539 donec
2376 2484 2594 2538 caelestis
2620 2484 2871 2536 medicina
2904 2479 3166 2551 procedat,
3184 2480 3436 2550 patienter

1831 2580 2180 2633 sustineantur
2214 2594 2275 2633 ea
2318 2593 2432 2647 qua:
2466 2577 2760 2647 nequissimi
2797 2574 3028 2629 homines
3055 2583 3248 2627 tentant
3270 2583 3317 2627 et
3358 2573 3435 2642 {a-

1829 2672 1970 2724 ciuut
1987 2711 1999 2732 ,
2034 2679 2080 2725 et
2103 2670 2234 2723 nihil
2257 2686 2321 2723 ea:
2348 2670 2606 2738 reciproco
2631 2680 2905 2738 reportatur
2925 2668 3138 2741 injuria
3158 2708 3173 2730 ,
3204 2665 3433 2720 uindicta

1831 2782 2007 2819 eorum
2039 2764 2144 2819 Deo
2185 2775 2404 2818 servata.
2438 2764 2589 2830 Quod
2633 2765 2675 2817 si
2701 2763 3011 2827 observetur,
3037 2779 3247 2832 sperare
3284 2776 3339 2816 se
3379 2770 3434 2815 ut

1830 2860 1933 2914 cito
1978 2874 2069 2928 per
2113 2858 2336 2931 gratiam
2381 2858 2568 2911 summi
2616 2856 2711 2911 Dei
2763 2857 3206 2927 languescentibus
3252 2870 3432 2908 eorum

1829 2952 2076 3006 institutis
2113 2951 2191 3005 uel
2238 2950 2465 3005 moribus
2505 2950 2593 3021 qui
2638 2966 2693 3004 se
2734 2951 3032 3004 miserrima:
3090 2947 3429 3003 contentionis

1831 3042 2125 3098 vexillarios
2161 3041 2420 3113 prtebent,
2453 3041 2613 3097 turba:
2654 3043 3016 3096 canticescant.
3054 3040 3252 3096 Verum
3293 3054 3429 3117 quos

1831 3148 1938 3190 non
1970 3145 2304 3205 represserat
2333 3136 2597 3191 severitas
2622 3176 2636 3201 ,
2682 3150 2783 3190 nec
2813 3136 3032 3189 domare
3072 3133 3244 3203 potuit
3284 3147 3432 3187 man-

146 3224 352 3292 scriplis
383 3222 512 3278 illud
545 3239 886 3294 propugnare
934 3240 1222 3296 aggreSsus
1272 3214 1373 3281 est.
1423 3226 1720 3282 Exstabaut
1747 3230 1792 3291 C
1824 3226 2057 3283 surtudu
2097 3242 2162 3282 ac
2205 3226 2401 3282 leuitas
2440 3225 2630 3296 optimi
2678 3226 2971 3295 principis,
3006 3226 3169 3278 itnmo
3210 3238 3275 3278 ex
3313 3222 3431 3290 ejus

146 3315 271 3370 enim
318 3325 568 3386 tempore
623 3316 934 3389 Hieronymi
979 3320 1145 3374 multa
1188 3320 1307 3389 ejus
1358 3324 1615 3390 opuscula
1659 3322 1726 3377 ad

145 3420 278 3463 suam
308 3409 562 3463 ha-resitu
596 3411 920 3479 pertinentia
942 3453 956 3477 ,
982 3420 1038 3466 et
1081 3412 1149 3466 de
1194 3412 1396 3481 Spiritu
1446 3424 1632 3468 sancto
1664 3415 1730 3468 li-

146 3498 232 3555 ber
253 3518 415 3572 quem
446 3503 647 3556 Atiano
680 3505 914 3574 dogmati
948 3515 1331 3576 congruentem
1363 3506 1527 3562 fuisse
1564 3514 1730 3563 testa-

143 3600 236 3647 tur.
282 3594 360 3648 De
405 3596 649 3664 ejusdem
700 3597 916 3667 scriptis
969 3598 1196 3666 loquens
1244 3598 1303 3654 S.
1354 3598 1725 3670 Augustinus,

142 3689 376 3747 observat
416 3692 579 3748 etiam
624 3695 774 3749 illum
820 3695 958 3750 hami
999 3697 1324 3752 catholicam
1363 3697 1431 3752 de
1456 3696 1726 3755 Trinitste

142 3780 377 3841 habuisse
410 3789 774 3854 sententiam;
808 3799 861 3843 et
904 3794 1149 3861 quantivis
1192 3792 1433 3859 ejusdem
1476 3793 1727 3849 substan-

142 3878 250 3945 tiae,
279 3881 548 3938 minorem
583 3890 761 3939 tamen
794 3884 955 3939 l’atre
987 3883 1178 3941 Filium
1199 3927 1215 3952 ,
1239 3893 1296 3940 et
1338 3887 1601 3942 minorem
1630 3887 1724 3944 Fi-

141 3970 204 4027 lio
232 3985 451 4044 putasse
477 3974 741 4046 Spiritum
771 3988 1040 4033 sanctum.
1086 3976 1268 4032 Verum
1291 4021 1307 4045 ,
1339 3979 1513 4049 inquit
1543 3981 1718 4047 idem,

136 4064 182 4119 in
205 4064 335 4121 hunc
360 4082 513 4138 quem
554 4069 619 4122 de
646 4068 898 4124 Trinitate
935 4070 1112 4124 habuit
1147 4074 1257 4146 ejus
1287 4090 1328 4125 et
1343 4087 1507 4127 rorem
1543 4070 1722 4127 Dona-

138 4157 356 4213 tistarum
383 4160 665 4237 multitudo
710 4162 905 4216 intrata
932 4179 1032 4217 non
1063 4164 1161 4234 [ait
1189 4204 1205 4231 ,
1245 4181 1337 4218 nec
1366 4164 1517 4234 facile
1560 4167 1613 4220 in
1651 4168 1721 4221 eis

135 4253 383 4321 quisquam
425 4255 514 4323 qui
551 4256 647 4308 hoc
697 4256 846 4309 illum
890 4258 1106 4311 sensisse
1152 4258 1345 4311 noverit
1370 4299 1385 4318 ,
1440 4258 1714 4313 inuenitur.

134 4341 417 4402 Nonnullos
466 4357 643 4400 tamen
696 4347 836 4401 idem
886 4362 1008 4401 cum
1065 4348 1269 4402 Donato
1315 4349 1553 4404 sensisse
1594 4350 1719 4405 alibi

134 4435 233 4509 (ep.
262 4440 366 4496 185
393 4438 461 4494 ad
503 4438 834 4495 Bonifacinm
881 4441 1170 4511 comitem)
1206 4451 1433 4497 testatur
1466 4443 1717 4514 Augusti-

135 4543 259 4595 nus;
289 4532 387 4588 sed
435 4548 630 4589 omnes
659 4536 770 4589 tere
799 4532 937 4588 idem
969 4535 1195 4590 omnino
1222 4538 1462 4605 proﬁteri
1494 4552 1555 4592 se
1597 4554 1717 4591 cre-

1833 3319 2164 3390 indulgentia
2217 3319 2478 3390 majorem
2523 3330 2799 3375 sumentes
2842 3318 3121 3375 atulaciam
3148 3359 3166 3382 ,
3209 3316 3431 3385 gravius

1829 3414 2035 3470 indies
2077 3413 2389 3470 Catholicos
2434 3425 2719 3469 vexarunt.
2773 3414 2847 3466 Eo
2896 3425 3137 3483 tempore
3181 3410 3433 3465 videntur

1829 3510 1934 3564 orti
1979 3508 2503 3572 Circumcelliones,
2556 3508 2739 3561 rustici
2782 3516 2838 3560 et
2888 3505 2987 3575 [eri
3041 3502 3320 3568 homines,
3356 3503 3426 3557 ita

1827 3601 1962 3657 dicti
2012 3602 2154 3671 quod
2194 3602 2397 3656 circum
2445 3600 2611 3655 cellas
2657 3600 3070 3663 discurrerent,
3118 3596 3427 3652 Catholicos

1826 3696 1894 3753 ad
1944 3706 2131 3751 nutum
2182 3695 2580 3750 Donatistarum
2632 3694 3013 3764 episcoporum
3068 3700 3329 3744 vexantes
3372 3699 3427 3744 et

1826 3789 2183 3860 COmpilattles
2210 3830 2225 3854 ,
2271 3788 2408 3843 adeo
2438 3793 2497 3840 ut
2521 3785 2781 3857 quosdam
2819 3786 2982 3840 etiam
3023 3800 3085 3838 ιιι
3138 3783 3245 3839 ῑιιιε
3285 3782 3425 3836 occi-

1825 3883 2053 3947 derent;
2086 3893 2246 3951 atque
2276 3880 2341 3934 ad
2383 3895 2476 3934 eos
2507 3880 2757 3934 videntur
2800 3880 3069 3948 pertinere
3113 3875 3227 3930 haec
3263 3876 3424 3930 \crba

1823 3975 2166 4033 Constantini
2216 3975 2268 4029 in
2313 3974 2538 4043 epistola
2589 3973 2748 4027 modo
2795 3971 3047 4027 laudata:
3078 3968 3202 4024 Cum
3247 3969 3425 4023 debeat

1825 4070 1954 4139 ﬁdes
1994 4079 2165 4123 nostra
2182 4067 2441 4137 conﬁdere
2460 4066 2711 4137 quidquid
2739 4065 2801 4119 ab
2832 4064 3128 4136 Imjusmodi
3160 4063 3420 4119 hominum

1822 4172 1997 4238 furore
2024 4167 2279 4234 patietur,
2311 4162 2543 4235 martyrii
2574 4162 2742 4233 gratia
2785 4161 2926 4230 apud
2970 4158 3133 4214 Deum
3163 4175 3271 4213 esse
3298 4157 3423 4212 valio

1823 4269 2015 4311 turum.

1897 4348 2053 4402 Gesta
2084 4364 2253 4402 coram
2285 4345 2590 4417 ZenOpltilo.
2621 4374 2694 4387 -—-
2719 4345 2861 4399 Inter
2891 4344 3297 4399 Donatistarum
3327 4355 3426 4395 an-

1825 4442 2134 4513 tesignanos
2165 4450 2281 4495 erat
2331 4430 2583 4493 Silvanus
2614 4436 3169 4492 Constantittirnsium
3217 4438 3427 4504 episeo-

1824 4550 1924 4606 pus
1975 4534 2291 4597 ordinatus,
2345 4534 2418 4585 uti
2471 4530 2752 4593 diximus,
2794 4545 2823 4582 a
2878 4529 3063 4597 primis
3114 4526 3423 4582 auctoribus

132 4620 247 4678 dere
267 4624 338 4679 de
364 4624 526 4680 Patre
569 4636 622 4680 et
670 4626 806 4680 Filio
846 4638 898 4681 et
928 4627 1133 4696 Spiritu
1180 4640 1372 4684 sancto
1392 4672 1405 4694 ,
1443 4630 1586 4701 quod
1614 4631 1715 4686 Ca-
1744 4626 1797 4685 D
1822 4627 2129 4682 schismatis
2150 4670 2163 4692 ,
2194 4641 2318 4680 cum
2344 4633 2520 4678 Lumen
2545 4622 2804 4677 tliaeo'nus
2835 4620 3169 4675 Traditionis
3193 4619 3421 4674 crimine

135 4716 314 4772 tholica
364 4716 543 4774 credit
595 4719 855 4774 Ecclesia.
907 4720 1231 4792 Quamquam
1279 4725 1438 4789 aliqui
1484 4740 1547 4777 ex
1590 4726 1716 4795 ipsis

132 4808 337 4865 volentes
372 4812 472 4866 sibi
512 4808 706 4866 Gothos
752 4812 1060 4877 conciliare,
1108 4815 1311 4882 quando
1362 4832 1448 4870 eos
1478 4818 1714 4872 videbant

132 4917 264 4970 posse
288 4906 489 4972 aliquid
514 4947 530 4972 ,
571 4906 803 4961 dicebant
847 4907 945 4962 hoc
972 4924 1028 4963 se
1073 4909 1277 4963 credere
1302 4911 1442 4976 quod
1488 4912 1568 4965 illi
1605 4929 1715 4968 cre-

130 4994 255 5049 dunt.
292 4997 431 5063 Sed,
465 4998 641 5070 inquit
665 4999 1034 5069 Augustinus,
1068 5004 1323 5075 majorum
1348 5019 1558 5059 suorum
1588 5022 1712 5059 auc-

133 5091 316 5146 toritate
346 5096 751 5165 convincuntur,
783 5095 906 5165 quia
950 5111 1039 5149 nec
1090 5094 1321 5150 Donatus
1356 5097 1464 5169 ipse
1487 5099 1561 5153 sic
1597 5114 1713 5154 cre-

129 5184 302 5238 didisse
351 5187 629 5252 atteritur,
664 5186 727 5241 de
772 5190 922 5260 cujus
968 5201 1112 5258 parte
1155 5205 1207 5243 se
1252 5204 1359 5243 esse
1402 5190 1712 5258 gloriantur.

133 5273 250 5328 Iliuc
304 5276 445 5333 forte
492 5278 822 5348 Epiphanius
872 5288 929 5335 et
981 5279 1343 5334 Theodoritus
1395 5280 1713 5337 Donationis

132 5370 443 5426 Arianorum
472 5387 714 5428 errorem
742 5373 1026 5445 attingunt.
1055 5374 1125 5432 At
1166 5375 1308 5430 nulla
1343 5391 1465 5431 cum
1510 5377 1618 5431 illis
1648 5377 1716 5433 de

134 5460 465 5533 dogmatibus
508 5467 631 5522 ﬁdei
679 5466 776 5521 fuit
816 5469 1082 5539 quaestio,
1116 5468 1211 5523 sed
1257 5478 1462 5524 tantum
1506 5470 1573 5524 de
1603 5472 1716 5526 sola

125 5559 490 5612 comnnmione
511 5558 610 5622 ,de
641 5560 911 5627 Ecclesia,
943 5573 993 5616 et
1016 5570 1478 5615 sacramentorum
1511 5578 1628 5633 qua:
1660 5563 1715 5618 in

127 5660 182 5700 ea
209 5649 654 5705 administrantur
694 5652 1033 5708 auctoritate.
1066 5653 1220 5707 Circa
1251 5652 1352 5709 hoc
1381 5664 1715 5724 postremum

127 5762 505 5834 Episcoporum
567 5765 849 5820 translatio
909 5765 960 5820 in
1023 5765 1315 5822 Occidente
1380 5784 1486 5821 non
1542 5769 1701 5824 fuerit

100 5834 173 5895 ἀι
194 5850 286 5889 usu
308 5875 323 5893 .
365 5850 467 5892 nec
502 5850 753 5907 umquam
782 5839 987 5895 Donato
1013 5838 1283 5907 objectqu
1317 5838 1477 5895 fuerit
1507 5842 1647 5909 quod
1671 5859 1702 5897 c

1827 4721 2126 4775 tuarulatus
2173 4718 2378 4773 luisset.
2428 4714 2817 4771 Nundinarinm
2852 4715 3083 4769 habebat
3134 4714 3416 4770 diaconum

1825 4827 2148 4868 arcanorum
2189 4812 2429 4865 omnium
2483 4808 2640 4875 tmjns
2685 4815 2847 4862 secta-
2895 4806 3192 4862 conscium.
3241 4806 3411 4874 Quem

1823 4905 2228 4975 cnm,Silvauus
2253 4903 2776 4958 exeommnnicasset
2803 4910 2858 4956 et
2882 4916 3005 4955 cum
3027 4918 3094 4955 eo
3119 4901 3170 4954 in
3195 4901 3418 4969 gratiam

1822 5003 1997 5058 redire
2025 5001 2331 5061 tenuisset,
2366 4998 2541 5067 palam
2575 4996 2619 5049 is
2646 4996 2824 5051 omnia
2860 4995 2984 5050 fecit
3006 5038 3021 5061 ,
3053 5011 3117 5048 ac
3158 4993 3421 5065 imprimis

1820 5095 2101 5165 Silvmum
2127 5093 2291 5148 fuisse
2320 5090 2661 5146 Traditorcm
2686 5130 2703 5153 ,
2744 5100 2799 5144 et
2842 5090 3029 5160 pecuni
3053 5103 3121 5143 .m
3153 5103 3183 5142 a
3217 5086 3419 5143 Lucilla

1819 5188 2001 5242 datam
2027 5198 2083 5241 ut
2108 5185 2400 5255 Majorinus
2431 5183 2773 5238 ordinaretur
2811 5182 3124 5252 episcopus.
3154 5182 3284 5249 Quae
3311 5181 3420 5236 duo

1819 5293 1940 5336 cum
1971 5280 2147 5349 magni
2178 5278 2435 5331 momenti
2465 5282 2651 5331 essent
2671 5317 2686 5339 ,
2719 5287 2771 5329 ct
2801 5289 2980 5331 Causae
3013 5275 3411 5347 Donatistarum

1821 5374 2046 5429 multum
2077 5369 2359 5426 ofﬁcerent
2405 5369 2572 5440 (inde
2598 5369 2741 5425 enim
2780 5370 3109 5438 sequebatur
3132 5384 3224 5420 eos
3262 5365 3420 5435 hujus

1820 5467 2062 5525 Criminis
2091 5480 2215 5522 reos
2243 5480 2366 5521 esse
2408 5466 2561 5536 cujus
2608 5463 2907 5519 Eeelcsiam
2960 5462 3339 5516 insinmlahant
3368 5469 3422 5513 et

1822 5559 2069 5631 Majorini
2094 5560 2490 5615 ordinationem
2524 5557 2768 5612 vitiosam
2791 5570 2914 5610 esse
2941 5551 3272 5623 constabat),
3319 5554 3413 5604 ho-

1824 5670 1943 5710 rutn
1999 5652 2374 5725 probationem
2419 5651 2589 5723 gemis
2640 5649 2867 5719 publicis
2913 5656 2969 5701 υι
3015 5662 3197 5701 coram
3238 5647 3421 5717 judice

1809 5770 1941 5896 lsede
1969 5767 2190 5895 Casensi
2217 5786 2315 5842 per
2342 5768 2600 5825 ambitum
2628 5768 2692 5823 ad
2721 5764 3208 5835 Carthaginiensem
3241 5776 3427 5823 trans.

1830 5854 1947 5896 atus
1998 5854 2157 5896 neru.

1830 5854 1947 5896 {IIIIS
1977 5854 2131 5896 tuertt
2144 5880 2157 5893 .
