3898 6320
426 229 532 284 τθῖ
1610 224 1931 285 HISTORIA
1971 220 2537 291 DONATISTARUM.
3220 262 3237 267 -
3585 236 3669 292 796

428 345 543 400 ﬁeri
574 341 913 416 postularunt
942 341 1225 399 Catholici.
1258 340 1367 398 Res
1391 340 1716 400 demandata
1743 351 1828 398 est
1852 340 2026 398 Zeno-
2052 345 2105 404 Α
2129 344 2224 398 tini
2249 346 2302 399 in
2342 348 2563 418 gratiam
2592 344 2991 401 Catholicortnn.
3024 372 3087 389 -
3119 342 3291 401 Nimia
3321 344 3431 402 haec
3472 348 3669 420 impera.

434 436 583 509 philo
625 433 900 492 consulari
947 433 1209 491 Numidiae
1250 444 1305 490 et
1330 443 1449 490 acta
1491 431 1670 490 idibus
1717 432 2030 491 Decembris
2131 439 2264 496 tot-is
2288 440 2482 498 lenitas
2499 441 2625 497 fecit
2650 450 2708 495 ut
2737 436 3049 496 Donatium;
3076 438 3318 496 factionis
3354 440 3579 500 homines
3619 445 3671 500 ll.

432 528 795 588 Constantino
837 529 1070 586 Maximo
1100 528 1342 601 Augusto
1368 527 1437 585 Vl
1466 538 1523 585 et
1547 525 1902 584 Constantino
1940 526 2034 584 Jue
2134 533 2318 590 borius
2347 534 2401 590 in
2432 534 2741 591 catholicos
2768 539 3170 606 grassaremur,
3204 534 3493 605 prasertim
3521 535 3569 591 in
3584 535 3675 592 Nu.

433 626 588 682 niore
616 623 752 680 Nob.
783 622 1003 680 Ctesare
1029 619 1182 678 Coss.
1215 623 1306 692 qui
1339 621 1439 677 iuit
1461 635 1635 676 annus
1660 618 1860 676 Christi
1901 619 2029 677 520.
2136 626 2323 692 midia,
2354 627 2445 684 ubi
2481 627 2824 683 numerosior
2867 633 2925 682 et
2951 625 3182 682 validior
3207 635 3321 682 erat
3354 640 3473 698 pars
3498 628 3675 685 Donati.

434 721 649 777 Prolata
700 728 827 775 sunt
873 727 991 775 acta
1034 717 1255 774 Munstii
1300 715 1495 771 Felicis
1538 713 1805 770 curatoris
1833 713 2037 770 Cirtend
2136 722 2281 780 Inter
2311 723 2414 780 alia
2445 737 2577 779 vero
2612 722 2890 778 basilicam
2918 736 3078 793 quam
3120 721 3171 775 in
3213 721 3429 778 civilale
3453 720 3683 779 Cnosia“-

434 813 573 868 sium
618 808 949 867 Diocletiano
981 808 1092 866 Vill
1132 818 1186 865 et
1229 807 1556 864 Maximiano
1596 805 1687 861 Vll
1715 802 1907 874 Coss.,
1947 814 2036 862 xlv
2140 818 2250 873 tina
2283 817 2551 874 Numidia:
2580 815 2864 888 Metropoli
2900 816 3041 888 (qua?
3082 825 3208 872 ante
3238 815 3378 871 Cirta
3417 815 3679 891 dicebatur)

438 902 709 959 Kalendas
752 900 940 957 Junias
959 942 974 967 ,
1004 916 1075 957 ex
1111 900 1303 970 quibus
1325 899 1570 967 constitit
1596 913 1627 953 a
1656 897 1877 956 Silvano
1897 899 2037 955 ultro
2140 910 2386 968 fabricari
2422 912 2662 982 jusserai
2687 909 3004 981 imper-alar,
3036 922 3134 981 per
3169 910 3278 965 vim
3308 910 3615 977 ίηναεει-υηι,
3637 920 3684 968 ει

442 996 672 1053 traditas
726 1010 849 1050 esse
900 995 1178 1050 lucernam
1232 1003 1287 1049 et
1336 991 1679 1064 capitulatam
1731 1001 1981 1064 argentea

2145 1002 2451 1076 frequenter
2479 1014 2590 1061 tum
2618 1016 2649 1059 a
2678 1002 2974 1060 Catholicis
3004 1003 3306 1075 Episcopis,
3339 1012 3444 1060 tum
3467 1020 3494 1060 a
3518 1005 3684 1076 judici-

445 1087 626 1145 Lectte
673 1097 800 1155 sunt
846 1085 1041 1144 littera:
1071 1084 1321 1158 Purpurii
1360 1085 1683 1141 Limatensis
1711 1127 1725 1152 ,
1762 1085 1941 1141 Fortis
1985 1093 2042 1141 et
2140 1097 2243 1152 bus
2285 1112 2353 1154 εχ
2403 1097 2751 1168 imperatoris
2778 1095 2932 1167 jussu
2975 1096 3293 1152 commoniti
3338 1106 3452 1152 eam
3496 1096 3690 1155 reddere

350 1171 358 1185 ’
446 1183 670 1239 θιιθτίυθ
713 1178 955 1251 episcopi
989 1179 1044 1235 in
1074 1179 1302 1250 ﬁrmam
1348 1177 1699 1243 Nundinal’il;
1732 1190 1803 1233 θι
1844 1176 2041 1249 quibus
2142 1196 2482 1244 recusarunt.
2514 1187 2654 1257 Quin
2677 1186 2841 1244 etiam
2870 1188 3198 1243 decuriones
3222 1198 3287 1243 ac
3311 1188 3560 1259 primores
3589 1190 3691 1247 citi.

447 1274 848 1346 intelligebatur
876 1284 1138 1345 quantum
1169 1274 1421 1329 timerent
1473 1288 1541 1329 ne
1584 1272 1949 1329 Nundinarius
1978 1288 2042 1330 es
2147 1289 2314 1337 talum
2365 1283 2617 1354 malignis
2663 1280 3103 1353 suggestiunlbus
3141 1281 3448 1348 incitarunt,
3477 1292 3531 1338 ut
3555 1283 3693 1338 lecto-

448 1384 568 1442 qusi
621 1369 856 1432 sciebat,
887 1367 1233 1440 patefaceret.
1266 1365 1518 1423 Prodttcti
1551 1376 1721 1424 testes
1748 1369 1837 1439 qui
1869 1366 2043 1424 Silva-
2146 1389 2235 1430 res
2255 1383 2308 1429 et
2335 1373 2741 1447 hypodiaconos
2762 1387 2826 1429 ac
2854 1381 3084 1429 metet-os
3104 1372 3334 1429 clericos
3360 1373 3597 1431 Ecclesiae
3620 1382 3694 1430 ca-

449 1478 575 1517 num
607 1460 789 1517 invitis
814 1458 1078 1516 Cirtensis
1119 1458 1300 1531 p0puli
1330 1459 1653 1531 primoribus
1683 1468 1739 1516 et
1766 1457 2045 1517 honoratis
2149 1464 2362 1524 ιιιοιίοω
2401 1467 2467 1523 ad
2512 1465 2921 1523 decurlonatum
2963 1475 3017 1521 et
3056 1465 3361 1522 functiones
3396 1465 3691 1538 publicorum

450 1555 520 1611 ab
578 1553 855 1610 Areuariis
908 1554 1295 1627 proclamalum
1350 1553 1684 1625 Episcopum
1745 1563 1799 1609 cl
1852 1554 2046 1611 deinde
2148 1572 2436 1618 munerum
2487 1569 2832 1618 revocarent.
2866 1559 3232 1627 Quamobrem
3263 1560 3494 1630 episcopi
3534 1559 3695 1616 Eccle-

447 1648 757 1705 ordlttatum
793 1662 944 1715 esse,
973 1647 1170 1719 quique
1197 1657 1323 1703 tunc
1352 1662 1472 1704 eum
1515 1646 1688 1715 palam
1720 1647 1986 1703 Tradition

2157 1660 2246 1712 siut
2286 1654 2566 1711 catholica:
2598 1667 2694 1725 per
2738 1652 3044 1709 Numidiam
3085 1651 3154 1708 ad
3184 1653 3552 1722 imperatorem
3587 1652 3696 1707 seri-

448 1752 759 1799 accusatum
801 1742 969 1798 fuisse
1007 1742 1365 1798 altirmarunt.
1394 1740 1738 1797 Addiderunt
1767 1741 2049 1811 pecuniam
2081 1743 2129 1803 B
2153 1747 2284 1804 bt‘l‘e
2307 1746 2574 1817 compulsi
2605 1752 2747 1812 sunt,
2780 1746 3008 1816 ejusque
3037 1745 3300 1801 auxilium
3330 1744 3616 1813 implorare.
3641 1741 3695 1798 Et

346 1852 353 1859 ·
410 1844 411 1855 ‘
449 1838 629 1894 datam
679 1837 902 1894 Silvano
942 1845 998 1893 et
1037 1836 1307 1907 episcopis
1344 1852 1375 1891 ιι
1422 1836 1632 1893 Victore
1673 1844 1729 1890 ttt
1766 1835 2052 1908 presbyter
2154 1843 2407 1913 quoniam
2456 1837 2799 1910 imperatoris
2838 1839 3075 1894 animum
3125 1838 3193 1893 ad
3238 1837 3502 1894 lenitatem
3543 1846 3592 1893 et
3625 1850 3700 1909 pa-

449 1933 826 1997 ordinaretttr,
851 1939 907 1988 et
926 1944 1095 2002 cupas
1118 1929 1259 1986 aceti
1280 1929 1519 1985 sublatas
1540 1944 1571 1985 e
1598 1929 1805 1999 templo
1832 1929 2051 2001 Serapis
2157 1935 2397 1990 tientiatn
2427 1946 2656 2005 pronum
2693 1942 2976 1995 noverant.
3023 1932 3232 1988 nullam
3260 1932 3331 1988 de
3354 1929 3573 1987 inimicis
3597 1932 3696 1984 vin-

450 2041 479 2080 a
524 2025 745 2082 Silvano
782 2033 838 2081 et
864 2022 1135 2094 Purpurio
1180 2022 1483 2094 episcopis,
1529 2014 1738 2078 necndn
1785 2036 1816 2077 ιι
1857 2020 1989 2077 Doni

2161 2028 2354 2085 dictant
2398 2035 2781 2100 poposcerunt,
2815 2038 2913 2083 nec
2939 2027 2987 2082 vi
3014 2036 3069 2083 et
3095 2025 3416 2083 auctoritate
3451 2025 3700 2095 imperato.

455 2127 511 2174 et
559 2118 793 2190 Superio
826 2115 1160 2189 presbyteris
1197 2128 1251 2170 et
1306 2115 1543 2170 Luciuno
1584 2114 1835 2171 diacono.
1866 2112 2051 2170 Auditi
2156 2122 2233 2179 ris
2255 2119 2529 2177 basilicam
2558 2120 2659 2176 sibi
2692 2120 2841 2177 reddi
2863 2120 3226 2191 postularunt,
3254 2119 3351 2175 sed
3380 2119 3533 2174 alium
3553 2119 3698 2173 locum

453 2211 614 2266 etiam
640 2219 808 2266 testes
838 2208 905 2264 de
939 2208 1062 2264 data
1091 2223 1121 2263 a
1157 2207 1361 2263 Lucilio
1394 2207 1639 2263 Numidis
1663 2208 1932 2279 episcopis
1963 2222 2053 2277 pe-
2156 2214 2259 2269 sibi
2287 2229 2352 2271 ex
2393 2213 2522 2269 ﬁsco
2548 2213 2795 2281 concedi,
2822 2220 2882 2268 ut
2913 2212 2985 2268 ibi
3017 2220 3213 2268 novam
3247 2211 3535 2268 Ecclesiam
3557 2209 3697 2268 aedili-

453 2303 613 2359 cunia
657 2310 714 2358 ut
753 2303 1041 2373 episcoltus
1083 2300 1426 2357 ordinaretur
1467 2300 1779 2372 Majorinus.
1824 2299 2052 2355 Istorum
2158 2313 2369 2363 carent.
2400 2304 2700 2376 Imperator
2740 2305 2927 2361 multis
2964 2304 3214 2361 invectus
3254 2305 3307 2359 in
3354 2304 3700 2359 Donatistarum

455 2407 668 2469 partem
715 2396 1004 2452 maximam
1044 2402 1321 2467 gestorum
1351 2393 1640 2461 habemus;
1670 2394 1766 2450 sed
1794 2393 1949 2450 deest
1968 2393 1989 2465 j

2165 2401 2450 2458 factionem
2499 2411 2553 2455 et
2597 2398 2812 2456 laudata
2844 2399 3056 2470 prolixe
3093 2397 3493 2455 Catholicorum
3525 2396 3704 2467 Episco-

453 2489 653 2545 dicium
685 2487 966 2559 Zenopltili
988 2528 1003 2554 .
1033 2501 1139 2558 quo
1186 2495 1366 2543 tamen
1409 2487 1688 2544 Silvanum
1715 2485 2054 2543 Traditorem
2158 2506 2352 2567 porum
2378 2494 2656 2567 patientia,
2683 2491 2830 2563 quod
2857 2492 2909 2548 Ιιί
2935 2492 3193 2559 petebant
3215 2489 3454 2555 indulsit,
3486 2497 3535 2546 et
3557 2489 3704 2544 statim

455 2580 787 2637 declaratum
831 2579 1000 2637 fuisse
1039 2588 1249 2636 certum
1287 2590 1385 2635 est.
1423 2579 1555 2635 Nam
1596 2581 1775 2635 statim
1805 2579 2058 2637 Silvanus
2164 2588 2373 2643 litteras
2413 2582 2560 2643 dedit
2605 2585 2672 2640 ad
2720 2584 3082 2651 Rationalem,
3129 2592 3190 2640 ut
3243 2584 3415 2640 locum
3452 2582 3512 2637 ad
3551 2581 3705 2637 iiscum

456 2676 510 2732 in
535 2676 760 2732 exilium
797 2677 986 2746 pulsus
1013 2682 1130 2741 est,
1167 2691 1272 2730 non
1300 2674 1439 2746 quod
1472 2672 1679 2730 Ursatio
1701 2684 1747 2729 et
1772 2672 1995 2744 Zeuopht

2167 2682 2522 2755 pertinentem
2553 2676 2810 2736 Ecclesiae
2846 2678 3129 2734 catholica:
3158 2678 3212 2733 in
3253 2676 3538 2734 dominium
3565 2673 3706 2730 trade

456 2770 870 2843 persequentibus
895 2769 1275 2825 communicare
1304 2768 1582 2835 noluisset,
1614 2776 1673 2823 ut
1696 2767 1874 2824 aiebat
1899 2766 2060 2823 Cres-
2163 2784 2272 2840 ret,
2303 2782 2358 2829 et
2396 2772 2473 2828 ibi
2498 2786 2565 2827 ex
2591 2771 2709 2827 lisci
2739 2778 2958 2841 sumptu
3001 2770 3285 2827 basilicam
3313 2770 3440 2841 erigi
3472 2769 3703 2841 pfmcepit.

457 2870 690 2938 conius,
721 2869 838 2935 sed,
874 2877 932 2924 ut
976 2868 1181 2924 asserit
1224 2866 1586 2938 Augustinus.
1634 2864 1729 2921 lib.
1769 2880 1827 2920 ιιι
1870 2872 2059 2921 contra
2161 2865 2449 2922 Consulari
2494 2876 2709 2935 quoque
2750 2862 3044 2928 mandavit;
3088 2870 3147 2917 ut
3197 2862 3254 2918 in
3296 2862 3452 2931 huius
3493 2856 3707 2915 Ecclesia

457 2963 603 3018 hunc
641 2961 974 3016 Donatistam
998 3000 1014 3026 ,
1047 2974 1170 3031 cap.
1198 2957 1268 3015 50
1293 2975 1306 3013 :
1342 2957 1476 3026 Quia
1502 2974 1616 3012 cum
1647 2955 1688 3011 Τ
1689 2956 1889 3011 raditor
1928 2955 2061 3025 {nisa
2164 2958 2517 3017 fabricatione
2546 2956 2844 3028 Episcopus
2865 2954 3165 3026 adiuvaret,
3191 2968 3263 3011 ac
3287 2950 3531 3010 Lectores
3556 2950 3707 3008 Esclet

459 3066 567 3124 set,
614 3071 915 3128 permanere
948 3055 1103 3110 etiam
1130 3054 1399 3109 hwrcticus
1424 3053 1581 3106 soluit
1605 3090 1621 3118 ,
1650 3060 1707 3104 ut
1745 3049 1938 3121 falsum
1968 3049 2061 3103 Ito-
2167 3052 2262 3106 εἰπε
2291 3049 2611 3116 Catholicae,
2641 3047 3047 3121 ltypodiaconds
3092 3056 3147 3102 et
3175 3046 3417 3117 reliquos
3445 3043 3643 3099 clericos
3658 3040 3709 3094 ad

460 3166 636 3207 norem
673 3152 725 3204 in
755 3152 870 3219 ipso
894 3160 1041 3221 parte
1066 3146 1260 3203 Donati
1284 3146 1491 3203 haberet
1509 3188 1524 3214 ,
1552 3147 1641 3218 qui
1666 3144 1854 3199 habere
1880 3145 1933 3198 in
1960 3142 2060 3199 Cll-
2086 3138 2133 3203 C
2165 3158 2387 3201 munera
2411 3153 2465 3199 et
2491 3143 2902 3198 decurionatum
2942 3139 3215 3212 cogendos
3265 3152 3373 3196 non
3399 3152 3515 3195 esse
3536 3136 3707 3196 statuit,

458 3244 650 3300 tholica
681 3243 880 3299 nullum
913 3251 1078 3314 posset
1117 3251 1221 3297 tant
1255 3240 1542 3311 manifestis
1588 3235 1905 3294 Traditionis
1950 3252 2058 3292 stus
2164 3246 2218 3293 et
2246 3252 2343 3293 eos
2370 3237 2462 3308 qui
2494 3236 2892 3290 Donatistarum
2925 3234 3186 3290 instinctu
3212 3232 3285 3290 ad
3327 3232 3412 3288 illa
3443 3229 3600 3287 vocati
3620 3229 3710 3282 itte.

456 3336 608 3410 gestis
637 3335 842 3406 publico
878 3334 1083 3405 judicio
1124 3335 1379 3389 reseratis.
1407 3331 1538 3388 Inde
1560 3331 1720 3388 etiam
1751 3338 1962 3386 constat
1989 3344 2058 3384 eo
2160 3343 2301 3397 rant,
2327 3331 2487 3401 jussit
2515 3330 2583 3385 ab
2615 3331 2679 3385 iis
2710 3328 2938 3385 absolvi.
2989 3328 3174 3384 Exstat
3223 3328 3317 3383 lex
3352 3327 3438 3382 illa
3464 3325 3512 3382 in
3557 3322 3707 3378 cotiice

457 3435 707 3500 tempore
740 3427 1011 3485 Ursatium
1041 3427 1292 3483 comitem
1326 3427 1379 3482 in
1428 3424 1611 3482 Africa
1658 3425 2056 3481 Donatistarum
2159 3424 2565 3490 'i‘iteudosiano,
2620 3424 2724 3494 leg.
2771 3422 2826 3489 7,
2873 3420 2942 3477 de
2990 3420 3267 3492 episcopis
3296 3418 3364 3475 ad
3408 3416 3705 3475 Valentinum

458 3520 626 3577 furori
653 3537 773 3578 sese
801 3523 1231 3592 opposuisse,et
1253 3537 1351 3593 pro
1371 3519 1661 3576 Catltolicis
1683 3519 2060 3593 adversus‘eos
2162 3517 2506 3575 consularem
2551 3516 2815 3572 Numidiae
2862 3515 3052 3571 iisdem
3104 3515 3220 3573 lere
3265 3514 3444 3572 verbis
3484 3516 3703 3579 consepta

460 3612 757 3669 militasse:
798 3612 941 3670 unde
981 3615 1121 3670 hunc
1161 3623 1431 3684 tamquam
1463 3611 1695 3685 primum
1725 3608 2059 3682 tempestatis
2161 3629 2284 3687 qtne
2314 3613 2625 3671 referuntur
2674 3612 2725 3668 in
2756 3611 2983 3683 epistola
3006 3610 3350 3667 Constantini
3380 3607 3445 3664 ad
3472 3607 3708 3676 episcopos

460 3708 516 3763 in
547 3722 606 3763 se
630 3708 916 3763 concitata:
946 3718 1219 3764 auctorem
1249 3706 1603 3763 traducebant
1635 3706 1949 3761 Donatistat.
2162 3706 2460 3774 Numidas;
2511 3715 2744 3777 suntque
2794 3704 3102 3775 huiusmodi
3133 3721 3147 3757 :
3191 3701 3434 3758 Lectores
3470 3700 3709 3755 divinorum

530 3796 718 3854 Preces
764 3795 1155 3853 Donatistarum
1193 3800 1261 3853 ad
1305 3797 1697 3853 Constantinum
1738 3797 1920 3869 quibus
1959 3813 2057 3853 au-
2163 3804 2368 3875 apicum
2399 3811 2447 3858 et
2474 3800 2819 3875 Itypodt'acotti
2857 3798 3131 3868 cwterique
3170 3797 3348 3852 clerici
3372 3796 3455 3866 qui
3492 3806 3573 3862 per
3595 3792 3708 3862 injut

459 3892 593 3947 nuit.
622 3916 696 3935 --
724 3890 858 3948 Cum
906 3891 1067 3964 igitur
1105 3891 1351 3948 Ursatius
1384 3891 1693 3947 Donatistae
1729 3890 1909 3946 furere
1951 3906 2061 3946 non
2162 3901 2297 3954 riam
2332 3896 2590 3952 hwreticm
2604 3910 2691 3949 em
2720 3893 2789 3948 ad
2818 3892 3014 3947 curiam
3053 3889 3286 3946 devocati
3320 3890 3456 3952 sttui,
3487 3883 3711 3940 ubwlm'

460 3987 667 4043 sineret
698 3990 753 4041 et
781 3985 847 4041 ad
880 3985 1214 4042 Catholicam
1245 3984 1542 4041 Ecclesiam
1572 3985 1963 4056 compelleret,
1994 3984 2058 4040 li.
2164 4002 2271 4059 tur,
2305 3999 2353 4046 et
2393 3990 2456 4044 (ιε
2484 3998 2668 4044 cratera
2696 3985 2763 4042 ad
2793 3984 3179 4040 “ualitudinem
3222 3982 3432 4036 οτίεηιίε
3456 3976 3637 4032 minime
3657 3969 3709 4023 ad

460 4079 659 4135 bellum
691 4074 961 4135 dederunt
1004 4094 1147 4134 anno
1187 4078 1287 4135 521
1318 4076 1675 4135 Constantino
1712 4077 2058 4148 imperatori,
2166 4087 2337 4142 curius
2371 4085 2699 4146 decorentur,
2732 4079 2823 4133 sed
2864 4076 3187 4134 immunitate
3218 4073 3509 4147 plenissima
3547 4067 3710 4138 potian-

459 4187 568 4243 (1υο
612 4172 905 4242 Ροεοθὺθηι
933 4180 992 4226 ιιι
1036 4171 1204 4227 libere
1233 4171 1380 4242 ἱνεοε
1410 4186 1573 4242 agere
1599 4213 1613 4237 ν
1642 4185 1743 4226 nec
1768 4171 1965 4226 ίιινίῐοε
1993 4169 2062 4226 αα
2166 4191 2267 4239 tur.
2297 4183 2425 4237 Data
2456 4178 2573 4235 inec
2601 4178 2690 4233 lex
2716 4183 2802 4231 est
2821 4175 2962 4230 sicut
2992 4181 3048 4229 et
3071 4171 3305 4243 epistola
3328 4166 3489 4224 Nonis
3511 4162 3710 4219 Ferrum.

458 4265 897 4322 communionem
925 4262 1192 4322 Caeciliani
1217 4264 1336 4337 cogi
1359 4265 1522 4322 vellet
1544 4304 1557 4327 .
1579 4262 1898 4336 adjicienies
1923 4281 1997 4319 nu.

2172 4275 2263 4332 riis
2290 4271 2550 4331 Serdicae.
2583 4268 2689 4328 Sed
2737 4266 3017 4323 consulum
3064 4263 3287 4319 nomina
3318 4274 3435 4333 quae
3475 4270 3570 4313 non
3612 4254 3711 4307 sunt

459 4358 613 4413 modo
640 4373 694 4414 se
722 4358 1187 4414 communicaturus
1219 4359 1447 4413 Antistiti
1474 4357 1639 4428 ipsius
1667 4358 1939 4424 nebuloni,
1971 4374 2066 4430 ρας
2167 4369 2441 4439 adscripta
2474 4366 2536 4425 in
2558 4363 2807 4435 epistola,
2835 4361 2888 4417 in
2931 4360 3051 4432 lege
3096 4355 3463 4428 reperiuntur,
3493 4342 3710 4408 Gallica"I

460 4461 701 4520 ratasque
726 4467 835 4508 esse
868 4453 1039 4527 potius
1068 4454 1263 4525 perpeti
1297 4451 1551 4523 quidquid
1574 4452 1648 4508 eis
1676 4452 1847 4523 facere
1875 4455 1999 4508 velut

2169 4463 2374 4520 scilicet
2412 4468 2469 4515 et
2507 4455 2818 4530 Symmachi
2864 4468 3092 4525 quorum
3134 4450 3452 4507 consulatus
3480 4440 3646 4500 incidit
3669 4438 3708 4490 in

460 4553 571 4612 set;
600 4544 946 4602 Caecilianum
983 4547 1326 4619 designantes
1356 4561 1516 4617 quem
1547 4546 1853 4602 Antistium
1886 4548 2060 4617 lmpe-
2086 4544 2139 4604 D
2166 4568 2369 4612 annum
2393 4553 2517 4610 550.
2551 4553 2725 4621 Atque
2747 4549 2874 4604 hinc
2898 4546 3184 4618 epistolam
3217 4544 3365 4600 illam
3392 4531 3706 4598 Constantini,

461 4638 660 4695 ratoris
704 4640 1013 4711 appellant,
1042 4643 1166 4712 quia
1213 4650 1336 4697 eum
1377 4641 1718 4698 innocentem
1765 4656 1887 4699 esse
1929 4657 2058 4715 pro-
2166 4656 2448 4719 totumque
2475 4643 2609 4702 illud
2638 4642 2708 4700 de
2736 4642 2955 4698 basilica
2982 4634 3446 4696 Constantiniettsi
3482 4628 3709 4702 negotium

463 4733 802 4794 nuntiarent
841 4740 894 4788 et
922 4748 1020 4803 pro
1062 4733 1305 4805 legitimo
1336 4734 1604 4805 Episc0po
1649 4735 2002 4805 Carthaginen

2169 4759 2291 4802 cum
2325 4754 2532 4814 uupero
2555 4739 2821 4810 scriptore
2856 4734 3138 4806 exquisitae
3167 4731 3485 4790 eruditionis
3512 4726 3570 4780 ad
3597 4723 3708 4776 hunc

465 4826 713 4882 habebat.
747 4825 986 4883 Orabattt
1014 4826 1175 4881 etiam
1207 4825 1587 4896 imperatorem
1620 4828 1673 4883 in
1704 4826 1806 4884 hoc
1834 4828 2089 4896 libello,‘
2168 4852 2367 4896 annum
2417 4832 2745 4900 referimus,
2805 4831 3145 4901 potiusqttam
3185 4824 3252 4884 ad
3300 4838 3494 4882 annum
3527 4817 3617 4876 517
3641 4816 3712 4870 aut

463 4927 521 4973 ut
549 4918 820 4975 Silvanum
847 4927 904 4975 et
929 4918 1165 4991 collegas
1193 4920 1262 4975 ab
1291 4920 1457 4976 exilio
1485 4931 1786 4979 revocaret.
1821 4922 1901 4979 Ad
1942 4922 2060 4981 bzec
2168 4933 2297 4999 318,
2331 4930 2526 5003 quibus
2556 4928 2673 4984 bmc
2700 4925 2997 4998 contigisse
3033 4924 3338 4995 suspicatus
3361 4928 3473 4977 erat
3494 4909 3712 4971 Henricus

466 5026 572 5066 non
601 5012 762 5067 modo
791 5015 890 5085 ιι
916 5026 1020 5067 non
1052 5013 1255 5068 exarsit
1281 5014 1356 5068 uti
1379 5013 1500 5084 jure
1530 5017 1793 5085 potuisset
1815 5017 2058 5074 clemen-
2169 5024 2436 5081 Valesius.

470 5103 708 5159 tissimus
751 5104 1081 5175 imperator,
1110 5103 1205 5160 sed
1249 5121 1279 5159 e
1314 5114 1498 5160 contra
1538 5107 1669 5177 ipsis
1709 5120 2062 5182 quaeCumque
2241 5118 2499 5190 Dogmata
2542 5113 2956 5172 Donatistarum.
2986 5131 3058 5154 -εε-
3086 5111 3226 5168 Cttm
3271 5107 3555 5165 Donatistae
3582 5098 3711 5156 totius

471 5199 766 5268 poscebant
789 5197 945 5253 solita
992 5197 1323 5270 benignitate
1364 5199 1618 5283 indulsit;
1651 5204 1955 5261 rescribenti
1994 5219 2010 5259 ε

2169 5212 2318 5269 orbis
2347 5210 2625 5267 Ecclesiae
2649 5198 2929 5265 Caeciliani
2952 5203 3325 5263 cdtnmnnioni
3353 5199 3607 5256 adhaerere
3625 5194 3669 5247 et
3688 5200 3708 5238 τι

469 5291 742 5348 Valerium
787 5306 882 5348 seu
910 5291 1169 5348 Verinum
1210 5293 1470 5349 vicarium
1517 5293 1748 5361 Africae,
1793 5308 1849 5352 ιιι
1894 5297 2063 5356 libere
2170 5320 2266 5362 sua
2309 5305 2518 5360 alienas
2559 5318 2680 5359 esse
2720 5300 3144 5365 intellexissent,
3186 5314 3251 5355 ρο
3282 5292 3586 5353 temeritatis
3608 5298 3708 5358 pro-

468 5398 564 5443 eos
612 5400 772 5458 agere
801 5387 1004 5443 sineret
1030 5395 1087 5443 et
1115 5400 1302 5442 eorum
1332 5386 1569 5444 furorem
1599 5389 1709 5446 Deo
1740 5392 1938 5449 vindicl
1984 5395 2064 5450 di-
2169 5406 2534 5457 cesseruntnt
2572 5398 2817 5454 dicerent
2859 5396 3158 5453 Eccleslam
3188 5390 3495 5450 catholicam
3539 5384 3584 5439 in
3620 5376 3708 5435 sola

471 5480 710 5537 mitteret
736 5499 749 5535 :
780 5480 942 5537 simul
983 5481 1037 5536 in
1067 5479 1288 5537 exilium
1320 5482 1503 5552 pulsos
1531 5482 1597 5537 ad
1640 5486 1856 5555 propria
1884 5488 2065 5543 redire
2169 5466 2325 5567 parte
2351 5502 2444 5550 sua
2471 5493 2835 5564 permansisse
2857 5494 2913 5548 et
2941 5492 2994 5547 in
3018 5488 3140 5545 aliis
3167 5485 3313 5545 urbis
3337 5478 3564 5556 partibus
3586 5468 3710 5573 quasi

473 5575 736 5649 permisit.
789 5576 901 5634 Hoc
949 5576 1269 5649 rescriptum
1317 5578 1503 5636 datum
1548 5576 1649 5634 fuit
1692 5595 1724 5634 v
1767 5578 1887 5635 Maii
1935 5582 2065 5639 anni
2171 5587 2494 5659 contagione
2523 5584 2921 5641 communionis
2943 5583 3287 5640 exetinctam.
3322 5577 3552 5645 Cumque
3576 5574 3710 5623 rctcrt

471 5673 599 5731 550'
2172 5680 2556 5740 Africanorum
2602 5678 2800 5749 placito
2846 5676 3177 5749 pertinacius
3228 5670 3553 5777 subsererent
3584 5668 3767 5777 extra.

554 5770 937 5833 Catholicorum
976 5790 1008 5836 α
1049 5773 1338 5853 Donatistis
1377 5774 1592 5840 vexatio.
1630 5772 1792 5849 Leges
1820 5770 2067 5835 Constan-

2179 5788 2364 5835 veram
2399 5766 2717 5846 EccieSiam,
2746 5773 3073 5851 baptismum
3102 5776 3155 5830 et
3185 5760 3283 5828 alia
3318 5761 3626 5826 sacramenta
3651 5756 3707 5809 ir-
