3898 6320
166 332 252 389 τοτ
1303 321 1618 387 utsrontA
1663 304 2212 388 DONATISTARUM.

3311 334 3412 388 798

165 458 251 511 rita
286 465 422 519 esse,
466 459 690 507 cunctos
718 447 781 503 ad
815 464 875 506 se
921 448 1203 505 venientes
1241 448 1330 519 qui
1362 449 1415 504 in
1463 445 1726 503 Ecclesiis
1752 451 1799 510 Α
1831 449 2115 519 ptisma.-—
2130 448 2237 506 Nec
2258 465 2388 507 vero
2421 450 2517 507 fuit
2542 449 2809 506 unanimis
2839 449 3077 505 omnium
3112 449 3419 506 Donatista-

161 563 277 622 qnas
300 544 623 601 adulterinas
654 557 776 599 esse
813 536 1219 597 arbitrabtntur
1250 540 1507 612 baptizati
1540 547 1717 605 erant,

160 645 333 699 iterum
375 638 629 710 baptizari
654 636 954 709 jusserunt,
988 634 1255 692 sacriﬁcia
1303 645 1357 690 et
1402 634 1582 690 omnia
1611 630 1716 687 Ca-

159 734 460 791 tholicorutn
510 746 663 787 saera
711 740 983 801 tamquam
1031 730 1239 800 impura
1285 724 1715 796 detestabantur,

158 825 526 885 Eucltaristiam
576 825 645 881 ab
692 824 822 894 ipsis
874 833 1244 879 consecratam
1290 832 1560 894 tamquam
1604 837 1717 879 rem

154 921 409 996 profanam
467 919 879 985 conculcabaut,
924 917 1234 975 chrismatis
1298 914 1713 984 coniectionem,

155 1029 337 1071 sacram
377 1012 711 1080 unctionem,
739 1008 1131 1076 ordinationes,
1163 1008 1376 1081 aliaque
1405 1008 1585 1064 omnia
1631 1023 1718 1065 sa-

152 1118 404 1165 cramenta
436 1106 586 1162 irrita
625 1121 745 1162 esse
772 1106 1094 1171 censebant,
1124 1105 1314 1162 altaria
1337 1108 1484 1161 velut
1512 1105 1717 1177 polluta

150 1200 417 1260 immundis
445 1214 632 1255 eorum
663 1198 942 1254 sacriﬁciis
970 1190 1232 1254 radebant
1258 1206 1351 1253 aut
1392 1198 1715 1267 exurebant,

149 1294 324 1349 calices
363 1291 709 1364 frangebant,
740 1292 972 1364 parietes
1021 1300 1074 1348 et
1116 1291 1422 1363 pavimenta
1457 1290 1717 1348 Ecclesia:

149 1400 265 1456 aqua
314 1384 595 1455 lavabant;
643 1385 1023 1457 episcoporum
1071 1384 1395 1451 sacerdotia,
1446 1386 1716 1458 virginum

150 1487 254 1533 vota
297 1478 437 1548 apud
485 1477 799 1534 Catholicos
846 1477 1043 1533 emissa
1088 1477 1288 1533 rutilius
1335 1478 1549 1535 roboris
1592 1494 1716 1536 esse

148 1569 452 1635 censebant;
483 1583 550 1626 ac
578 1568 796 1625 demum
839 1568 1242 1625 Catltolicorum
1276 1570 1715 1627 communionem

147 1678 346 1736 prorsus
374 1662 766 1720 abhorrebant.
804 1662 929 1719 llaec
954 1672 1010 1719 et
1043 1663 1145 1719 alia
1169 1678 1356 1720 eorum
1392 1663 1716 1720 documenta

146 1756 455 1813 consectaria
476 1766 633 1812 erant
663 1754 815 1811 falsa:
839 1754 995 1828 illius
1016 1756 1404 1827 persuasionis,
1438 1755 1583 1827 quod
1608 1755 1711 1811 Ec~

1826 557 1943 596 rum
1974 540 2042 597 de
2071 541 2321 615 baptismi
2351 542 2637 598 iteratione
2668 541 2963 598 sententia.
3013 540 3239 613 Scripsit
3276 542 3420 596 enim

1823 632 2122 689 Tit-honitts
2156 635 2456 702 Donatista,
2509 633 2777 691 referente
2823 634 3147 707 Augustino,
3191 649 3276 704 ep.
3325 632 3418 699 95,

1822 728 1890 784 ad
1927 728 2263 785 Vincentium
2292 728 2648 802 Rogatistam.
2682 745 2739 785 n.
2773 727 2842 786 45
2869 746 2881 783 :
2914 746 2946 784 α
2975 728 3205 784 ducentis
3226 738 3272 783 et
3299 744 3417 799 sep-

1824 823 2057 897 tuaginta
2086 822 2342 895 episcopis
2385 822 2754 877 communionis
2795 821 3104 877 Donatiana:
3144 821 3418 876 concilium

1822 915 2128 990 Carthagini
2164 916 2508 981 celebratum,
2564 920 2746 988 inquo
2796 916 3015 971 concilio
3070 930 3160 987 per
3213 926 3421 986 septua-

1819 1008 1962 1080 ginta
1986 1017 2034 1063 et
2062 1008 2283 1079 quinque
2306 1008 2415 1062 dies
2445 1008 2745 1078 postpositis
2785 1008 3021 1061 omnibus
3045 1008 3315 1078 prmteritis
3346 1008 3413 1063 Ii-

1820 1112 2011 1159 mutam
2034 1120 2142 1158 esse
2170 1103 2473 1159 sententiam
2499 1113 2648 1176 atque
2673 1103 2948 1169 decretam,
2981 1112 3035 1165 ut
3064 1102 3417 1161 Traditoribns

1821 1198 2056 1254 immensi
2081 1198 2311 1254 criminis
2339 1198 2461 1262 reis,
2502 1198 2546 1252 si
2580 1196 2833 1269 baptizari
2862 1197 3055 1253 nollent
3085 1213 3180 1268 pro
3204 1199 3418 1270 integris

1822 1290 2303 1345 communicaretur.
2359 1286 2659 1345 Deuterium
2689 1290 2842 1344 etiam
2873 1287 3281 1345 Macrianensem
3310 1290 3418 1361 epi-

1822 1401 2037 1456 scopum
2059 1384 2290 1458 ejusdem
2314 1385 2687 1439 communionis
2712 1383 3041 1439 Traditorum
3069 1385 3265 1456 plebem
3289 1401 3414 1439 con-

1819 1490 2083 1549 gregatum
2109 1476 2355 1535 Ecclesia:
2375 1479 2658 1548 miscuisse,
2688 1488 2734 1533 et
2756 1480 3034 1534 secundum
3059 1489 3250 1534 statuta
3277 1478 3417 1534 illius

1822 1570 2030 1625 concilii
2058 1569 2240 1641 fecisse
2259 1588 2376 1625 cum
2405 1569 2762 1627 Traditoribus
2802 1573 3072 1639 raritatem,
3101 1573 3246 1644 eique
3270 1570 3412 1626 Deu-

1821 1664 1949 1719 terio
1969 1672 2083 1735 post
2109 1664 2205 1719 hoc
2236 1668 2431 1737 factum
2446 1666 2644 1740 jugiter
2672 1667 3075 1721 communicasse
3104 1668 3206 1740 12
3237 1664 3415 1720 Dona-

1820 1765 1926 1809 tnm
1950 1772 1970 1823 ;
2000 1772 2092 1810 nec
2137 1757 2304 1811 solum
2335 1756 2456 1811 huic
2501 1757 2784 1827 Deuterio,
2831 1759 2923 1813 sed
2970 1760 3123 1813 etiam
3166 1759 3415 1814 uniuersis

146 1851 286 1906 clcsia
316 1865 411 1922 per
440 1859 610 1906 totum
641 1848 827 1905 orbem
853 1850 1127 1922 periisset,
1149 1861 1204 1907 et
1230 1852 1428 1907 veteris
1457 1849 1715 1907 Afrorum
1745 1864 1794 1925 Β
1823 1847 2488 1922 Manrorumepiswpisqui
2508 1866 2600 1922 per
2619 1850 2960 1923 quadraginta
2980 1866 3142 1905 annos
3172 1866 3331 1919 usque
3346 1849 3415 1904 ad

146 1946 502 2015 episcoporum
550 1941 833 2010 doctrinm,
876 1941 1017 2014 quod
1059 1952 1211 1999 extra
1242 1942 1542 2000 Ecclesium
1582 1943 1716 1999 nihil

148 2044 301 2091 ratum
330 2050 393 2090 ac
419 2035 659 2091 validum
687 2034 808 2091 ﬁeri
831 2046 1029 2107 posset.
1054 2035 1353 2092 Ecclesiam
1375 2044 1555 2092 autem
1584 2052 1711 2107 pcr-

148 2129 255 2185 iisse
293 2128 533 2198 aiebant,
580 2129 727 2200 quod
764 2128 1109 2185 Caecilianum
1147 2146 1177 2182 ιι
1235 2128 1418 2185 Felice
1455 2130 1715 2202 Aptungi-

148 2233 254 2280 lano
276 2225 581 2280 ordinatum
613 2223 946 2280 Traditionis
990 2238 1086 2279 reo
1122 2231 1177 2279 et
1218 2222 1355 2278 alios
1380 2221 1716 2291 Traditores,

146 2330 195 2373 ut
218 2318 550 2386 asserebant,
579 2314 901 2373 manifestos
928 2331 1030 2389 pro
1061 2316 1333 2387 episcopis
1355 2314 1633 2371 habuisset
1663 2324 1718 2372 et

145 2426 170 2466 a
215 2411 592 2467 communione
638 2425 735 2466 sua
791 2426 898 2465 non
956 2409 1277 2480 expulisset.
1322 2406 1718 2465 Existimabam

144 2504 329 2561 scilicet
356 2504 656 2561 Ecclesium
680 2518 862 2560 veram
906 2518 971 2559 ex
998 2503 1130 2558 solis
1161 2502 1468 2557 hominibus
1492 2502 1556 2574 .iu
1589 2517 1715 2573 Spe-

142 2599 259 2655 ciem
299 2599 509 2656 sanctis
550 2608 607 2656 et
644 2598 807 2671 justis
848 2605 1102 2653 constare
1131 2596 1362 2662 debere;
1410 2597 1716 2652 fatebantur

142 2692 333 2764 quidem
362 2694 414 2748 in
445 2692 693 2750 Ecclesia
722 2693 894 2749 malos
913 2707 1039 2749 cum
1064 2692 1223 2749 bonis
1245 2706 1368 2748 esse
1394 2689 1714 2762 permixtos,

145 2785 223 2843 sed
246 2788 493 2844 occultos
533 2795 761 2853 tantum,
813 2803 920 2843 non
952 2795 1131 2843 autem
1159 2785 1405 2858 publicos
1458 2792 1514 2840 et
1541 2783 1715 2839 mani‘

142 2877 306 2935 festos.
340 2879 473 2935 llasc
517 2890 633 2935 erat
675 2879 924 2950 equidem
958 2877 1229 2950 primmva:
1267 2876 1523 2934 Ecclesiae
1549 2875 1718 2932 disci-

144 2968 289 3042 plina,
346 2982 404 3028 ut
460 2971 531 3027 iis
585 2971 676 3042 qui
722 2972 1028 3028 idololatris
1068 2971 1298 3043 aliisque
1342 2968 1717 3042 peccatoribus

143 3066 401 3122 criminum
441 3066 559 3122 reis
582 3066 652 3122 ab
681 3065 920 3122 Ecclesia
952 3065 1193 3136 eapulsis
1229 3064 1715 3130 communicarent,

144 3158 427 3214 communio
457 3157 825 3230 denegaretur
851 3175 864 3214 :
889 3174 951 3214 ac
980 3159 1054 3215 ita
1081 3158 1236 3214 initio
1260 3158 1569 3214 schismatis
1590 3174 1715 3214 cum

1819 1944 2216 2015 persecutionem
2241 1960 2329 2017 per
2362 1942 2652 2000 Macarium
2680 1948 2894 2018 factam,
2921 1942 3275 2000 Traditoribus
3304 1945 3415 2000 sine

1821 2037 2072 2113 baptismo
2111 2039 2575 2095 communicarunt.
2628 2038 2844 2095 Nullum
2876 2039 3004 2095 alibi
3049 2040 3290 2110 reperire
3330 2048 3415 2094 est

1818 2131 2034 2188 concilii
2071 2131 2220 2187 illius
2251 2132 2560 2204 vestigium,
2592 2133 2733 2204 quod
2774 2131 2990 2204 quidem
3022 2145 3126 2187 non
3165 2140 3291 2186 ante
3317 2145 3413 2186 au-

1820 2241 1948 2281 num
1973 2224 2078 2282 530
2100 2224 2430 2282 celebratum
2461 2225 2691 2293 videtur,
2720 2240 2826 2301 non
2853 2234 3033 2281 autem
3062 2225 3214 2280 initio
3242 2225 3416 2280 schis-

1819 2319 2003 2383 matis,
2038 2325 2097 2374 ut
2123 2322 2315 2388 probat
2343 2318 2518 2390 primo
2555 2332 2817 2374 numerus
2846 2317 3224 2388 episcoporum
3252 2315 3413 2388 hujus

1818 2412 2036 2471 concilii
2064 2422 2265 2480 tantus,
2294 2422 2350 2469 ut
2378 2412 2779 2469 Donatistarum
2809 2411 3097 2468 factionem
3128 2417 3253 2467 tunc
3279 2425 3413 2467 con-

1824 2507 2093 2563 ﬁrmatam
2124 2494 2177 2563 et
2204 2505 2310 2562 late
2340 2514 2687 2577 propagatam
2732 2505 2895 2561 fuisse
2927 2504 2979 2561 in
3016 2503 3201 2560 Africa
3232 2513 3415 2561 osten-

1818 2601 1929 2658 dat.
1971 2602 2241 2669 Secundo,
2269 2600 2513 2658 Tieltonii
2543 2600 2729 2668 verba,
2758 2600 2850 2673 qui
2872 2603 3125 2657 observat
3149 2614 3271 2656 cum
3295 2599 3414 2656 haec

1820 2695 2105 2762 scriberet,
2134 2693 2311 2749 adhuc
2336 2693 2660 2765 superstites
2688 2691 2857 2750 fuisse
2900 2694 3101 2749 multos
3127 2708 3188 2748 es
3225 2693 3291 2748 iis
3315 2706 3413 2764 per

1818 2804 1953 2860 quos
1983 2791 2281 2846 certissima
2313 2792 2431 2849 haec
2451 2802 2505 2850 et
2536 2792 2876 2862 apertissima
2904 2804 3033 2848 esse
3056 2784 3411 2845 ostenderen-

1820 2892 1928 2950 tur,
1968 2882 2072 2941 hoc
2113 2896 2219 2954 est,
2248 2894 2419 2945 testes
2454 2889 2715 2947 oculatus.
2749 2888 2959 2944 Floruit
2999 2894 3179 2957 autem
3216 2880 3415 2939 Ticbo—

1818 2976 1942 3032 nius
1980 2992 2124 3032 anno
2169 2980 2388 3036 circiter
2415 2980 2543 3049 580,
2563 2996 2628 3037 ac
2669 2979 2894 3052 proinde
2937 2977 3231 3050 contigisse
3273 2976 3411 3032 istud

1820 3085 2049 3128 necesse
2102 3083 2185 3129 est
2226 3072 2412 3129 multis
2453 3077 2610 3130 annis
2661 3083 2782 3144 post
2827 3073 3035 3129 initium
3078 3069 3407 3151 schismatis.

1819 3166 2029 3235 Tertio,
2068 3168 2195 3240 quia
2244 3169 2509 3224 Donatum
2551 3166 2899 3241 Carthaginis
2929 3169 3242 3239 episcopum
3282 3171 3412 3219 tunc

143 3252 399 3309 damnatus
438 3253 589 3309 foret
613 3268 643 3308 a
691 3253 924 3310 concilio
962 3254 1301 3327 septuaginta
1333 3254 1711 3325 episcoporum
1739 3264 1784 3327 (ι
1818 3260 1987 3317 fuisse
2016 3259 2241 3319 indicat.
2270 3261 2571 3333 Postquam
2616 3261 2759 3316 enim
2787 3260 2964 3315 dixit:
2993 3258 3295 3315 Deulcritmt
3333 3276 3412 3313 se-

144 3345 459 3415 Catcilianus,
494 3348 739 3405 excusari
765 3356 1013 3418 poterant
1038 3347 1279 3404 nonnulli
1296 3362 1363 3405 ex
1388 3347 1451 3404 iis
1477 3348 1712 3420 quicum

144 3442 241 3511 ipso
274 3443 681 3499 communicare
729 3442 1046 3499 renuebant.
1098 3442 1297 3499 Verum
1342 3458 1461 3499 cum
1499 3444 1715 3516 judiciis

142 3535 575 3608 subsequentibus
630 3537 893 3594 innocens
932 3539 1311 3608 pronuntiatus
1362 3548 1479 3605 est,
1538 3538 1716 3594 nullus

144 3631 228 3686 nisi
254 3635 505 3703 pervicax
535 3632 972 3688 communionem
995 3631 1114 3703 ejus
1142 3632 1324 3702 fugere
1355 3631 1549 3703 potuit,
1591 3647 1714 3687 cum

145 3728 414 3792 praisertim
443 3726 739 3782 damnatus
761 3724 951 3782 fuisset
976 3740 1005 3780 a
1029 3723 1301 3795 judicibus
1324 3723 1391 3780 ad
1413 3739 1552 3796 quos
1573 3724 1715 3780 istud

136 3815 369 3884 judicium
419 3834 536 3874 non
566 3816 895 3889 pertinebat.
940 3817 1228 3888 Postquam
1273 3831 1404 3871 vero
1446 3816 1718 3871 universa)

143 3906 374 3966 Ecclesiae
399 3920 560 3968 extra
590 3911 827 3966 Africam
853 3911 902 3966 ei
940 3910 1436 3976 communicarttnt,
1466 3923 1717 3966 asserere

142 3999 411 4059 Ecclesiam
438 4002 782 4060 Catholicam
804 4011 1091 4074 propterea
1115 4001 1341 4072 periisse
1367 4017 1593 4057 summae
1621 4000 1717 4058 de-

140 4095 331 4152 mentia:
368 4106 513 4154 erat.
565 4096 667 4167 Qui
716 4096 874 4169 primi
918 4096 1204 4152 adversum
1247 4095 1554 4152 Donatistas
1590 4111 1718 4168 ege-

138 4204 265 4259 runt,
305 4197 357 4249 in
408 4196 461 4251 id
516 4198 686 4251 undm
731 4195 925 4252 intenti
978 4195 1129 4251 fuere
1176 4204 1237 4250 ttt
1278 4194 1623 4252 Caecilianum
1660 4206 1716 4253 et

139 4287 239 4358 ejus
273 4288 647 4344 ordinatorcm
675 4285 911 4343 Felicem
936 4303 965 4342 a
987 4287 1304 4344 criminibus
1330 4286 1561 4359 objectis
1587 4301 1715 4360 pur-

137 4392 335 4449 garent;
368 4389 541 4453 atque
591 4381 667 4436 ita
714 4366 1069 4437 ostenderent
1113 4394 1172 4437 se
1221 4382 1417 4437 merito
1459 4396 1583 4437 cum
1635 4381 1717 4438 eis

1770 3405 1781 3413 .
1819 3354 2046 3409 cundum
2071 3354 2229 3423 huius
2251 3355 2458 3410 concilii
2486 3364 2680 3410 statuta
2704 3355 2888 3425 fecisse
2910 3368 3026 3409 cum
3052 3352 3412 3411 Traditoribus

1818 3446 2085 3511 unitatem,
2116 3448 2301 3503 addit:
2328 3448 2492 3502 eidem
2524 3446 2769 3502 Deuterio
2805 3456 2920 3518 post
2949 3445 3043 3500 Itoc
3074 3446 3414 3519 factumjugi-

1817 3548 1893 3594 ter
1934 3540 2336 3596 communicasse
2363 3539 2647 3596 Donatum.
2680 3539 2824 3610 Ergo
2860 3537 3195 3610 temporibus
3221 3534 3411 3591 Donati

1817 3630 2258 3704 Carthaginensis
2289 3632 2389 3688 sub
2425 3646 2535 3703 quo
2584 3631 2984 3687 Donatistarum
3015 3627 3178 3683 factio
3222 3627 3412 3699 praeci-

1818 3738 1922 3794 pue
1968 3725 2155 3795 viguit,
2200 3724 2443 3781 habitum
2492 3736 2577 3780 est
2618 3723 2750 3780 illttd
2799 3721 3083 3780 concilium
3128 3720 3273 3776 circa
3317 3735 3415 3774 an-

1819 3833 1949 3875 num
1974 3817 2102 3884 550,
2130 3815 2379 3873 Ticltouii
2411 3817 2480 3873 de
2510 3816 2604 3874 illo
2646 3817 2882 3875 concilio
2924 3815 3292 3873 testimonium
3322 3830 3414 3869 vc-

1817 3930 1937 3970 rum
1982 3927 2127 3983 esse,
2176 3914 2375 3971 astruit
2423 3914 2778 3987 Augustinus,
2826 3914 2971 3987 quod
3016 3911 3413 3968 Parmenianns

1816 4007 2128 4064 rescribens
2157 4007 2419 4065 adversus
2464 4024 2612 4076 eum,
2643 4026 2747 4064 non
2776 4007 2973 4065 refellit
3010 4009 3110 4064 ista
3140 4018 3410 4078 tamquam

1814 4100 1973 4170 falsa,
2022 4112 2077 4159 et
2121 4102 2263 4174 quod
2291 4102 2589 4162 Tichonius
2633 4113 3022 4160 commemorat
3065 4101 3253 4157 multos
3297 4116 3411 4159 cum

1817 4196 1928 4252 lucc
1966 4196 2230 4267 scriberet,
2270 4199 2325 4253 in
2351 4199 2478 4253 ciuis
2505 4200 2663 4271 fuisse
2688 4215 2778 4270 per
2820 4212 2948 4269 quos
2975 4197 3085 4252 hare
3130 4196 3415 4251 certissima

1815 4300 1865 4346 et
1887 4292 2212 4361 apertissima
2245 4308 2358 4349 me
2395 4280 2800 4348 ostenderentur.
2845 4290 3204 4346 Nihilominus
3234 4298 3411 4345 tamen

1818 4384 2061 4442 Donatus
2107 4386 2226 4457 ipse
2250 4386 2451 4458 aliique
2477 4385 2792 4451 Donatistae,
2823 4385 3067 4457 neglecta
3094 4385 3255 4455 hujus
3276 4396 3408 4440 con-

138 4476 562 4532 communionem
604 4475 822 4542 fovere;
880 4490 910 4530 e
959 4484 1149 4531 contra
1196 4490 1326 4530 vero
1371 4474 1719 4531 adversarios
1815 4480 1931 4535 cilii
1963 4482 2305 4547 auctoritate,
2336 4479 2635 4552 baptizatos
2665 4495 2695 4534 a
2725 4479 3019 4535 Catltolicis
3054 4477 3253 4535 iterum
3280 4478 3413 4549 bap-

136 4581 247 4623 suos
263 4568 589 4626 'l'raditores
616 4583 760 4637 esse,
788 4577 884 4624 aut
907 4567 1250 4625 'i‘raditorum
1282 4569 1442 4625 ﬁlios.
1474 4570 1548 4624 At
1585 4583 1711 4625 suc-

1818 4572 1984 4629 tizare
2013 4583 2495 4643 prrsumpserunt.

137 4657 341 4716 cedente
369 4672 621 4733 tempore
651 4662 703 4716 in
745 4661 798 4717 id
842 4661 1207 4719 incubueruut
1230 4662 1489 4719 Ecclesia:
1526 4661 1792 4721 defen-D
1891 4663 2139 4739 Episcopi
2179 4663 2571 4721 Donatistarum
2612 4663 2668 4720 in
2717 4664 2844 4720 urbe
2891 4660 3077 4720 Roma.
3111 4692 3187 4720 -—.
3210 4663 3411 4721 Eodem

136 4764 289 4822 seres,
318 4766 371 4811 ut
394 4757 696 4827 probarent
718 4755 832 4811 lieri
860 4771 966 4811 non
989 4770 1151 4825 posse
1172 4765 1229 4812 ut
1252 4756 1492 4813 Ecclesia
1518 4754 1708 4811 catho.

137 4841 220 4898 lica
244 4846 305 4901 de
331 4858 450 4903 toro
476 4846 610 4903 orbe
659 4848 934 4919 periisset,
979 4857 1037 4905 et
1062 4849 1118 4905 in
1160 4848 1275 4907 sola
1309 4859 1463 4920 parte
1495 4848 1709 4916 Donati,

136 4933 224 4993 hoc
243 4949 345 5007 est,
373 4941 428 4996 in
457 4939 647 5012 paucis
670 4940 815 4997 Afris
837 4940 1186 5005 substitisset.
1212 4941 1329 5010 Quo
1355 4943 1582 5014 probato
1598 4940 1711 5010 jam

135 5035 395 5090 constabat
424 5036 753 5108 baptismum
782 5035 999 5107 aliaque
1026 5047 1363 5092 sacramenta
1399 5052 1430 5091 a
1471 5033 1711 5092 Catholi-

134 5125 202 5180 cis
222 5129 411 5183 collata
440 5138 557 5184 rata
585 5144 707 5185 esse
749 5137 805 5184 et
842 5128 1040 5185 valida.
1076 5128 1181 5186 Sed
1220 5128 1274 5185 id
1302 5130 1526 5201 insuper
1553 5129 1709 5185 moli-

135 5226 208 5274 tus
233 5234 306 5276 est
338 5211 701 5295 Augustinus,
730 5232 789 5279 et
815 5224 991 5295 aliqua
1021 5237 1089 5280 ex
1117 5234 1267 5295 parte
1292 5233 1418 5279 ante
1443 5236 1569 5278 eum
1594 5224 1707 5295 0p-

135 5322 278 5381 tatus,
297 5326 354 5372 ut
374 5317 728 5374 ostenderent
749 5317 1075 5389 baptismum
1097 5318 1211 5374 fore
1233 5317 1468 5374 validum
1496 5316 1709 5374 etiamsi

135 5419 162 5459 ει
192 5408 551 5467 schismatieis
572 5420 669 5468 aut
695 5411 967 5468 hxreticis
995 5411 1354 5481 conferretur,
1384 5426 1447 5468 ac
1481 5410 1710 5482 proinde

133 5500 313 5574 duplici
335 5524 402 5562 ex
434 5509 611 5578 capite
641 5520 867 5579 peccare
898 5508 1223 5575 Donatistas,
1252 5508 1379 5564 dum
1412 5508 1711 5578 baptizatos

134 5610 159 5649 a
178 5595 469 5657 Catholici:
499 5601 933 5673 rebaptizabant;
958 5602 1187 5673 primum
1211 5600 1354 5672 quod
1379 5600 1705 5673 baptismttm

136 5705 261 5748 verae
286 5693 552 5752 Ecclesia:
574 5696 866 5766 rejicerent
888 5712 903 5751 ι
927 5695 1189 5762 secundo,
1212 5695 1357 5764 quod
1376 5693 1711 5777 baptismum

92 5785 421 5883 ‘csltlmum
450 5811 485 5850 a
511 5809 854 5869 quocumque
891 5795 1149 5853 collatum
1176 5793 1315 5851 foret
1353 5794 1636 5851 iterarent.

196 5885 483 5965 Concilium
537 5886 929 5959 Donatistarum
983 5890 1229 5958 adversus
1262 5891 1536 5967 iteratum
1605 5888 1711 5965 Ba-

1822 4766 2067 4829 tempore
2091 4766 2183 4812 aut
2211 4759 2371 4815 etiam
2411 4757 2617 4828 aliquot
2646 4754 2803 4813 annis
2833 4766 2992 4813 antea
3037 4755 3329 4812 Dunatistze
3355 4763 3413 4811 ut

1819 4861 2031 4924 partem
2072 4852 2125 4908 in
2152 4851 2291 4915 urbe
2320 4852 2493 4909 Roma
2531 4851 2843 4908 viderentur
2889 4851 3110 4917 habere,
3141 4852 3265 4907 illuc
3306 4852 3413 4921 pri-

1820 4958 1971 5002 mum
2015 4945 2411 5001 interventnres
2455 4943 2754 5016 Episcopus
2784 4958 2850 5001 es
2891 4942 3069 5009 Africa
3119 4938 3303 5000 furtim
3343 4943 3412 5000 ad

1819 5054 2021 5111 paucos
2054 5040 2317 5095 erraticas
2354 5048 2411 5095 et
2452 5039 2770 5111 peregrinos
2809 5037 3108 5112 praesertim
3138 5038 3299 5095 Atros
3325 5041 3414 5111 qui

1819 5131 2008 5186 Romae
2042 5140 2167 5187 tunc
2205 5131 2494 5202 degebant,
2524 5131 2810 5198 miserunt,
2854 5146 2885 5186 a
2926 5130 3123 5204 quibus
3153 5129 3226 5186 illi
3263 5144 3417 5201 rege-

1816 5231 2024 5280 rentur.
2054 5223 2267 5280 Primus
2294 5224 2510 5280 illorum
2536 5223 2637 5279 fttit
2663 5223 2846 5279 Victor
2870 5221 3165 5281 Garbensis
3190 5224 3417 5293 episco~

1818 5334 1918 5389 pus
1957 5317 2248 5387 Numidiae,
2287 5321 2380 5391 qui
2419 5319 2666 5376 diversus
2715 5337 2822 5376 non
2853 5321 3066 5377 videtur
3091 5326 3215 5375 esse
3240 5318 3309 5373 ab
3349 5331 3417 5373 eo

1817 5412 1909 5486 qui
1941 5414 2176 5469 concilio
2202 5410 2439 5469 Cirtensi
2478 5412 2743 5472 interfuit.
2773 5414 2824 5475 is
2854 5413 2943 5469 ubi
2987 5413 3213 5469 Romam
3244 5409 3411 5477 venit,

1816 5516 1926 5563 erat
1967 5508 2060 5573 ibi,
2102 5516 2165 5565 ut
2198 5509 2276 5565 ait
2316 5508 2571 5581 Optatos,
2622 5511 2765 5580 ﬁlius
2808 5510 2919 5565 sine
2955 5517 3119 5580 patre,
3152 5515 3266 5577 tgro
3307 5505 3417 5559 sine

1816 5606 2067 5677 principe,
2099 5604 2387 5678 discipulus
2414 5607 2524 5662 sine
2568 5608 2836 5681 magistro,
2868 5615 3082 5676 sequens
3121 5603 3236 5656 sine
3271 5608 3419 5655 mtte-

1816 5697 2044 5765 ccdente,
2087 5701 2373 5774 inquilinus
2415 5703 2529 5758 sine
2563 5696 2742 5769 dante,
2782 5700 2969 5770 hospes
3014 5699 3126 5754 sine
3169 5688 3415 5781 hospitio,

1817 5802 2001 5871 ρρσιον
2044 5794 2158 5853 sint
2191 5811 2361 5873 grege,
2403 5796 2678 5877 episcopus
2714 5796 2824 5855 sine
2857 5795 3071 5874 popula.
3120 5790 3245 5869 Non
3285 5790 3421 5873 enim

1815 5906 1940 5967 grex
1986 5901 2078 5954 aut
2128 5893 2353 5970 populus
2396 5893 2699 5979 appellandi
2749 5880 2892 5959 erant
2940 5891 3115 5968 pauci,
3160 5887 3250 5968 qui
3290 5886 3424 5967 inter
