3898 6320
442 195 548 254 799

1623 196 1945 255 HISTORIA
1989 197 2542 257 DONATISTARUM.

3579 206 3661 261 800

440 314 783 386 quadraginta
812 323 861 369 et
886 314 1025 386 quod
1052 314 1280 371 excurrit
1306 315 1547 372 basilicas
1573 333 1689 375 ante
1715 316 1895 372 Roma?
1920 328 2037 371 tunc
2068 325 2110 379 Α
2143 320 2231 373 sed
2256 318 2478 373 residere
2504 316 2653 373 etiam
2685 334 2818 372 nunc
2848 316 3036 371 dicitur
3066 317 3317 388 imperitos
3342 319 3605 383 sollicitans.
3630 332 3666 377 cl

440 417 608 474 erant,
646 410 813 462 locum
837 406 925 461 ubi
948 407 1248 481 colligerent
1277 424 1379 462 non
1410 407 1683 464 habebant.
1713 407 2041 480 Quapropter

440 501 743 570 speluncam
767 502 1045 572 quamdam
1069 501 1201 574 [oris
1222 518 1252 554 a
1279 501 1483 558 ciuitate
1501 501 1726 556 cratibus
1749 509 2037 570 sepserunt,

439 592 526 647 ubi
549 592 959 648 conventiculum
990 592 1253 648 haberent.
1287 593 1424 649 lliuc
1448 592 1744 649 Montenses
1763 608 1857 649 seu
1889 591 2041 647 Cum.

440 685 562 755 pita:
605 694 699 738 aut
747 684 953 751 llupita:
999 684 1185 741 Romae
1233 685 1363 740 dicti
1412 695 1559 741 sunt.
1600 684 1736 748 lluic
1779 686 2044 741 successit

444 773 752 831 Bonifacius
782 774 1079 832 Ballitanus
1123 775 1414 848 episcopus
1458 775 1590 834 item
1638 776 1937 842 Numidiae;
1972 792 2040 833 ex

439 870 621 927 Africa
647 886 864 942 quoque
895 871 1123 929 Romam
1175 872 1397 927 missus.
1444 870 1509 927 Hi
1536 872 1645 927 duo
1672 882 1799 927 sunt
1827 870 1895 927 de
1923 872 2044 942 qui-

441 965 541 1021 bus
587 966 917 1036 Augustinus
960 967 1038 1022 ait
1083 966 1177 1024 lib.
1223 967 1290 1023 de
1340 967 1500 1023 unico
1545 966 1816 1038 baptismo
1850 978 2041 1023 contra

442 1059 772 1116 Petilianum
796 1102 811 1127 ,
843 1059 989 1131 quod
1027 1061 1325 1117 Donatistae
1355 1062 1498 1134 Afris
1536 1062 1699 1131 partis
1744 1078 1854 1117 sua:
1879 1062 2045 1133 primo

440 1151 806 1207 interventores
830 1153 1136 1207 aduentitios
1160 1152 1341 1222 furtim
1362 1152 1610 1226 longeque
1630 1153 1883 1212 miserint.
1906 1152 2057 1209 Cunr

440 1245 590 1300 enim
619 1252 807 1300 essent
847 1244 1078 1301 aliarum
1116 1246 1323 1302 sedium
1354 1248 1405 1301 in
1437 1246 1617 1303 Africa
1645 1247 1911 1319 episcopi,
1940 1262 2044 1303 nec

440 1340 542 1397 sub
569 1341 725 1397 titulo
755 1341 1013 1397 Romana:
1043 1342 1190 1397 sedis
1220 1343 1477 1410 ordinati,
1503 1358 1610 1397 non
1642 1352 1898 1414 poterant
1937 1343 2041 1397 dici

440 1433 682 1504 episcopi
738 1432 990 1499 Romani,
1036 1432 1132 1488 sed
1166 1442 1371 1489 tantum
1419 1435 1836 1501 interventores,
1869 1445 1927 1489 ut
1959 1435 2042 1489 lo-

440 1527 530 1598 qui
556 1534 742 1582 amant
759 1526 986 1598 antiqui.
1006 1528 1078 1581 At
1097 1526 1353 1597 deinceps
1372 1527 1619 1598 deceptas
1641 1528 1693 1584 in
1714 1527 1847 1584 urbe
1871 1527 2040 1583 Roma

440 1620 741 1692 plebecula-
770 1621 925 1690 quasi
954 1620 1203 1692 proprios
1241 1621 1530 1692 episcopos
1557 1622 1894 1678 ordinarunt.
1924 1622 2044 1677 Pri-

2143 427 2340 466 cassum
2366 411 2574 466 omnino
2594 410 2877 465 mercedem
2908 410 3188 481 requirens,
3210 411 3373 481 perditi
3386 414 3559 468 animos
3581 430 3670 468 cor-

2145 518 2327 574 porum
2371 503 2769 574 redemptorum.
2803 501 2938 571 Quis
2970 501 3265 558 Claudiano
3299 506 3584 560 successerit
3609 507 3671 560 iu-

2145 606 2379 652 certum.
2406 594 2478 651 At
2503 595 2793 653 Collationi
2822 595 3227 668 Carthaginensi
3280 597 3500 653 interluit
3531 600 3671 669 Felix,

2146 689 2238 760 qui
2269 704 2330 744 se
2358 690 2506 744 urbis
2547 689 2733 744 Roma:
2761 689 2970 745 dicebat
3018 689 3356 760 Episcopum,
3386 700 3435 746 et
3472 692 3676 748 Donatis-

2148 789 2323 835 tarum
2357 779 2613 836 mandato
2642 781 2981 849 subscripsit,
3010 790 3065 835 ut
3096 782 3319 837 habetur
3342 784 3390 837 in
3421 785 3567 854 gestis
3585 785 3675 839 col-

2148 874 2360 929 lationis
2391 875 2496 929 diei
2529 874 2582 942 i,
2610 889 2729 945 cap.
2761 873 2885 940 149,
2918 874 3073 944 cujus
3097 889 3287 930 nomen
3313 890 3425 931 cum
3465 877 3678 933 relectum

2148 964 2358 1029 luisset,
2391 981 2453 1021 ac
2479 967 2593 1037 ipse
2624 968 2675 1022 in
2705 968 2942 1023 medium
2994 967 3298 1035 prodiisset,
3328 966 3556 1025 Aurelius
3577 970 3678 1041 Epi-

2147 1074 2344 1129 scopus
2369 1058 2630 1115 Ecclesia!
2648 1056 2940 1116 Catholicae
2957 1058 3267 1130 Carthagini
3304 1060 3372 1115 ita
3402 1069 3681 1132 protestatus

2148 1161 2232 1207 est
2264 1168 2278 1207 ε
2312 1152 2441 1205 Esto
2466 1153 2589 1221 quia
2612 1152 2752 1207 urbis
2794 1152 2970 1207 Ilomte
2997 1154 3289 1225 episcopum
3324 1170 3375 1207 se
3399 1153 3532 1216 dicit,
3556 1171 3684 1219 quare

2149 1243 2519 1316 prtejudicatur
2538 1243 2756 1310 absenti,
2788 1242 3092 1299 Innocentio
3112 1245 3304 1299 scilicet
3330 1260 3442 1299 vero
3469 1243 3686 1316 Episcopo

2152 1334 2406 1390 Romano.
2437 1336 2587 1391 Hunc
2616 1338 2918 1392 Romanum
2952 1336 3117 1393 fuisse
3146 1336 3433 1392 verisimile
3459 1347 3553 1403 est,
3587 1353 3685 1393 nam

2148 1426 2443 1484 Petilianus
2490 1428 2674 1483 statim
2713 1429 2833 1483 ait:
2871 1438 2999 1495 Quae
3038 1429 3170 1484 ratio
3210 1429 3308 1484 huc
3352 1444 3457 1484 eum
3493 1429 3687 1485 detulerit

2149 1523 2324 1577 nullus
2349 1524 2571 1594 ignorat.
2599 1521 2936 1578 Nobilitatem
2965 1539 3165 1578 omnem
3190 1523 3275 1578 hic
3303 1539 3407 1593 esse
3434 1524 3687 1591 Romanam,

2148 1630 2240 1669 nec
2263 1614 2366 1685 ipsi
2391 1615 2619 1670 nescitis.
2648 1612 2795 1668 Idem
2818 1616 2980 1686 igitur
2998 1616 3145 1669 turbo
3172 1616 3442 1684 eademque
3464 1616 3691 1671 necessitas

441 1728 560 1767 mus
606 1713 750 1769 inter
789 1712 888 1768 hos
926 1721 1250 1769 numeratur
1284 1714 1602 1785 Encolpius,
1648 1714 1717 1770 de
1759 1729 1868 1787 quo
1911 1710 2046 1770 nihil
2078 1721 2126 1781 B
2156 1707 2361 1778 (clades
2389 1708 2599 1763 scilicet
2636 1708 2894 1765 Romana:
2942 1710 3090 1763 urbis
3124 1723 3287 1779 quam
3317 1709 3540 1763 Alaricus
3564 1722 3693 1777 cepe-

446 1814 803 1873 compertum.
865 1804 1001 1860 Huic
1038 1806 1304 1861 successit
1335 1804 1659 1872 Macrobius,
1687 1807 1779 1877 qui
1811 1806 2042 1877 primum

444 1895 731 1968 presbyter
764 1895 1029 1953 Ecclesia:
1069 1894 1370 1954 Catholicae
1411 1898 1463 1952 in
1515 1896 1696 1953 Africa
1741 1896 1937 1963 fuerat,
1981 1897 2048 1952 li-

441 1987 686 2056 brumque
709 1988 983 2055 scripserat
1008 1987 1078 2042 ad
1106 1986 1438 2059 Confessores
1455 1998 1507 2044 et
1537 1987 1797 2060 Virgines,
1827 1989 2044 2044 moralis

439 2078 667 2148 quidem,
701 2078 791 2133 sed
816 2077 962 2135 ualde
983 2081 1284 2136 necessaria:
1332 2081 1583 2137 doctrina:
1613 2092 1663 2137 et
1692 2083 1954 2155 praecipue
1978 2086 2048 2139 ad

441 2171 832 2227 custodiendam
898 2174 1185 2235 castitatem
1247 2175 1530 2245 aptissimis
1576 2174 1726 2230 ualde
1783 2177 2050 2231 sententiis

441 2267 836 2331 communitum,
861 2284 923 2321 ac
944 2276 1121 2337 postea
1140 2269 1205 2322 ab
1229 2266 1462 2324 Ecclesia
1485 2268 1743 2325 catholica
1763 2269 2049 2326 desciscens

443 2355 835 2414 Donatistarum
857 2360 910 2414 in
938 2359 1062 2414 urbe
1087 2359 1249 2415 Roma
1270 2361 1504 2416 occultus
1525 2363 1800 2435 episcopus
1828 2363 1949 2432 fuit,
1992 2374 2048 2418 ut

444 2465 512 2506 ex
543 2450 827 2507 Gennadio
855 2450 1138 2507 discimus.
1177 2451 1372 2509 Adhuc
1399 2465 1680 2524 superstes
1708 2464 1826 2510 erat
1855 2464 1911 2511 et
1941 2453 2051 2510 Ro-

443 2558 546 2598 mae
575 2543 801 2599 sedebat
828 2542 914 2600 hic
947 2544 1247 2601 Macrobius
1286 2560 1354 2601 eo
1402 2556 1648 2618 tempore
1674 2563 1784 2620 quo
1814 2548 2045 2618 primum

442 2636 718 2693 scribebat
760 2639 1011 2710 Optatos,
1058 2640 1159 2697 hoc
1200 2651 1285 2697 est
1321 2642 1470 2697 circa
1513 2658 1714 2700 annum
1745 2644 1870 2702 570.
1915 2644 2052 2701 Huic

441 2730 707 2786 successit
734 2730 1025 2797 Lucianus,
1054 2733 1295 2790 Luciano
1320 2735 1651 2793 Claudianus
1677 2739 1767 2809 qui
1802 2746 1925 2807 post
1950 2755 2048 2795 an-

443 2840 570 2878 num
627 2824 735 2879 580
769 2825 953 2882 Romae
988 2826 1237 2898 degebat,
1284 2838 1344 2882 ιιι
1387 2829 1651 2886 di-cimus
1702 2846 1770 2886 ex
1804 2832 2044 2904 Epistola

346 2942 359 2953 ι
441 2917 824 2987 episcoporum
854 2918 1018 2973 Italiae
1058 2918 1123 2973 ad
1162 2918 1477 2975 Gratianum
1505 2932 1559 2975 et
1606 2920 2049 2978 Valentinianum

449 3008 832 3077 imperatores,
891 3009 956 3064 ad
1005 3026 1143 3079 quos
1184 3011 1251 3067 tle
1300 3013 1593 3069 Donatistis
1654 3024 1709 3070 et
1755 3013 2051 3070 Claudiano

2154 1808 2236 1852 rat
2279 1813 2332 1853 ts
2366 1797 2638 1853 Kalendas
2679 1798 3018 1869 Septembris
3052 1814 3197 1853 anno
3225 1798 3484 1869 “(Deum
3515 1800 3603 1853 huc
3631 1800 3694 1853 tle-

2151 1891 2289 1946 tulit.
2323 1890 2382 1946 lu
2412 1891 2519 1947 huc
2550 1891 2732 1948 Felice
2753 1892 2964 1948 videtur
2991 1891 3259 1948 deiecisse
3288 1893 3541 1947 successio
3562 1891 3694 1946 Pseu-

2150 1983 2602 2057 ἀφερὶδοοιιοτιιηι
2635 1986 3004 2042 Romanorum
3033 1987 3199 2058 partis
3227 1986 3436 2041 Donati.

2222 2075 2338 2131 Non
2397 2086 2577 2132 autem
2633 2076 2809 2132 solum
2877 2077 3064 2133 Romae
3128 2078 3424 2134 Donatista:
3480 2078 3696 2132 miserunt

2151 2171 2460 2243 episcopos,
2515 2171 2609 2227 sed
2652 2184 2706 2227 et
2743 2173 2796 2226 iu
2852 2170 3162 2243 Hispaniam
3201 2172 3269 2227 ad
3315 2172 3520 2227 domum
3570 2174 3695 2226 unius

2153 2264 2396 2321 mulieris
2427 2266 2805 2336 imaginarium
2837 2267 3103 2321 miserunt
3131 2267 3461 2337 episcopum,
3493 2271 3543 2318 ut
3577 2265 3697 2320 testis

2152 2366 2235 2412 est
2263 2359 2618 2427 Augustinus,
2645 2372 2744 2413 nec
2768 2357 3060 2429 quidquam
3089 2353 3390 2414 omiserunt
3410 2359 3699 2413 circumeun-

2153 2458 2234 2505 tes
2264 2450 2435 2505 maria
2465 2460 2520 2505 et
2548 2458 2742 2515 terras,
2775 2461 2833 2505 ut
2873 2464 2987 2505 sme
3013 2460 3180 2505 sectae
3225 2450 3521 2522 proselytos
3549 2449 3700 2518 adjun-

2152 2550 2363 2612 gercnt.
2396 2542 2563 2598 Htesit
2589 2552 2765 2598 tamen
2792 2542 2930 2598 intra
2961 2543 3198 2598 Africam
3239 2557 3424 2599 eorum
3460 2552 3607 2607 secta,
3630 2539 3699 2596 ubi

2153 2634 2468 2707 aliquandiu
2512 2636 2960 2691 numerosissima
2992 2635 3094 2691 fuit
3121 2653 3134 2690 :
3185 2645 3245 2693 et
3274 2635 3331 2692 in
3360 2636 3530 2707 paucis
3551 2634 3700 2690 Romae

2154 2727 2528 2786 Montensibus
2573 2744 2639 2785 ac
2678 2730 2731 2785 in
2761 2729 2925 2785 domo
2958 2729 3043 2786 vel
3074 2731 3401 2802 patrimonio
3436 2730 3576 2786 unius
3610 2729 3701 2785 llis-

2156 2837 2313 2894 pante
2338 2822 2604 2877 mulieris.

2227 2914 2507 2970 Donatista:
2533 2916 2601 2969 ad
2630 2917 2873 2971 unitatem
2901 2916 3055 2972 variis
3088 2916 3264 2972 modis
3285 2916 3499 2972 inuitati.
3521 2944 3581 2959 -—-
3604 2914 3701 2969 l‘ost

2156 3017 2384 3063 mortem
2408 3009 2745 3064 Constantini
2790 3009 2968 3065 Africa
3008 3009 3297 3065 Constanti
3324 3010 3526 3082 obtigit,
3555 3009 3699 3077 inqua

444 3099 693 3156 scribunt
735 3100 787 3159 in
834 3102 949 3158 ιιωο
990 3103 1151 3159 verba
1183 3122 1196 3159 :
1226 3102 1332 3160 Per
1373 3106 1604 3177 Africam
1631 3096 1833 3179 quoque
1880 3106 2046 3164 Resti-
2079 3110 2125 3175 ρ
2155 3116 2276 3157 cum
2321 3101 2724 3158 Donatistarum
2756 3103 2916 3159 factio
2959 3116 3128 3158 novos
3158 3104 3422 3158 tumultus
3464 3102 3698 3164 excitaret,

444 3203 609 3248 tututtt
638 3196 1081 3251 nomine-causam
1109 3199 1277 3253 dicere
1297 3208 1437 3270 apud
1464 3202 1731 3273 episcopos
1747 3204 1911 3276 jussit
1938 3220 2049 3259 ues-

445 3295 525 3341 tra
554 3287 845 3344 clementia.
886 3287 1075 3346 Debuit
1098 3292 1441 3363 acquiescere,
1464 3295 1554 3349 sed
1580 3295 1715 3349 ident
1737 3311 1873 3352 steaa
1895 3307 1943 3352 et
1969 3300 2049 3352 iu-

442 3379 715 3435 solentinm
742 3400 900 3438 manu
943 3401 976 3439 a
1012 3402 1183 3443 causa:
1210 3385 1443 3442 dicendte
1482 3389 1786 3445 necessitate
1810 3387 2046 3464 diffugit.

447 3471 550 3527 Per
578 3473 809 3543 Africam
834 3493 1043 3532 rursum
1065 3479 1346 3553 sacrilegos
1364 3480 1771 3552 rebaptizatores
1797 3492 1925 3538 nutu
1949 3481 2051 3539 Dei

446 3565 762 3632 prmcepistis
800 3569 1009 3638 expelli,
1039 3569 1131 3624 sed
1153 3571 1218 3625 ab
1246 3573 1474 3642 expulsis
1517 3570 1841 3630 Claudianus
1865 3586 1939 3631 est
1965 3594 2050 3631 or-

446 3657 655 3713 dinatus
680 3672 726 3713 et
758 3660 826 3716 ad
854 3663 1257 3731 perturbandam
1285 3666 1462 3722 urbem
1485 3666 1710 3725 Romam
1758 3671 1910 3741 quasi
1933 3673 2047 3741 epi-

445 3767 631 3820 scopus
654 3752 959 3808 destinatur.
998 3754 1096 3822 Qui
1127 3769 1307 3813 contra
1324 3760 1597 3833 scriptura:
1628 3774 1885 3834 praecepta
1925 3764 2048 3819 diui-

445 3862 547 3913 nte,
588 3856 765 3902 contra
794 3852 925 3923 jura
971 3848 1284 3922 Evangelica
1327 3869 1515 3910 vacuos
1555 3873 1731 3912 omnes
1775 3860 2050 3930 mysterio-

444 3954 584 4006 rum,
612 3950 764 4011 atque
780 3949 838 3995 ut
856 3942 967 4012 ejus
993 3943 1202 3998 verbum
1222 3948 1574 4018 exprimamus
1597 3947 1844 4022 Paganos
1864 3954 2044 4022 fuisse,

445 4030 525 4085 vel
564 4032 810 4102 pra’teriti
855 4036 1098 4105 temporis
1142 4035 1283 4092 dicat
1325 4040 1594 4109 episcopos
1642 4043 1722 4114 uel
1760 4047 2046 4115 prtesentis.

450 4122 610 4190 Quem
640 4125 846 4195 quidem
870 4127 1030 4195 jussit
1058 4130 1409 4199 tranquillitas
1436 4142 1601 4188 vestra
1628 4134 1797 4190 Roma
1842 4138 2048 4206 pulsum

444 4215 667 4285 patriam
697 4226 926 4285 repetere
964 4225 1249 4291 prapriam.
1281 4223 1390 4279 Sed
1433 4229 1738 4298 contemptis
1757 4230 1977 4302 judiciis
2002 4242 2051 4287 et

445 4304 652 4377 quidem
677 4324 813 4378 stepe
847 4314 1176 4380 constrictus,
1208 4316 1398 4371 residet
1423 4326 1591 4375 tamen
1620 4320 1910 4379 sollicitans
1933 4341 2050 4396 pre-
2094 4322 2106 4338 '

448 4398 520 4452 tio
544 4399 834 4471 frequenter
854 4409 1186 4479 pauperiores
1212 4418 1263 4463 et
1291 4410 1582 4480 redemptos
1603 4415 1925 4486 rebaptiznre
1947 4433 2050 4472 non

2149 3193 2495 3265 imperatoris
2543 3197 2715 3266 jussu,
2747 3195 3037 3252 Caeciliano
3080 3204 3209 3251 tunc
3263 3198 3509 3262 instante,
3551 3207 3701 3248 assen-

2153 3290 2318 3345 tiente
2347 3288 2575 3346 Leontio
2603 3290 2826 3357 comite,
2856 3291 2995 3347 duce
3015 3290 3234 3347 Ursatio
3252 3333 3267 3358 ,
3302 3290 3587 3347 Marcellino
3604 3295 3701 3342 tunc
3757 3352 3761 3365 .

2151 3381 2411 3449 Tribuno,
2444 3383 2746 3438 laboratum
2785 3392 2873 3439 est
2918 3394 2971 3439 ut
3017 3385 3085 3439 ad
3129 3385 3455 3440 catholicam
3490 3385 3700 3437 unitatem

2154 3475 2451 3532 Donatistae
2484 3477 2892 3533 reducerentur.
2915 3477 3167 3534 Oblatum
3191 3489 3281 3534 est
3310 3480 3459 3550 ipsis,
3487 3488 3535 3531 ιιι
3562 3477 3601 3531 si
3623 3472 3701 3527 vel

2153 3568 2266 3625 lent
2307 3569 2569 3625 Ecclesia:
2613 3570 2897 3627 catholicae
2927 3572 3088 3639 uniri,
3126 3570 3540 3628 Ecclesiasticos
3566 3569 3700 3622 hono—

2153 3677 2241 3719 res
2290 3665 2606 3721 retinerent.
2649 3665 3025 3721 Sollicitantur
3052 3665 3118 3720 ad
3162 3666 3399 3721 salutem
3428 3662 3633 3733 pnrmiis
3655 3672 3701 3712 ac

2154 3758 2317 3812 variis
2345 3758 2649 3823 illecebris;
2687 3758 2781 3814 sed
2818 3770 2940 3814 cum
2988 3756 3191 3829 rigidus
3219 3769 3279 3813 et
3324 3756 3609 3815 inﬂexibilis
3629 3769 3699 3807 eu-

2152 3865 2271 3905 rum
2299 3849 2352 3904 iu
2375 3849 2670 3905 schismate
2700 3858 2962 3919 perstaret
2985 3850 3297 3915 animus,et
3326 3865 3459 3906 nova
3490 3847 3580 3922 13
3597 3857 3698 3917 quo.

2154 3944 2283 4000 tidie
2330 3944 2590 3999 adversus
2655 3944 2950 4000 Ecclesium
2999 3943 3328 4001 catholicam
3403 3938 3699 4000 molirentur.

2153 4036 2433 4092 szecularis
2461 4037 2743 4108 potestatis
2768 4037 2973 4095 auxilio
3002 4038 3234 4108 repressi
3268 4046 3417 4105 sunt,
3446 4046 3496 4093 et
3523 4034 3701 4090 aLeon-

2153 4132 2230 4187 tio
2258 4140 2311 4186 et
2354 4131 2570 4188 Ursatio
2619 4133 2671 4186 in
2711 4131 2972 4203 quosdam
3015 4132 3439 4189 turbulentiores
3481 4130 3701 4188 ssct'itttm.

2155 4227 2431 4281 nonnulla:
2457 4227 2694 4282 basilicae
2717 4242 2849 4297 quas
2881 4230 3186 4284 invaserant
3216 4238 3440 4300 ereptae,
3466 4223 3592 4299 quod
3613 4225 3703 4276 sine

2153 4321 2202 4374 vi
2226 4319 2343 4376 ﬁeri
2372 4335 2477 4375 non
2507 4321 2696 4389 potuit.
2730 4321 2960 4390 Quidam
2990 4322 3043 4377 in
3070 4336 3349 4378 carcerem
3374 4318 3610 4385 coniecti.
3633 4313 3704 4369 alii

2152 4413 2442 4484 proscripti
2487 4421 2548 4468 et
2574 4413 2632 4469 in
2666 4414 2887 4469 exilium
2914 4414 3107 4470 missi:
3147 4430 3272 4486 qute
3311 4429 3480 4486 ptente
3506 4408 3704 4484 quamvis

446 4500 667 4548 veretur.
699 4495 904 4567 Spoliat
926 4503 1090 4574 magis
1111 4518 1169 4558 eo
1193 4504 1330 4575 quod
1354 4506 1562 4576 fuerant
1579 4512 1860 4577 consecuti,
1891 4528 2045 4582 quam
2073 4515 2123 4574 ι)
2152 4506 2391 4578 ipsorum
2432 4507 2762 4564 facinoribus
2800 4508 3154 4574 deberentur,
3200 4524 3380 4564 tamen
3426 4506 3540 4562 inde
3574 4513 3703 4558 occa-

447 4583 623 4638 tribuit
643 4588 780 4656 quod
807 4594 1134 4663 manifestum
1157 4608 1231 4651 est
1256 4596 1336 4654 bis
1364 4616 1469 4654 non
1495 4618 1645 4672 posse
1683 4604 1932 4673 conferri.
1961 4606 2041 4661 Ad

448 4691 678 4744 quorum
724 4680 1041 4739 relationem
1072 4685 1364 4753 Gratianus
1405 4691 1476 4748 de
1518 4692 1626 4750 isto
1649 4694 1950 4753 Claudiano
1976 4698 2041 4754 ad

447 4770 762 4840 Aquilinum
805 4775 953 4831 urbis
992 4778 1264 4837 Vicarium
1308 4786 1389 4839 sic
1429 4787 1647 4857 scripsit
1680 4806 1694 4844 :
1722 4787 2046 4846 Claudianus

447 4864 596 4957 etiam
624 4864 686 4919 ab
719 4866 799 4921 Itis
820 4870 909 4938 qui
928 4882 1106 4926 contra
1131 4874 1304 4930 diuina
1329 4891 1583 4949 praecepta
1607 4882 1731 4937 uitia
1760 4882 2047 4957 Religionis

447 4954 760 5022 instaurant,
785 4961 848 5014 ab
875 4963 976 5029 his,
1003 4966 1232 5036 inquam,
1256 4985 1382 5039 quos
1403 4974 1591 5039 expelli
1602 4954 1930 5047 jusseramus
1954 4994 2046 5031 ac-

450 5051 607 5118 citus,
659 5058 807 5123 quasi
848 5075 1035 5127 parum
1091 5061 1339 5130 facinoris
1386 5083 1657 5139 aggressus
1704 5078 1851 5135 esset,
1901 5073 1945 5124 si
1990 5073 2045 5125 in

452 5145 631 5214 Africa
654 5151 972 5215 perstitisset.
997 5152 1176 5209 Roma:
1197 5173 1308 5213 sese
1328 5157 1516 5213 dicitur
1536 5161 1836 5217 intimasse:
1856 5162 2048 5235 falsus-

449 5255 548 5310 que
562 5251 843 5313 prteceptor
872 5246 947 5300 vel
972 5259 1201 5316 expertes
1225 5250 1397 5305 adhuc
1423 5252 1568 5308 deuio
1597 5259 1877 5327 profanare
1899 5274 2041 5327 my»

453 5333 604 5400 terio,
629 5335 706 5390 vel
725 5338 839 5408 jam
868 5339 1098 5395 initiatus
1121 5357 1184 5396 ea:
1210 5343 1409 5415 integro
1429 5346 1605 5400 nititur
1625 5348 1823 5418 flagitio
1850 5353 2044 5423 majore

449 5445 799 5501 corrumpere.
843 5430 971 5488 Cum
1005 5433 1290 5509 Religionis
1337 5436 1671 5495 sanctissima
1714 5441 2043 5515 disciplinam

446 5541 549 5579 non
572 5526 793 5581 cumulet
809 5527 1036 5597 iteratio,
1060 5530 1152 5585 sed
1180 5540 1387 5599 evertat,
1415 5549 1564 5604 quem
1590 5550 1683 5589 nos
1697 5533 2044 5592 Claudianum

447 5617 688 5673 dissimili
713 5636 862 5689 plena
883 5638 943 5676 ac
967 5624 1151 5678 nteruit
1184 5635 1539 5696 prosequentes
1568 5636 1793 5697 repetere
1821 5636 2046 5683 tantum-

451 5708 603 5763 modo
630 5712 851 5779 patriam
886 5712 1129 5770 hactenus
1163 5727 1358 5772 remota
1395 5718 1658 5774 seueritate
1681 5720 2041 5789 prtecepimus,

2154 4599 2363 4655 sionem
2419 4601 2766 4670 arripuerunt
2811 4599 3179 4656 calumniandi
3232 4600 3536 4657 Catholicos
3582 4595 3703 4669 quasi

2150 4700 2536 4761 persecutores
2568 4702 2625 4747 et
2653 4691 2841 4748 hostes
2868 4690 3308 4750 Christianorum
3340 4694 3429 4765 qui
3458 4689 3705 4749 crudeliter

2152 4783 2206 4838 in
2257 4784 2577 4840 innocentes
2622 4786 2900 4845 saevirent.
2949 4786 3079 4842 Haec
3126 4796 3181 4842 et
3219 4788 3326 4844 alia
3357 4787 3532 4843 videre
3562 4780 3701 4841 estin

2152 4890 2406 4933 sermone
2446 4878 2726 4948 cujusdam
2772 4877 3085 4942 Donatistae,
3121 4895 3282 4949 quem
3333 4880 3551 4951 primum
3576 4872 3705 4931 initt-

2150 4984 2269 5026 cem
2292 4972 2614 5027 emittimus.
2645 4970 2860 5029 Ursatio
2879 4981 2934 5028 et
2958 4971 3183 5029 Leontio
3203 4973 3296 5045 qui
3319 4973 3474 5046 primi
3499 4968 3703 5027 Donatis-

2151 5074 2234 5120 tas
2282 5065 2336 5118 vi
2383 5079 2660 5120 armorum
2713 5069 3109 5135 compressisse
3150 5067 3425 5136 leguntur,
3483 5057 3702 5119 successit

2149 5159 2467 5229 Gregorius,
2496 5158 2561 5212 ad
2591 5174 2752 5229 quem
2786 5169 2892 5213 tam
2941 5161 3368 5216 contumeliosus
3399 5160 3612 5214 Donatus
3634 5153 3701 5207 lit-
3834 5170 3835 5237 ᾖ

2153 5263 2298 5308 teras
2324 5252 2497 5317 dedit,
2527 5267 2650 5307 eum
2690 5251 2945 5307 maculam
2975 5260 3185 5307 senatus
3211 5263 3257 5307 et
3287 5252 3501 5307 dedecus
3527 5246 3703 5319 μητρί·
3752 5326 3753 5331 γ

2151 5357 2320 5402 torum
2348 5346 2627 5418 appellans
2654 5356 2709 5401 et
2726 5347 2850 5401 aliis
2876 5344 3186 5416 ltujusmodi
3209 5344 3467 5401 conviciis
3498 5339 3701 5413 proscin-

2146 5439 2303 5495 dens.
3246 5441 3251 5445 ’

2223 5530 2414 5585 Gratus
2457 5528 3037 5602 Ctecilianig'successor.
3093 5531 3290 5586 Paulus
3321 5541 3366 5586 et
3403 5527 3638 5585 Haterius
3661 5522 3702 5574 itt

2151 5625 2380 5695 Africam
2409 5624 2555 5680 missi
2569 5635 2618 5680 et
2647 5640 2749 5697 qua
2789 5626 2856 5679 de
2882 5641 3041 5680 causa
3067 5626 3542 5681 Circumcellionum
3562 5625 3700 5693 furor.

2149 5746 2221 5758 —
2240 5717 2527 5774 Cteciliano
2550 5714 2970 5788 Carthaginensi
2995 5729 3211 5776 mortuo
3233 5729 3360 5775 ante
3386 5732 3569 5774 annum
3593 5710 3751 5795 317.;
