3898 6320
160 365 230 422 ευ,
1270 348 1586 408 HISTORIA
1629 349 1702 408 Dc

1805 348 2194 410 t'l'lSTARUM.
2912 366 2920 373 ‘
2972 408 2981 419 .
3282 356 3391 415 802

156 477 369 538 successit
391 474 596 538 Gratus,
621 469 716 541 qni
745 469 978 525 concilio
1010 467 1319 526 Sardicensi
1350 468 1514 538 hujus
1554 467 1681 522 anui
1708 468 1763 529 Α
1786 464 2018 521 Taurino
2060 475 2178 520 tunc
2214 465 2386 521 comiti
2429 468 2698 537 scripsisse
2744 467 2989 525 dicuntur
3014 486 3033 525 :
3090 470 3397 545 hujusmodi

156 571 293 630 adluit
332 569 459 624 inter
503 564 786 632 episcowts
833 561 1167 618 Catltolicos.
1218 560 1518 630 Supererat
1571 571 1685 615 tum
1747 547 1761 558 “
1788 558 2026 614 homines
2060 560 2250 631 corrigi
2287 560 2340 614 in
2370 558 2606 615 Ecclesia
2634 579 2735 617 non
2763 577 2948 634 posse;
2994 563 3391 630 mandaverunt,

157 662 356 722 aditucin
372 658 498 715 vivis
525 658 762 714 Donatus
780 654 1222 727 Carthaginiensis
1242 656 1307 711 ad
1331 673 1493 727 quem
1523 655 1690 711 Alha-
1791 663 1849 708 ut
1888 671 1921 708 α
1962 653 2262 723 supradicto
2293 655 2480 710 comite
2514 655 2803 726 acciperent
2846 655 3197 726 disciplinam.
3247 656 3395 712 Tunc

155 754 260 814 nasii
284 749 549 809 adversarii
578 765 610 806 e
636 746 1182 805 Pseudo-Sardicensi
1215 748 1425 821 synodo
1457 750 1692 818 scripse-
1792 744 2054 801 Taurinus
2074 746 2145 800 ad
2169 763 2347 802 eorum
2367 747 2587 814 litteras,
2618 749 2695 804 ire
2721 750 2932 805 militem
2951 751 3109 822 jussit
3139 763 3393 807 armatum

156 854 269 914 runt,
295 858 435 916 quam
461 838 746 912 epistolam
768 849 953 909 postea
989 839 1286 895 Donatistis
1326 840 1688 910 iactaverunt,
1795 854 1884 909 per
1910 839 2193 903 nundinas,
2236 840 2323 893 ubi
2352 838 2830 897 Circumcellionum
2857 846 3005 921 furor
3048 845 3226 916 vagari
3272 863 3396 900 con-

155 949 200 997 υι
222 936 549 1011 probarentso
575 949 696 989 cum
729 933 1096 990 Orientalibus
1120 933 1379 989 Ecclesiis
1400 933 1693 1006 aliquando
1793 940 2046 985 sueverat.
2078 929 2143 985 In
2170 931 2285 985 loco
2304 930 2577 987 Octavensi
2602 934 2754 990 occisi
2776 947 2894 989 sunt
2925 936 3155 1005 plurimi,
3188 939 3397 992 detrun-

156 1028 529 1089 commuuiouetn
573 1024 848 1081 habuisse.
896 1024 1068 1095 Hujus
1109 1024 1262 1081 Grati
1303 1022 1694 1098 Carthaginien—

154 1124 211 1179 sis;
235 1119 441 1194 episcopi
469 1125 735 1187 tempore,
767 1128 822 1172 et
864 1115 1002 1173 forte
1030 1116 1099 1173 ad
1139 1116 1259 1187 ejus
1318 1132 1510 1188 preces
1549 1115 1695 1173 Cun-

154 1223 269 1269 stans
295 1213 566 1282 imperator
598 1210 824 1265 Paulum
872 1219 927 1265 et
952 1210 1243 1266 Macarium
1291 1226 1434 1266 anno
1463 1212 1592 1277 ΜΒ,
1637 1211 1691 1267 in

152 1308 344 1365 Africam
386 1305 546 1372 misit,
583 1319 689 1359 non
730 1304 948 1374 quidem
1000 1304 1235 1374 primum
1282 1304 1348 1359 sul
1395 1303 1692 1361 faciendam

152 1407 383 1461 unitatem.
419 1399 511 1453 sed
554 1408 613 1453 ut
658 1397 1036 1468 eleemosyuas
1064 1414 1132 1453 ex
1184 1398 1315 1454 llsco
1366 1399 1696 1469 pauperibus

151 1496 424 1566 largirenlur
448 1510 461 1547 :
483 1492 575 1563 qui
596 1507 719 1547 cum
739 1490 803 1546 ad
832 1491 1097 1546 Donatum
1128 1492 1403 1548 venissent
1429 1501 1482 1547 et
1504 1508 1602 1564 qua
1627 1492 1697 1549 de

151 1603 278 1644 causa
298 1586 433 1642 missi
460 1584 641 1642 forent
664 1585 1013 1651 iudicassent,
1047 1585 1137 1641 ille
1164 1585 1330 1640 solito
1355 1584 1542 1643 lurore
1567 1601 1693 1642 suc-

148 1695 325 1743 census,
350 1679 514 1749 itiquit
544 1675 793 1749 Optatos,
819 1679 870 1732 in
901 1677 1019 1733 ιιτιῖίξ
1049 1678 1209 1734 verba
1243 1679 1489 1748 prorupit
1513 1697 1526 1733 :
1555 1678 1698 1748 Quid

147 1784 201 1829 est
222 1774 489 1842 imperatori
529 1790 646 1827 cum
679 1771 957 1828 Ecclesia?
990 1782 1035 1827 et
1068 1773 1132 1827 de
1160 1776 1302 1844 fonte
1340 1774 1561 1828 levitatis
1589 1790 1696 1829 sure

1795 1023 1904 1077 cati
1929 1033 2049 1078 sunt
2076 1024 2263 1079 multi:
2294 1041 2515 1095 quorum
2541 1042 2761 1097 corpora
2800 1044 2961 1098 usque.
2983 1029 3037 1083 in
3068 1029 3393 1098 hodiernum,

1796 1133 1887 1188 per
1907 1116 2173 1172 dealbatas
2197 1133 2316 1172 aras
2345 1127 2436 1172 aut
2462 1134 2664 1174 mensas
2693 1130 2968 1192 potuerunt
3006 1123 3290 1176 numerari.
3320 1121 3401 1176 Ea:

1794 1223 2009 1279 quorum
2038 1224 2251 1263 numero
2278 1225 2395 1263 cum
2436 1209 2596 1281 aliqui
2630 1210 2684 1264 in
2717 1211 2942 1267 basilicis
2990 1214 3196 1284 sepeliri
3221 1213 3403 1284 cwpis-

1797 1310 1930 1368 gent,
1972 1300 2147 1356 clarus
2175 1300 2437 1373 presbyter
2475 1302 2528 1356 in
2556 1303 2672 1358 loco
2705 1303 3040 1371 Subbulensi,
3074 1305 3139 1360 ab
3164 1308 3401 1379 episcopo

1796 1408 1889 1445 suo
1944 1402 2156 1448 coactus
2201 1405 2299 1459 est,
2350 1403 2408 1449 ut
2455 1394 2769 1463 insepultam
2823 1403 3012 1467 faceret
3060 1398 3400 1466 sepulturam.

1803 1483 1954 1539 Unde
1977 1485 2241 1555 proditum
2263 1495 2358 1551 est,
2384 1487 2682 1542 mandatum
2706 1489 2867 1559 fuisse
2887 1489 3021 1560 fieri,
3045 1491 3184 1559 quod
3204 1491 3404 1561 factum

1798 1586 1913 1633 est:
1942 1579 2149 1650 quando
2176 1595 2268 1633 nec
2305 1584 2573 1651 sepultura
2609 1583 2661 1635 in
2707 1581 2861 1637 domo
2897 1581 2996 1637 Dei
3032 1584 3257 1639 exhiberi
3285 1602 3403 1640 con-

1802 1685 1943 1724 cessa
1975 1680 2073 1725 est.
2116 1670 2309 1726 Eorum
2351 1683 2527 1744 postea
2570 1676 2827 1730 concaluit
2860 1676 3155 1734 multitudo.
3187 1678 3279 1733 Sic
3318 1678 3404 1734 iu-

1798 1762 1934 1827 venit
1976 1761 2214 1818 Donatus
2244 1763 2564 1836 Bagaiensis,
2621 1768 2756 1823 unde
2795 1779 2975 1825 contra
3006 1769 3295 1827 Macarium
3320 1773 3408 1843 fu-

147 1866 273 1920 nutlta
297 1865 561 1920 maledicta
591 1862 795 1931 effudit.
831 1862 1051 1920 Miserat
1080 1864 1361 1935 imperator
1391 1875 1698 1921 ornamenta

1805 1855 1994 1909 riosam
2024 1858 2326 1913 conduceret
2353 1859 2575 1915 turbam.
2608 1860 2693 1916 Ea:
2727 1863 2841 1933 ipso
2866 1881 3049 1936 genere
3080 1869 3286 1938 fuerant
3312 1868 3403 1939 qui

145 1958 339 2013 domibus
376 1956 471 2021 Dei
491 2000 506 2020 ,
554 1958 764 2013 miserat
806 1952 1115 2029 pauperibus
1169 1957 1566 2031 eleetuosynam,
1616 1961 1698 2014 in-

143 2052 229 2122 quit
251 2051 389 2116 idem,
420 2052 556 2106 nihil
600 2051 822 2106 Donato.
856 2049 962 2106 Cur
1009 2066 1130 2121 ergo
1168 2051 1446 2106 insanivit?
1472 2068 1567 2105 cur
1592 2052 1698 2106 ira-

144 2155 208 2200 tus
229 2145 325 2199 est?
357 2161 446 2199 cur
467 2143 611 2215 quod
648 2144 862 2199 missum
900 2147 1071 2214 fuerat
1099 2142 1428 2213 repudiavit?
1474 2142 1539 2197 Et
1581 2160 1700 2198 cum

140 2239 204 2293 illi
223 2239 300 2308 qui
325 2239 459 2295 missi
486 2239 718 2306 fuerant,
766 2237 994 2294 dicerent
1040 2254 1093 2291 se
1141 2220 1217 2292 ire
1267 2254 1358 2306 per
1408 2239 1698 2308 provincias

142 2330 333 2399 singulas
375 2343 421 2384 et
464 2329 752 2386 volentibus
796 2329 1032 2398 accipere
1070 2345 1125 2385 se
1168 2329 1404 2394 daturos,
1450 2329 1540 2384 ille
1569 2329 1700 2385 dixit

140 2420 290 2493 ubique
310 2440 360 2478 se
389 2422 590 2478 litteras
629 2422 959 2493 pt'cemisisse,
988 2437 1053 2476 ne
1080 2422 1136 2476 id
1166 2422 1305 2485 quod
1332 2421 1549 2476 allatum
1580 2424 1699 2495 fue-

139 2523 219 2577 rat,
266 2515 569 2584 pauperibus
626 2513 819 2569 alicubi
875 2515 1283 2583 dispensaretur.
1346 2512 1702 2570 Nihilominus

136 2602 305 2661 Paulus
342 2615 389 2662 et
418 2605 703 2661 Macarius
751 2622 840 2675 per
879 2606 1172 2674 provincias
1209 2604 1587 2671 discurrebant,
1640 2622 1702 2661 ac

138 2696 442 2772 elemosynas
469 2700 785 2772 spargebant
808 2701 863 2755 in
885 2700 1088 2772 vulgus,
1111 2709 1159 2754 et
1185 2709 1394 2755 cunctos
1431 2699 1500 2753 ad
1530 2700 1702 2754 unita-

137 2802 216 2846 tetu
240 2793 586 2848 hortabantur.
612 2791 743 2849 Cum
771 2802 942 2849 autem
966 2793 1034 2846 ad
1061 2791 1401 2865 Bagaiensem
1436 2791 1704 2849 Numidia!

136 2883 349 2938 ciuitatem
393 2885 768 2955 pervenissent,
801 2895 921 2939 tunc
953 2883 1187 2940 Donatus
1223 2886 1355 2940 alter
1393 2886 1550 2959 hujus
1579 2887 1703 2940 civi.

136 2976 231 3031 tatis
264 2975 553 3050 EpiscOpus
596 2978 1019 3051 impedimentum
1066 2979 1254 3034 unitati
1290 2989 1339 3033 et
1384 2980 1578 3034 obicem
1621 2996 1703 3033 rc-

135 3073 355 3128 nientibus
381 3076 649 3146 opponere
677 3056 909 3145 cupiens,
958 3088 1218 3144 prtecones
1254 3089 1343 3144 per
1374 3072 1543 3127 vicina
1588 3073 1702 3127 loca

135 3173 172 3217 et
190 3182 270 3236 per
293 3182 459 3223 omnes
486 3166 757 3221 nundinas
782 3166 941 3227 misit,
986 3175 1032 3220 et
1062 3180 1300 3236 magnam
1328 3165 1385 3218 in
1413 3180 1500 3219 eos
1530 3163 1700 3235 furio~

1801 1950 1900 2005 sibi
1937 1967 2262 2021 percussores
2298 1954 2392 2009 sub
2428 1956 2709 2026 cupiditate
2747 1958 2867 2030 falsi
2907 1961 3142 2031 martyrii
3182 1961 3234 2015 in
3260 1978 3406 2016 suam

1804 2046 2083 2114 perniciem
2112 2048 2478 2104 conducebant.
2504 2049 2642 2106 lude
2662 2054 2815 2105 etiam
2852 2053 2951 2119 illi,
2983 2055 3073 2123 qui
3103 2072 3165 2110 ex
3185 2059 3408 2111 alterunt

1802 2138 2053 2192 montium
2073 2141 2424 2197 cacuminibus
2450 2143 2574 2198 viles
2596 2145 2800 2200 animas
2829 2147 3179 2220 proﬁcientes,
3199 2165 3252 2202 se
3273 2166 3406 2221 prce-

1802 2230 1983 2303 cipites
2009 2232 2223 2289 dabant.
2252 2232 2388 2289 Ecce
2412 2252 2476 2291 ex
2505 2238 2649 2308 quali
2683 2255 2893 2294 numero
2921 2240 3014 2295 sibi
3036 2241 3309 2313 cpiscopus
3338 2244 3412 2297 ul-

1802 2332 1878 2377 ter
1906 2323 2139 2379 Donatus
2165 2325 2398 2383 cohortes
2426 2328 2686 2396 effecerat.
2720 2329 2833 2385 lloc
2858 2342 2991 2386 metu
3038 2333 3272 2389 deterriti
3300 2335 3407 2403 illi,

1803 2417 1892 2485 qui
1917 2419 2190 2473 thesauros
2221 2419 2451 2490 ferebant
2477 2437 2604 2492 quos
2644 2423 2957 2493 pauperibus
2987 2435 3294 2497 erogarent;
3325 2426 3410 2480 in-

1804 2521 2048 2565 venerunt
2074 2512 2131 2565 in
2157 2521 2302 2568 tanta
2342 2515 2643 2569 necessitate
2671 2517 2963 2581 consilium,
2994 2529 3048 2571 ut
3086 2535 3117 2571 a
3145 2518 3411 2592 Sylvestro

1805 2602 1988 2655 comite
2035 2614 2294 2657 armatum
2339 2605 2554 2661 militem
2595 2606 2956 2676 postularent:
3002 2625 3103 2663 non
3144 2626 3235 2675 per
3258 2626 3411 2677 quem

1803 2696 1962 2752 alicui
1991 2698 2091 2751 vim
2117 2701 2367 2770 facerent,
2398 2699 2488 2753 sed
2516 2709 2572 2753 ut
2597 2701 2698 2754 vim
2732 2718 2764 2754 a
2789 2698 2997 2755 Donato
3028 2717 3183 2770 supra
3213 2706 3410 2755 mento-

1803 2799 1917 2844 rato
1939 2789 2183 2862 episcopo
2209 2791 2534 2863 dispositam,
2563 2791 2906 2863 prohiberent.
2941 2792 3056 2849 Hac
3081 2796 3284 2850 ratione
3305 2797 3414 2867 fac-

1806 2891 2023 2950 tumest,
2052 2893 2106 2936 ut
2133 2884 2278 2938 miles
2308 2884 2568 2939 videretur
2591 2895 2845 2941 armatus.
2870 2886 2992 2941 lum
3021 2888 3272 2961 quidquid
3293 2890 3414 2945 sub-

1803 2984 2033 3030 secutum
2064 2985 2146 3046 .cst
2174 3018 2189 3043 ,
2231 2977 2419 3042 videte,
2464 2978 2551 3031 cui
2599 2977 2776 3031 debeat
2831 2989 2920 3033 aut
2976 2980 3137 3049 possit
3164 2982 3414 3039 adscribi.

1811 3066 2081 3122 Habebunt
2111 3069 2222 3123 illic
2249 3081 2541 3125 vocatorum
2581 3070 2841 3141 inﬁnitam
2878 3072 3105 3140 turbam,
3155 3083 3203 3128 et
3247 3091 3414 3129 auuo-

1807 3179 1925 3217 nant
1957 3174 2325 3233 competentem
2349 3172 2546 3219 constat
2588 3165 2748 3236 fuisse
2775 3174 3121 3235 pra’parutam
3140 3183 3159 3221 :
3189 3168 3252 3223 de
3276 3167 3415 3223 basi-

134 3277 278 3316 sorum
318 3264 589 3329 hominum
631 3261 831 3315 turbam
869 3260 1155 3327 commovit,
1209 3275 1344 3334 quos
1386 3258 1701 3315 Circumcel-
1727 3253 1773 3316 C
1808 3257 1907 3310 lica
1927 3258 2076 3328 quasi
2115 3258 2318 3325 publica
2350 3260 2578 3328 fecerant
2605 3259 2828 3321 horrea;
2858 3270 3209 3329 exspectantes
3242 3271 3294 3315 ut
3331 3260 3413 3316 ve-

134 3353 266 3411 liones
288 3356 647 3428 appellabant,
679 3371 837 3427 genus
860 3353 1126 3407 hominum
1156 3362 1356 3426 agreste
1383 3362 1432 3406 et
1465 3352 1704 3423 fautosis-

134 3448 252 3504 sitnc
284 3450 541 3516 traducite,
576 3447 740 3517 inquit
769 3447 1112 3517 Augustinus,
1145 3461 1246 3499 non
1272 3444 1443 3499 solum
1487 3445 1540 3498 in
1570 3444 1705 3500 alios

133 3538 343 3596 immania
371 3543 619 3614 facinora
648 3537 1014 3612 perpetrando,
1040 3536 1130 3591 sed
1152 3553 1243 3592 nec
1281 3536 1378 3591 sibi
1413 3535 1595 3591 eadem
1624 3537 1706 3591 in—

132 3648 236 3686 sana
275 3635 474 3704 feritate
525 3632 819 3706 parcendo;
865 3631 953 3701 qui
993 3642 1204 3683 mortem
1248 3628 1345 3684 sibi
1379 3628 1700 3699 praecipitiis,

131 3722 323 3791 ﬂammis
336 3736 383 3780 ct
398 3727 551 3799 aquis
563 3724 878 3780 consciscere
895 3722 1179 3797 gloriosum
1194 3732 1237 3775 et
1262 3722 1507 3793 martyrio
1528 3721 1704 3793 proxi-

131 3832 247 3873 mum
279 3837 383 3876 esse
430 3819 816 3887 existimabant.
876 3817 988 3873 Hos
1024 3818 1338 3889 agonisticos
1387 3818 1704 3887 nuncupavit

132 3905 334 3968 Donatus
352 3954 366 3974 ,
398 3914 555 3985 quasi
571 3928 665 3982 pro
681 3910 896 3966 veritate
915 3918 961 3964 et
982 3909 1194 3978 justitia
1224 3908 1562 3975 decertantes,
1586 3924 1704 3962 cum

129 4011 267 4060 tamen
292 4015 471 4062 contra
499 4022 657 4061 omne
678 4006 770 4079 jus
795 4013 845 4062 et
872 4005 951 4075 fas
991 4003 1161 4059 aliena
1191 4013 1425 4074 raperent
1448 4014 1495 4057 et
1519 4003 1704 4057 imma-

129 4095 239 4148 niter
261 4098 309 4151 in
328 4099 461 4154 alios
484 4098 745 4155 swoirent.
774 4095 903 4152 Cum
927 4105 1097 4151 autem
1116 4095 1418 4167 hujusmodi
1438 4096 1705 4151 hominum

125 4203 257 4256 genus
277 4202 395 4246 aut:
422 4194 706 4247 adventum
735 4188 890 4244 Pauli
917 4198 965 4244 et
992 4189 1208 4245 Macarii
1231 4206 1322 4261 per
1349 4191 1462 4244 loca
1499 4191 1735 4263 singula-

127 4295 388 4353 t-ttgaretur,
433 4286 663 4343 ducibus
706 4284 876 4340 Atrida
918 4274 965 4339 et
997 4283 1152 4341 Fasir
1186 4284 1274 4355 qui
1315 4285 1379 4340 ab
1406 4286 1533 4358 ipsis
1562 4287 1706 4341 inse.

126 4377 351 4432 tuentibus
389 4390 701 4435 sanctorum
735 4377 894 4433 duces
930 4378 1355 4452 appellabantur,
1396 4379 1531 4434 nulli
1560 4380 1706 4434 licuit

125 4452 329 4523 securum
342 4487 452 4526 esse
471 4471 581 4544 (sic
592 4470 736 4528 cuitu
761 4487 875 4527 rem
895 4481 1078 4527 narrat
1093 4470 1342 4543 Optatus,
1359 4470 1456 4527 lib.
1472 4487 1551 4540 Ill,
1577 4471 1702 4544 μ),

122 4552 604 4628 inpossessionibus
639 4563 770 4629 suis,
809 4562 1098 4618 debitorum
1142 4563 1490 4636 chirographa
1520 4565 1705 4619 amise-

1807 3351 1995 3414 uircut,
2027 3351 2081 3404 in
2105 3367 2234 3422 quos
2260 3352 2490 3420 furorem
2535 3367 2687 3405 suum
2730 3366 2964 3407 exercere
3001 3354 3317 3423 potuissent;
3362 3364 3412 3410 et

1806 3442 2030 3514 facerent
2048 3443 2301 3514 quidquid
2324 3442 2428 3497 illis
2455 3442 2711 3497 dementia
2737 3458 2833 3496 sua
2855 3442 3120 3511 dictasset,
3149 3444 3247 3499 nisi
3277 3461 3414 3514 pra:-

1806 3540 1970 3591 sentla
1993 3537 2178 3591 arntati
2204 3538 2382 3592 militis
2420 3537 2719 3593 obstitisset.
2756 3535 2896 3591 Nam
2924 3554 3062 3605 cum,
3092 3549 3213 3594 ante
3234 3552 3413 3595 ventu-

1807 3644 1893 3683 ros
1911 3628 2119 3696 milites,
2143 3639 2415 3684 metatores
2445 3633 2526 3701 (ut
2556 3631 2668 3700 fieri
2690 3628 3211 3703 solct)’mittereutur;
3235 3644 3414 3688 contra

1805 3719 2041 3793 Apostoli
2079 3733 2335 3794 pra’cepla
2365 3733 2705 3793 competenter
2732 3725 2957 3783 suscepti
3006 3741 3107 3779 tton
3142 3734 3284 3793 sunt,
3326 3726 3413 3796 qui

1809 3815 1927 3870 ait:
1954 3816 2039 3871 cui
2074 3815 2359 3881 honorent,
2390 3815 2651 3873 honorem
2685 3816 2810 3872 :cui
2837 3816 3085 3888 vectigal,
3133 3819 3399 3889 vectigal:

1807 3908 1891 3963 cui
1918 3906 2195 3973 tributum,
2229 3908 2517 3963 tribuntm:
2542 3907 2744 3964 nemini
2773 3908 3064 3981 quidquam
3081 3909 3401 3964 debueritis.

1808 3997 2020 4055 Contusi
2046 4010 2167 4057 sunt
2203 4003 2291 4071 qui
2328 4001 2473 4054 missi
2514 4003 2716 4072 fuerant
2739 4017 2855 4056 cum
2899 4002 3040 4072 cquis
3067 4002 3195 4069 suis,
3233 4002 3293 4056 ab
3321 4003 3408 4069 iis,

1806 4108 2024 4164 quormn
2057 4094 2266 4147 nomina
2295 4091 2503 4163 ﬂabello
2530 4092 2740 4147 invidiae
2783 4093 3060 4147 rentilubut
3106 4091 3412 4148 Parmenio-

1806 4205 1925 4243 nus.
1958 4186 2075 4261 Ipsi
2101 4189 2338 4261 magistri
2375 4187 2582 4258 fuerunt
2623 4189 2831 4262 injuria:
2875 4205 3015 4253 sum;
3058 4190 3262 4260 etquid
3301 4189 3412 4259 pati

1807 4293 2034 4354 possent,
2058 4283 2160 4356 ipsi
2186 4284 2489 4357 pratrogatis
2512 4284 2719 4356 injuriis
2747 4282 3050 4337 docuerunt.
3075 4282 3410 4340 Revertor-unt

1806 4377 1973 4431 vexati
2016 4375 2204 4431 milites
2249 4376 2319 4430 ad
2358 4391 2595 4430 numeros
2625 4391 2765 4439 suos,
2815 4386 2864 4431 et
2903 4377 3042 4448 quod
3067 4379 3170 4433 duo
3200 4379 3281 4434 vel
3310 4389 3412 4436 tres

1807 4469 1947 4541 passi
1966 4472 2194 4540 fuerant,
2222 4469 2449 4524 universi
2479 4468 2773 4524 doluerunt.
2801 4468 3182 4526 Contmotisuut
3201 4488 3412 4531 omnes:

1807 4564 1965 4618 iratos
1990 4563 2180 4619 milites
2215 4564 2434 4623 retinere
2478 4580 2568 4620 nec
2595 4580 2775 4619 eorum
2814 4550 3079 4636 praepositi
3116 4568 3409 4625 valuerunt.

124 4662 219 4705 rant
245 4655 369 4709 vires
399 4673 420 4710 :
468 4655 654 4712 nullus
696 4656 920 4711 creditor
956 4656 1047 4711 illo
1075 4666 1300 4730 tempore
1325 4656 1563 4729 exigendi
1606 4656 1702 4723 ha-
1732 4652 1784 4713 D
1812 4655 1905 4713 Sic
1930 4656 2217 4713 admissum
2263 4665 2361 4724 est,
2404 4672 2497 4729 per
2519 4656 2659 4728 quod
2700 4657 2896 4714 invidia
2925 4660 3110 4716 unitati
3150 4664 3291 4733 facta
3316 4674 3412 4730 est,

123 4743 209 4801 buit
233 4750 547 4807 libertatem.
583 4749 926 4807 Tenebantur
973 4767 1148 4807 omnes
1182 4752 1367 4807 litteris
1410 4767 1589 4807 eorum
1616 4753 1702 4825 qui

121 4853 165 4891 se
185 4853 472 4900 sanctorum
501 4845 661 4902 duces
685 4845 848 4917 fuisse
862 4844 1134 4916 jactabnnt
1154 4861 1175 4901 :
1203 4855 1253 4900 et
1289 4846 1333 4901 si
1364 4846 1417 4900 in
1448 4845 1707 4919 obtempe-

118 4935 259 4987 rando
285 4953 471 4992 eorum
502 4936 832 5011 jussianibas
860 4935 1176 5005 tardaretur,
1219 4938 1490 4993 advolabat
1540 4939 1705 4993 subito

120 5027 371 5085 multitudo
394 5031 615 5097 insana,
635 5039 681 5086 et
703 5031 1020 5104 praecedente
1039 5042 1233 5086 terrore
1261 5031 1541 5086 creditores
1568 5031 1704 5101 peri-

116 5121 225 5173 culis
248 5124 585 5180 collabantur
607 5140 626 5179 :
658 5134 712 5179 ut
737 5124 825 5195 qui
872 5141 965 5191 pro
996 5124 1239 5195 pt‘atstitis
1266 5124 1375 5180 suis
1400 5124 1577 5196 rogari
1617 5124 1704 5179 de-

116 5208 324 5284 buerant,
378 5229 529 5273 metu
558 5218 737 5273 mortis
766 5216 985 5272 humiles
1010 5217 1394 5287 impellerentur
1422 5218 1476 5273 in
1505 5234 1702 5290 preces.

114 5298 393 5365 Festinabat
422 5310 782 5381 unusquisque
809 5309 983 5365 debita
1005 5310 1160 5365 etiam
1190 5311 1418 5365 maxima
1444 5311 1656 5381 perdere
1682 5326 1702 5365 :

113 5403 153 5447 et
194 5400 389 5456 lucrum
439 5405 844 5473 computabatur
881 5405 1102 5458 evasisse
1149 5402 1213 5459 ab
1244 5420 1422 5460 eorum
1471 5404 1701 5478 injuriis.

110 5488 266 5547 Etiam
283 5498 478 5553 itinera
512 5514 618 5552 non
649 5506 882 5567 poterant
902 5514 1012 5553 esse
1032 5498 1308 5564 tutissima,
1339 5497 1479 5570 quod
1510 5496 1708 5552 dantini

111 5580 166 5637 de
187 5589 431 5645 vehiculis
449 5590 571 5645 suis
594 5590 795 5645 excussi
821 5599 939 5645 ante
958 5591 1220 5660 mancipia
1239 5608 1357 5657 sua,
1381 5591 1705 5646 dominorum

109 5671 221 5731 locis
241 5680 507 5755 sedentia,
533 5682 785 5738 serviliter
803 5692 1161 5738 cucurrerunt.
1192 5681 1417 5738 Illorum
1432 5682 1640 5754 judicio
1663 5693 1711 5738 et

106 5767 306 5839 iutperio
345 5777 492 5831 inter
541 5775 778 5832 dominos
818 5787 865 5831 et
907 5793 1079 5833 servos
1121 5778 1348 5832 conditio
1383 5776 1703 5832 mutabatur.

111 5856 248 5921 Unde
275 5882 397 5924 cum
443 5869 609 5939 Itujus
643 5869 806 5941 partis
845 5870 1104 5941 episcopis
1136 5878 1253 5925 tunc
1291 5869 1489 5926 invidia
1524 5870 1666 5941 ﬁeret
1692 5911 1707 5940 ,

1814 4748 1911 4804 hoc
1934 4758 2029 4818 est,
2068 4748 2873 4823 compressa'Circumcellionum
2910 4771 2999 4827 per
3029 4756 3128 4811 vim
3166 4757 3410 4826 audacia,

1812 4846 1916 4899 imo
1944 4854 1992 4899 et
2035 4845 2269 4900 nonnulli
2296 4845 2415 4900 cessi
2444 4847 2576 4900 inter
2601 4863 2728 4917 quos
2776 4846 3044 4904 Marculus
3088 4861 3135 4906 et
3180 4851 3414 4908 Donatus

1814 4935 2130 5009 Bagaiensis.
2164 4938 2516 4994 Maximianus
2543 4949 2591 4994 et
2613 4937 2790 5008 Isaac,
2814 4957 3035 5011 quorum
3062 4941 3198 4999 velut
3223 4955 3416 5019 marty-

1809 5046 1924 5084 rum
1954 5032 2251 5085 memoriam
2276 5031 2595 5087 celebrarunt
2621 5042 2672 5088 et
2699 5042 2812 5089 acta
2857 5034 3110 5105 passionis
3153 5040 3417 5111 conscrip-

1810 5135 1985 5180 serunt
2011 5122 2323 5191 Donatistae,
2350 5142 2466 5197 qute
2485 5143 2517 5180 a
2542 5125 2689 5181 nobis
2712 5126 2767 5182 in
2788 5129 2893 5197 fine
2914 5129 3069 5204 hujus
3091 5132 3260 5204 aperis
3279 5136 3419 5189 edita

1810 5226 1949 5274 sunt.
2005 5214 2249 5285 Plerique
2301 5227 2470 5273 tamen
2516 5220 2959 5275 schismaticorum
3016 5225 3248 5296 episcopi
3302 5243 3418 5280 cum

1811 5308 1921 5363 suis
1946 5306 2159 5363 Clericis
2195 5309 2379 5364 timore
2398 5311 2624 5382 correpti
2648 5314 2915 5383 fugerunt,
2945 5316 3106 5387 aliqui
3131 5330 3250 5373 sunt
3281 5335 3420 5373 mor-

1811 5401 1922 5466 tui;
1959 5402 2047 5472 qui
2090 5402 2327 5474 fortiores
2357 5406 2568 5475 fuerunt
2594 5406 2731 5475 capti
2770 5414 2817 5461 et
2848 5406 2998 5480 longe
3026 5410 3235 5481 relegati
3270 5421 3413 5468 sunt.

1812 5493 1899 5550 Ex
1926 5495 2112 5549 horum
2136 5511 2349 5550 numero
2371 5497 2572 5552 videtur
2591 5497 2754 5569 fuisse
2782 5497 3015 5556 Donatus
3042 5500 3415 5578 Carthaginem

1810 5588 1907 5656 sis,
1937 5605 2084 5659 quem
2107 5590 2299 5645 idcirco
2327 5591 2380 5646 in
2411 5591 2687 5647 collatione
2709 5590 3103 5667 Carthaginensi
3124 5595 3417 5655 Petilianus

1819 5679 1923 5754 14
1950 5680 2224 5738 Donatista
2267 5684 2580 5755 martyrialis
2607 5683 2786 5755 gloria:
2815 5684 2980 5740 virum
3005 5690 3253 5760 appellat.
3292 5691 3419 5749 llaec

1814 5775 2119 5844 praesertim
2171 5776 2221 5829 in
2270 5775 2516 5830 Numidia
2558 5786 2714 5847 gesta
2760 5786 2919 5844 sunt;
2965 5796 3086 5837 uutn
3138 5785 3418 5853 provincia

1814 5868 2223 5941 proconsularis
2254 5869 2323 5927 ab
2366 5870 2450 5925 bis
2490 5870 2665 5928 turbis
2711 5871 2968 5936 immunis
2998 5876 3115 5936 luit.
3157 5876 3254 5940 Illa
3292 5889 3421 5942 sunt
