3898 6320
521 292 625 364 803

1695 298 2015 356 HISTORIA
2058 295 2588 368 DONATISTARUM
2601 339 2615 354 .
3652 302 3734 359 θυι

524 429 765 492 tempora
817 425 870 474 et
914 416 1053 474 facta
1104 414 1424 482 Macariana,
1474 429 1539 471 ex
1579 414 1772 486 quibus
1827 414 2116 471 Donatistce
2145 419 2195 478 Α
2224 415 2398 481 initio,
2425 430 2523 470 nec
2549 413 3082 470 ullmnsaeerdotale
3107 412 3335 480 officium
3364 414 3654 472 exercuisse.

520 511 814 567 Catholicis
843 511 1083 565 invidiam
1123 509 1418 580 con/labant
1447 524 1465 562 :
1492 517 1539 562 et
1573 519 1742 562 tamen
1773 508 1959 562 horum
2003 523 2115 561 om-

521 606 685 671 nium,
708 603 878 676 inquit
905 603 1152 675 Optatus,
1177 603 1307 656 nihil
1328 612 1497 657 actum
1531 610 1608 656 est
1632 616 1749 655 cum
1781 611 1894 656 voto
1922 600 2117 655 Catho-

519 701 756 766 licorum,
812 697 942 753 nihil
993 715 1109 752 cum
1160 681 1396 766 consilio,
1444 697 1574 751 nihil
1621 713 1739 751 cum
1779 697 2116 763 conscientia,

519 791 650 848 nihil
675 809 792 847 cum
821 808 974 862 apere
986 806 1008 855 ,'
1035 793 1125 846 sed
1157 791 1328 847 omnia
1350 791 1403 846 in
1437 792 1616 845 dolore
1643 788 1742 844 Dei
1784 806 1960 844 amare
2001 790 2119 862 plo-

517 887 678 940 rantis
702 895 749 939 et
781 885 832 938 in
866 883 1109 938 ultionem
1143 899 1309 952 aqua,
1342 883 1478 938 sacri
1500 883 1689 938 scilicet
1720 883 1935 949 lavacri;
1963 899 2117 953 quam

517 984 695 1030 contra
723 975 1052 1030 interdictum
1075 975 1258 1030 iterum
1290 975 1580 1030 movebant.
1610 973 1725 1030 Hoc
1757 983 1935 1030 tamen
1960 985 2119 1044 pacto

519 1069 698 1123 unitas
727 1078 1018 1140 procurata
1048 1077 1130 1123 est
1157 1076 1212 1123 et
1240 1083 1344 1138 pax
1374 1069 1428 1122 in
1458 1066 1639 1122 Africa
1669 1067 1941 1135 restituta,
1965 1067 2119 1138 cujus

515 1161 765 1219 beneficii
797 1165 999 1236 gratias
1024 1163 1136 1235 agit
1164 1164 1290 1229 Deo,
1324 1162 1565 1218 omnium
1595 1159 1788 1217 Africa
1817 1160 2117 1234 Episcopo-

518 1269 636 1309 rum
685 1255 1090 1311 Catholicorum
1135 1255 1378 1321 nomine,
1430 1256 1630 1322 Gratus
1676 1251 2120 1325 Carthaginensis

516 1348 802 1420 episcopus
849 1349 904 1404 in
955 1349 1186 1407 concilio
1228 1348 1641 1421 Carthaginiensi
1691 1350 1816 1402 anni
1859 1349 1985 1415 549,
2035 1348 2120 1404 his

518 1442 699 1498 verbis
732 1461 745 1498 :
780 1442 987 1500 Gratias
1015 1443 1124 1499 Deo
1162 1445 1500 1516 omnipotenti
1538 1455 1580 1499 et
1614 1441 1818 1498 Christo
1843 1441 1996 1508 .lesu,
2034 1444 2120 1512 qui

515 1535 655 1589 dedit
700 1536 851 1591 malis
893 1537 1252 1593 schismatibus
1283 1539 1436 1606 ﬁnem
1466 1548 1512 1592 et
1559 1537 1781 1607 respexit
1836 1535 2120 1590 Ecclesium

515 1645 664 1682 suam
718 1640 792 1694 ut,
836 1629 888 1682 in
928 1633 1042 1704 ejus
1072 1631 1323 1701 gremium
1370 1631 1587 1704 erigeret
1631 1631 1869 1688 universa
1899 1634 2122 1684 membra

515 1721 770 1793 dispersa,
811 1723 899 1793 qui
930 1724 1196 1794 imperavit
1223 1724 1612 1796 religiosissimo
1645 1723 1911 1782 Constanti
1957 1725 2120 1796 impe-

2297 507 2413 562 Paa:
2445 505 2694 563 Ecclesia:
2732 507 2989 576 Africana:
3025 506 3268 578 quamdiu
3309 507 3560 561 duraverit.
3587 505 3740 560 Donati

2221 617 2359 656 mors
2399 602 2454 655 in
2499 601 2674 656 exilio.
2735 599 3110 656 Parmenianus
3171 600 3350 654 Donati
3400 617 3645 655 successor.
3687 631 3742 642 -—

2222 691 2490 750 Africanae
2513 693 2770 750 Ecclesize
2791 695 2970 749 unitas
2997 701 3051 749 et
3084 709 3184 764 pax
3208 707 3238 748 a
3265 692 3483 748 Macario
3508 702 3742 763 procurata

2224 801 2318 854 per
2347 801 2520 842 annos
2550 787 2660 842 fere
2689 786 3094 857 quatuordeeim
3116 785 3215 840 sub
3241 783 3520 840 Constante
3545 792 3592 840 et
3631 785 3741 839 Con-

2221 879 2422 934 stantio
2441 882 2823 952 perseveravit.
2841 879 2915 934 Eo
2935 890 3176 948 tempore
3189 876 3426 932 Vitellius
3449 875 3566 932 Afer
3588 876 3739 931 librum

2221 975 2592 1042 composuisse
2632 971 2840 1027 videtur
2871 971 2938 1029 de
2970 971 3072 1026 hoc
3117 978 3444 1042 argumento.
3487 968 3611 1038 quod
3649 968 3743 1024 odio

2220 1065 2329 1120 sint
2356 1065 2556 1119 mundo
2585 1065 2728 1120 servi
2761 1063 2878 1131 Dei,
2909 1065 2962 1118 in
2989 1079 3094 1135 quo
3114 1061 3413 1118 Catholicos
3441 1061 3746 1116 insectabatur

2223 1165 2280 1210 ut
2311 1163 2714 1226 persecutores,
2743 1170 2868 1211 suos
2914 1163 2970 1210 ut
2999 1169 3187 1210 servos
3217 1153 3306 1208 Dei
3338 1153 3519 1223 injuste
3544 1167 3748 1222 persecu-

2223 1251 2421 1304 tionem
2471 1249 2732 1320 patientes
2762 1247 3072 1304 exhibebat.
3127 1246 3353 1316 Scripsit
3395 1245 3524 1301 idem
3554 1255 3600 1300 et
3640 1245 3749 1299 aliud

2222 1358 2374 1412 opus,
2412 1343 2461 1396 in
2487 1358 2594 1413 quo
2622 1353 2859 1397 veterem
2890 1340 2958 1396 de
2997 1339 3326 1395 Traditionis
3353 1339 3562 1394 crimine
3588 1336 3751 1392 calum—

2227 1437 2369 1490 niam
2397 1436 2451 1490 in
2478 1434 2791 1492 Catholieos
2820 1449 3030 1490 rursum
3061 1433 3358 1506 ingerebat.

2298 1529 2562 1585 Donatum
2586 1528 3066 1598 Carthaginiensem
3091 1527 3142 1581 in
3173 1527 3333 1582 exilio
3359 1534 3476 1580 ante
3496 1523 3754 1580 .lulimiim-

2226 1623 2433 1692 perium
2466 1622 2629 1676 vitam
2669 1621 2872 1676 ﬁniisse
2898 1620 3171 1689 colligitur
3201 1634 3268 1674 ex
3295 1618 3500 1690 Optato,
3530 1619 3607 1688 qui
3648 1619 3754 1673 libro

2224 1732 2306 1782 tu,
2354 1715 2382 1788 §
2421 1717 2476 1784 5,
2507 1717 2580 1773 ait
2617 1718 2669 1772 in
2701 1732 2766 1772 eo
2809 1716 3086 1787 impletutn
3125 1730 3251 1771 esse
3279 1714 3418 1785 quod
3458 1713 3522 1770 de
3563 1715 3756 1784 principe

513 1816 698 1883 ratori,
740 1826 795 1870 ut
837 1827 1008 1871 votum
1050 1829 1246 1889 gereret
1288 1819 1498 1880 unitatis
1528 1828 1572 1873 et
1600 1819 1817 1873 mitteret
1863 1818 2121 1873 ministros
2151 1827 2200 1888 Β
2227 1809 2354 1883 Tyri
2379 1812 2579 1867 dictum
2607 1820 2688 1868 est
2713 1828 2742 1867 ει
2790 1810 3059 1882 Propheta
3092 1827 3105 1865 :
3153 1811 3302 1865 illum
3331 1810 3382 1865 in
3418 1818 3548 1864 terra
3573 1824 3661 1862 non
3685 1823 3756 1862 sua

512 1909 675 1962 sancti
703 1911 871 1980 Operis
901 1913 1124 1980 {amulos
1151 1909 1267 1976 Dei,
1305 1911 1528 1966 Paulum
1554 1922 1600 1965 et
1635 1909 1948 1966 Macarium.

585 1999 704 2056 Duo
732 1999 964 2058 Canoncs
1013 2005 1066 2057 in
1113 2003 1438 2060 Donatistas.
1467 2034 1539 2045 —
1565 2004 1624 2060 In
1653 2005 1847 2060 eodem
1886 2004 2120 2060 concilio

512 2095 622 2154 duo
651 2113 891 2155 canones
913 2099 1116 2156 conditi
1159 2109 1287 2156 sunt
1314 2100 1382 2156 ad
1416 2100 1722 2156 Donatistas
1749 2100 2116 2174 pertinentes;

514 2203 653 2244 unus
693 2207 799 2261 quo
829 2192 1094 2246 sancitum
1126 2200 1210 2247 est
1255 2191 1472 2246 illicitas
1515 2206 1636 2247 esse
1667 2192 2120 2259 rebaptizationes

515 2296 708 2336 eorum
751 2285 842 2354 qui
879 2285 1190 2355 interrogati
1224 2284 1276 2340 in
1308 2285 1576 2342 Trinitate
1608 2286 1904 2342 secundum
1947 2287 2123 2340 Evan-

515 2373 640 2443 gelii
667 2373 830 2430 fidem
873 2384 927 2430 et
956 2376 1339 2448 Apostolorum
1368 2377 1671 2432 doctrinam
1699 2375 1932 2433 confessi
1965 2385 2122 2433 erant

513 2479 576 2519 ac
607 2463 803 2521 deinde
833 2481 968 2537 aqua
997 2468 1147 2524 tineti
1175 2485 1187 2521 :
1221 2467 1360 2525 alter
1389 2485 1457 2524 ne
1495 2479 1552 2525 ut
1577 2469 1842 2542 Martyres
1868 2470 2119 2526 coleren-

514 2569 603 2615 tur
629 2561 878 2617 homines
907 2561 996 2634 qui
1025 2577 1084 2618 se
1117 2572 1211 2618 aut
1242 2562 1548 2636 praecipites
1577 2564 1862 2631 dederant,
1892 2572 1985 2620 aut
2011 2563 2121 2622 alio

511 2654 692 2725 aliquo
723 2663 880 2724 pacto
929 2665 1158 2711 mortem
1202 2657 1306 2713 sibi
1337 2659 1740 2726 consciverant,
1785 2667 1876 2714 aut
1906 2673 2116 2718 merue-

510 2757 631 2803 rant
657 2749 851 2805 occidi.

585 2840 861 2896 Calumnia
913 2843 967 2897 in
1015 2841 1308 2899 Macarium
1347 2845 1410 2900 de
1475 2845 1698 2916 imagine
1727 2844 2030 2902 collocanda
2068 2845 2121 2898 in

511 2935 687 2988 altari.
720 2966 792 2976 --
820 2937 972 2992 Circa
1007 2938 1121 2993 haec
1150 2949 1391 3010 tempora
1420 2940 1646 3012 contigit
1672 2940 1723 2996 id
1755 2941 1895 3013 quod
1938 2952 2121 2996 narrat

511 3027 765 3096 Optatus,
796 3039 849 3082 ut
881 3027 1164 3085 Donatista!
1184 3029 1322 3085 hunc
1346 3049 1606 3088 rumorem
1625 3034 1677 3087 in
1703 3033 1882 3105 vulgus
1911 3049 2120 3106 sparge-

511 3129 643 3186 rent,
675 3118 903 3174 Paulum
944 3130 990 3174 et
1031 3120 1324 3176 Macarium
1375 3135 1634 3190 venturos,
1683 3125 1769 3196 qui
1816 3128 2120 3180 interessent

2226 1904 2572 1972 moriturum,
2602 1916 2651 1959 et
2702 1905 2750 1959 id
2798 1905 3006 1960 Donato
3033 1906 3327 1978 contigisse
3356 1903 3588 1959 omnibus
3612 1914 3756 1958 notum

2225 2011 2364 2050 csse.
2403 1995 2611 2051 Donato
2632 1999 2892 2052 successit
2914 1997 3305 2053 Parmenianus
3325 2005 3444 2068 post
3461 2011 3637 2051 annum
3660 1995 3755 2059 550,

2225 2086 2365 2143 forte
2393 2102 2537 2143 anno
2579 2086 2706 2155 555,
2736 2103 2844 2159 quo
2879 2090 3210 2143 mentionem
3241 2087 3356 2158 ejus
3391 2086 3510 2142 facit
3549 2085 3760 2156 Hierony-

2225 2197 2346 2237 mus
2371 2184 2423 2236 in
2453 2180 2746 2238 Chronico.
2777 2181 2827 2237 Is
2862 2189 2947 2238 est
2977 2199 3135 2254 quem
3166 2181 3362 2238 refellit
3397 2180 3620 2252 Optatus,
3647 2189 3691 2234 et
3711 2177 3760 2233 de

2227 2291 2334 2346 quo
2358 2275 2470 2345 jam
2499 2276 2630 2332 Satis
2652 2276 2820 2331 multa
2843 2275 2983 2330 dicta
3014 2285 3140 2332 sunt
3166 2277 3219 2331 in
3250 2274 3406 2345 hujus
3429 2273 3595 2345 operis
3613 2272 3761 2344 praefa-

2225 2370 2393 2435 tione,
2433 2357 2646 2424 inierim
2681 2369 2732 2424 in
2761 2368 2891 2426 sede
2913 2369 3175 2425 catholica
3203 2368 3372 2424 Grato
3398 2367 3633 2421 succeSsit
3658 2366 3759 2420 Res‘

2227 2470 2437 2532 titulus,
2471 2467 2560 2536 qui
2584 2465 2818 2522 concilio
2853 2465 3180 2522 Ariminensi
3221 2445 3367 2522 atina
3409 2461 3505 2523 559
3549 2460 3760 2525 interfuit,

2224 2568 2281 2613 et
2329 2560 2596 2615 llestituto
2642 2559 3000 2628 Gencthlius,
3047 2559 3138 2631 qui
3187 2559 3259 2615 ad
3307 2577 3497 2616 annum
3541 2557 3633 2616 590
3668 2573 3760 2630 per

2224 2654 2392 2709 venit.

2299 2749 2480 2806 Status
2520 2747 2770 2806 Ecclesia:
2801 2750 3064 2822 Africana:
3103 2758 3218 2823 post
3246 2750 3526 2808 restitutam
3552 2747 3761 2802 unitatem.

2224 2870 2295 2879 —
2321 2841 2577 2897 Ecclesiae
2605 2841 2876 2898 Africana:
2919 2853 3037 2914 post
3087 2842 3393 2898 restitutam
3426 2830 3655 2896 unitatem
3680 2848 3761 2893 sta-

2227 2943 2336 2988 tum
2363 2935 2441 2990 sic
2473 2946 2621 2992 recte
2647 2936 2887 3009 depingit
2913 2937 3142 3008 Optatos
3166 2938 3262 2995 lib.
3294 2955 3355 3005 ιι,
3387 2940 3416 3012 §
3442 2937 3524 2994 15.
3554 2933 3679 3000 Cum,
3702 2933 3764 2987 in-

2224 3028 2361 3096 quit,
2394 3029 2665 3100 Africanos
2697 3031 2919 3100 populos
2943 3041 2988 3086 et
3021 3030 3336 3100 Orientales,
3361 3042 3406 3086 et
3434 3037 3764 3086 cwterostrans-

2225 3120 2451 3174 marinos
2475 3138 2579 3193 pax
2610 3139 2714 3176 una
2740 3127 3093 3196 conjungeret,
3123 3134 3175 3180 et
3211 3126 3328 3194 ipsa
3354 3127 3515 3179 unitas
3541 3135 3764 3192 repraesen-

510 3212 789 3282 sacriﬁcio,
822 3225 878 3266 ut
908 3230 1024 3268 cum
1070 3215 1259 3268 altaria
1307 3216 1599 3270 solemniter
1643 3227 1965 3286 aptarentur,
1997 3234 2117 3286 pro-
2143 3219 2192 3282 C
2225 3203 2344 3267 talis
2397 3214 2628 3270 omnibus
2681 3217 2919 3271 membris
2973 3235 3162 3290 corpus
3201 3217 3454 3275 Ecclesia:
3501 3215 3765 3289 coagulum:

509 3306 704 3376 ferrent
727 3306 807 3360 illi
833 3308 1128 3380 imaginem,
1178 3326 1330 3379 quam
1373 3312 1539 3382 primo
1569 3313 1622 3366 in
1662 3313 1816 3366 altari
1848 3323 2115 3384 ponerent,

511 3411 560 3456 et
579 3403 652 3458 sic
678 3403 993 3474 sacriﬁcium
1023 3401 1312 3471 o/ferretur.
1351 3405 1464 3462 lloc
1493 3424 1610 3462 cum
1635 3408 2114 3477 acciperentaures,

510 3497 739 3563 percussi
768 3505 885 3550 sunt
908 3505 952 3550 et
983 3497 1168 3566 animi,
1199 3507 1244 3551 et
1283 3500 1686 3573 uniuscujusque
1713 3501 1892 3572 lingua
1928 3503 1980 3555 in
2010 3501 2119 3556 lucc

512 3585 660 3638 verba
680 3595 933 3640 commota
963 3597 1055 3654 est,
1090 3599 1144 3641 ut
1173 3591 1338 3643 omnis
1368 3591 1452 3661 qui
1481 3592 1588 3647 lucc
1626 3593 1860 3648 audierat
1889 3594 2115 3648 diceret:

510 3681 599 3752 qui
626 3679 745 3733 inde
766 3689 955 3752 gustat,
980 3681 1044 3735 de
1060 3699 1208 3737 sacro
1230 3695 1400 3755 gustat
1426 3701 1444 3738 :
1468 3695 1512 3740 et
1537 3697 1670 3741 recte
1691 3687 1888 3742 dictant
1915 3698 2043 3755 erat,
2073 3690 2120 3742 si

511 3772 664 3826 talem
692 3772 886 3842 [amant
912 3772 1096 3828 similis
1135 3778 1322 3830 veritas
1352 3790 1665 3849 sequeretur.
1699 3781 1762 3834 At
1796 3781 1882 3836 ubi
1913 3793 2118 3837 ventum

509 3875 584 3920 est
613 3882 645 3918 a
673 3865 1006 3936 supradictis,
1035 3866 1168 3920 nihil
1195 3869 1296 3922 tale
1326 3873 1489 3925 visum
1516 3884 1610 3940 est,
1639 3891 1704 3929 ex
1733 3891 1793 3930 eo
1837 3875 1978 3948 quod
2005 3880 2119 3950 [ue-

511 3971 590 4016 rat
607 3961 762 4033 paulo
789 3971 909 4014 ante
928 3959 1068 4029 fama
1091 3965 1338 4032 mentita;
1369 3967 1500 4021 nihil
1527 3968 1763 4022 viderunt
1791 3973 1926 4025 oculi
1953 3973 2118 4028 chris—

511 4055 640 4108 tiani
679 4055 816 4126 quod
856 4053 1164 4113 horrerent:
1201 4057 1333 4111 nihil
1376 4061 1608 4129 probavit
1650 4073 1885 4131 aspectus
1928 4081 1990 4118 ea;
2027 4065 2113 4130 iis,

508 4148 692 4226 quibus
739 4152 1062 4220 perturbatus
1099 4163 1208 4206 erat
1255 4155 1481 4208 auditus.
1525 4153 1649 4210 Visa
1690 4167 1766 4212 est
1807 4157 2028 4229 paritas,
2071 4169 2118 4214 et

509 4243 612 4294 ritu
638 4244 789 4297 solito
829 4245 1072 4300 solemnis
1103 4248 1421 4303 consuetudo
1461 4256 1726 4319 perspecta
1757 4261 1830 4304 est
1855 4267 1872 4305 :
1901 4269 2015 4305 cum
2043 4253 2118 4306 vi—

510 4334 685 4390 derent
715 4337 899 4392 divinis
929 4339 1220 4408 sacriﬁciis,
1254 4358 1343 4396 nec
1378 4351 1628 4398 mutatum
1674 4344 1977 4415 quidquam,
2024 4362 2115 4400 nec

509 4429 764 4497 additum,
791 4446 879 4486 nec
901 4431 1158 4488 ablatum.
1189 4433 1307 4489 Pax
1334 4453 1367 4489 a
1399 4433 1509 4491 Deo
1533 4438 1906 4499 connnendata.
1943 4439 2118 4494 volen-

509 4521 643 4574 tibus
677 4521 911 4591 placuit:
960 4543 1116 4596 quare
1154 4527 1330 4584 nullus
1361 4545 1536 4583 eorum
1568 4528 1712 4584 debet
1741 4531 1912 4602 argui,
1941 4533 2027 4604 qui
2053 4534 2119 4597 de

2224 3306 2428 3362 dolebat
2453 3314 2548 3362 hoc
2583 3307 2843 3376 diabolus,
2874 3311 2962 3382 qui
2991 3328 3188 3382 semper
3211 3312 3278 3367 de
3322 3315 3533 3386 fratrum
3561 3325 3665 3381 pace
3687 3317 3764 3359 tor-

2223 3412 2426 3474 quetnr.
2460 3402 2563 3458 Illo
2593 3415 2819 3477 tempore
2847 3405 2938 3460 sub
2972 3407 3284 3477 imperatore
3315 3407 3598 3472 christiano,
3624 3401 3764 3456 destr—

2224 3503 2309 3552 tus
2333 3496 2386 3549 in
2415 3495 2567 3554 idolis
2589 3506 2848 3568 tamquam
2876 3498 3127 3568 inclusus,
3145 3500 3355 3570 jaeebat
3378 3503 3428 3554 in
3455 3498 3650 3569 templis.
3685 3492 3765 3546 Ποῦ

2225 3590 2402 3646 eodem
2430 3602 2656 3664 tempore
2685 3595 2840 3650 duces
2871 3604 2920 3649 et
2949 3596 3204 3666 principes
3230 3596 3606 3650 Donatistarum
3632 3589 3764 3644 nterim

2225 3687 2573 3758 relegaverant
2601 3705 2716 3743 sua.
2761 3687 2827 3742 In
2867 3688 3083 3746 ecclesia
3122 3690 3270 3744 nulla
3303 3694 3502 3762 fuerant
3525 3686 3762 3742 schismata,

2225 3797 2318 3834 nec
2346 3783 2564 3854 paganis
2604 3783 2785 3837 licebat
2817 3800 3047 3840 exercere
3087 3785 3411 3857 sacrilegia:
3445 3800 3540 3854 pax
3565 3780 3655 3835 θεο
3681 3777 3762 3847 Ρ¹⁶¹’

2225 3875 2329 3928 cita
2356 3875 2498 3945 apud
2521 3892 2696 3932 omnes
2718 3876 3038 3934 Christianos
3065 3879 3288 3950 populos
3311 3878 3558 3933 habitabat
3581 3892 3598 3930 .'
3627 3871 3763 3927 diabo-

2226 3966 2310 4020 lus
2327 3967 2561 4023 mwrebat
2585 3969 2636 4023 in
2660 3970 2884 4041 templis,
2917 3971 3205 4027 Donatistte
3229 3973 3283 4026 in
3305 3969 3583 4045 regionibus
3608 3962 3762 4019 alienis.

2301 4060 2532 4116 Libertas
2563 4079 2594 4116 a
2616 4060 2831 4118 Juliano
2860 4062 3145 4120 Donatistis
3189 4065 3419 4120 reddita.
3449 4093 3515 4104 —-
3556 4064 3618 4117 At
3662 4057 3766 4114 Cott-

2223 4156 2427 4212 stautio
2454 4165 2667 4211 mortuo
2689 4155 2778 4212 die
2798 4156 3122 4214 Novembris
3162 4159 3322 4213 tertia
3353 4157 3474 4214 anni
3500 4154 3612 4218 561,
3635 4151 3766 4204 Dona-

2227 4247 2368 4302 εἰδείη
2410 4247 2625 4304 Juliano
2671 4247 2982 4319 imperatori
3029 4250 3268 4305 libellum
3320 4251 3571 4312 obtulere,
3617 4253 3663 4296 ιιι
3693 4239 3766 4292 sibi

2227 4340 2646 4398 restituerentur
2669 4340 2908 4396 basilica:
2939 4357 3075 4414 quas
3104 4341 3317 4397 ablatas
3337 4341 3686 4413 querebantur,
3709 4341 3766 4382 ut-

2225 4446 2335 4500 que
2376 4431 2652 4501 pristinam
2699 4443 3163 4505 consequerentur
3201 4434 3526 4493 libertatem.
3579 4425 3767 4488 ιίὴοιιιιδ

2224 4532 2347 4580 erat
2393 4525 2607 4580 oblatus
2637 4526 2856 4582 nomine
2897 4526 3207 4599 Rogatiani,
3259 4525 3457 4593 Pontii,
3488 4520 3692 4576 Cassiani
3729 4521 3767 4566 et

509 4613 726 4686 collegio
756 4619 1144 4676 Donatistarum
1195 4623 1262 4675 ad
1312 4639 1484 4694 pacem
1516 4624 1790 4682 transitum
1818 4625 1975 4700 fecit:
2025 4627 2119 4696 qui
2146 4629 2203 4690 ι)
2225 4617 2458 4673 aliorum
2487 4617 2863 4692 episcoporum
2896 4634 2959 4674 ac
2980 4620 3309 4676 clericorum
3337 4618 3505 4690 partis
3529 4609 3706 4674 Donati,
3729 4613 3768 4660 et

510 4708 720 4778 fuerant
746 4710 957 4765 sinistra
981 4715 1222 4784 Opinione
1247 4716 1458 4785 turbati,
1484 4717 1712 4794 simplici
1739 4737 1800 4774 ac
1825 4737 1955 4798 pura
1979 4723 2114 4777 veri.

506 4807 609 4853 tate
629 4800 824 4869 ﬁrmati
853 4814 990 4858 sttnt.

579 4895 664 4951 Ab
704 4895 805 4953 hac
852 4897 1121 4954 calumnia
1173 4899 1382 4971 depulsi
1427 4903 1492 4958 ad
1535 4905 1693 4960 aliam
1749 4906 2113 4978 confugerunt

507 4986 804 5045 Donatista:
831 4989 1102 5046 dicentes:
1132 4991 1422 5048 Macarium
1473 5011 1579 5051 non
1606 4996 1864 5053 debuisse
1893 4998 1960 5051 ab
1987 5000 2105 5069 epi-

508 5083 690 5151 scortis
711 5083 778 5139 ad
819 5087 1256 5142 communionem
1304 5088 1534 5156 admitti,
1578 5093 1746 5147 multo
1779 5095 1954 5160 minus
1986 5109 2110 5166 per-

507 5175 827 5232 mittendum
870 5178 920 5232 ei
963 5187 1020 5233 ut
1049 5179 1306 5250 pupulum
1341 5181 1394 5236 in
1442 5181 1684 5240 Ecclesia
1718 5185 2113 5259 alloqueretur,

505 5266 649 5336 quod
691 5267 1074 5340 episcoporum
1120 5280 1330 5332 tantum.
1371 5288 1493 5329 esse
1546 5274 1848 5332 videbatur.
1905 5277 2117 5352 Quibus

507 5359 800 5432 respondet
854 5362 1100 5433 Optatus,
1150 5367 1580 5424 communicasse
1631 5369 1924 5428 Macarium
1985 5387 2111 5429 cum

506 5455 773 5526 episcopis
796 5464 852 5510 ut
879 5456 1098 5523 laicum,
1133 5471 1242 5513 non
1275 5467 1336 5523 ut,
1361 5461 1698 5534 episcopum,
1728 5473 1783 5517 et
1811 5463 2111 5524 allocutum

505 5547 721 5617 quidem
765 5565 886 5607 csse
934 5551 1190 5622 populum
1225 5552 1278 5606 in
1322 5551 1586 5620 Ecclesia,
1631 5555 1725 5610 sed
1772 5557 2113 5624 insinuanda;

505 5638 733 5711 alicujus
783 5643 860 5698 rei
902 5657 1090 5710 causa,
1139 5659 1244 5699 non
1294 5653 1478 5702 autem
1527 5648 1821 5717 tractandi,
1870 5649 1977 5708 hoe
2023 5663 2116 5710 est

505 5734 862 5791 concionandi
905 5736 1051 5807 quod
1105 5746 1189 5793 est
1243 5738 1644 5813 episcoporum,
1699 5758 1798 5800 nec
1849 5746 2110 5815 pupulum

509 5839 657 5882 more
677 5828 1058 5901 episcoporum
1084 5829 1350 5891 salutasse
1380 5837 1435 5890 in
1467 5833 1686 5893 nomine
1719 5835 1812 5892 Dei
1845 5837 2111 5896 orationis

2231 4711 2284 4764 in
2338 4726 2402 4765 eo
2435 4709 2654 4766 Juliano
2685 4711 2956 4766 serviliter
2984 4710 3348 4766 adulabantur
3379 4710 3552 4764 dicere
3592 4717 3678 4758 non
3703 4712 3766 4750 vc-

2231 4803 2340 4869 riti,
2390 4802 2527 4874 quod
2568 4801 2711 4874 apud
2763 4820 2878 4858 eam
2924 4805 3037 4858 sola
3074 4804 3272 4871 iustitia
3320 4802 3761 4858 haberetaccessum

2230 4895 2382 4950 Haud
2430 4906 2649 4964 gravate
2689 4895 2985 4966 imperator
3024 4905 3294 4968 apostata,
3338 4897 3424 4951 cui
3465 4895 3558 4948 hoc
3597 4894 3691 4946 erat
3729 4886 3764 4934 in

2230 4989 2372 5044 votis
2403 4998 2460 5042 ut
2481 4987 2844 5044 Christianam
2871 4988 3186 5061 religionem
3213 4991 3406 5062 quavis
3449 4997 3557 5044 arte
3576 4985 3767 5040 destrue‘

2231 5091 2333 5147 ret,
2366 5081 2620 5153 precibus
2651 5098 2840 5139 eorum
2887 5084 3098 5148 annuit,
3141 5083 3446 5154 prmvidens
3475 5081 3582 5136 fore
3607 5086 3653 5132 ut
3677 5068 3766 5127 inde

2230 5191 2482 5246 magnum
2513 5173 2802 5232 accederet
2833 5173 3092 5232 Ecclesia:
3115 5176 3395 5233 Africana:
3421 5174 3763 5231 detrimentum-

2228 5270 2429 5326 Redire
2457 5269 2621 5344 igitur
2651 5288 2747 5344 pro
2773 5280 2900 5327 voto
2929 5287 3030 5328 suo
3075 5272 3356 5344 praecepit,
3387 5285 3522 5342 quos
3548 5263 3763 5324 intellexes

2228 5372 2314 5417 rat
2334 5362 2400 5418 ad
2419 5361 2830 5420 disturbandam
2849 5379 3036 5435 pacem
3065 5379 3188 5419 cum
3218 5365 3401 5419 furore
3415 5362 3765 5418 esseventuros.

2226 5471 2288 5518 et
2317 5462 2590 5540 abrogatis
2620 5479 2740 5534 qu:e
2771 5462 3037 5520 adversus
3074 5463 3387 5521 Donatistae
3411 5467 3600 5518 statuta
3631 5454 3765 5510 erant.

2227 5573 2449 5613 omnem
2479 5558 2559 5616 eis
2607 5559 2914 5615 libertatem
2954 5570 3050 5616 aut
3081 5561 3260 5630 potius
3303 5556 3566 5616 licentiam
3604 5540 3767 5620 quidt'is

2229 5653 2490 5716 moliendi
2531 5654 2822 5712 concessit.
2876 5653 3065 5727 Itaque
3119 5656 3308 5712 eadem
3358 5668 3487 5714 voce
3533 5636 3769 5704 Donatistis

2228 5749 2556 5806 libertasest
2579 5748 2811 5816 reddita,
2835 5765 2937 5821 qua
2961 5765 3096 5808 voce
3123 5750 3393 5806 idolorum
3415 5740 3638 5819 pateﬁeri
3656 5738 3770 5808 illisa

2227 5853 2359 5900 sunt
2414 5845 2633 5916 templa.
2691 5843 2937 5904 Reduces
2987 5845 3152 5919 igitur
3191 5844 3454 5917 episc0pi,
3501 5841 3624 5896 inter
3667 5838 3766 5901 ίμιίδ
