3898 6320
174 313 253 381 803
1273 314 1600 374 HISTORIA
1637 313 2197 374 DONATISTARUM.

3295 313 3401 371 806

170 433 493 495 Parmenianus
541 428 987 503 Carthaginiensis
1034 431 1324 502 episcopus
1351 439 1692 499 aceensetur,
1725 433 1770 492 Α
1803 429 1966 485 lratre
1997 428 2220 484 Zamma
2253 427 2488 484 latenter
2511 427 2865 499 interempto:
2893 443 3015 483 eum
3051 426 3121 482 ob
3148 425 3199 482 id
3230 427 3404 481 comi-

172 544 321 601 prcces
352 541 462 581 suas
491 534 540 580 et
575 525 916 595 imperatoris
945 526 1268 597 reseriptmn
1296 524 1700 594 magistratibus

167 623 443 687 obtulerunt,
471 634 530 675 ac
549 634 616 676 eo
641 619 837 675 muniti
865 618 1000 674 nihil
1026 635 1131 676 non
1163 621 1217 675 in
1245 618 1554 676 Catholicos
1583 617 1698 673 ausi

1805 533 1912 578 tem
1943 522 2141 578 Africae
2173 521 2476 577 Romanum
2517 521 2772 588 nomine,
2825 522 2911 577 cui
2960 521 3178 576 Zamma
3228 519 3407 574 fuerat

1803 625 2056 687 acceptus
2101 617 2352 672 infesmm
2403 617 2670 684 haberet,
2705 625 2955 672 metuens
3003 633 3069 672 ne
3116 616 3405 670 damnatus

166 728 280 776 sunt.
309 717 386 775 Sic
404 729 576 771 eorum
596 723 725 770 tunc
747 715 1004 786 temporis
1034 714 1277 771 facinora
1304 715 1562 773 describit
1588 713 1699 785 0p-
1799 710 2164 776 occideretur,
2207 709 2276 765 ab
2325 711 2554 781 imperio
2592 711 2822 768 descivit
2865 720 2920 766 et
2946 710 3283 768 Mauritania:
3314 724 3404 764 re-

170 820 300 876 latus,
341 807 427 862 lib.
458 822 511 870 ιι,
543 805 569 876 §
599 807 664 861 l7
697 822 712 860 :
761 805 973 862 Eisdem
1021 823 1149 876 pene
1187 807 1478 873 stramentis,
1509 806 1700 877 inquit,

166 914 292 959 mter
316 903 446 973 [uror
478 901 528 955 in
565 900 795 971 Africam
836 902 1124 968 revertitur,
1155 901 1336 970 quibus
1374 900 1610 955 diabolus
1639 900 1702 955 de

164 997 246 1052 suis
266 995 526 1050 carceribus
553 993 838 1050 relaxatur.
875 993 943 1048 Et
988 1011 1090 1048 non
1135 994 1450 1058 erubescitis,
1483 994 1570 1064 qui
1599 1008 1702 1046 uno

166 1100 344 1161 tempore
365 1105 469 1143 curti
492 1087 698 1142 inimico
727 1087 1018 1142 communia
1045 1087 1237 1158 gaudia
1261 1085 1570 1158 possidetis!
1608 1083 1705 1138 Ve-

164 1184 276 1237 nistis
293 1181 458 1248 rubidi,
482 1181 688 1236 venistis
718 1181 856 1248 irati,
885 1180 1114 1235 membra
1137 1179 1392 1233 laniantes
1419 1175 1700 1231 Ecclesia:

163 1275 332 1330 subtiles
365 1277 410 1329 in
437 1273 834 1340 seductiom'bus,
883 1275 936 1328 in
977 1271 1203 1328 aedibus
1246 1272 1517 1332 immanes.
1567 1268 1704 1338 filios

163 1369 270 1439 pacis
294 1368 352 1421 ad
387 1366 510 1421 bella
540 1375 895 1431 provocantes.
939 1363 1018 1420 De
1048 1364 1252 1419 sedibus
1281 1364 1386 1418 suis
1413 1362 1598 1416 multos
1628 1360 1704 1432 fo-

163 1461 270 1516 cistis
293 1470 517 1526 extorres,
548 1475 662 1512 cum
688 1458 943 1512 conducta
973 1473 1128 1511 manu
1155 1456 1435 1519 venientes,
1465 1452 1707 1506 basilicus

159 1553 368 1607 inrosistis
392 1568 410 1605 :
455 1551 602 1606 multi
643 1567 705 1606 ea:
750 1567 960 1604 numero
1005 1558 1173 1604 vestro
1217 1565 1308 1620 per
1340 1547 1452 1601 loca
1480 1546 1706 1618 plurima

163 1643 267 1716 (quis
287 1644 368 1699 sub
389 1643 673 1698 nominibus
696 1643 867 1697 dicere
885 1644 1097 1716 longum
1123 1642 1219 1714 est)
1242 1649 1482 1695 cruentas
1511 1639 1708 1709 operati

158 1746 246 1791 sunt
277 1737 443 1802 credes,
481 1745 529 1792 et
575 1746 680 1790 tam
725 1743 946 1801 atroces,
996 1744 1052 1789 ut
1093 1734 1156 1788 de
1198 1733 1388 1789 talibus
1434 1732 1608 1804 factis,
1642 1731 1705 1786 ab

1801 818 1966 875 gnum
2009 803 2317 874 occupavit.
2361 797 2474 858 Hac
2503 804 2792 858 occasione
2843 802 2926 857 usi
2967 802 3265 858 Donatista:
3313 817 3410 871 per

1805 895 2096 952 barbarum
2127 911 2330 967 regem,
2362 897 2627 968 [togatum
2659 895 2884 967 ejusque
2915 896 3154 951 asseclas
3182 894 3238 950 iu
3264 895 3410 950 Matt-

1808 990 1998 1044 ritauia
2048 989 2376 1046 Caesariensi
2417 989 2720 1046 saevissime
2765 1000 2820 1045 et
2861 988 3210 1044 acerbissime
3247 1003 3409 1043 vexa-

1806 1094 2000 1138 verunt
2046 1081 2220 1156 (adeo
2264 1091 2322 1137 ut
2358 1091 2687 1138 vocarentur
2726 1097 2755 1136 a
2805 1081 3104 1153 Rogatistis
3149 1081 3410 1137 Firmiani

1806 1175 1962 1231 sicuti
1989 1175 2303 1232 Catltolicos
2333 1175 2634 1231 Donatistzn
2670 1175 3006 1231 Macarianos
3048 1189 3242 1229 vocare
3277 1189 3410 1230 cun-

1805 1274 2153 1346 sueverant).
2189 1273 2325 1328 nihil
2383 1289 2493 1329 non
2531 1281 2754 1344 agentes
2802 1281 2862 1328 ut
2902 1288 2998 1328 eos
3026 1272 3091 1326 ad
3138 1273 3408 1342 gremium

1806 1380 1962 1420 suum
1994 1363 2174 1420 redire
2205 1366 2601 1437 compellerent
2631 1373 2726 1419 aut
2757 1365 3023 1420 saevitiam
3058 1363 3293 1418 vindicta
3322 1377 3410 1419 sa-

1809 1466 2072 1514 turarent.
2096 1457 2394 1514 Dnravitea
2420 1459 2728 1528 persecutio
2759 1458 3028 1527 tantisper
3044 1457 3218 1513 donec
3234 1456 3412 1511 Theo-

1809 1549 1995 1607 dosius
2025 1553 2209 1605 senior
2237 1563 2424 1607 contra
2452 1551 2695 1606 Firmum
2723 1566 2751 1604 a
2781 1550 3164 1608 Valentiniano
3186 1550 3240 1604 in
3269 1548 3412 1604 Afri-

1809 1661 1924 1700 cam
1943 1661 2062 1701 cum
2100 1648 2341 1701 exemita
2359 1645 2555 1702 missus
2573 1646 2903 1716 perduellem
2929 1645 3139 1716 imperii
3166 1644 3412 1716 pluribus

1812 1742 2011 1812 prmliis
2041 1743 2268 1798 fractum
2299 1743 2367 1798 ad
2397 1744 2559 1797 vitam
2591 1743 2788 1814 laqueo
2812 1741 3104 1798 ﬁniendam
3126 1741 3408 1812 compulit;

159 1831 267 1884 illius
291 1830 512 1899 temporis
530 1829 804 1904 judicibus
831 1829 1013 1884 relatio
1037 1829 1340 1882 mitteretur.
1372 1825 1707 1895 Eotempore
1737 1821 1785 1882 Β
1815 1835 2019 1906 Rogato
2050 1836 2140 1907 qui
2180 1835 2363 1891 Firmo
2405 1845 2684 1906 superstes
2716 1836 2815 1890 fuit
2852 1836 2904 1889 in
2947 1833 3243 1890 schismate
3281 1851 3405 1905 per-

158 1923 388 1978 innumera
421 1923 655 1981 facinora
705 1932 760 1979 et
797 1923 1076 1994 sacrilegia
1117 1939 1145 1978 ιι
1169 1922 1270 1994 15
1299 1921 1588 1978 Donatistis
1619 1934 1709 1989 pa-

159 2023 264 2069 trata
305 2026 438 2084 sunt,
490 2014 612 2088 quin
644 2019 750 2072 late
777 2016 1032 2072 describit
1086 2015 1227 2071 idem
1259 2015 1489 2085 Optatus
1515 2012 1708 2070 eodem

157 2105 196 2162 in
221 2107 358 2174 libro,
395 2118 500 2164 tum
531 2110 695 2165 etiam
731 2109 868 2165 libro
911 2125 984 2174 vs,
1019 2108 1106 2163 ubi
1151 2124 1214 2164 ea
1265 2108 1447 2178 legere
1478 2105 1705 2176 poteris.

211 2202 346 2275 Leges
375 2203 748 2274 lnaperatorum
792 2205 846 2258 in
893 2203 1219 2259 Donatistas.
1253 2231 1324 2244 ——
1353 2202 1571 2258 Juliauo
1614 2201 1708 2271 qui

155 2294 223 2351 die
240 2296 299 2352 26
339 2296 478 2353 Junii
505 2298 639 2353 anni
679 2297 807 2367 565,
843 2297 1089 2352 sublatus
1115 2308 1219 2363 est,
1241 2295 1505 2352 successit
1531 2295 1712 2350 Jovia-

157 2406 236 2445 nus
259 2393 337 2462 qui
366 2393 469 2447 cito
513 2403 796 2459 mortuus,
838 2391 972 2448 nihil
1007 2392 1072 2447 de
1112 2391 1272 2447 rebus
1299 2390 1366 2446 ad
1397 2389 1709 2446 Africanam

156 2483 411 2540 Ecclesiam
449 2484 826 2558 spectantibus
862 2493 1100 2540 statuere
1125 2483 1319 2554 potuit.
1356 2483 1424 2537 At
1472 2481 1710 2537 Valenti-

156 2576 314 2631 nianus
333 2578 508 2632 senior
538 2578 857 2633 Douatistas
882 2578 1091 2633 severis
1117 2577 1326 2648 legibus
1353 2575 1710 2646 compescuit,

155 2684 344 2738 quarum
379 2685 480 2724 una
509 2679 692 2726 exstat
719 2668 844 2725 data
876 2685 908 2723 x
937 2667 1198 2724 kalendas
1226 2667 1446 2723 Martias
1467 2664 1712 2722 Treviris

155 2775 268 2815 anno
293 2762 409 2830 575,
440 2778 542 2835 qua
576 2763 879 2818 antistitem
910 2764 1000 2834 qui
1026 2762 1291 2833 baptisma
1325 2762 1600 2817 iteraverit
1625 2777 1713 2815 sa-

154 2856 357 2913 cerdotio
405 2857 688 2930 indignum
739 2871 861 2914 esse
919 2857 1182 2915 declarat.
1228 2855 1433 2911 Eodem
1465 2865 1712 2925 tempore

155 2947 392 3008 Romanus
439 2967 628 3009 comes
675 2953 764 3026 qui
797 2951 970 3023 copiis
998 2952 1054 3006 in
1087 2951 1266 3007 Africa
1296 2949 1513 3022 praefuit
1542 2965 1714 3021 usque

152 3043 204 3098 ad
242 3062 424 3102 annum
456 3048 587 3113 573,
633 3047 1013 3102 schismaticos
1038 3059 1101 3102 ea
1133 3062 1252 3117 qua:
1300 3045 1506 3102 vellent
1543 3044 1712 3100 libere
1748 3074 1753 3080 ο

152 3151 282 3207 agerc
327 3155 428 3195 non
461 3140 744 3212 permisit,
777 3155 900 3194 cum
951 3154 1076 3195 eum
1130 3139 1275 3194 inter
1330 3148 1711 3209 persecutores

1816 1938 2088 1985 manente.
2145 1930 2249 1984 Per
2301 1929 2352 1983 id
2386 1938 2597 1999 tempus
2633 1971 2647 1996 ,
2691 1929 2779 1999 qui
2815 1928 3212 2000 Rogatistarum
3233 1926 3414 1984 Ctrsa-

1814 2021 2006 2078 riensis
2035 2023 2323 2092 episcrtpus
2355 2034 2505 2089 erat,
2541 2037 2662 2078 cum
2695 2021 2880 2076 Firmo
2920 2029 3152 2093 tyranno
3182 2037 3408 2078 suorum

1814 2113 2240 2169 incolumitatem
2271 2124 2460 2183 pactus
2487 2124 2671 2183 portas
2699 2114 2748 2168 ei
2773 2114 3004 2184 aperuit,
3026 2123 3187 2184 atque
3219 2114 3272 2168 in
3294 2127 3416 2168 vas-

1814 2207 2074 2261 tationem
2095 2206 2532 2262 nunCatholicos
2563 2217 2796 2272 tantum,
2821 2205 2916 2262 sed
2949 2207 3253 2261 universam
3281 2207 3416 2260 civi-

1815 2307 1980 2353 tatem
2021 2298 2188 2377 dedit.
2229 2298 2435 2370 Rogato
2464 2308 2684 2353 mortuo
2715 2299 2980 2352 successit
3015 2296 3336 2353 Vincentius
3362 2296 3416 2351 in

1815 2392 1944 2448 sede
1975 2403 2031 2448 et
2070 2382 2388 2449 schismate.
2425 2393 2549 2448 Fuit
2591 2401 2647 2449 et
2688 2393 2827 2448 alius
2875 2391 3199 2448 Vincentius
3235 2391 3418 2447 Victor

1814 2485 2058 2556 ejusdem
2083 2495 2270 2552 sectas,
2296 2486 2494 2556 prioris
2521 2485 2790 2540 Vineentii
2810 2484 3111 2556 discipulus
3139 2493 3194 2540 et
3215 2485 3414 2551 cultor,

1815 2580 1903 2649 qui
1937 2560 2061 2635 licet
2094 2580 2160 2634 ad
2189 2579 2453 2635 unitatem
2482 2578 2819 2634 Catholicam
2849 2579 3104 2636 rediisset
3131 2621 3145 2646 ,
3193 2595 3298 2633 non
3340 2588 3419 2632 ta-

1817 2689 1938 2727 men
1965 2673 2102 2728 adco
2134 2673 2462 2745 deposuerat
2491 2673 2756 2730 Vincentii
2789 2674 3072 2744 pristinam
3112 2672 3419 2728 veneratio-

1816 2782 1963 2833 nem,
1985 2767 2114 2837 quin
2133 2783 2258 2824 eum
2291 2769 2392 2822 sibi
2415 2767 2737 2838 apparuisse
2760 2768 3012 2837 jactaret,
3037 2775 3093 2822 et
3115 2766 3417 2837 adjutorem

1815 2862 1983 2918 fuisse
2010 2862 2075 2916 ad
2108 2861 2508 2941 conficiendum
2542 2877 2678 2932 opus
2705 2861 2847 2932 quod
2880 2861 3142 2918 adversus
3168 2861 3420 2932 Augusti-

1815 2972 1942 3011 num
1972 2955 2144 3012 edidit
2167 2956 2235 3012 de
2260 2957 2438 3010 anima
2470 2964 2525 3011 et
2553 2957 2670 3025 ejus
2697 2957 2928 3028 origine.

1890 3050 2394 3105 Maximianistarum
2423 3052 2663 3105 scltisma.
2704 3049 3006 3106 Primianus
3036 3049 3420 3106 Maximianum

1816 3143 2048 3198 damnat.
2070 3141 2360 3207 Concilium
2383 3141 2788 3217 Carthaginense
2805 3143 3048 3201 adversus
3076 3144 3418 3204 Primimmm.

149 3240 251 3284 suos
271 3242 550 3289 numerent
575 3234 869 3288 Donatista:
893 3232 946 3287 in
965 3231 1252 3287 collatione
1277 3228 1707 3302 Carthaginensi.
1738 3211 1783 3276 C
1819 3234 2103 3290 Concilium
2150 3224 2630 3292 Cabarsussitatmm
2705 3239 2757 3290 in
2816 3237 3163 3293 Primianum.
3197 3270 3268 3280 -—
3294 3239 3423 3294 Nul-

153 3316 363 3378 l‘ostluec
387 3324 686 3380 Gratianus
714 3340 962 3380 severam
995 3325 1171 3394 legem
1210 3323 1472 3380 adversus
1499 3337 1595 3378 eos
1627 3330 1711 3376 tu-

150 3408 195 3465 lit
220 3429 297 3469 xvi
324 3413 584 3474 kalendas
607 3416 934 3474 Novembris
962 3416 1091 3472 anni
1113 3417 1239 3473 577.

205 3508 468 3568 Donatista:
509 3515 567 3568 iu
621 3516 814 3569 multas
874 3523 1037 3569 sectas
1076 3512 1247 3566 divisi.
1295 3540 1367 3553 --
1404 3507 1562 3565 Circa
1597 3507 1715 3564 hmc

149 3609 354 3674 tempora
385 3606 582 3664 Donati
633 3615 783 3663 secta
836 3607 890 3661 in
922 3607 1122 3661 multas
1169 3613 1349 3675 partes
1384 3612 1468 3659 est
1495 3602 1668 3658 divisa
1697 3617 1713 3667 ;

149 3705 278 3765 aluus:
302 3706 357 3753 ut
381 3701 705 3756 omittamus
721 3699 972 3755 Tichonii
992 3707 1046 3754 et
1066 3697 1408 3754 Parmeniani
1433 3696 1501 3751 de
1525 3694 1714 3750 Eccle-

146 3787 207 3840 sia
228 3797 277 3844 et
299 3790 489 3848 iterato
517 3794 793 3864 baptismo
819 3791 1130 3857 dissidium,
1160 3791 1340 3862 plures
1366 3797 1714 3845 emerserunt

150 3875 264 3933 inter
289 3881 599 3940 Donatistae
627 3883 893 3939 factiones
916 3883 972 3938 iu
999 3882 1316 3938 Mauritania
1344 3891 1398 3937 et
1429 3880 1710 3946 Numidia,

147 3983 255 4038 quas
298 3972 435 4031 haud
469 3978 636 4048 vulgo
686 3987 841 4032 notas
891 3976 1058 4032 fuisse
1112 3976 1302 4031 scribit
1335 3974 1711 4045 Augustinus:

148 4060 253 4120 hinc
294 4066 646 4126 Urbanenses
702 4069 756 4124 in
813 4069 1068 4140 quodam,
1095 4066 1359 4123 Numidia:
1401 4065 1622 4138 angulo,
1658 4075 1715 4122 et

146 4153 489 4220 Claudianisue
523 4165 618 4236 qui
661 4173 845 4233 postea
873 4178 998 4219 cum
1040 4163 1316 4218 Primiano
1367 4162 1712 4217 Parmeniani

143 4267 430 4314 successore
453 4261 506 4315 in
539 4259 774 4332 gratiam
806 4259 1107 4315 redierunt.
1133 4260 1204 4314 At
1229 4258 1632 4329 Rogatistarum
1660 4265 1716 4311 et

142 4345 636 4410 Maximianistarum
679 4353 1014 4425 frequentior
1039 4362 1124 4409 est
1164 4351 1307 4424 apud
1351 4351 1714 4422 Augustinum

143 4444 316 4500 mentio
340 4456 394 4502 et
419 4448 609 4503 notior
635 4447 888 4502 historia.

200 4532 571 4608 Rogatisterum
601 4540 844 4595 schisma.
875 4569 944 4580 —-
966 4539 1366 4611 Rogatistarum
1395 4548 1587 4592 auctor
1615 4535 1717 4590 fuit

1818 3330 1928 3384 lum
1955 3338 2135 3384 autem
2167 3330 2307 3384 inter
2337 3329 2650 3385 Donatistas
2668 3314 2949 3384 dissidium
2982 3331 3157 3400 majus
3190 3345 3253 3385 ac
3278 3330 3422 3386 cele—

1817 3420 1969 3476 brius
2014 3421 2111 3475 fuit
2141 3463 2155 3488 ,
2201 3435 2362 3491 quam
2395 3419 2540 3492 quod
2571 3421 2713 3475 inter
2742 3420 3116 3475 Primianistas
3156 3431 3210 3476 et
3254 3421 3422 3476 Maxi-

1818 3512 2098 3566 mianistas
2131 3513 2463 3568 intercessit.
2482 3513 2659 3583 Coepit
2685 3512 2829 3568 istud
2851 3513 3088 3568 schisma
3121 3514 3278 3583 paulo
3303 3523 3422 3584 post

1816 3625 2015 3670 annum
2068 3609 2195 3673 39!,
2236 3625 2342 3680 quo
2376 3609 2683 3664 Primianus
2724 3608 3010 3664 ordinatus
3039 3619 3123 3665 est
3155 3610 3206 3664 in
3243 3610 3421 3665 locum

1816 3701 2165 3758 Parmeuiani
2208 3701 2661 3771 Carthaginiensis
2689 3702 2982 3772 episcopus
3012 3717 3077 3757 ex
3122 3712 3277 3773 parte
3317 3701 3425 3758 Do-

1817 3798 1958 3865 nati,
2015 3797 2156 3851 sicut
2205 3795 2397 3851 eodem
2432 3794 2604 3851 ferme
2645 3805 2890 3864 tempore
2923 3795 3060 3866 apud
3112 3794 3424 3850 Catholicos

1818 3888 2111 3946 Genethlio
2134 3897 2476 3944 successerat
2496 3886 2772 3944 Aurelius.
2801 3887 2849 3940 Is
2872 3869 3181 3942 Primianus
3226 3902 3423 3942 recens

1817 3983 2101 4039 ordinatus
2127 3981 2842 4045 Maximianum.diacouum
2875 3979 3133 4035 Ecclesia:
3165 3995 3300 4044 suze,
3330 3979 3423 4049 qui

1756 4127 1771 4135 -
1819 4077 2013 4132 Donati
2044 4076 2320 4132 ferebatur
2351 4091 2472 4132 esse
2501 4076 2961 4146 consanguineus,
2994 4074 3147 4144 cujus
3171 4074 3424 4144 superbia

1819 4184 1878 4226 se
1907 4169 2096 4225 lmsum
2133 4169 2378 4240 putabat,
2409 4176 2609 4225 etcum
2634 4184 2700 4224 eo
2732 4177 2844 4224 tres
2867 4167 3000 4222 alios
3030 4169 3290 4223 diaconos
3319 4167 3422 4224 Ro.

1818 4265 2118 4334 gatianum,
2134 4262 2404 4318 Donatum
2420 4273 2475 4318 et
2490 4263 2822 4335 Salgamium
2841 4262 3102 4318 damnare
3121 4264 3423 4332 constituit,

1818 4367 1876 4414 et
1892 4359 1960 4413 de
1985 4357 2121 4412 facto
2146 4357 2196 4412 in
2213 4356 2603 4412 Maximianum
2625 4356 2906 4411 absentem
2931 4356 3257 4411 sententiam
3284 4357 3420 4411 tulit.

1817 4449 2172 4504 Maximianus
2195 4447 2376 4503 divitis
2409 4447 2691 4518 cujusdam
2734 4447 2971 4503 fmtninac
3013 4447 3205 4518 opibus
3232 4447 3423 4514 fretus,

1819 4541 1960 4597 sicut
1988 4542 2116 4597 olim
2143 4540 2436 4610 Majoriuus
2466 4539 2688 4594 Lucili-.e
2718 4541 2981 4610 potentia,
3035 4540 3308 4595 Primianu
3336 4558 3428 4597 re-

143 4621 348 4696 “reatus
374 4631 605 4688 Maurus
635 4633 938 4702 Episcopus
979 4648 1042 4688 ac
1094 4632 1235 4686 forte
1288 4629 1711 4693 Carlctmensis;
1742 4613 1799 4674 D
1822 4635 1996 4702 stitit,
2021 4647 2076 4690 et
2099 4635 2354 4705 adjuncta
2385 4633 2486 4690 sibi
2513 4633 2684 4704 plebis
2705 4630 3150 4704 Carthaginiensis
3184 4643 3334 4704 parte
3364 4649 3428 4689 ac

141 4729 278 4791 atque
318 4725 388 4782 ob
435 4727 488 4782 id
529 4743 634 4798 per
673 4715 1051 4780 Mauritaniam
1100 4723 1493 4798 Caesariensem
1541 4721 1718 4790 sparsi

142 4825 336 4871 numero
367 4819 557 4888 pauci.
617 4818 793 4875 Causa
847 4817 1175 4874 secessionis
1203 4831 1390 4872 eorum
1429 4832 1460 4871 a
1505 4814 1721 4872 caeteris

141 4902 402 4967 Donatistis
448 4913 689 4968 incerta.
731 4911 979 4983 Reliquis
1018 4920 1177 4968 erant
1219 4910 1467 4966 mitiores
1508 4919 1562 4965 et
1599 4909 1719 4963 Cir-

140 5003 538 5061 cumcellionum
571 5004 828 5076 gregibus
861 5019 970 5060 non
1001 5003 1310 5059 utebantur.
1342 5001 1446 5058 Sed
1474 5001 1714 5072 Rogatus

138 5087 394 5154 delitescit)
422 5100 631 5171 quibus
673 5114 896 5154 suorum
954 5097 1119 5154 rebus
1151 5097 1415 5153 acerrima
1464 5111 1718 5167 persevc-

139 5191 287 5245 mtia
315 5193 480 5248 etiam
513 5193 721 5250 forensi
752 5191 1124 5265 disputatiom
1154 5189 1468 5246 conflixisse
1495 5188 1715 5260 legitur.

137 5273 387 5341 iactabant
415 5286 500 5341 illi
524 5285 806 5341 Christum
835 5299 957 5340 cum
998 5283 1211 5339 veniret
1253 5282 1319 5337 ad
1357 5281 1622 5353 judicium
1660 5280 1716 5336 in

136 5375 231 5430 suis
251 5387 458 5436 tantum
479 5389 834 5451 reperturum
858 5379 1054 5446 fidem;
1092 5387 1254 5449 atque
1291 5379 1365 5433 ita
1398 5395 1504 5433 non
1536 5377 1717 5433 minus

135 5478 268 5525 erant
295 5472 606 5530 Donatistis
631 5488 793 5545 quam
821 5471 1120 5528 Catholicis
1151 5471 1349 5526 odiosi.
1385 5469 1520 5527 Cum
1553 5470 1719 5541 igitur

135 5562 375 5635 reliquum
403 5583 619 5640 corpus
645 5568 1052 5624 Donatistarum
1080 5567 1366 5623 factionem
1387 5565 1528 5622 hanc
1545 5582 1717 5638 aeger-

133 5656 249 5715 rime
292 5663 500 5732 ferret,
535 5664 835 5720 saeculares
866 5663 1141 5734 principes
1186 5663 1241 5718 in
1296 5675 1389 5718 eos
1438 5662 1712 5717 excitavit.

136 5751 220 5808 Per
247 5756 294 5812 id
325 5767 548 5830 tempus
573 5758 952 5816 Valentiniano
979 5767 1034 5814 et
1065 5757 1290 5815 Valente
1319 5757 1717 5828 imperantibus

132 5839 326 5910 Firmus
353 5851 583 5911 Maurus
633 5850 852 5910 Nubelis
893 5851 1227 5909 Mauritaniae
1285 5850 1428 5922 regis
1477 5850 1642 5918 illius,
1672 5850 1718 5906 is

1825 4730 2136 4786 senioribus
2163 4727 2510 4800 quibusdam,
2551 4726 2746 4782 horum
2779 4727 3000 4782 nomine
3032 4727 3239 4782 litteras
3262 4736 3317 4782 et
3343 4728 3422 4782 lc-

1823 4835 1977 4895 gatos
2000 4822 2068 4876 ad
2100 4821 2414 4876 universum
2454 4818 2683 4874 chorum
2713 4817 3092 4889 episcoporum
3125 4819 3291 4886 misit,
3325 4817 3424 4874 de-

1824 4929 2056 4986 precans
2084 4921 2142 4969 ut
2179 4911 2561 4984 Carthaginem
2603 4911 2873 4966 venirent.
2910 4897 3028 4981 ipse
3070 4910 3428 4966 Maximianus

1821 5005 2034 5062 vicinos
2073 5005 2376 5076 Episcopus
2408 5003 2580 5071 adiit,
2631 5002 2826 5073 quibus
2873 5003 3238 5058 innocentiam
3272 5018 3426 5059 suam

1823 5102 2103 5170 exposuit,
2134 5097 2430 5154 concitavit
2457 5097 2717 5152 invidiam
2749 5096 3049 5165 Primiano,
3089 5107 3251 5166 atque
3303 5113 3428 5155 eum

1823 5190 2022 5247 deinde
2065 5189 2209 5261 apud
2264 5187 2392 5245 illos
2432 5187 2726 5243 accusavit.
2779 5187 2845 5242 lli
2891 5203 3019 5260 ergo
3047 5189 3430 5262 Carthaginem

1822 5301 1948 5344 cum
1972 5287 2256 5343 venissent
2283 5299 2511 5341 numero
2536 5284 2627 5348 45,
2662 5282 2972 5338 Primianus
3018 5283 3084 5337 ad
3124 5300 3220 5339 eos
3265 5300 3426 5339 acce-

1824 5379 1959 5436 dere
1991 5377 2185 5444 noluit,
2203 5385 2258 5433 et
2278 5377 2546 5433 conducta
2573 5375 2919 5432 multitudine
2938 5383 3103 5446 atque
3128 5377 3431 5447 impetratis

1826 5475 2156 5532 officialibus
2185 5472 2534 5529 basilicarum
2560 5472 2752 5541 januas
2783 5468 3020 5536 obsedit,
3049 5479 3103 5524 et
3131 5471 3426 5541 episcopis,

1824 5569 1920 5639 qui
1944 5569 2209 5622 adversus
2252 5581 2377 5623 eum
2421 5573 2712 5630 venerant,
2745 5562 3086 5633 ingrediendi
3136 5563 3186 5616 in
3235 5579 3328 5619 eas
3375 5574 3431 5621 et

1827 5661 2024 5733 agendi
2053 5659 2319 5717 solemnia
2335 5656 2648 5715 facultatem
2679 5646 2983 5720 interdixit.
3006 5652 3209 5722 Semel,
3234 5657 3430 5712 iterum

1829 5765 1885 5812 et
1911 5755 2074 5813 tertio
2096 5755 2161 5811 ad
2208 5769 2397 5811 eorum
2427 5751 2719 5810 concilium
2751 5758 2978 5806 vocatus
3010 5749 3204 5807 adesse
3229 5753 3430 5818 renuit,

1829 5849 2028 5908 missos
2059 5864 2089 5906 ι
2111 5844 2347 5908 concilio
2375 5847 2519 5907 male
2549 5843 2855 5905 mulctavit.
2891 5844 2946 5901 ln
2976 5860 3097 5902 eum
3145 5845 3432 5906 absentem
