3898 6320
502 326 608 384 807

1681 302 2003 363 HISTORIA
2045 294 2603 359 DONATISTARUM.
3635 294 3713 352 808

504 437 741 512 episcopi
773 451 878 492 non
922 431 1038 487 ausi
1084 434 1215 487 sunt
1239 436 1351 483 tum
1382 423 1643 497 temporis
1670 423 1913 479 ultimum
1955 420 2099 499 ferre
2126 422 2178 482 Α
2207 426 2512 473 tercentum
2542 422 2596 469 et
2621 411 2813 468 decem
2843 408 3123 480 episcopi:
3163 408 3215 462 in
3242 422 3308 464 eo
3336 423 3435 466 non
3459 418 3630 466 tantum
3648 411 3718 468 ab-

500 533 781 607 judicium,
812 527 908 599 sed.
931 523 1153 599 quodam
1178 520 1489 595 prwjudieio
1517 519 1902 577 consuluerunt,
1930 514 2103 583 inquit

505 624 837 695 Augustinus
867 619 904 674 1.
937 634 993 674 tv
1019 625 1210 674 contra
1237 612 1449 678 Cresc.,
1483 628 1607 682 cap.
1639 611 1693 676 6,
1722 620 1774 663 ut
1810 608 2099 673 Primiano,

506 719 550 774 si
581 731 749 771 causa:
775 729 885 769 sua:
912 711 1115 782 ﬁderet,
1175 707 1403 781 sequenti
1448 705 1710 761 celebriori
1754 701 1974 757 concilio
2016 716 2100 753 re-

502 807 791 882 spondeudi
824 820 1032 876 seseque
1059 801 1315 875 purgandi
1360 799 1734 867 relinqueretur
1761 794 1921 849 locus.
1947 791 2101 860 Quod

500 905 791 962 concilium
830 897 1148 957 Cabarsussi
1181 898 1232 950 in
1280 895 1562 966 Byzazena
1609 889 1767 960 paulo
1797 895 1920 958 post
1951 884 2104 938 habi-

504 1008 617 1055 tum
651 995 816 1068 priori
840 989 1205 1055 numerosius,
1223 997 1276 1044 et
1293 996 1534 1051 centum,
1558 983 1603 1039 si
1624 980 1924 1052 Augustino
1946 976 2101 1043 ﬁdes,

504 1091 911 1162 episcoporum,
939 1098 1065 1141 cum
1104 1092 1282 1137 tamen
1334 1079 1386 1134 in
1426 1074 1827 1146 subscriptione
1856 1068 2103 1139 epistolae

505 1185 667 1255 hujus
713 1177 930 1238 concilii
964 1174 1349 1247 quinquaginta
1392 1172 1553 1225 triutn
1584 1162 1964 1223 tantummodo
2002 1176 2103 1215 no-

506 1279 652 1334 mina
683 1281 919 1331 ex~tent.
966 1269 1023 1324 In
1054 1282 1121 1325 eo
1150 1265 1384 1323 concilio
1437 1259 1713 1318 sententia
1747 1255 2023 1312 deﬁnitiva
2050 1251 2101 1306 in

508 1371 842 1428 Primianum
876 1365 983 1420 lata
1015 1362 1099 1418 bis
1126 1359 1307 1416 verbis
1335 1375 1347 1411 :
1374 1354 1704 1410 Decrecimus
1731 1365 1905 1405 omnes
1930 1340 2103 1401 sacer-

504 1465 647 1519 dotes
683 1461 795 1526 Dei,
826 1466 1072 1529 prtesente
1102 1453 1303 1526 Spiritu
1330 1458 1528 1513 sancto,
1566 1446 1701 1499 hunc
1722 1440 1957 1498 eumdem
1982 1437 2105 1494 Pri-

514 1555 767 1619 mianum,
799 1550 965 1623 primo
994 1545 1132 1619 quod
1153 1558 1308 1615 super
1329 1541 1463 1595 vivos
1492 1538 1779 1610 episcOpos,
1821 1532 1952 1586 alios
1978 1528 2097 1583 sub-

510 1649 707 1722 rogavit
739 1663 758 1701 :
799 1643 938 1715 quod
983 1643 1201 1696 incestos
1254 1652 1369 1691 cum
1411 1642 1706 1703 sanctorum
1750 1624 2104 1682 communione

506 1743 765 1798 miscuerit
792 1736 968 1809 :quod
1000 1732 1320 1808 presbyteros
1365 1726 1434 1782 ad
1463 1722 1870 1797 conjuratiouem
1914 1717 2102 1771 ineun-

2204 510 2413 566 Solutus
2440 519 2548 574 est,
2580 507 2675 563 sed
2707 516 2762 562 et
2789 505 3077 561 damnatus
3103 502 3446 578 Maximianus
3466 519 3521 560 ac
3543 504 3719 575 eiusar-

2204 604 2483 659 dinatores
2528 617 2649 659 cum
2691 598 2910 656 clericis
2951 595 3212 653 Ecclesia:
3236 595 3629 666 (Iarthaginensis
3651 600 3719 670 qui

2204 697 2536 753 Ordinationi
2575 698 2695 764 ejus
2741 692 3120 749 interfuerant.
3193 690 3413 747 (lectoris
3461 692 3539 762 qui
3581 704 3721 761 partes

2205 787 2513 845 Maximiani
2537 787 2707 844 secuti
2730 797 2912 853 erant,
2931 795 3145 855 tempus
3164 783 3346 840 datum
3375 799 3527 856 usque
3540 785 3595 838 ad
3613 786 3721 841 diem

2205 899 2300 939 vui
2328 882 2440 938 kal.
2481 880 2720 937 Januarii
2751 921 2766 945 ,
2795 880 2932 934 intra
2976 878 3121 947 quod
3154 877 3197 930 si
3246 875 3513 931 rediissent
3551 877 3660 931 nihil
3683 879 3721 932 in

2205 988 2302 1030 eos
2327 973 2619 1037 statuitur;
2652 971 2732 1025 siu
2770 984 2902 1025 vero
2934 968 2983 1023 id
3011 976 3272 1048 przcstare
3298 966 3727 1038 neglexerint,sen-

2208 1069 2374 1125 tentia
2408 1069 2460 1122 in
2492 1081 2587 1123 eos
2616 1066 2811 1129 fertur,
2841 1064 2913 1119 ita
2948 1072 3005 1118 ut
3049 1080 3155 1119 non
3203 1063 3404 1133 possint
3432 1071 3540 1133 post
3559 1062 3722 1132 prasti-

2208 1172 2381 1219 tutum
2413 1160 2556 1217 diem
2587 1157 2688 1214 nisi
2723 1175 2817 1229 per
2848 1157 3217 1226 paenitentiam
3242 1155 3442 1211 admitti
3472 1171 3528 1210 ac
3549 1155 3727 1226 proinde

2206 1255 2423 1311 amissis
2446 1252 2741 1309 honoribus
2770 1252 2904 1307 suis.
2947 1251 3116 1319 Hujus
3142 1250 3437 1314 sententia},
3463 1264 3600 1319 quam
3624 1248 3727 1306 inte-

2204 1363 2356 1418 grain
2401 1345 2574 1401 ferme
2604 1361 2667 1401 ex
2709 1345 2870 1399 variis
2916 1342 2974 1398 S.
3008 1343 3295 1413 Augustini
3343 1341 3463 1396 locis
3501 1343 3728 1398 retulimus

2207 1439 2349 1494 inter
2375 1446 2556 1494 vetera
2577 1446 2947 1515 ttiotttititetrta,
2981 1445 3169 1490 auctor
3208 1434 3311 1488 fuit
3356 1433 3597 1488 Emeritus
3636 1432 3727 1502 epi—

2207 1545 2404 1600 scopus
2418 1528 2771 1585 Caesariensis
2796 1546 2809 1580 :
2834 1544 3090 1597 qttzecnm
3124 1527 3177 1581 in
3200 1525 3429 1582 concilio
3451 1523 3729 1581 decerni-mla

2205 1623 2428 1679 recitata
2467 1633 2571 1689 est,
2625 1638 2721 1678 ore
2768 1621 3048 1677 lictiss'imo
3089 1637 3283 1676 omnes
3331 1621 3729 1682 acclamaveruut,

2208 1718 2400 1790 partim
2417 1717 2597 1789 gavisi
2625 1716 2767 1787 quod
2801 1728 2908 1773 tam
2934 1728 3075 1771 esset
3105 1716 3331 1783 diserta,
3357 1715 3535 1785 partim
3556 1713 3731 1785 quodin

505 1836 624 1890 dum
650 1830 1000 1901 constringere
1044 1822 1342 1897 pertentarit
1372 1835 1391 1874 :
1424 1817 1562 1888 quod
1591 1812 1938 1868 Fortunatam
1962 1821 2104 1876 pres—
2134 1820 2182 1881 Β
2209 1827 2270 1866 ea
2330 1810 2698 1866 Schismaticis
2761 1810 2873 1865 suis
2929 1818 3035 1863 mm
3090 1807 3374 1880 ξηείεηίιοι-
3420 1805 3731 1863 insutu,an

505 1928 738 2001 byterunt
786 1924 839 1978 in
879 1896 1109 1975 cloacam
1155 1913 1328 1985 fecerit
1384 1909 1539 1976 mitti,
1592 1922 1709 1960 cum
1737 1896 2103 1974 aegrotantibus

505 2023 758 2095 baptismo
787 2014 1123 2073 succurrisset
1151 2026 1168 2063 :
1200 2006 1337 2076 quod
1385 1999 1796 2058 communionem
1838 1990 2101 2047 Demetrio

507 2086 807 2189 presbytero
837 2105 1124 2179 denegarit,
1158 2112 1211 2156 ut
1242 2109 1441 2173 cogeret
1471 2097 1637 2168 ﬁlium
1667 2091 1944 2146 abdicare:
1969 2086 2104 2156 quod

503 2177 641 2264 idem
662 2177 934 2277 presbyter
964 2177 1269 2270 objurgatns
1296 2193 1385 2255 sit,
1419 2188 1554 2259 quod
1585 2186 1852 2257 episcopos
1883 2177 2103 2251 hospitio

505 2273 844 2370 suscepisset
864 2291 1002 2364 quod
1030 2286 1359 2358 supradictus
1393 2280 1696 2337 Primianus
1724 2273 2103 2330 multitudinem

506 2361 721 2456 miserit,
749 2401 863 2458 quia
877 2361 1303 2438 Christianorum
1335 2374 1786 2444 domos§everteret
1810 2382 1828 2420 :
1858 2363 1995 2435 quod
2016 2361 2105 2417 ob-

504 2482 630 2541 sessi
656 2483 757 2538 sint
787 2475 1017 2551 episcopi
1039 2470 1196 2529 simul
1219 2480 1267 2524 et
1294 2469 1489 2532 clerici,
1510 2474 1556 2520 et
1581 2472 1757 2534 postea
1779 2460 1842 2514 ab
1874 2459 1986 2529 ejus
2020 2472 2104 2510 sa-

502 2576 750 2636 tellitibus
772 2570 992 2644 lapidati
1011 2565 1189 2641 :quod
1215 2565 1268 2620 in
1297 2561 1510 2616 basilica
1546 2557 1665 2613 caesi
1708 2555 1809 2609 sint
1856 2551 2102 2615 seniores,

500 2668 642 2743 quod
669 2666 878 2738 indigne
920 2662 1114 2733 {errent
1158 2653 1547 2712 Claudianistas
1577 2647 1645 2703 ad
1694 2644 2105 2702 communionem

501 2761 747 2818 admitti:
777 2754 914 2829 quod
942 2755 1238 2808 innocentes
1281 2746 1494 2802 clericos
1536 2741 1790 2815 putaverit
1838 2753 1944 2793 esse
1983 2751 2107 2789 con-

500 2851 817 2910 demnandos
832 2865 850 2904 :
867 2846 1005 2920 quod
1024 2862 1077 2901 se
1104 2843 1248 2904 nobis
1271 2838 1584 2895 audiendum
1607 2832 1825 2890 noluerit
1848 2829 2103 2893 exhibere,

507 2962 625 3001 cum
654 2941 984 2998 basilicarum
1006 2940 1143 3009 [ores
1171 2949 1235 2987 ne
1262 2928 1667 3003 ingrederentur,
1697 2920 2027 2977 multitudine
2056 2927 2106 2975 et

502 3037 680 3108 ofﬁcio
706 3030 1047 3089 intercluserit
1078 3043 1096 3082 :
1118 3025 1255 3098 quod
1288 3024 1482 3097 legatos
1509 3037 1541 3075 a
1563 3017 1727 3083 nobis,
1748 3017 1815 3068 ad
1842 3031 1896 3069 se
1922 3014 2104 3067 missos

498 3130 751 3201 iniuriose
792 3118 1220 3197 rejecerit:quod
1250 3117 1362 3171 loca
1403 3115 1568 3169 multa
1592 3114 1638 3166 vi
1686 3108 1873 3179 primo,
1920 3100 2105 3161 dehinc

2206 1909 2500 1981 Postquam
2526 1924 2654 1964 vero
2682 1909 2922 1963 omnium
2957 1921 3227 1962 consensu
3246 1905 3504 1977 publicata
3525 1914 3615 1968 est,
3643 1917 3735 1958 uia-

2203 2003 2322 2073 gnis
2345 2001 2493 2056 illico
2532 2000 2727 2055 animis
2757 1999 3045 2055 damnatos
3083 1999 3341 2069 persequi
3370 2004 3639 2065 coeperunt.
3674 1993 3736 2048 Ad

2211 2093 2496 2149 basilicam
2538 2093 2842 2148 Maximiani
2877 2092 3145 2153 conversi,
3171 2105 3333 2161 quam
3360 2106 3462 2145 non
3489 2089 3737 2153 basilicam,

2201 2187 2296 2244 sed
2321 2186 2634 2256 speluncam
2658 2185 2945 2250 vocabant,
2960 2185 3230 2240 concitato
3245 2198 3411 2255 grege
3429 2198 3520 2238 suo
3539 2190 3739 2237 everten-

2204 2277 2328 2333 dam
2351 2288 2639 2341 curarunt;
2668 2293 2842 2348 neque
2869 2276 2968 2331 hoc
2991 2283 3277 2331 contentus
3306 2274 3589 2330 Primianus
3612 2271 3741 2326 Mari-

2204 2375 2443 2430 mianum
2476 2374 2708 2446 pr0priis
2735 2371 2941 2428 aedibus
2963 2372 3211 2427 mandata
3244 2372 3622 2441 procuratione,
3641 2367 3739 2421 utin

2206 2470 2621 2526 exorcisterium
2653 2468 3095 2525 Ecclesia~ticum
3127 2475 3539 2523 converteretur.
3575 2463 3745 2518 lasciue

2206 2563 2311 2620 sibi
2338 2563 2627 2618 sacerdote
2657 2563 2834 2633 legato
2856 2560 3199 2632 Carthaginis
3229 2560 3543 2617 deturbavit.
3566 2557 3743 2612 Talibus

2208 2657 2377 2712 initiis
2400 2656 2583 2726 plures
2613 2673 2641 2711 e
2668 2656 3080 2711 Maximiauistis
3109 2655 3286 2710 territi
3320 2656 3454 2710 intra
3490 2653 3614 2708 diem
3640 2650 3743 2706 dilu-

2208 2747 2371 2803 tionis
2402 2748 2643 2818 pristinis
2678 2762 2739 2804 se
2777 2747 2942 2804 sociis
2971 2746 3351 2814 reddiderunt,
3372 2757 3424 2801 et
3447 2748 3628 2816 recepti
3650 2751 3745 2800 suat

2207 2842 2274 2898 ab
2297 2842 2364 2897 iis
2388 2852 2659 2913 tamquam
2682 2841 2892 2912 purgati
2918 2851 3081 2911 atque
3119 2841 3456 2897 innocentes.
3484 2837 3580 2894 Alii
3602 2854 3627 2892 e
3644 2851 3745 2892 Cull-

2210 2947 2288 2991 tra
2322 2937 2372 2990 iu
2408 2936 2981 3006 propositoohstinate
3004 2944 3443 3006 permanserunt,
3465 2949 3619 3004 neque
3637 2929 3745 2985 ltlad

2207 3027 2538 3085 Primianum
2576 3027 2817 3083 redirent
2844 3026 3039 3082 adduci
3071 3039 3385 3095 potuerunt.
3424 3027 3550 3082 ltum
3587 3025 3747 3080 idcirco

2208 3119 2273 3175 ad
2308 3120 2796 3190 prociinsulesipti,
2832 3119 2959 3175 licet
2989 3139 3014 3170 ει
3038 3116 3745 3190 Christianisimperatoribus

497 3199 804 3279 auctoritate
841 3215 1127 3288 judiciaria
1177 3208 1544 3281 usurpaverit:
1573 3204 1759 3278 praeter
1787 3201 1894 3255 alia
1916 3199 2101 3253 illicita

2208 3213 2510 3279 constituti,
2540 3221 2697 3268 erant
2721 3212 3075 3268 nihilominus
3100 3212 3343 3268 Ethnici.
3391 3211 3542 3283 Apud
3580 3210 3748 3266 bosiu-

499 3317 614 3389 ejus
643 3309 890 3372 admissa,
914 3322 1028 3380 quae
1055 3321 1147 3374 pro
1175 3302 1438 3357 honestate
1467 3297 1588 3369 styli
1615 3293 1777 3350 nostri
1798 3293 2104 3357 siluinms,a

503 3406 812 3466 sacerdotali
836 3406 993 3459 choro
1024 3408 1269 3474 perpetuo
1295 3410 1403 3452 esse
1432 3394 1733 3448 damnatum
1758 3407 1775 3445 :
1804 3406 1866 3445 ne
1896 3405 1954 3444 eo
1983 3389 2100 3459 pal-

502 3509 644 3574 pato,
675 3500 769 3554 Dei
796 3495 1050 3559 Ecclesia,
1093 3502 1181 3545 aut
1225 3487 1548 3560 contagione,
1578 3493 1669 3538 aut
1693 3484 1865 3555 aliqua
1895 3481 2105 3535 crimine

503 3592 810 3649 maculetur.
842 3586 1049 3643 Placuit
1091 3600 1217 3640 sane
1242 3582 1387 3637 nobis
1408 3589 1457 3635 et
1476 3578 1700 3649 Spiritui
1730 3586 1933 3641 sancto,
1966 3574 2103 3645 quod

502 3695 699 3756 tentpus
747 3679 913 3736 tardis
957 3679 1025 3733 ad
1056 3674 1449 3733 convertendum
1497 3682 1780 3727 reservetur
1822 3670 1914 3725 sub
1941 3686 2019 3733 eo,
2052 3677 2105 3722 ut

500 3780 805 3852 quicumque
833 3774 1257 3830 consacerdotum
1299 3769 1380 3824 uel
1425 3769 1730 3822 clericorum
1758 3782 1868 3820 sua:
1919 3763 2104 3819 salutis

500 3875 843 3937 immemores,
875 3885 906 3922 a
933 3866 1018 3922 die
1046 3863 1391 3919 damnationis
1416 3859 1707 3930 supradicti
1739 3856 2017 3923 Primiani,
2049 3855 2105 3910 id

501 3978 574 4024 est
585 3986 615 4021 a
628 3967 713 4022 die
728 3980 820 4021 vui
832 3960 1169 4018 kalendarum
1183 3955 1466 4022 Iuliarum,
1486 3968 1643 4022 usque
1655 3950 1723 4005 ad
1736 3953 1871 4005 diem
1897 3950 2002 4024 ιθ
2016 3965 2104 4005 vttt

501 4059 836 4116 kalendarum
874 4052 1270 4113 Ianuariarum,
1299 4048 1466 4102 minus
1497 4062 1527 4098 a
1579 4043 1835 4098 Primiani
1874 4042 2105 4096 damnati

503 4152 860 4210 communione
886 4145 1207 4208 recesserint,
1250 4139 1342 4195 tali
1368 4138 1618 4195 sententia
1644 4137 2062 4207 constringuntur
2082 4153 2101 4190 :

499 4246 649 4302 Laici
669 4259 866 4314 quoque
892 4241 992 4295 nisi
1014 4254 1068 4293 se
1085 4253 1117 4291 a
1138 4235 1440 4308 supradicto
1460 4233 1542 4286 die
1564 4229 1913 4284 damnationis
1941 4229 2101 4295 illius,

499 4341 639 4394 intra
668 4337 804 4391 diem
833 4332 1055 4388 Pascha
1100 4331 1309 4400 futurae,
1358 4324 1422 4379 ab
1464 4325 1577 4390 eius
1609 4323 1868 4377 consortio
1896 4337 2106 4393 separa—

498 4433 700 4496 verint,
744 4444 849 4483 non
901 4439 1049 4497 posse
1101 4435 1405 4493 quemquam
1443 4416 1544 4472 nisi
1595 4432 1685 4487 per
1735 4413 2102 4486 paenitentiam,

498 4522 751 4593 siquidem
818 4516 1198 4583 meminerint,
1271 4511 1514 4567 Ecclesiae
1590 4506 1889 4580 reformari.
1965 4505 2105 4561 Hinc

2209 3306 2431 3362 duetum
2460 3317 2544 3362 cst
2573 3306 2851 3362 decretum
2883 3305 3202 3377 Bagaiense,
3242 3307 3487 3378 allegatae
3526 3306 3653 3374 leges
3678 3298 3748 3354 ad-

2208 3418 2397 3459 versus
2443 3405 2730 3461 haereticos
2755 3446 2769 3472 ,
2820 3405 3017 3475 quibus
3058 3404 3396 3475 jubebantur
3432 3402 3648 3461 basilicis
3682 3415 3750 3455 cx-

2208 3494 2332 3564 pelli
2360 3512 2372 3547 :
2404 3494 2709 3565 impetratae
2753 3496 2823 3552 ab
2853 3496 2919 3551 iis
2943 3497 3216 3568 jitssiones
3251 3498 3451 3569 quibus
3473 3490 3748 3565 exequendis

2206 3585 2510 3641 ofﬁciorum
2539 3597 2593 3642 et
2614 3586 2894 3643 civitatum
2918 3588 3114 3643 auxilia
3149 3590 3444 3658 postulata,
3464 3587 3615 3658 utqui
3634 3588 3751 3641 erant

2205 3678 2449 3735 damnati
2502 3680 2555 3734 in
2604 3679 2833 3735 concilio
2865 3679 3143 3750 Bagaiensi
3177 3696 3388 3752 suaque
3415 3679 3614 3751 pr0pria
3652 3691 3751 3729 cou-

2205 3772 2474 3826 venticula
2521 3770 2955 3843 frequentabant,
2993 3773 3108 3829 loca
3146 3785 3200 3830 et
3235 3774 3489 3830 basilicas
3525 3785 3644 3842 quas
3671 3781 3750 3822 neu

2208 3865 2537 3931 invaserant,
2568 3865 2664 3922 sed
2701 3880 2821 3921 cum
2857 3866 3070 3936 populis
3114 3866 3220 3923 sibi
3258 3865 3641 3923 cultant-talibus
3661 3874 3754 3933 pet-

2206 3965 2367 4028 petua
2389 3958 2739 4029 possessione
2777 3959 3105 4022 retinebant,
3141 3975 3206 4015 ex
3241 3959 3353 4016 illis
3379 3958 3751 4031 erpellerentur.

2209 4049 2371 4105 llisce
2395 4049 2659 4106 molestiis
2685 4050 2904 4117 quidam
2934 4050 3087 4106 facile
3111 4065 3399 4108 cesserunt
3431 4066 3594 4118 neque
3625 4050 3753 4101 multa

2208 4144 2351 4213 passi
2381 4150 2542 4207 sunt;
2575 4144 2663 4214 qui
2695 4156 2877 4200 autem
2908 4146 3161 4202 resistere
3184 4143 3757 4215 ternaierunt,graritcr

2206 4234 2424 4302 altlicti;
2453 4236 2544 4306 qui
2569 4237 2880 4308 superiores
2904 4236 3108 4294 viribus
3150 4254 3261 4294 non
3317 4241 3467 4296 luere
3485 4281 3503 4306 ,
3527 4236 3635 4292 rieti
3662 4241 3756 4290 sunt

2206 4336 2261 4384 ct
2281 4328 2512 4398 expulsi,
2538 4328 2736 4400 aliique
2768 4331 2821 4383 in
2844 4345 3031 4385 eorum
3062 4332 3239 4386 locum
3267 4330 3523 4388 ordinati.

2279 4418 2733 4475 Primianistarum
2783 4422 2916 4477 actio
2946 4425 3192 4479 adversus
3221 4425 3468 4481 Saluium
3506 4420 3757 4478 Manilia-si-

2208 4522 2403 4577 tonum,
2426 4510 2745 4567 Felicianum
2769 4512 2821 4566 Μ
2832 4514 3055 4569 ustitauu
3063 4532 3111 4567 m
3132 4524 3180 4570 et
3202 4513 3572 4572 Prwtextatum
3589 4508 3736 4568 Assuri

499 4615 760 4674 discimus
794 4608 1084 4669 concilium
1137 4607 1308 4661 hocce
1354 4603 1596 4657 habitum
1649 4599 1821 4654 fuisse
1882 4596 1972 4654 die
2025 4597 2097 4652 24
2134 4603 2181 4661 υ
2209 4616 2407 4658 (annm.
2435 4634 2505 4646 —
2538 4606 2593 4660 In
2622 4604 2979 4662 Ordinatores
3007 4608 3321 4663 Maximiani
3354 4610 3445 4680 qui
3488 4604 3756 4663 nominatim

497 4707 643 4767 Junii
699 4705 827 4759 anni
880 4701 1016 4767 595,
1081 4714 1205 4754 cum
1262 4694 1555 4752 concilium
1615 4692 2005 4762 Bagaitanum,
2042 4689 2096 4745 in

498 4816 608 4873 quo
636 4797 797 4868 hujus
824 4801 944 4849 acta
976 4792 1208 4847 rescissa
1251 4799 1399 4849 sunt,
1453 4784 1709 4842 consules
1738 4784 1934 4838 haheat
1973 4783 2099 4838 anni

496 4894 627 4952 394.
663 4889 885 4959 Dejecto
918 4883 1194 4940 Primiano
1218 4880 1383 4936 iidem
1426 4879 1667 4949 episcopi
1704 4877 2098 4932 Maximianum

498 4983 983 5055 Carthaginensem
1030 4974 1346 5046 episcopum
1397 4972 1449 5027 in
1480 4970 1599 5041 ejus
1628 4971 1803 5024 locum
1842 4969 2097 5040 designa-

500 5088 647 5145 ruut,
674 5078 765 5148 qui
792 5075 950 5148 paulo
980 5084 1155 5145 posta
1187 5069 1474 5125 duodecim
1517 5066 1788 5137 episcopis
1818 5064 2099 5120 ordinatus

499 5183 586 5231 est
609 5181 798 5227 contra
845 5166 1176 5224 Primianum
1227 5163 1371 5217 sicut
1398 5158 1527 5215 olim
1571 5156 1861 5228 Majoi'inus
1907 5165 2099 5211 contra

501 5267 874 5326 Circilianum.

574 5359 860 5418 Concilium
885 5353 1171 5428 Bagaiense
1192 5359 1371 5404 contra
1397 5345 1777 5401 Maximianam
1795 5357 1840 5399 et
1866 5349 1983 5419 ejus
2009 5361 2095 5399 as-

500 5457 682 5515 seclas.
712 5450 1164 5508 Primianistarum
1182 5445 1235 5499 in
1256 5439 1671 5496 Maximianistas
1696 5439 2001 5510 persecutio.
2030 5467 2102 5478 -—

506 5550 778 5608 Adversus
797 5546 1023 5601 istorum
1045 5546 1276 5594 conatus
1297 5542 1486 5590 utsesc
1507 5540 1748 5588 tueretur
1770 5531 2096 5594 Primianus,

503 5643 794 5703 concilium
825 5631 1173 5693 numerosius
1194 5626 1495 5701 cogendum
1526 5640 1649 5681 esse
1685 5642 1790 5679 non
1812 5625 2100 5695 dubitavit,

505 5747 558 5791 et
600 5736 654 5789 in
686 5746 754 5787 eo
793 5724 1101 5785 Maximiani
1146 5736 1364 5779 causam
1416 5710 1705 5789 agendam.
1740 5715 1991 5770 Habitum
2019 5727 2104 5773 est

508 5827 668 5902 Bagai
709 5827 763 5882 in
792 5820 1040 5881 Numidia
1073 5816 1142 5872 24
1172 5815 1258 5873 die
1286 5813 1489 5891 Aprilis
1529 5811 1659 5868 anni
1687 5809 1816 5867 59L
1867 5809 2103 5871 Adlucre

2205 4697 2449 4753 damnati
2477 4697 2692 4754 fuerant
2724 4699 2774 4753 iu
2806 4700 3039 4754 concilio
3069 4700 3370 4771 Bagaitano
3406 4700 3659 4773 praecipue
3677 4708 3756 4750 sm-

2204 4793 2410 4856 vitum;
2453 4806 2516 4847 ac
2562 4795 2864 4862 priesertim
2922 4793 2976 4848 in
3035 4793 3279 4851 Salvium
3331 4793 3754 4852 Memhresitanum

2204 4885 2543 4954 episcopum,
2565 4884 2615 4938 in
2646 4885 2802 4954 cujus
2824 4885 3001 4941 locum
3034 4902 3179 4945 anno
3205 4888 3332 4957 ipso
3354 4888 3480 4944 δεμ.
3506 4885 3757 4942 Restitutus

2206 4975 2384 5029 fuerat
2412 4973 2773 5031 Primianistis
2800 4975 3099 5033 ordinatus.
3130 4978 3323 5034 Delata
3350 4993 3511 5035 causa
3538 4977 3598 5032 ad
3620 4975 3754 5030 llero-

2206 5064 2331 5121 dem
2376 5068 2760 5135 proconsulem
2808 5067 3153 5125 Nummasius
3205 5069 3465 5127 Restituti
3511 5069 3756 5126 advocatus

2210 5159 2386 5230 petiit,
2430 5168 2490 5213 ut
2525 5159 2783 5215 Primiani
2815 5162 3185 5217 communioni
3234 5163 3639 5221 Membresitaua
3673 5157 3756 5211 Ec-

2206 5251 2374 5307 clesia
2407 5251 2734 5318 traderetur,
2773 5253 3015 5324 allegans
3039 5254 3286 5310 Salvium
3319 5272 3353 5312 e
3379 5252 3662 5313 Maximiani
3685 5265 3755 5302 or-

2208 5344 2549 5415 dinatoribus
2603 5360 2769 5433 unum
2823 5344 3139 5418 Bagaiensis
3182 5348 3416 5419 plenarii
3463 5344 3657 5405 concilii
3686 5340 3755 5395 de-

2210 5448 2361 5494 ereto
2391 5453 2513 5494 esse
2537 5436 2875 5507 damnatum,
2898 5441 3144 5511 adeoque
3172 5450 3228 5497 ut
3268 5442 3577 5499 bmreticum
3600 5436 3756 5494 cedere

2210 5531 2411 5587 debere
2436 5530 2707 5587 Restituto
2734 5532 2851 5618 loca
2876 5535 3200 5606 omniaquae
3225 5546 3500 5606 tamquam
3516 5533 3757 5603 episcopus

2214 5627 2450 5715 tenebat,
2482 5635 2576 5682 aut
2598 5637 2746 5683 certe
2784 5628 2849 5681 ad
2884 5628 3208 5683 Primianutn
3246 5629 3451 5686 redire.
3494 5626 3565 5682 lta
3590 5618 3759 5694 iudica-

2212 5724 2323 5771 tum
2352 5733 2381 5771 a
2415 5716 2766 5773 Procnnsule.
2806 5718 3142 5774 Felicianum
3189 5736 3408 5791 quoque
3460 5718 3757 5773 Mustitauutu

2212 5826 2274 5867 ac
2314 5810 2703 5867 1ἰίυιυχιειιιιιιι
2747 5812 3125 5872 Assuritanutn
3170 5815 3258 5884 qui
3305 5812 3506 5885 pariter
3536 5813 3674 5868 erant
3706 5814 3760 5857 el
