3898 6320
201 228 286 289 809
1322 211 1651 270 HISTORIA
1690 209 2250 270 DONATIS'I‘ARUM.
3328 216 3434 274 810

196 335 546 404 ortlinatoribus
587 329 896 387 Maximiani
957 343 1140 385 Curam
1180 327 1372 384 eodem
1417 329 1736 398 proconsule
1766 331 1806 388 Α
1841 328 2191 397 proconsules
2246 326 2299 382 in
2353 326 2470 381 foro
2521 340 2619 396 per
2673 326 2963 381 advocatos
3016 327 3280 399 litigatum
3329 340 3434 387 est.

198 437 472 493 accusarunt
496 440 710 481 causam
739 430 933 494 agente
961 421 1221 476 adversus
1249 421 1732 489 primumTitimto,
1913 417 2150 472 Cildonis
2209 418 2462 490 tyrannis.
2491 448 2560 457 —
2587 416 2796 473 Mortuo
2827 417 3132 474 Theodosio
3183 436 3294 476 ιω
3341 420 3437 476 ka-

196 530 267 587 dic
308 525 341 581 Ξ
377 519 537 578 Martii
583 515 713 572 atmi
739 514 867 581 395,
908 524 962 571 et
1007 512 1193 570 eadem
1224 529 1344 582 qute
1392 511 1737 566 Nummasius
1839 510 1983 567 lend.
2020 509 2302 566 Februarii
2326 511 2452 564 anni
2485 509 2609 571 595.
2645 520 2768 582 post
2796 510 2999 581 aliquot
3029 528 3245 570 menses
3275 514 3436 571 Gildo

198 625 375 680 dixerat
394 617 444 673 in
472 612 708 671 Salvium
738 601 1031 680 allegantel
1059 606 1624 664 Proconsulﬂcrodes
1646 605 1737 677 qui
1839 617 2024 657 comes
2063 612 2117 655 et
2170 603 2451 672 utriusque
2500 602 2708 657 militiae
2746 606 2798 657 lo
2853 602 3031 660 Africa
3082 607 3338 677 magister
3368 607 3436 662 ab

191 718 281 787 jam
306 712 353 766 in
378 708 607 765 Salvium
639 712 694 759 et
740 702 1125 758 Praetextatum
1152 700 1476 755 sententiam
1504 696 1736 761 dixerat,
1839 710 1986 751 anno
2011 692 2139 762 386,
2166 696 2512 768 tyrannidem
2558 706 2786 767 occupat
2829 706 2883 751 et
2934 698 3188 755 universa
3233 701 3439 771 potitur

196 805 480 865 Felicianum
518 813 732 871 quoque
771 796 1068 857 damnavit.
1097 792 1369 864 iussitque
1409 803 1467 846 ut
1499 791 1739 861 explosis
1839 788 2040 845 Africa.
2069 789 2222 860 Apud
2258 789 2399 844 hunc
2425 788 2700 845 hominem
2727 789 3016 846 barbarum
3065 802 3121 847 et
3171 807 3436 865 paganum

193 892 552 958 Maxitnianistis
588 890 846 947 Ecclesia:
870 886 1230 945 Primiauistis
1257 886 1527 955 episc0pis
1562 885 1742 938 trade-

196 1003 372 1052 rentur.
393 985 747 1044 Nihilominus
765 992 944 1039 tamen
974 979 1278 1037 Felicianus
1299 987 1355 1035 et
1384 977 1742 1033 Praetextatus

192 1083 426 1145 Ecclesias
448 1093 569 1135 suas
596 1079 960 1141 retinuerunt,
984 1088 1306 1145 quamquam
1330 1088 1359 1125 a
1387 1067 1743 1126 Primianistis

192 1160 497 1238 Assuritanus
524 1175 811 1244 episeopus
854 1169 1137 1225 ordinatus
1173 1175 1319 1223 esset
1350 1166 1585 1237 Rogatus
1608 1206 1623 1229 ,
1656 1166 1740 1217 cui

193 1284 345 1345 poStea
385 1268 448 1323 ad
476 1265 812 1322 Catholicam
843 1276 1108 1317 CthBI‘S)
1139 1258 1537 1313 Donatistarum
1579 1270 1740 1310 exer-

192 1366 323 1427 citus,
352 1360 449 1417 hoc
487 1368 567 1414 est
598 1354 1112 1414 Circumcellionum
1162 1365 1354 1422 agmen
1381 1390 1396 1415 ,
1428 1348 1663 1417 linguam
1691 1356 1748 1401 et

191 1473 349 1516 manus
374 1452 645 1526 prtecidit;
687 1450 911 1506 Frustra
959 1446 1223 1502 adversus
1253 1459 1347 1500 eos
1384 1441 1746 1499 Printianista:

189 1566 306 1608 anno
328 1547 567 1620 sequenti
591 1543 944 1601 Theodorum
973 1537 1350 1610 proconsulem
1370 1548 1422 1591 et
1456 1533 1745 1605 magistra-

190 1653 257 1699 tus
281 1642 529 1697 adierunt.
560 1636 878 1692 Manserunt
920 1632 973 1687 in
1004 1630 1114 1687 suis
1143 1628 1364 1686 sedibus
1393 1626 1565 1683 donec
1594 1624 1750 1679 malis

1843 883 1985 938 inter
2010 883 2147 938 alios
2178 882 2483 938 Donatistas
2510 885 2679 955 gratia
2711 884 2937 939 multum
2969 885 3183 941 valebat
3208 884 3439 958 Optatus

1844 975 2304 1047 Thatnugadensis
2324 976 2425 1049 17
2448 977 2733 1046 episc0pus
2747 978 2801 1033 in
2823 976 3070 1033 Numidia
3084 979 3440 1037 Cildonianus

1843 1072 2067 1128 satelles
2104 1072 2281 1127 dictus
2308 1073 2448 1141 qttod
2487 1073 2554 1129 de
2579 1073 2828 1129 Gildonis
2866 1076 3119 1130 satellitio
3150 1089 3313 1132 esset.
3346 1078 3445 1132 llic

1846 1164 2010 1220 homo
2038 1163 2181 1220 ferus
2209 1178 2264 1219 et
2288 1162 2504 1221 Gildoni
2535 1182 2640 1221 non
2671 1167 2950 1223 dissimilis
2984 1184 3088 1223 non
3120 1179 3321 1225 tantum
3345 1171 3446 1226 Ca-

1846 1258 2064 1315 tholicis
2107 1259 2200 1313 scd
2243 1270 2296 1313 et
2331 1260 2581 1316 omnibus
2627 1247 2967 1331 gravis'fuit.
3000 1264 3201 1319 Solittts
3231 1268 3446 1335 agmine

1848 1353 2064 1407 militari
2095 1351 2386 1407 comitatus
2429 1353 2704 1420 incedere,
2736 1354 2927 1410 viduas
2953 1356 3315 1427 opprimebat,
3344 1374 3443 1428 pne

1850 1444 2008 1515 pillos
2054 1444 2209 1501 bonis
2236 1446 2558 1513 evertebat,
2599 1461 2797 1502 uxores
2828 1463 2858 1501 a
2897 1448 3104 1504 maritis
3153 1450 3448 1518 avellebat,

1849 1538 2101 1595 dominos
2157 1554 2245 1595 res
2286 1553 2413 1595 suas
2441 1541 2679 1597 vendere
2716 1543 2965 1615 cogehat,
2998 1553 3056 1600 et
3104 1545 3445 1602 venditorum

1852 1632 2084 1702 pretium
2116 1646 2237 1686 cum
2267 1631 2400 1702 ipsis
2440 1632 2735 1700 dividebat,
2769 1651 2875 1689 uno
2906 1637 3095 1703 verbo,
3126 1637 3201 1704 vi,
3244 1638 3449 1709 rapinis

188 1734 308 1812 victi,
336 1748 452 1787 cum
480 1729 753 1786 l’rimiano
782 1729 833 1781 iu
859 1726 1172 1780 societatem
1205 1720 1501 1777 redierunt.
1533 1718 1601 1774 At
1623 1717 1744 1773 Sal-
1778 1729 1824 1788 Β
1850 1740 1913 1782 ac
1936 1724 2213 1781 fraudibus
2240 1726 2293 1779 in
2323 1741 2514 1782 omnes
2538 1728 2906 1799 grassabatur.
2941 1729 3034 1785 llis
3065 1730 3307 1787 moribus
3327 1747 3451 1788 cum

187 1828 281 1881 vius
319 1822 764 1881 Membresitanus
793 1818 989 1873 iterum
1033 1830 1216 1870 coram
1272 1814 1479 1868 Serano
1514 1824 1745 1879 procon-

185 1919 281 1976 sule
323 1916 510 1973 citatus
538 1915 594 1969 in
623 1912 831 1984 judicio
858 1925 1075 1966 causam
1109 1904 1382 1972 defendit;
1417 1920 1478 1959 ea
1515 1903 1651 1959 forte
1688 1901 1750 1957 ﬂ-

182 2009 347 2076 dttcia,
392 2008 567 2079 inquit
609 2006 939 2078 Augustinus
968 2045 982 2067 ,
1025 1999 1166 2073 quod
1199 2001 1366 2055 sciret
1411 1996 1751 2053 adversarios

183 2116 289 2158 suos
322 2101 521 2172 legibus
573 2107 761 2154 contra
800 2095 1087 2152 hazretieos
1126 2090 1489 2166 promulgatis
1528 2093 1604 2144 uti
1642 2103 1748 2144 non

180 2207 316 2265 posse
338 2190 474 2262 apud
500 2190 745 2261 judicent
789 2187 892 2244 nisi
943 2185 1107 2242 etiam
1161 2182 1374 2253 seipsos
1425 2180 1505 2237 eis
1546 2180 1753 2251 pariter

179 2287 445 2343 irretireut.

236 2380 298 2437 At
337 2378 470 2451 apud
515 2379 788 2435 Seranum
838 2372 1261 2439 Proconsulem,
1303 2370 1388 2425 vel
1429 2368 1601 2442 gratia
1635 2367 1753 2439 plus

176 2472 338 2539 valuit,
358 2472 437 2528 vel
470 2473 649 2543 magis
672 2467 811 2525 forte
837 2466 1138 2537 Bagaiense
1154 2462 1448 2520 concilium
1483 2458 1755 2532 quodillic

177 2566 314 2620 etiam
356 2572 542 2620 contra
595 2560 845 2618 eumdem
888 2558 1133 2615 Salvium
1186 2557 1473 2613 recitatum
1526 2562 1629 2608 est.
1665 2550 1756 2607 Sic

176 2658 297 2714 enim
350 2658 711 2713 interlocutus
753 2662 838 2710 est
876 2668 892 2708 :
930 2649 1020 2705 Lis
1068 2651 1432 2721 episcoporum
1477 2645 1757 2702 secundum

176 2753 313 2826 legem
333 2751 392 2806 ab
410 2751 675 2823 episcopis
699 2747 960 2805 audienda
983 2754 1058 2801 est
1079 2762 1097 2801 :
1122 2744 1347 2816 episcOpi
1359 2741 1757 2816 judicaverunt:

176 2861 310 2916 quare
335 2862 433 2901 non
460 2855 549 2900 aut
587 2842 680 2899 sub
733 2840 1087 2915 satisfactione
1139 2838 1209 2893 ad
1257 2836 1469 2892 chorum
1497 2832 1761 2889 reverteris

175 2940 452 3007 vetustatis;
481 2946 579 2993 aut
630 2946 688 2992 ut
716 2935 872 2991 habes
901 2934 1152 3002 scriptum
1189 2939 1332 3003 terga
1359 2925 1761 3001 persecutoribus

174 3032 346 3101 prodis.
391 3032 530 3090 Cum
558 3030 782 3090 Salvius
807 3043 998 3103 parere
1037 3024 1378 3098 proconsulis
1417 3020 1646 3078 consilio
1675 3034 1762 3075 re-

1851 1829 2016 1887 esset,
2041 1835 2069 1872 a
2099 1820 2212 1874 suis
2238 1829 2415 1874 tamen
2447 1829 2595 1874 tanto
2618 1820 2917 1877 habebatur
2942 1823 2994 1877 in
3026 1822 3222 1893 pretio,
3250 1834 3307 1879 ut
3327 1839 3451 1879 eum

1854 1925 1962 1967 non
1995 1910 2154 1966 modo
2187 1926 2291 1967 non
2322 1910 2440 1967 ausi
2466 1909 2668 1967 fuerint
2694 1911 2973 1979 datnnare,
3003 1913 3097 1968 sed
3135 1931 3199 1970 ne
3232 1930 3455 1973 monere

1852 2002 2096 2075 quidem,
2124 2003 2263 2058 inter
2290 2013 2470 2059 tantos
2499 2004 2694 2061 Afr-iere
2718 2006 2949 2076 gemitus
2977 2007 3086 2061 imo
3121 2008 3266 2077 pacis
3299 2023 3458 2062 oscu-

1852 2095 1964 2152 lum
1992 2113 2096 2153 non
2128 2096 2505 2163 detrectarint,
2554 2099 2605 2152 in
2635 2099 2752 2170 ejus
2782 2101 3029 2157 manibus
3055 2100 3455 2157 Eucharistiam

1859 2191 2138 2260 posuerint
2163 2200 2217 2247 et
2243 2188 2481 2245 vicissim
2526 2193 2873 2261 acceperint,
2899 2208 2960 2248 ac
2988 2194 3207 2249 demum
3232 2196 3460 2251 extincti

1856 2281 1910 2338 in
1938 2296 2182 2348 carcere,
2210 2282 2337 2353 quia
2359 2282 2426 2338 de
2456 2283 2706 2340 Gildonis
2735 2285 2995 2342 satellitio
3024 2286 3241 2353 fuerat,
3280 2286 3460 2358 Optati

1856 2374 2101 2432 natalitia
2150 2374 2445 2447 quotannis
2496 2387 2766 2448 tamquam
2809 2381 3065 2451 martyris
3097 2396 3288 2451 magna
3319 2380 3462 2437 cele-

1858 2466 2054 2523 britate
2097 2464 2576 2536 frequentaverittt.
2612 2467 2781 2536 Hujus
2801 2485 2963 2540 opera
2991 2472 3072 2526 usi
3103 2471 3463 2527 Primianista:

1858 2558 2284 2616 Maximianistas
2329 2569 2385 2616 et
2430 2559 2742 2630 Rogatistas
2766 2563 3005 2632 graviter
3035 2574 3370 2620 vexaverunt
3410 2577 3467 2621 et

1861 2652 2155 2725 plerosque
2193 2652 2260 2707 ad
2290 2652 2618 2708 Pritnianttm
2650 2652 2827 2710 redire
2851 2655 3249 2724 compulerunt.
3279 2655 3460 2724 Cives,

1862 2757 1921 2805 ut
1948 2747 2209 2815 diximus,
2263 2750 2563 2805 Assuritani
2590 2759 2645 2806 et
2704 2751 2978 2807 Mustitaui
3019 2752 3305 2822 episcopos
3334 2767 3465 2809 suos

1863 2839 2193 2897 Felicianum
2218 2850 2274 2899 et
2304 2842 2685 2898 Praetextatnm
2712 2843 2976 2899 adversus
2998 2844 3465 2901 Primianistarum

1863 2946 2097 2994 conatus
2136 2938 2446 3009 hucusque
2478 2939 2591 2993 tuiti
2616 2938 2853 2994 fuerant.
2897 2939 2966 2994 Iis
3003 2940 3324 3010 gravissima
3354 2941 3467 2997 exi-

1868 3036 1938 3091 tia
1967 3032 2328 3090 comminatus
2349 3042 2432 3088 est
2460 3032 2708 3103 Optatos.
2755 3033 2857 3088 nisi
2891 3032 3077 3088 relicta
3107 3047 3330 3088 suorum
3376 3048 3473 3088 an-

177 3127 606 3199 nuisset,’jussit
656 3140 781 3181 eum
831 3120 1125 3193 proconsul
1170 3118 1240 3174 ab
1272 3117 1514 3173 Ecclesia
1544 3128 1641 3172 sua
1662 3127 1758 3168 ex-

1875 3128 2094 3184 LiStitum
2137 3106 2482 3192 defensione,
2515 3141 2611 3182 cos
2642 3125 2711 3181 ad
2738 3126 2996 3182 Primiani
3025 3126 3467 3182 communionem

185 3218 327 3289 pelli;
353 3227 406 3274 et
448 3218 579 3291 quia
616 3212 1186 3277 Membresitanorum,
1213 3207 1305 3281 qui
1336 3206 1438 3263 sibi
1477 3206 1766 3271 favebant,

182 3308 353 3367 fiducia
381 3312 572 3368 sedem
615 3307 853 3365 retinere
878 3306 1155 3372 tentabat,
1194 3301 1606 3358 Abitineusibus
1635 3299 1766 3354 vici-

182 3402 252 3458 nis
277 3403 593 3461 mandatum
624 3409 709 3458 est
735 3411 792 3455 ut
819 3399 1080 3471 judicium
1110 3399 1163 3452 in
1189 3412 1310 3453 eum
1328 3397 1494 3450 latum
1509 3407 1772 3465 exseque-

179 3506 364 3552 rentur.
395 3494 856 3568 Comprehensus
878 3493 946 3547 ab
975 3491 1041 3547 iis
1062 3487 1280 3548 Salvius
1312 3505 1417 3544 nou
1463 3496 1672 3543 tantum
1705 3486 1774 3543 de

156 3584 395 3644 Ecclesia
435 3603 537 3645 sua
570 3586 790 3659 pulsus,
834 3584 930 3641 sed
959 3582 1255 3639 miserabili
1307 3596 1503 3653 pompa
1536 3578 1775 3636 ludibrio

179 3676 396 3736 habitus.
422 3679 610 3751 Capto
637 3678 783 3733 enim
812 3676 932 3733 seni
981 3675 1078 3749 (ut
1107 3674 1273 3731 refert
1300 3674 1631 3746 Augustinus
1660 3672 1697 3727 l.
1723 3687 1774 3726 tv

181 3783 350 3829 contra
366 3772 757 3837 Cresconium,
791 3768 933 3826 unde
958 3768 1074 3824 fere
1113 3776 1223 3823 tota
1256 3766 1378 3822 ι]ωο
1409 3765 1650 3822 narratio
1679 3763 1775 3820 de-

182 3878 370 3937 sumpta
396 3867 509 3939 est)
565 3874 820 3924 mortuos
840 3877 1006 3920 canes
1049 3862 1409 3933 alligaverunt
1439 3861 1493 3917 in
1529 3860 1690 3927 collo,
1725 3866 1781 3915 et

179 3959 245 4016 sic
268 3975 385 4016 cum
414 3960 517 4016 illo
549 3969 821 4032 quantum
854 3957 1009 4013 libuit
1048 3957 1409 4011 saltaverunt.
1447 3953 1670 4009 Factum
1700 3952 1782 4007 itt-

182 4049 459 4109 hutuanum
488 4068 623 4109 eum
658 4051 1010 4107 Etruscorum
1046 4063 1231 4120 regum
1264 4048 1354 4119 qui
1390 4056 1602 4103 mortua
1645 4045 1782 4100 vivis

178 4161 390 4216 corpora
414 4146 835 4217 eonjuagebant
860 4140 1293 4213 comparandum
1325 4156 1338 4194 :
1372 4139 1481 4194 imo
1506 4143 1657 4193 tanto
1684 4134 1786 4193 Re-

183 4238 287 4295 dius
309 4250 516 4312 quanto
551 4240 757 4296 mortui
792 4253 956 4308 canes
988 4235 1218 4292 mortuis
1248 4233 1565 4290 hominibus
1587 4231 1782 4288 [ωάἱο-

180 4349 259 4392 res
281 4350 427 4395 sunt.
464 4334 630 4390 Adeo
651 4343 710 4389 ut
749 4332 794 4387 si
829 4331 1013 4388 Salvio
1041 4329 1158 4386 seni
1190 4336 1243 4384 et
1271 4327 1529 4399 episcopo
1553 4324 1621 4380 de
1650 4325 1789 4380 duo-

182 4426 270 4485 bus
315 4428 611 4503 suppliciis
656 4425 961 4499 eligendum
990 4465 1007 4492 ,
1081 4423 1243 4495 longe
1290 4418 1473 4492 potius
1534 4417 1788 4489 elegisset

1873 3219 2053 3277 redire
2095 3227 2376 3291 cogerent.
2422 3216 2579 3273 Cives
2626 3217 2851 3273 militem
2895 3216 3079 3288 Optati
3119 3217 3472 3274 formidantes

1874 3323 2189 3384 paruerunt.
2213 3309 2519 3366 Felicianus
2540 3320 2593 3366 et
2611 3309 2971 3365 Praetextatus
2992 3324 3113 3365 cum
3137 3310 3296 3365 aliter
3314 3309 3476 3367 sedes

1874 3419 2001 3461 suas
2040 3404 2283 3460 retinere
2316 3417 2421 3457 non
2460 3411 2719 3472 possent,
2750 3416 2943 3456 manus
2980 3400 3268 3465 dederunt.
3300 3411 3475 3457 cwtus

1875 3491 2197 3552 numerosus
2229 3496 2607 3564 episcoporum
2640 3491 2853 3549 habitus
2898 3493 2982 3547 cui
3030 3492 3194 3547 etiam
3234 3491 3477 3547 interfuit

1858 3588 2179 3645 ‘Primiattus
2208 3587 2546 3656 cumOptato
2576 3584 2921 3665 Gildoniauo.
2948 3585 3006 3641 In
3030 3600 3096 3641 eo
3120 3588 3320 3656 recepti
3353 3594 3480 3641 sunt

1877 3681 1987 3740 duo
2010 3682 2088 3738 illi
2119 3680 2362 3752 episcopi
2393 3691 2608 3736 servato
2636 3679 2866 3746 honore,
2904 3694 2968 3735 ac
2994 3680 3225 3736 retentis
3256 3681 3475 3736 sedibus

1880 3774 1995 3832 suis
2025 3772 2259 3843 suscepti
2305 3780 2435 3827 sunt
2463 3786 2493 3826 a
2520 3771 2907 3835 Primianistis.
2951 3781 3006 3827 et
3047 3773 3374 3843 quicumque
3407 3774 3477 3829 ah

1880 3866 2012 3938 ipsis
2044 3866 2095 3920 in
2126 3864 2421 3921 schismate
2459 3864 2716 3937 haptizati
2741 3863 2958 3921 fuerant
2983 3864 3102 3921 sine
3131 3865 3325 3922 iterato
3349 3868 3479 3937 hap-

1881 3962 2044 4021 tismo
2070 3959 2294 4031 recepti.
2324 3959 2636 4031 Rogatistas
2664 3974 2882 4032 quoque
2908 3975 3014 4015 non
3044 3975 3232 4031 parum
3264 3961 3479 4035 vexavit

1882 4052 2134 4124 Optatos,
2168 4052 2264 4109 sed
2300 4052 2354 4109 in
2380 4050 2689 4109 Catholicos
2710 4054 2982 4124 praecipue
3017 4054 3191 4110 steviit
3219 4063 3277 4113 et
3301 4055 3353 4110 iu
3385 4072 3482 4112 eos

1883 4145 2362 4204 Circumcelliones
2386 4161 2602 4202 rursum
2629 4146 2907 4214 excitavit,
2926 4162 2953 4201 a
2981 4148 3177 4221 quibus
3199 4147 3484 4204 innumera

1886 4241 2031 4297 mala
2076 4241 2220 4312 passi
2266 4248 2397 4296 sunt
2422 4239 2704 4296 Catholici.
2739 4238 2858 4295 Non
2899 4240 3043 4298 enim
3070 4240 3179 4311 iam
3229 4250 3287 4297 ut
3323 4254 3482 4300 antea

1887 4333 2122 4390 fustibus
2158 4339 2367 4389 tantum
2398 4330 2590 4387 armati
2619 4331 3034 4397 discurrebant,
3059 4332 3156 4388 sed
3182 4324 3361 4390 omnis
3390 4352 3485 4406 ge-

1891 4423 2035 4480 neris
2076 4423 2244 4479 artnis
2287 4437 2351 4479 ac
2379 4422 2503 4478 telis
2526 4422 2804 4490 instructi,
2844 4433 3031 4493 aperte
3058 4424 3167 4481 vim
3190 4425 3483 4492 faciebant.

182 4522 376 4583 hzerere
404 4542 538 4582 cum
572 4521 932 4581 cadaveribus
964 4516 1215 4575 humanis
1244 4531 1405 4589 quam
1437 4514 1637 4572 saltare
1665 4527 1785 4568 curn
1815 4517 1870 4579 D
1896 4516 2150 4577 basilicas
2177 4515 2503 4573 invadebant
2551 4531 2615 4571 ae
2648 4516 3017 4587 compilabant
3041 4558 3059 4584 ,
3102 4519 3390 4593 episcopos
3433 4529 3490 4578 et

184 4619 398 4674 caninis.
427 4616 656 4674 Privari
704 4615 914 4670 interea
950 4610 1193 4668 Ecclesia
1238 4611 1571 4680 sedibusque
1598 4608 1710 4662 suis
1736 4614 1793 4662 et

186 4712 283 4780 pati
314 4713 431 4768 htec
460 4710 656 4767 omnia
693 4708 866 4780 potuit
891 4705 1129 4772 Salvius,
1160 4720 1335 4775 neque
1368 4712 1547 4759 tamen
1577 4701 1640 4755 ad
1670 4699 1791 4754 Pri-

185 4805 338 4860 miani
382 4802 841 4862 communionem
899 4800 1081 4856 redire
1133 4799 1331 4864 voluit;
1376 4807 1538 4868 atque
1575 4795 1648 4850 ita
1686 4793 1796 4864 egit

185 4913 298 4957 cum
327 4901 466 4967 suis,
499 4903 579 4954 ita
603 4897 867 4969 justitiam
899 4895 1090 4951 extulit
1125 4911 1220 4966 pro
1255 4908 1359 4964 qua
1403 4892 1528 4946 talia
1578 4906 1637 4946 se
1687 4887 1796 4959 pati

187 4989 389 5049 dicebat
426 5035 441 5059 ,
500 4993 582 5047 ita
635 5005 696 5045 se
760 4997 1006 5045 sanctum
1066 4986 1333 5058 persuasit
1396 4984 1520 5056 quia
1586 4994 1798 5053 passus,

185 5082 251 5139 ita
297 5083 662 5142 adversarios
722 5080 1091 5154 iniquissimos
1130 5079 1253 5152 quia
1297 5076 1564 5143 fecerant,
1620 5081 1679 5128 ut
1724 5072 1804 5129 al-

188 5185 350 5235 teram
395 5179 446 5236 ei
512 5177 805 5236 basilicam
868 5176 949 5231 sui
1000 5173 1315 5230 Membresw
1365 5168 1695 5236 fabricarint,
1749 5167 1801 5222 in

188 5286 283 5343 qua
312 5273 442 5328 dum
488 5270 658 5328 sedet
689 5269 847 5325 novis
898 5269 967 5323 ab
1008 5266 1343 5338 antagonista
1392 5263 1661 5319 Restituto
1682 5276 1803 5316 mo-

187 5360 353 5420 lestiis
404 5365 652 5420 affectus
707 5370 810 5430 est,
860 5370 915 5419 et
954 5370 1175 5433 prepter
1228 5358 1453 5415 cellulas
1496 5365 1550 5411 et
1601 5355 1807 5427 agellos

186 5455 387 5516 forensi
430 5472 571 5515 cum
617 5470 684 5513 eo
725 5457 953 5528 strepitu
1002 5454 1477 5523 coutrovcrsiaque
1529 5449 1808 5515 conﬂixit;

189 5563 346 5623 atque
426 5552 506 5609 ila
584 5567 621 5607 a
689 5550 929 5623 partibus
1006 5549 1261 5606 Primiani
1332 5548 1589 5603 adversus
1647 5543 1815 5600 Μικί-

191 5648 429 5703 mianum
500 5655 562 5703 et
620 5659 714 5700 eos
768 5644 1016 5716 quicum
1059 5642 1151 5697 illo
1196 5643 1250 5697 in
1300 5639 1581 5713 Bagaiensi
1633 5636 1817 5692 conci-

1894 4609 2124 4666 clericos
2152 4607 2470 4665 occidebant
2517 4615 2612 4662 aut
2659 4608 2798 4663 male
2843 4607 3210 4680 mulctabant,
3235 4620 3291 4669 et
3315 4612 3492 4670 latro-

1896 4704 2036 4760 cinia
2065 4704 2241 4775 palam
2270 4718 2334 4758 ac
2365 4702 2577 4772 publice
2607 4703 2957 4759 exercebant.

1970 4796 2081 4852 Lex
2101 4794 2325 4851 Honorii
2346 4795 2399 4849 in
2422 4795 2681 4850 invasores
2710 4794 3240 4855 [Baetasiorum-«Ad
3278 4799 3376 4856 hos
3408 4807 3493 4855 ιιι-

1900 4890 2103 4945 multus
2126 4890 2574 4959 compescendos,
2589 4887 2802 4946 sublato
2819 4890 2930 4961 jam
2953 4890 3181 4949 Gildone
3202 4894 3317 4966 (qui
3342 4909 3371 4948 a
3387 4894 3494 4952 fra-

1903 4996 1986 5041 tre
2010 4998 2111 5040 suo
2146 4983 2428 5040 Mascezile
2448 4992 2808 5055 oppugnatus,
2838 4999 2868 5040 a
2894 4986 3008 5045 suis
3038 4986 3311 5058 desertus,
3348 4992 3502 5050 initio

1903 5078 2030 5133 anni
2053 5075 2178 5143 598,
2210 5076 2404 5146 laqueo
2435 5076 2596 5132 vitam
2612 5074 2790 5149 finiit),
2818 5075 3084 5134 Honorius
3105 5079 3403 5153 imperator
3424 5085 3502 5142 Ie-

1905 5185 2026 5241 gem
2065 5168 2215 5225 dedit
2258 5168 2344 5225 die
2372 5168 2445 5223 25
2483 5167 2686 5239 Aprilis
2712 5170 2837 5224 anni
2870 5170 3009 5240 398,
3059 5188 3160 5245 qua
3192 5190 3287 5231 eos
3313 5177 3403 5249 qui
3446 5179 3501 5233 in

1908 5263 2169 5319 ecclesias
2202 5261 2499 5321 catholicas
2538 5260 2809 5319 irruentes
2871 5265 3274 5335 sacerdonbus,
3317 5271 3506 5325 minis-

1912 5355 2009 5411 tris
2039 5355 2127 5410 vel
2153 5355 2321 5410 cultui
2343 5362 2399 5409 et
2423 5355 2546 5409 loco
2572 5354 2773 5425 aliquid
2807 5356 3019 5426 injuriae
3045 5359 3333 5429 faciebant,
3355 5377 3513 5420 com-

1918 5448 2180 5518 prehendi
2206 5457 2260 5503 et
2302 5447 2576 5503 Convictus
2612 5446 2829 5518 capitali
2856 5450 3123 5521 supplicio
3152 5451 3293 5507 affici
3313 5454 3469 5524 jubet
3491 5498 3509 5528 ,

1920 5542 2140 5612 vultque
2187 5550 2245 5595 ut
2271 5539 2482 5598 cunctis
2522 5548 2665 5595 esset
2709 5539 2935 5594 liberum
2991 5540 3159 5598 factas
3187 5552 3399 5601 atroces
3428 5565 3514 5605 sa-

1921 5634 2237 5692 cerdotibus
2263 5646 2354 5689 aut
2382 5632 2647 5689 miniSIris
2679 5616 2905 5701 injurias
2926 5635 3071 5690 velut
3112 5638 3379 5707 publicum
3409 5642 3522 5698 cri-

191 5742 264 5801 lio‘
310 5742 575 5800 damnati
637 5739 852 5797 fuerant
883 5782 897 5807 ,
961 5738 1102 5808 apud
1156 5746 1389 5809 quatuor
1447 5734 1530 5792 vel
1585 5731 1818 5805 amplius
1927 5745 2049 5787 meo
2077 5725 2426 5802 persequLSi
2445 5740 2573 5784 vero
2600 5724 2888 5783 multitudo
2917 5728 3227 5790 violentase
3247 5736 3416 5794 armis
3435 5746 3534 5798 aut

809 5837 1087 5899 ΡΑτιιοι..
1145 5832 1261 5899 XI.

2888 5823 2968 5887 26
