3898 6320
452 248 555 307 8H

1836 237 2376 304 PROLEGOMENA.

3597 252 3684 325 εις

449 363 695 420 locorum
723 359 1039 418 difficultate
1066 364 1277 417 tueatur
1299 400 1315 426 ,
1336 356 1609 430 judicibus
1638 357 1894 429 mandat,
1934 369 1992 416 ut
2019 376 2050 417 a
2076 371 2132 432 Α
2155 360 2338 418 Clerici
2362 370 2586 418 correcta
2611 362 2825 419 consilio
2841 363 2910 420 ad
2935 366 3235 423 catholicam
3255 371 3484 428 unitatem
3503 382 3688 438 transi“

452 456 654 512 comite
682 454 880 510 Africa:
906 460 1127 510 armata:
1147 452 1503 523 apparitionis
1526 451 1834 523 praesidium
1861 452 2053 526 depos-

453 556 598 616 cant,
629 562 696 603 ne
727 546 808 603 rei
828 546 1017 602 talium
1048 547 1335 602 criminum
1366 545 1618 602 evadant.

526 642 745 699 Decreta
782 641 1118 698 conciliorum
1158 642 1220 696 de
1247 640 1606 715 promovendis
1630 640 1697 696 ad
1720 640 1913 696 clerum
1963 649 2056 697 aut

454 736 799 808 relinquendis
814 736 872 792 in
892 753 950 793 eo
968 735 1281 792 Donatistis.
1313 766 1385 778 --
1401 734 1618 791 interim
1636 734 1897 791 Catholici
1923 734 2057 791 nihil

452 845 563 886 non
586 830 863 887 tentabant
884 837 945 885 ut
965 828 1180 886 Donatis
1190 837 1272 885 tas
1292 827 1360 884 ad
1381 826 1725 884 concordiam
1744 826 2051 883 invitarent.

448 921 571 980 Iam
606 922 949 979 observatum
996 930 1080 979 est
1108 921 1260 978 initio
1310 919 1620 977 schismatis
1658 918 1943 976 redeuntes
1985 919 2054 977 ad

452 1019 750 1078 Ecclesium
777 1019 1063 1092 episcopos
1092 1028 1148 1076 et
1172 1017 1400 1074 clericos
1429 1032 1497 1074 ex
1533 1026 1683 1087 parte
1709 1000 1902 1072 Donati
1930 1030 2054 1073 cum

456 1114 752 1173 honoribus
770 1115 883 1171 suis
912 1113 1077 1171 luisse
1126 1123 1429 1185 susceptos.
1458 1112 1530 1168 At
1558 1106 1841 1169 crescente
1864 1127 2055 1169 eorum

450 1224 681 1267 numero
711 1218 767 1266 et
792 1208 1095 1281 pervicacia
1122 1208 1172 1264 in
1199 1205 1653 1280 subsequentibus
1672 1205 1917 1264 conciliis
1947 1194 2059 1263 sta-

449 1311 625 1359 tutum
655 1302 866 1371 fuerat,
896 1318 965 1360 ne
992 1302 1115 1375 quis
1144 1301 1542 1358 Donatistarum
1578 1317 1699 1358 cum
1726 1301 1937 1358 honore
1956 1316 2058 1359 suo

454 1398 789 1471 reciperetur
810 1401 864 1456 in
896 1397 1272 1467 Ecclesia,sed
1296 1406 1503 1454 tantum
1532 1399 1585 1453 in
1608 1414 1836 1455 numero
1862 1396 2058 1455 Laico—

451 1506 597 1549 rum.
638 1492 698 1548 In
752 1491 980 1550 concilio
1027 1492 1356 1563 Hipponensi
1387 1492 1513 1547 anni
1555 1492 2053 1565 395,propositum

450 1595 565 1655 est,
615 1593 672 1640 ut
697 1586 1075 1657 exciperentur
1109 1584 1179 1642 ab
1209 1586 1308 1641 hac
1346 1585 1465 1657 lege
1495 1584 1533 1641 ii
1560 1600 1697 1658 quos
1718 1595 1810 1641 aut
1832 1600 1942 1643 non
1968 1600 2056 1643 re-

450 1678 751 1751 baptizassc
779 1680 1118 1748 constiterit,
1158 1688 1254 1738 aut
1281 1680 1518 1753 quicum
1564 1681 1677 1738 suis
1705 1681 1952 1753 plebibus
1984 1682 2054 1739 ad

2152 455 2400 510 voluerint
2444 455 2724 511 secundum
2776 460 3179 533 uniuscujusque
3217 464 3427 536 episcopi
3470 466 3689 527 Catholici

2154 547 2461 604 voluntatem
2510 558 2661 619 atque
2695 551 3007 618 consilium,
3037 552 3125 623 qui
3146 554 3197 608 in
3223 555 3391 612 eodem
3410 557 3510 615 loco
3533 562 3689 634 σιώπα

2155 650 2245 696 nat
2273 638 2590 710 Ecclesium,
2638 643 2683 697 si
2709 643 2805 698 hoc
2843 646 2960 717 paci
2990 647 3280 706 christiana
3315 653 3537 723 prodesse
3552 658 3688 714 visunt

2153 735 2309 805 fuerit
2329 775 2343 798 ,
2360 735 2413 789 in
2430 737 2535 790 suis
2558 737 2835 793 honoribus
2856 741 3224 808 suscipiantur.
3257 742 3491 815 Addunt,
3514 748 3560 803 id
3579 752 3689 821 prio-

2154 825 2297 881 ribus
2326 828 2555 901 ejusdem
2574 829 2840 886 divisionis
2860 834 3171 904 temporibus
3192 840 3376 908 {actum
3402 856 3525 895 esse:
3549 857 3632 901 nec
3646 845 3688 901 id

2155 917 2186 975 ὸ
2226 934 2285 976 se
2313 922 2569 991 postulari
2596 933 2689 979 aut
2715 925 2907 992 statui,
2946 934 3004 982 ut
3023 927 3297 986 decretum
3337 932 3691 1008 concilil,quod

2156 1013 2211 1067 in
2240 1016 2601 1072 transmarinis
2632 1018 2868 1090 partibus
2894 1019 2957 1074 de
2982 1022 3079 1075 hac
3102 1038 3159 1077 re
3200 1023 3421 1079 habitum
3442 1030 3589 1088 fuerat
3612 1030 3696 1086 diss

2155 1107 2452 1164 solveretur.
2475 1109 2581 1167 Sed
2609 1126 2669 1167 ea
2685 1112 2994 1170 conditione
3014 1114 3217 1171 utillud
3245 1128 3474 1174 maneret
3492 1134 3601 1191 erga
3619 1134 3696 1180 eos

2156 1216 2222 1258 ex
2247 1218 2473 1274 quorum
2502 1206 2677 1263 reditu
2708 1224 2815 1265 non
2838 1225 3088 1280 magnum
3123 1211 3399 1269 accederet
3439 1216 3695 1273 animarum

2158 1299 2364 1356 lucrum
2386 1340 2404 1367 ,
2431 1298 2535 1355 hoc
2562 1310 2644 1358 est
2665 1342 2681 1368 ,
2706 1310 2766 1357 ut
2785 1302 2819 1358 ii
2845 1302 3141 1359 secundum
3173 1307 3499 1363 transmarini
3518 1310 3697 1368 concilii

2156 1390 2434 1448 decretum
2455 1408 2561 1448 non
2591 1396 2994 1465 suseiperentur
3032 1395 3088 1451 in
3136 1396 3427 1453 honoribus
3453 1400 3583 1467 suis;
3620 1401 3697 1459 sed

2156 1485 2226 1542 ab
2256 1484 2354 1542 hac
2384 1486 2762 1560 exciperentur
2782 1488 2835 1543 lii
2866 1505 2957 1560 per
2974 1505 3103 1560 quos
3119 1489 3385 1547 catholica:
3406 1493 3574 1549 unitati
3597 1510 3697 1550 con-

2156 1578 2365 1634 sulitur.
3294 1590 3306 1600 ·

2229 1672 2286 1728 1η
2316 1673 2508 1730 eodem
2543 1675 2775 1731 concilio
2824 1675 3081 1734 Africano
3104 1677 3352 1735 catholici
3380 1679 3700 1750 episcopista-

450 1771 785 1832 Caumlicam
828 1776 1267 1833 communionem
1321 1775 1554 1833 transire
1605 1775 1895 1833 mlum-mh
1949 1774 2056 1834 sed
2086 1776 2135 1840 Β
2164 1773 2421 1823 luerunt:
2466 1778 2523 1822 ut
2552 1769 2736 1824 littcrce
2760 1769 3007 1827 durentur
3051 1773 3119 1827 ad
3151 1774 3360 1844 judices
3404 1774 3646 1845 Africanos
3680 1790 3706 1830 α

449 1868 591 1925 hanc
622 1868 1000 1940 exceptionem
1028 1870 1232 1941 placuit
1257 1884 1365 1925 non
1402 1868 1715 1925 corniirmari
1742 1870 2057 1942 priusquam

430 1960 520 2018 .de
548 1977 610 2021 ea
642 1964 1001 2019 transmarina
1027 1962 1272 2019 Ecclesia
1302 1963 1548 2020 consulta
1572 1961 1730 2020 foret.
1771 1964 1969 2021 lterum
2000 1964 2058 2020 in

446 2053 857 2126 Carthaginensi
905 2054 1138 2111 concilio
1164 2054 1292 2110 anni
1343 2055 1447 2111 ’597
1500 2055 1813 2112 mandatum
1870 2062 1957 2112 est
2002 2063 2059 2113 ut

445 2146 862 2203 consulerentur
881 2145 1105 2203 Siricius
1132 2146 1406 2202 Romanus
1428 2147 1715 2220 episc0pus
1745 2157 1801 2203 et
1830 2147 2058 2219 Simpli-

448 2242 638 2297 cianus
661 2239 1106 2308 Mediolanensis,
1142 2250 1320 2296 utrum
1350 2241 1585 2297 infantes
1611 2240 1867 2311 baptizati
1888 2254 1920 2296 a
1950 2241 2059 2298 Do-

449 2334 814 2401 natistis,cum
829 2333 895 2388 ad
911 2333 1208 2390 Ecclesiam
1224 2335 1317 2390 Dei
1331 2335 1547 2392 salubre
1563 2337 1842 2408 proposito
1858 2336 2060 2395 fuerint

445 2427 686 2496 reversi,
718 2426 786 2482 ad
811 2426 952 2482 sacri
982 2427 1171 2483 altaris
1192 2427 1551 2485 ministerium
1582 2430 1891 2500 promoveri
1928 2445 2057 2502 pos-

452 2528 596 2578 sent.
620 2519 701 2576 Ad
729 2520 1066 2592 questionem
1095 2521 1425 2592 propositam
1458 2522 1735 2580 Romanus
1776 2532 1831 2580 et
1857 2523 2061 2581 Medio-

442 2613 691 2670 lanensns
715 2614 984 2671 antistites
1012 2615 1443 2686 responderunt,
1469 2615 1522 2671 id
1548 2631 1671 2673 esse
1702 2616 2053 2688 prohibitura.

356 2692 381 2704 ί
444 2706 811 2764 Nihilominus
830 2715 1010 2765 tamen
1028 2708 1265 2765 Africani
1280 2709 1519 2780 episcopi
1537 2708 1716 2780 inOpia
1730 2710 2057 2767 clericorum

448 2815 503 2863 et
531 2803 946 2863 necessitatibus
968 2805 1319 2863 ecclesiarum
1336 2821 1579 2875 suarum,
1594 2822 1719 2877 quae
1734 2807 1805 2862 ita
1826 2806 2059 2864 deserta:

442 2909 600 2956 erant
624 2908 685 2955 ut
710 2899 892 2956 multae
909 2898 1156 2957 ecclesia:
1185 2914 1252 2955 ne
1271 2897 1489 2971 quidem
1512 2898 1801 2956 diaconum
1831 2901 1919 2957 vel
1950 2901 2061 2957 illi-

450 3003 685 3051 teratum
730 2994 1030 3064 haberent,
1060 2995 1264 3062 coacti;
1296 3004 1599 3052 statuerunt
1622 2998 1862 3069 parvulis
1914 2999 2058 3070 apud

450 3088 764 3147 Donatistas
788 3097 1074 3161 antequam
1102 3089 1331 3145 rationis
1350 3104 1504 3146 usum
1528 3091 1793 3148 haberent
1821 3091 2060 3164 baptiza-

2157 1859 2342 1932 quibus
2381 1873 2662 1933 peteretur,
2692 1874 2748 1919 ut
2768 1866 3057 1937 judiciaria
3087 1874 3336 1939 potestate
3356 1880 3499 1940 atque
3524 1870 3704 1942 diligen-

2161 1957 2233 2011 tia
2260 1956 2313 2011 in
2344 1958 2448 2026 ﬁde
2472 1958 2757 2014 christiana
2776 2002 2791 2026 ,
2834 1960 3179 2033 quidgestum
3208 1963 3276 2017 sit
3298 1964 3351 2018 in
3373 1964 3587 2018 omnibus
3608 1963 3709 2019 locis

2158 2050 2211 2106 in
2237 2050 2419 2122 quibus
2444 2050 2850 2110 Maximianistce
2895 2054 3136 2111 basilicas
3165 2055 3522 2124 obtinuerunt,
3548 2060 3625 2129 qui
3659 2056 3707 2112 ab

2158 2146 2233 2201 eis
2263 2146 2486 2201 schistna
2517 2149 2746 2220 fecerunt
2771 2188 2787 2215 ,
2812 2149 3076 2220 inquirant
3104 2159 3150 2205 et
3175 2151 3338 2222 gestis
3359 2148 3562 2222 publicis
3584 2166 3710 2223 prop-

2160 2246 2234 2295 ter
2254 2239 2462 2310 ﬁrmam
2488 2242 2722 2297 notitiam
2750 2242 2985 2298 omnibus
3011 2244 3355 2299 necessariam
3377 2244 3556 2315 faciant
3581 2244 3711 2299 inha-

2157 2353 2286 2393 rerc.
2305 2337 2503 2394 Deinde
2516 2340 2709 2408 placuit
2718 2340 2874 2394 etiam
2884 2339 3160 2411 episcopis,
3178 2350 3237 2395 ut
3250 2339 3407 2412 legati
3419 2340 3712 2412 pradiconda:

2159 2431 2305 2503 pacis
2333 2440 2485 2503 atque
2510 2433 2725 2491 unitatis
2750 2435 2861 2489 sine
2881 2450 2984 2503 qua
3009 2435 3152 2490 salus
3169 2435 3455 2491 christiana
3474 2452 3564 2489 non
3584 2441 3713 2505 potest

2159 2523 2408 2593 obtineri,
2439 2543 2466 2581 e
2492 2542 2700 2582 numero
2728 2543 2822 2583 suo
2847 2526 2917 2582 ad
2936 2528 3167 2599 ipsorum
3206 2525 3583 2583 Donatistarum
3624 2527 3712 2597 epi-
3748 2578 3753 2585 .

2158 2635 2343 2691 scapos
2371 2630 2419 2676 et
2442 2620 2611 2692 plebes
2633 2622 2985 2689 mitterentur,
3018 2638 3109 2692 per
3130 2636 3262 2693 quos
3285 2621 3509 2676 omnibus
3534 2622 3717 2675 innotes-

2160 2722 2294 2770 ceret
2320 2728 2475 2785 quam
2512 2714 2645 2770 nihil
2666 2713 2907 2770 haberent
2930 2714 3070 2787 quod
3094 2714 3343 2771 adversus
3366 2712 3625 2771 Ecclesium
3656 2731 3716 2767 ca-

2160 2805 2407 2862 tholicum
2437 2818 2645 2879 possent
2690 2807 2859 2863 dicere
2891 2850 2906 2876 ,
2939 2817 2988 2863 et
3034 2809 3374 2881 manifestum
3412 2808 3498 2879 ﬁat
3524 2807 3716 2862 omnibus

2159 2914 2251 2971 per
2272 2911 2414 2973 gestu
2430 2900 2767 2972 municipalia
2786 2899 2913 2972 quid
2931 2900 3032 2973 ipsi
3058 2901 3197 2956 circa
3221 2899 3614 2957 Maximianistas
3629 2913 3718 2970 cge-

2159 2995 2295 3061 rint,
2315 2996 2569 3067 quasjum
2596 2995 2815 3067 plenarii
2834 2994 3039 3051 concilii
3064 2996 3147 3049 sui
3168 2990 3280 3070 ιε
3298 2997 3581 3052 auctoritate
3596 2995 3716 3048 dam—

2159 3098 2341 3156 natos,
2373 3090 2428 3145 in
2457 3090 2564 3163 suis
2593 3088 2870 3145 honoribus
2895 3090 3063 3145 denuo
3110 3100 3451 3159 receperunt,
3490 3100 3535 3147 et
3565 3088 3720 3160 ὀαριὶευ

447 3182 516 3238 tis
532 3224 548 3251 ,
572 3182 664 3254 qui
689 3181 888 3239 deinde
911 3183 1093 3255 agnita
1115 3183 1341 3240 veritate
1362 3183 1430 3240 ad
1456 3183 1755 3242 Ecclesium
1786 3185 1878 3242 Dei
1899 3201 2055 3243 acce—
2078 3171 2129 3243 (ἶ
2160 3201 2297 3239 mum
2318 3184 2466 3257 quem
2494 3186 2727 3241 damnati
2741 3197 2787 3242 et
2815 3186 3012 3241 exclusi
3033 3185 3288 3243 dederant
3305 3230 3320 3254 ,
3344 3184 3717 3258 acceptaverint,

445 3274 637 3331 dentes
652 3289 748 3347 per
765 3291 957 3332 manus
971 3276 1041 3330 im
1048 3274 1370 3347 positionem
1391 3276 1598 3348 recepti
1614 3286 1758 3344 sunt,
1785 3278 1836 3333 in
1851 3278 2056 3335 clerum

445 3369 757 3442 promoveri
782 3384 965 3441 posse.
989 3367 1168 3441 thue
1190 3368 1333 3426 istud
1353 3378 1617 3427 statutum
1647 3378 1859 3444 gratum
1892 3371 2059 3429 habe-

438 3474 564 3542 rent
594 3461 939 3520 transmarini
990 3463 1230 3535 episcOpi
1262 3504 1274 3529 ,
1307 3463 1632 3536 legationem
1662 3463 1961 3521 solemnem
1987 3464 2057 3521 ad

446 3552 793 3611 Anastasium
840 3553 1144 3611 Romanum
1174 3564 1229 3612 et
1269 3554 1562 3613 Venerium
1592 3556 2056 3614 Mediolanensem

453 3649 721 3706 miserunt
740 3665 808 3706 ex
836 3651 1069 3707 concilio
1092 3650 1508 3723 Carthagiuensi
1552 3652 1737 3710 habito
1759 3669 1902 3711 anno
1924 3654 2051 3723 401,

449 3755 641 3799 mense
670 3739 852 3798 Junio.
882 3741 1225 3798 Addiderunt
1251 3744 1414 3798 ctiam
1443 3744 1495 3799 id
1519 3744 1663 3815 quod
1680 3745 1827 3817 prius
1859 3762 2059 3818 propo-

446 3843 691 3903 suerant,
747 3842 805 3890 ut
840 3834 1083 3890 nonnulli
1111 3834 1511 3892 Donatistarum
1560 3836 1757 3895 Clerici
1787 3841 1877 3912 qui
1930 3856 2056 3898 cum

446 3929 750 3987 honoribus
787 3937 844 3986 et
884 3928 1135 4001 plebibus
1190 3929 1304 3985 suis
1350 3931 1580 3987 transire
1627 3931 2053 4003 desiderabant,

446 4024 612 4096 recipi
642 4030 903 4095 possent:
927 4022 1021 4079 sed
1047 4036 1155 4077 non
1182 4023 1298 4078 ausi
1329 4033 1456 4079 sunt
1477 4024 1624 4080 istud
1639 4034 1801 4098 caput
1837 4043 2052 4100 urgere.

447 4118 517 4173 At
537 4116 605 4172 de
632 4116 927 4173 infantibus
949 4114 1233 4187 baptizatis
1261 4116 1403 4187 apud
1430 4117 1745 4175 Donatistas
1764 4120 1831 4176 ad
1846 4121 2055 4178 clerum

449 4210 832 4283 promovendis
872 4208 1093 4265 omnino
1119 4210 1471 4280 satagendum
1512 4226 1633 4268 esse
1655 4212 1922 4270 duxerunt
1953 4253 1968 4280 ,
1999 4223 2060 4271 ut

451 4303 708 4359 Afrorum
730 4302 994 4358 voluntati
1019 4304 1369 4359 transmarini
1393 4304 1633 4375 episcopi
1654 4308 2051 4366 con~entirent.

445 4396 586 4467 Quid
607 4397 674 4453 ad
693 4396 810 4454 [nec
830 4396 1176 4468 responderit
1196 4397 1513 4455 Anastasius
1538 4409 1688 4455 certo
1705 4416 1813 4456 non
1836 4401 2006 4473 liquet
2036 4419 2053 4460 :

453 4507 581 4548 nam
625 4492 679 4547 in
715 4488 945 4549 concilio
993 4491 1403 4561 Carthaginensi
1444 4492 1628 4548 habito
1652 4509 1794 4549 anno
1833 4495 2051 4565 eodem,

2160 3287 2217 3334 ut
2236 3288 2410 3334 notum
2436 3280 2535 3346 sit,
2566 3296 2723 3350 quam
2752 3279 2907 3335 stulto
2928 3279 3080 3334 corde
3106 3282 3356 3336 resistant
3376 3282 3487 3354 paci
3517 3276 3722 3333 Ecclesia:

2161 3380 2267 3428 toto
2290 3371 2409 3427 orbe
2435 3370 2672 3440 di/fusaz,
2703 3388 2819 3428 cum
2844 3373 2948 3428 ista
2995 3374 3195 3445 faciunt
3220 3392 3315 3445 pro
3367 3384 3505 3446 parte
3529 3370 3689 3427 Donati
3707 3411 3720 3437 ,

2161 3481 2323 3534 neque
2351 3481 2405 3520 se
2422 3464 2639 3520 istorum
2656 3481 2781 3535 quos
2806 3465 2880 3520 ita
2907 3477 3210 3537 receperunt
3232 3469 3575 3524 communione
3588 3482 3718 3538 prop-

2172 3568 2247 3614 ter
2274 3557 2519 3615 intuitum
2547 3560 2691 3631 pacis
2716 3561 3061 3616 contuminuri
3090 3562 3271 3617 dicant
3304 3578 3325 3618 :
3353 3570 3399 3618 et
3428 3578 3515 3617 nos
3557 3568 3724 3614 conten-

2163 3650 2290 3706 dant
2314 3694 2329 3718 ,
2354 3651 2408 3706 id
2433 3661 2507 3708 est
2552 3650 2842 3708 Ecclesium
2887 3651 3196 3710 catholicum
3229 3657 3391 3711 etiam
3432 3655 3483 3710 in
3526 3650 3723 3708 extremis

2164 3753 2423 3801 terrarum
2439 3746 2673 3817 partibus
2692 3748 3023 3803 constitutam
3047 3765 3137 3820 per
3158 3766 3341 3804 eorum
3363 3747 3723 3804 communionem

2163 3841 2487 3913 inquinatam
2513 3857 2675 3909 ,quos
2708 3850 2835 3896 tunc
2864 3852 3166 3898 accusantes
3192 3843 3494 3898 convincere
3535 3839 3726 3908 nequive-

2163 3942 2323 4002 runt,
2379 3934 2487 3989 suis
2534 3934 2729 3989 artibus
2756 3932 3138 4005 vigilantissinti
3176 3937 3434 3991 antistites
3471 3930 3724 3989 Danatistas

2164 4044 2198 4081 a
2221 4027 2499 4082 schismate
2530 4040 2775 4083 revocare
2793 4036 2840 4082 et
2868 4029 2921 4083 in
2942 4026 3233 4085 Ecclesium
3253 4028 3494 4086 inducere
3514 4043 3599 4100 pro
3619 4019 3728 4081 virili

2164 4120 2482 4192 satagebant.

2235 4214 2528 4288 Descriptis
2540 4225 2587 4270 et
2598 4218 2728 4271 actis
2745 4216 2804 4273 S.
2821 4216 2955 4289 Aug.
2970 4227 3151 4273 contra
3171 4215 3497 4274 Donatistas.
3528 4200 3729 4270 Psallam

2162 4309 2692 4368 abeccdarius.-——Sed
2715 4313 2826 4384 jam
2842 4322 3052 4382 tempus
3064 4321 3152 4368 est
3172 4322 3235 4368 ut
3254 4313 3495 4368 dicamus
3510 4310 3572 4366 de
3592 4300 3731 4361 sancti

2162 4399 2446 4474 Augustini
2459 4406 2674 4475 scriptis
2696 4414 2749 4460 et
2770 4403 3267 4463 conﬂictationibus
3285 4407 3537 4462 adversus
3555 4395 3735 4457 Donati-

2161 4505 2274 4552 Stas
2302 4498 2497 4567 quibus
2517 4498 2595 4552 illi
2614 4497 2791 4567 fracti,
2810 4498 3377 4557 debilitatiettandem
3407 4497 3527 4553 victi
3545 4501 3668 4550 sunt.
3693 4489 3733 4545 IS

448 4599 634 4640 mense
651 4584 954 4655 Septembri
967 4583 1055 4651 ,tle
1070 4585 1226 4655 hujus
1245 4585 1436 4640 litteris
1460 4585 1560 4641 hoc
1583 4594 1789 4642 tantum
1804 4588 2056 4657 habetur,
2085 4587 2143 4655 Ι)
2166 4602 2288 4644 cum
2314 4607 2456 4646 anno
2469 4591 2564 4648 591
2584 4592 2650 4647 ad
2670 4593 2989 4665 presbyterii
3003 4593 3230 4664 gradum
3245 4594 3302 4648 in
3318 4592 3551 4649 Ecclesia
3564 4589 3733 4658 llippo-

451 4697 575 4738 eum
609 4691 834 4753 paterna:
859 4697 917 4734 ac
936 4686 1176 4754 fraterna:
1192 4684 1458 4739 citaritatis
1485 4686 1834 4744 sollicitudine
1863 4706 1922 4745 ac
1949 4691 2061 4746 sitt-

444 4778 652 4833 ceritate
680 4776 1015 4830 adhortatum
1036 4793 1143 4832 esse
1172 4778 1446 4846 Africanos
1468 4781 1722 4836 antistites
1743 4824 1758 4847 ,
1782 4794 1836 4837 ut
1857 4785 1920 4839 de
1946 4786 2056 4840 lue-

446 4874 725 4926 reticorum
750 4879 797 4925 et
834 4860 1275 4925 schismaticorum
1322 4874 1530 4946 injuriis
1551 4875 1734 4944 quibus
1755 4876 2058 4948 Africanum

448 4964 735 5020 Ecclesium
761 4965 983 5035 graviter
1013 4963 1261 5017 vexabant
1293 4965 1435 5019 nullo
1462 4967 1613 5021 modo
1644 4968 2051 5028 dissimularent.

448 5053 744 5112 lndulsisse
794 5065 977 5111 tamen
1011 5070 1133 5111 eum
1175 5060 1230 5109 ut
1287 5055 1538 5126 baptizati
1569 5060 1708 5131 apud
1743 5063 2056 5129 Donatistae

445 5149 603 5220 pueri
636 5157 857 5220 possent
907 5147 975 5202 ad
1003 5148 1223 5205 ordines
1254 5154 1560 5218 promoveri
1590 5154 1884 5212 verisimile
1913 5166 1999 5213 est
2029 5175 2044 5214 :

444 5258 569 5297 nam
600 5242 742 5297 circa
774 5239 915 5294 istutl
947 5248 1109 5311 caput
1153 5240 1546 5312 nihilamplius
1580 5244 1823 5302 Africani
1854 5259 2049 5317 petunt

441 5348 483 5389 a
504 5332 634 5390 sede
674 5330 1005 5401 Apostolica.
1037 5332 1144 5388 Sed
1188 5331 1333 5387 circa
1360 5333 1589 5390 alterum
1620 5338 1686 5392 de
1714 5339 2041 5409 recipiendis

440 5424 739 5482 Donatistis
766 5438 888 5480 cum
915 5423 1212 5490 honoribus
1236 5425 1350 5481 suis
1377 5434 1605 5483 statuunt
1630 5439 1684 5483 ut
1717 5429 1900 5488 littera?
1923 5436 2043 5490 mit-

436 5530 611 5575 tantur
650 5519 718 5574 ad
749 5520 938 5587 fratres
977 5530 1024 5575 et
1048 5518 1386 5591 Coepiscopos
1427 5529 1475 5575 et
1503 5524 1722 5579 maxime
1767 5527 1835 5584 ad
1871 5530 2043 5586 sedem

433 5612 773 5682 apostolicum
816 5614 873 5667 in
897 5628 1001 5685 qua
1038 5614 1275 5683 prcesidet
1321 5614 1662 5684 Anastasius,
1705 5637 1805 5691 quo
1846 5627 2050 5681 noverit

434 5705 619 5761 [tubere
637 5705 869 5776 Africam
896 5720 1135 5777 magnam
1156 5708 1504 5765 necessitatem
1521 5749 1535 5775 ,
1564 5720 1773 5783 propter
1793 5710 2046 5772 Ecclesia:

430 5813 609 5866 pacem
649 5807 697 5855 et
737 5797 1040 5868 utilitatem,
1077 5809 1129 5856 ut
1154 5816 1219 5857 ea:
1260 5801 1386 5873 ipsis
1427 5799 1712 5863 Donatistis
1739 5808 2044 5882 quicumque

2171 4687 2324 4742 nensi
2353 4692 2631 4757 prnmutus
2654 4687 2878 4756 fuisset,
2916 4690 3181 4759 psalmum
3214 4688 3587 4743 abecedarium
3608 4693 3729 4735 com-

2169 4782 2351 4850 p0suit
2377 4781 2444 4835 ad
2475 4781 2708 4837 rudiaris
2733 4783 2913 4853 pupilli
2939 4792 3155 4852 captum
3187 4782 3659 4839 accommodatum,
3688 4779 3733 4825 Ill

2170 4874 2221 4928 in
2254 4874 2539 4931 humillimi
2573 4878 2715 4951 vulgi
2760 4886 2817 4933 et
2868 4877 3091 4932 omnino
3122 4877 3498 4947 imperitorum
3526 4869 3731 4929 umidam

2167 4967 2452 5034 pervenire
2522 4968 2728 5023 valeret
2792 4968 3196 5023 Donatistarum
3255 4983 3423 5024 causa
3466 4982 3529 5022 ac
3578 4972 3733 5019 eorum

2163 5069 2424 5129 quantum
2454 5052 2579 5115 ﬁeri
2601 5071 2786 5132 posset
2816 5061 3093 5118 memoriae
3122 5061 3418 5119 inhaerere.
3443 5061 3497 5117 In
3519 5075 3579 5116 eo
3604 5058 3734 5113 totius

2160 5154 2471 5210 schismatis
2500 5156 2779 5212 historiam
2802 5159 3087 5213 etbrevem
3119 5157 3239 5229 ejus
3264 5157 3628 5215 refutationem
3658 5149 3737 5204 htt—

2158 5248 2272 5303 mili
2293 5260 2345 5306 et
2367 5261 2554 5321 aperto
2583 5268 2834 5309 sermone
2863 5255 3134 5325 exposuit.
3169 5254 3286 5311 [loc
3314 5261 3495 5310 autem
3520 5238 3736 5305 inlisu:-

2154 5343 2484 5399 ctationibus
2497 5348 2813 5416 opusculum
2827 5345 2968 5402 locat
2982 5346 3348 5417 postalterum
3360 5346 3429 5401 de
3442 5343 3544 5400 lide
3556 5338 3734 5409 etsym"

2159 5435 2286 5492 bolo
2311 5439 2452 5509 quod
2480 5440 2531 5494 in
2562 5440 2792 5495 concilio
2822 5440 3153 5511 Hipponensi
3172 5441 3304 5495 anni
3325 5439 3433 5496 393
3451 5428 3734 5506 composui!-

2233 5530 2389 5585 Liber
2414 5540 2592 5587 contra
2606 5533 2872 5604 epistolam
2884 5530 3236 5588 Donati.—Li
3246 5533 3405 5588 brum
3418 5532 3570 5588 etiam
3581 5531 3736 5583 conm

2159 5612 2443 5697 epistolam
2492 5625 2684 5681 Donati
2730 5626 2822 5698 qui
2867 5627 3034 5697 partis
3083 5622 3276 5682 Donati
3330 5622 3591 5683 secundus
3637 5618 3737 5687 pasi

2162 5719 2245 5773 sui
2295 5726 2540 5790 tempore
2582 5718 2866 5790 scripsisse
2902 5728 3129 5776 testatur
3155 5719 3205 5774 in
3232 5717 3428 5775 eodem
3454 5703 3737 5788 presbylﬂii

2160 5788 2485 5884 Majorinum
2497 5788 2973 5886 episcopusfuerat
2990 5813 3104 5883 ,lib.
3119 5810 3576 5871 Retratactiouum
3594 5819 3638 5863 c.
3656 5788 3732 5855 ξίο
