3898 6320
188 292 283 349 ,815
1329 266 1657 331 HISTORIA:
1696 267 2264 327 DONATISTARUM.
2911 266 2918 272 ’
3326 270 3434 329 au

199 408 288 464 Hac
320 402 367 459 in
392 394 601 470 epistola
655 393 896 450 Donatus
942 391 1042 449 hoc
1090 392 1301 464 agebat,
1336 402 1393 448 ut
1428 392 1641 447 nonnisi
1671 392 1723 446 in
1750 391 1800 453 Α
1830 401 1878 445 et
1904 405 2038 443 nunc
2059 406 2173 443 cum
2190 388 2425 462 gregibus
2439 388 2924 446 Circumcellionum
2947 389 3080 447 inter
3110 391 3438 465 vogabundos

198 498 289 569 ejus
304 490 645 549 communione
674 487 938 558 baptisma
964 478 1164 542 Clit-isti
1194 501 1315 542 esse
1337 487 1669 541 crederetur.
1834 498 2009 556 greges
2065 483 2393 553 {diuinarum
2432 486 2622 541 versari
2645 528 2659 553 ,
2689 486 2827 559 quod
2874 485 3214 543 Proculeiano
3239 504 3439 560 quoque

252 584 451 656 Epistula
468 581 532 635 ad
555 579 916 634 Maximinum.
940 579 1212 635 —Exstat
1236 579 1416 647 etejus
1437 579 1729 634 etiamnum
1836 595 1927 649 per
1955 576 2230 631 Eusebium
2257 580 2564 634 innotescere
2615 581 2722 635 vult
2743 621 2758 649 ,
2784 591 2839 635 ut
2885 599 2919 636 o
2959 598 3052 637 sua
3081 583 3439 640 communione

196 675 443 752 presbyteri
469 673 699 744 Epistula
731 673 906 746 (num.
934 672 1029 744 25)
1054 672 1121 728 ad
1143 672 1497 727 Maximinum
1520 672 1732 740 episco-
1837 686 1951 723 eum
1980 681 2232 725 removeat
2256 671 2342 742 qui
2363 688 2465 726 non
2496 675 2557 726 ob
2596 674 2740 727 aliud
2757 674 2900 729 illam
2922 675 3134 746 delegit,
3183 675 3283 731 nisi
3317 678 3440 748 quia

196 788 293 845 pum
321 766 618 825 Donatistam
658 764 947 821 Siniteusis
993 760 1198 835 oppidi,
1250 763 1342 836 qui
1394 761 1734 820 Catltolicum
1837 761 2176 817 inCothulica
2195 764 3122 837 clericatumpropterinobedieutiom
3148 781 3193 824 et
3214 771 3444 841 perditos

197 866 396 922 ecclesia:
447 860 879 931 Mtttbgenneusis
928 859 1296 931 rebaptizasse
1356 859 1636 915 dicebatur
1682 866 1738 914 et
1837 871 2004 911 mores
2025 858 2287 912 amiserat.
2319 854 2386 911 Id
2413 876 2465 913 se
2486 860 2701 931 denique
2728 859 2996 916 observare
3022 864 3114 929 ait,
3139 872 3196 917 ut
3213 865 3441 936 quisquis

194 961 434 1018 dissonum
456 964 607 1011 Stiuztt
636 956 878 1023 fecerat,
912 962 1017 1026 qtta
1061 970 1183 1010 eum
1241 954 1486 1009 hortatur
1534 962 1592 1009 ut
1643 961 1737 1008 aut
1838 951 1982 1022 apud
2003 949 2305 1007 Donatistas
2358 965 2564 1025 propter
2616 956 2941 1025 disciplinam
2992 959 3323 1029 degradutus.
3375 958 3444 1014 ad

197 1056 384 1110 fateatur
429 1050 620 1104 laetum
667 1057 723 1105 et
766 1049 981 1120 quantis
1014 1047 1253 1117 potuerit
1294 1046 1632 1102 decumeutis
1681 1048 1734 1100 itt
1841 1042 2157 1099 Catholicam
2201 1048 2418 1115 transire
2465 1049 2719 1118 voluerit,
2764 1050 2819 1104 in
2870 1051 3219 1108 humiliatione
3275 1055 3440 1124 poeni-

194 1146 379 1218 epistola
407 1159 493 1198 sua
512 1141 807 1198 defendat:
835 1152 928 1197 aut
953 1140 1000 1197 si
1023 1149 1183 1212 negat
1211 1152 1265 1195 et
1295 1139 1736 1211 rebaptizandum
1843 1138 2014 1192 tentiis
2041 1139 2324 1211 recipiatur
2343 1182 2357 1208 ,
2384 1144 2484 1212 quo
2511 1150 2559 1196 et
2589 1142 2686 1215 ipsi
2714 1159 2830 1197 eum
2858 1146 3075 1214 forsitan
3114 1155 3347 1218 cogerent
3400 1149 3449 1203 si

194 1252 277 1295 tum
295 1251 401 1293 esse
416 1235 681 1290 exiutimet
710 1275 726 1299 ,
758 1233 809 1288 id
842 1233 1019 1304 palam
1044 1232 1360 1303 proﬁteatur
1382 1241 1437 1286 et
1460 1231 1524 1284 ad
1547 1229 1740 1285 Eccle-
1841 1232 1981 1300 apud
2001 1248 2087 1287 eos
2113 1236 2317 1289 monere
2336 1235 2602 1312 _voluisset.
2631 1234 2879 1305 Epistolas
2899 1238 3173 1309 Augustini
3194 1240 3247 1295 in
3268 1240 3447 1312 quibus

191 1332 298 1387 siam
324 1329 511 1386 redeat.
542 1328 782 1398 Denique
809 1326 1003 1382 invitat
1031 1341 1155 1382 eum
1194 1325 1283 1380 vel
1315 1325 1381 1380 ad
1404 1322 1737 1395 colloquium

193 1424 260 1479 vel
285 1422 340 1477 ad
358 1419 750 1477 rescribendum
776 1430 832 1474 ut
854 1418 1142 1474 concordia
1166 1417 1424 1472 Beclesire
1446 1417 1736 1471 sanciatur.

193 1512 503 1586 lsepiscopus
533 1525 717 1584 postea
749 1519 873 1584 post
901 1510 1314 1567 transmarinam
1342 1507 1740 1581 peregrinatio-

194 1624 292 1665 nem
333 1610 599 1680 amplesus
628 1614 713 1664 est
756 1606 1078 1662 catholicam
1124 1618 1310 1674 pacem
1364 1603 1503 1658 etin
1551 1601 1743 1657 eadem

191 1704 294 1760 sede
326 1702 616 1770 remansit,
663 1711 721 1758 ut
769 1700 1030 1757 discimus
1055 1714 1124 1754 ex
1171 1697 1400 1768 epistola
1457 1694 1745 1767 Augustini

1845 1329 1955 1380 harc
1985 1328 2238 1381 habentur
2265 1305 2384 1383 sunt
2414 1346 2550 1384 nunc
2579 1330 2670 1398 55,
2698 1331 2768 1386 34
2789 1340 2836 1385 et
2862 1333 2950 1388 55.

1918 1417 2229 1473 Collotiones
2252 1417 2312 1475 S.
2340 1421 2611 1492 Augustini
2643 1438 2759 1475 cum
2794 1420 3101 1477 Donatistis.
3138 1452 3210 1465 —-
3239 1421 3450 1482 Habita:

1847 1519 1973 1564 sunt
1994 1510 2191 1566 deinde
2210 1528 2239 1564 a
2265 1522 2455 1567 sancto
2498 1514 2725 1567 Doctorc
2752 1513 3073 1570 collationes
3104 1531 3223 1571 cum
3271 1516 3453 1572 Dona-

1847 1600 1986 1657 tistis
2008 1642 2023 1669 ,
2053 1618 2157 1657 una
2187 1616 2330 1658 anno
2358 1604 2464 1660 597
2520 1614 2613 1661 aut
2649 1606 2978 1677 insequenti,
3009 1608 3150 1679 apud
3196 1607 3455 1664 Tubursi-

1850 1711 2117 1763 cum,cum
2132 1696 2389 1754 Fortunio
2410 1699 2683 1755 Donatista
2703 1699 2863 1771 hujus
2879 1702 3023 1757 urbis
3042 1705 3458 1775 epiSCOpoaliis-

193 1796 292 1852 105.
317 1795 379 1852 At
425 1804 708 1868 postquam
764 1795 1095 1866 Augustinus
1123 1792 1295 1848 lactus
1342 1800 1424 1846 est
1443 1792 1751 1862 episcopus,
1785 1800 1833 1861 Β
1858 1802 1961 1858 que
1990 1789 2283 1845 Donatistis
2306 1831 2322 1858 ,
2346 1792 2412 1846 de
2434 1804 2538 1862 qua
2559 1793 2780 1849 consule
2801 1793 3058 1865 epistolas
3081 1795 3139 1851 S.
3169 1797 3459 1868 Augustini

194 1891 453 1947 Donatistas
482 1931 497 1956 ,
527 1890 751 1962 scriptis
778 1932 794 1955 ,
845 1888 1090 1960 epiStolis
1121 1930 1135 1957 ,
1166 1886 1515 1943 sermonibus
1538 1926 1552 1952 ,
1583 1884 1755 1941 colla-

193 1984 392 2037 tionibus
409 1982 685 2052 exagitare
712 1991 819 2036 non
839 1980 1067 2036 destitit.

246 2073 598 2131 Proculeianus
632 2075 872 2129 inuitatus
902 2074 964 2129 ab
996 2072 1283 2145 Augustino
1310 2071 1378 2126 ad
1405 2071 1751 2127 collationem.

195 2198 249 2211 -
269 2170 409 2225 Initio
434 2173 782 2242 episcopatus
801 2169 1212 2226 Proculeianum
1247 2169 1414 2238 partis
1444 2165 1757 2222 Donatianre

194 2261 308 2332 apud
352 2261 647 2333 Hipponem
687 2262 1001 2333 episcopum
1032 2275 1096 2316 ac
1120 2259 1349 2331 proinde
1378 2274 1535 2315 suum
1561 2257 1757 2314 adver-

194 2356 359 2408 sariqu
384 2354 488 2424 jam
516 2368 708 2410 senem
760 2352 827 2407 ad
871 2354 1221 2408 collationem
1246 2366 1342 2420 per
1372 2350 1580 2406 litteras
1614 2349 1756 2403 invi-

195 2449 316 2502 tavit.
352 2447 735 2504 Proculeiauus
774 2447 1004 2517 primum
1049 2445 1399 2501 collatiooem
1444 2454 1567 2500 sese
1618 2440 1759 2497 haud

193 2538 407 2609 refugere
428 2541 712 2596 simularat
736 2580 749 2604 ,
785 2540 950 2593 modo
990 2538 1248 2593 adessent
1276 2536 1403 2591 deni
1443 2552 1508 2594 ex
1535 2544 1762 2605 utraque

195 2641 322 2702 parte
352 2648 538 2704 graves
577 2641 638 2689 et
684 2632 898 2689 honesti
954 2633 1079 2687 viri.
1109 2636 1176 2687 At
1220 2639 1426 2686 mutata
1481 2631 1763 2685 voluntate

193 2728 434 2797 quaesivit,
483 2744 584 2785 cur
639 2743 748 2784 non
795 2728 928 2783 isset
977 2727 1309 2797 Augustinus
1352 2723 1763 2781 Constantinam

192 2820 377 2891 quando
418 2823 489 2879 ibi
519 2825 708 2895 plures
734 2822 837 2893 ipsi
864 2831 1055 2884 erant,
1103 2821 1191 2875 vel
1247 2821 1420 2889 ipsum
1456 2820 1535 2873 ire
1565 2814 1765 2872 debere

193 2911 393 2970 Milevi‘m
422 2900 512 2971 ubi
539 2915 835 2972 concilium
870 2914 1114 2985 proxime
1140 2911 1371 2967 habituri
1399 2920 1555 2965 erant
1581 2926 1594 2962 :
1626 2908 1765 2963 indi-

193 3021 300 3064 cans
337 3024 454 3067 sese
496 3010 803 3082 Augustino
830 3010 1113 3079 imparem.
1141 3007 1245 3063 Per
1272 3007 1405 3061 alios
1451 3008 1655 3060 litteras
1700 3002 1767 3058 ad

196 3099 451 3157 Eusebium
476 3104 795 3175 episcolium
827 3118 1041 3171 quoque
1064 3101 1396 3155 Donatistam
1415 3099 1569 3153 datas
1590 3096 1766 3153 eidem

1855 1878 1927 1937 45
1956 1890 2010 1936 et
2029 1879 2122 1937 44.
2147 1880 2265 1938 Alia
2294 1878 2390 1955 'per
2410 1884 2616 1940 litteras
2639 1886 2818 1942 habita
2840 1897 3060 1943 estcum
3078 1888 3184 1944 alio
3212 1889 3458 1959 ejusdem
3555 1920 3561 1926 ~

1858 1982 2022 2031 secttc
2050 1978 2307 2048 episcopo
2328 2020 2341 2043 ,
2377 1977 2654 2035 llonorato
2682 1982 2902 2037 nomine
2927 1993 2983 2038 et
3030 1997 3152 2037 cum
3175 1980 3459 2039 Clarentio

1855 2067 1986 2124 item
2028 2068 2322 2140 episeopo:
2374 2069 2629 2142 idemque
2658 2084 2834 2127 actum
2875 2085 3018 2130 esset
3044 2090 3167 2129 cum
3210 2075 3464 2147 CriSpino

1858 2160 2163 2217 Calamensi
2214 2170 2374 2218 aetate
2404 2174 2458 2219 et
2502 2163 2643 2220 fama
2688 2166 2827 2222 inter
2868 2182 2998 2222 suos
3025 2168 3302 2225 celebrato
3356 2163 3471 2224 nisi

1859 2268 1955 2324 per
1977 2269 2099 2309 eum
2132 2256 2395 2312 stetisset.
2454 2257 2775 2315 Severinum
2807 2262 2969 2316 etiam
2998 2263 3465 2334 consanguineum

1860 2359 2015 2402 suum
2050 2347 2296 2404 hortatus
2326 2357 2411 2405 est
2462 2367 2558 2420 per
2591 2352 2875 2422 epistolam
2928 2371 3047 2427 qua:
3079 2371 3222 2410 nunc
3261 2363 3347 2411 est
3396 2354 3469 2412 52

1860 2440 2195 2510 Augustinus
2219 2483 2233 2510 ,
2264 2453 2319 2497 ut
2342 2446 2737 2500 Donatistarum
2761 2446 3002 2502 schisma
3024 2448 3319 2515 desereret.

1935 2532 2088 2588 Liber
2114 2545 2290 2589 contra
2316 2544 2513 2606 partem
2556 2535 2769 2592 Donati.
2796 2537 2943 2593 Libri
2973 2550 3151 2595 contra
3200 2543 3469 2613 epistolam

1863 2622 2217 2680 Parmenioni.
2251 2624 2393 2680 Libri
2422 2629 2484 2682 de
2510 2626 2868 2699 baptismo.—-
2897 2631 3052 2687 Circa
3082 2632 3222 2687 idem
3254 2643 3470 2705 tempus

1867 2719 2087 2788 scripsit
2109 2720 2443 2789 Augustinus
2470 2720 2607 2776 duos
2639 2722 2805 2777 libros
2833 2739 3061 2794 quorum
3094 2726 3279 2780 titulus
3303 2736 3422 2783 erat
3450 2769 3466 2796 ,

1869 2810 2059 2866 Contra
2074 2825 2271 2884 partem
2299 2813 2522 2880 Donati,
2554 2814 2605 2870 in
2633 2830 2863 2888 quorum
2888 2820 3062 2888 primo
3083 2818 3333 2888 dixerat,
3368 2834 3473 2876 non

1868 2908 1965 2962 sibi
1993 2908 2196 2978 placere
2212 2907 2366 2962 ullius
2391 2910 2655 2963 surcularis
2682 2912 2949 2981 potestatis
2968 2912 3163 2985 impetu
3182 2913 3476 2969 schismoti-

1869 3014 1954 3054 cos
1976 3000 2045 3054 ad
2064 3002 2470 3056 communionem
2496 3003 2742 3059 violenter
2763 3006 2973 3059 arcturi.
3019 3004 3087 3061 Et
3114 3024 3248 3074 uere,
3273 3009 3471 3081 inquit,

1872 3101 1993 3148 tunc
2040 3096 2166 3149 mihi
2207 3111 2311 3149 non
2349 3096 2609 3168 placebat,
2672 3099 2914 3167 quoniam
2948 3101 3176 3154 nondum
3237 3110 3476 3174 expertus

192 3192 515 3252 Pmuleiano
535 3197 890 3267 exprobravit,
933 3194 1265 3267 Augustinus
1290 3237 1303 3262 ,
1333 3193 1476 3265 quod
1508 3193 1763 3262 juvenem
1795 3188 1840 3259 Β
1871 3202 2012 3242 erant
2043 3188 2120 3242 uel
2165 3196 2412 3260 quantum
2442 3190 2564 3244 ntali
2606 3206 2784 3244 eorum
2807 3193 3017 3247 auderet
3044 3195 3354 3265 impunitas,
3397 3195 3476 3251 uel

191 3287 265 3354 qui
290 3297 507 3344 matrem
533 3289 749 3345 cmdere
780 3288 975 3344 solitus
1000 3297 1118 3343 erat
1149 3303 1213 3343 ac
1243 3289 1477 3342 minatus
1505 3285 1684 3341 fuerat
1706 3298 1767 3341 se

193 3391 295 3435 cum
320 3382 380 3435 ad
408 3393 618 3453 partem
647 3382 837 3436 Donati
866 3380 1726 3450 transiisseteam’perempturum
1753 3419 1769 3446 ,

192 3475 493 3542 recepisset,
521 3486 579 3531 et
609 3476 925 3545 sanguinem
970 3476 1157 3528 matris
1187 3474 1481 3544 Spirantem
1536 3471 1771 3543 rebapti-

192 3574 359 3622 nsset.
389 3569 740 3640 Rursumque
790 3567 1207 3624 Proculeianum
1264 3566 1456 3622 invitat
1503 3566 1568 3621 ad
1599 3567 1771 3622 collo-

190 3658 349 3728 quinm
370 3698 386 3729 ,
431 3663 595 3734 eique
623 3662 787 3719 offert
836 3672 896 3717 ut
920 3663 963 3717 si
997 3678 1057 3717 se
1085 3661 1347 3732 imparem
1395 3671 1543 3732 putet
1569 3702 1585 3727 ,
1615 3660 1772 3730 cujus

191 3754 399 3812 venerit
430 3760 666 3831 collegas
695 3759 782 3815 sui
808 3759 1057 3831 imploret
1087 3760 1343 3813 auxilium
1379 3776 1393 3813 :
1425 3758 1768 3830 Quamquam,

192 3844 370 3917 inquit,
391 3863 439 3907 et
454 3854 555 3908 iste
576 3853 671 3924 qui
681 3869 737 3909 se
758 3863 832 3908 tot
854 3860 1106 3908 ortnorum
1130 3852 1446 3924 Episcopum
1469 3853 1625 3920 dicit,
1645 3853 1771 3923 quid

191 3938 236 3993 in
252 3950 323 3997 me
339 3954 520 4017 tgrone
540 3954 720 4002 timeat
748 3948 1021 4020 quominus
1052 3963 1247 4001 mecum
1270 3947 1388 4002 velit
1408 3949 1647 4019 conferre
1665 3963 1772 4001 ser-

193 4047 366 4091 monem
390 4056 497 4095 non
526 4041 663 4096 satis
686 4040 940 4113 intelligo.
973 4039 1033 4095 Si
1056 4025 1344 4095 doctrinam
1368 4039 1656 4095 liberalium
1683 4040 1774 4093 lit-

190 4132 391 4183 terarum
417 4146 550 4202 quas
605 4136 740 4205 forte
767 4132 877 4202 ipse
904 4143 993 4187 aut
1024 4148 1127 4186 non
1171 4132 1351 4187 didicit
1379 4143 1468 4185 aut
1497 4133 1666 4186 minus
1689 4131 1770 4185 di-

187 4215 294 4273 dicit
315 4262 331 4287 ,
358 4226 482 4292 quid
503 4226 604 4279 hoc
624 4227 842 4296 pertinet
862 4226 931 4280 ad
959 4241 1070 4279 eam
1095 4226 1424 4296 qumstionem
1443 4268 1456 4292 ,
1476 4241 1588 4296 qua:
1616 4226 1776 4279 uelde

187 4315 353 4369 sanctis
380 4318 674 4391 Scripturis
700 4320 781 4373 uel
806 4320 1127 4373 documentis
1155 4315 1534 4374 Ecclesiast'icis
1559 4327 1646 4372 aut
1677 4335 1775 4389 pu-

186 4402 312 4462 blicis
337 4407 673 4466 discutienda
700 4421 795 4479 est,
825 4413 878 4465 in
906 4412 1087 4483 quibus
1114 4412 1202 4465 ille
1250 4428 1338 4482 per
1369 4421 1437 4465 tot
1467 4426 1631 4465 annos
1657 4425 1772 4465 ver-

183 4508 308 4552 tatur
330 4536 345 4569 ,
366 4505 508 4558 unde
528 4506 659 4559 meis
679 4503 880 4559 deberet
929 4520 1038 4559 esse
1061 4505 1289 4575 peritior.
1314 4503 1580 4559 Postremo
1602 4516 1672 4559 est
1695 4504 1777 4559 hic

1869 3292 2115 3353 quantum
2136 3283 2207 3337 eis
2228 3283 2280 3336 in
2298 3284 2480 3338 melius
2498 3286 2757 3339 mutandis
2775 3286 3005 3356 conferre
3023 3299 3189 3357 posset
3209 3290 3475 3359 diligentia

1871 3375 2178 3447 disciplima.
2210 3375 2322 3430 lloc
2345 3391 2479 3447 opus
2496 3376 2634 3431 circa
2659 3394 2858 3433 annum
2881 3380 2985 3435 598
3000 3390 3091 3435 aut
3117 3381 3221 3437 599
3237 3422 3252 3446 ,
3275 3384 3342 3437 ab
3365 3384 3477 3436 Au-

1869 3472 2086 3539 gustino
2100 3468 2431 3524 elaboratum
2451 3471 2553 3526 huc
2573 3486 2741 3542 usque
2756 3472 3149 3529 desideramus.
3176 3475 3257 3532 Ad
3271 3484 3474 3535 annum

1870 3562 1976 3616 400
2032 3563 2275 3617 revneari
2324 3562 2525 3619 debent
2565 3565 2805 3635 ejusdem
2848 3568 2966 3622 libri
3039 3569 3298 3625 achrsus
3357 3574 3473 3643 epi-

1871 3656 2066 3710 stolam
2096 3655 2435 3712 Parmenioni
2486 3658 2552 3712 ad
2584 3658 2920 3716 Tichonium‘
2946 3663 3162 3733 scripti,
3196 3665 3247 3720 in
3281 3667 3475 3736 quibus

1871 3749 2140 3805 celebrem
2170 3751 2335 3821 agitat
2362 3753 2630 3823 solvitque
2650 3753 3002 3824 qumslionem
3026 3797 3040 3823 ,
3067 3769 3239 3811 utrum
3271 3759 3324 3812 in
3356 3761 3479 3814 uni-

1874 3853 1975 3897 tate
1995 3852 2042 3897 et
2064 3845 2357 3899 eorumdent
2381 3848 2734 3901 communione
2754 3860 3193 3904 sacramentorum
3216 3852 3339 3906 mali
3354 3870 3477 3908 εοηά

1873 3939 2121 3993 taminent
2152 3940 2327 3994 bonos.
2356 3940 2647 3996 Pollicetur
2678 3943 2729 3996 in
2759 3943 2951 3998 eodem
3003 3959 3167 4014 opere
3210 3962 3270 4003 se
3312 3947 3471 4004 latius

1876 4040 2231 4089 tractaturum
2276 4033 2344 4089 de
2394 4033 2693 4105 baptismo,
2728 4037 2870 4106 quod
2916 4026 3241 4108 promissum
3289 4042 3473 4100 statim

1873 4125 2107 4181 exsolvit
2136 4125 2296 4182 editis
2326 4137 2533 4197 septem
2566 4129 2635 4183 de
2663 4129 2938 4201 Baptistno
2967 4132 3140 4188 libris.

1948 4219 2103 4275 Liber
2140 4231 2317 4275 contra
2342 4225 2479 4293 quod
2504 4224 2677 4277 attulit
2707 4221 2980 4281 Centurius
3010 4244 3041 4281 a
3068 4227 3371 4285 Donatistis.
3405 4261 3476 4274 -—

1877 4313 2032 4371 Circa
2077 4316 2218 4370 idem
2284 4326 2495 4385 tcmpUs
2536 4333 2656 4371 cum
2707 4319 2975 4374 attulisset
3038 4320 3106 4375 ad
3170 4321 3471 4383 Ecclesium

1878 4409 2094 4480 quidam
2143 4408 2337 4465 Laicus
2361 4410 2579 4465 nomine
2622 4409 2911 4469 Centurius
2941 4415 3193 4469 nonnulla
3225 4417 3481 4475 Donatis-

1879 4510 2051 4558 tarum
2077 4505 2129 4557 in
2157 4501 2467 4558 Catholicos
2487 4503 2683 4559 dictata
2708 4505 2790 4560 vel
2820 4505 3018 4576 scripta
3046 4508 3098 4563 in
3131 4514 3311 4580 paucis
3332 4514 3479 4571 velut

184 4590 321 4657 Iroter
364 4604 411 4652 e‘t
450 4599 661 4670 collega
698 4615 843 4654 meus
888 4599 1190 4671 Somfucius
1235 4597 1505 4654 Turrensis
1556 4598 1779 4654 ecclesia:
1806 4576 1854 4656 b
1885 4596 2207 4653 testimoniis
2232 4613 2351 4669 qua:
2381 4612 2491 4653 sua:
2519 4613 2696 4652 causa:
2747 4598 3031 4683 still‘ragari
3063 4607 3355 4678 putabant,
3386 4610 3471 4666 bis

183 4685 259 4749 qui
300 4690 469 4746 nullos
501 4692 635 4747 tales
684 4693 865 4747 didicit
909 4694 1088 4765 quales
1136 4694 1231 4748 iste
1258 4694 1443 4749 dicitur
1470 4693 1767 4766 fomidore.

174 4772 289 4845 Ipse
310 4780 444 4838 adsit
463 4825 479 4851 ,
508 4793 637 4854 agat
657 4796 773 4839 cum
792 4784 907 4839 illo.

243 4895 476 4955 Tertiam
507 4908 731 4973 ’quoqtte
761 4901 910 4958 dedit
933 4906 995 4958 ea
1028 4901 1095 4959 de
1124 4904 1183 4959 re
1208 4902 1492 4976 epistolam
1521 4902 1587 4960 ad
1620 4919 1770 4960 eum-

181 4982 288 5040 dem
311 4988 612 5048 Eusebium
643 4993 708 5049 ad
730 4990 888 5064 quem
912 4995 1159 5064 Superior
1187 4996 1310 5050 data
1349 4998 1433 5051 est
1451 5038 1466 5065 ,
1491 5011 1592 5064 qua
1624 5011 1773 5051 com-

182 5081 783 5141 monetProcnleianum
814 5094 873 5142 ut
891 5085 999 5158 jam
1030 5088 1269 5143 monitus
1298 5086 1367 5143 de
1410 5102 1549 5144 cmsa
1572 5089 1640 5145 ab
1670 5089 1772 5145 isto

178 5167 356 5236 iuvene
381 5181 563 5233 matre
586 5219 603 5245 ,
632 5177 774 5234 ltutlc
800 5194 828 5233 a
865 5176 1244 5236 coutlnunlone
1286 5182 1529 5252 repellat.
1562 5180 1726 5237 Addit
1756 5224 1771 5250 ,

182 5258 566 5326 δυωδεοήἁῆ
592 5274 862 5342 quando»:
894 5273 1198 5345 Spaniensis
1224 5273 1489 5343 Ecclesite,
1532 5278 1773 5333 vocabulo

181 5353 399 5416 Mittit
422 5407 437 5433 ,
487 5370 611 5420 cum
641 5368 702 5421 ob
736 5374 942 5423 accessu
974 5369 1361 5438 indisciplinato
1393 5368 1771 5426 Sanctimonia-

182 5447 297 5505 Harii
319 5457 712 5526 prohiberetur,
742 5461 1039 5516 acleiicdttz
1092 5464 1346 5517 remotum
1370 5506 1384 5531 ,
1440 5463 1775 5518 et'irritatnm

180 5540 409 5627 ﬁdelitas
418 5550 753 5624 disciplinain
772 5556 1092 5611 tranSlulisse
1106 5570 1158 5611 se
1168 5558 1236 5610 ad
1251 5556 1562 5622 Donatistas,
1582 5566 1779 5614 nectton

182 5634 237 5693 Μ
254 5640 313 5698 iis
339 5644 719 5719 rebaptizatunt
738 5654 867 5706 esse.
883 5648 1027 5705 Duas
1045 5647 1198 5730 etiam
1222 5653 1633 5708 sanctimoniales
1657 5668 1781 5707 con-

180 5734 376 5794 colonas
388 5742 511 5797 suos
525 5743 593 5798 de
618 5742 779 5814 {unda
799 5745 1161 5803 catholicorum
1175 5742 1582 5804 Christianorum
1594 5748 1697 5804 sive
1722 5746 1783 5801 ab

184 5842 237 5881 eo
261 5828 468 5908 raptat,
500 5837 611 5894 sive
632 5837 799 5910 ipsum
839 5838 1021 5912 s'p'onte
1040 5840 1238 5900 sicut‘as
1267 5841 1606 5917 rebaptizatas
1632 5852 1739 5899 esse
1767 5882 1783 5913 ,

1877 4690 2196 4746 brevissime
2236 4691 2511 4760 respondit
2537 4689 2868 4764 Augustinus
2917 4696 3102 4753 libello
3153 4699 3306 4771 cujus
3355 4700 3474 4758 haec

1878 4795 1995 4842 erat
2045 4786 2321 4856 inscriptio
2336 4828 2351 4853 ,
2382 4783 2572 4841 Contra
2592 4788 2729 4857 quod
2755 4789 2926 4844 attulit
2953 4790 3222 4850 Centurius
3243 4812 3274 4849 a
3292 4792 3474 4853 Dona-

1878 4881 2028 4935 tistis.
2055 4880 2231 4937 Heccc
2256 4882 2574 4952 opusculum
2602 4898 2708 4938 non
2731 4894 2927 4941 exstat.

1938 4994 2040 5066 19
2051 4992 2192 5048 Libri
2205 5003 2382 5049 contra
2407 4993 2894 5056 Petilianum.-—De
2905 4998 3168 5058 Peliliano
3197 5003 3474 5066 Donatista

1876 5086 2424 5144 Constantiuiensium
2441 5087 2705 5161 Episcopo
2733 5092 2933 5148 dictum
2948 5109 2977 5148 a
2990 5095 3409 5158 nobiscstalias.
3428 5100 3479 5158 ls

1877 5190 1998 5239 cum
2013 5199 2172 5238 unam
2185 5184 2464 5254 epistolam
2478 5195 2660 5240 contra
2676 5185 2984 5245 Catholicos
2999 5186 3308 5251 Donationis
3321 5212 3476 5268 pres-

1878 5275 2081 5348 byteris
2111 5282 2165 5332 et
2205 5276 2447 5332 diaconis
2471 5280 2806 5348 scripsnsset,
2839 5293 3046 5351 partem
3069 5290 3186 5357 ejus
3210 5300 3478 5359 prasente

1880 5367 2176 5424 Fortunato
2204 5372 2443 5440 ejusdem
2473 5373 2571 5426 loci
2598 5372 2875 5427 Catholica
2897 5377 3153 5448 episcopo
3188 5384 3241 5435 et
3276 5376 3478 5455 Alypio

1881 5461 2195 5534 Tagastensi
2228 5463 2286 5519 S.
2320 5464 2453 5535 Aug.
2490 5464 2803 5520 obtulerunt
2834 5468 2994 5537 hujus
3015 5471 3163 5526 urbis
3192 5471 3479 5533 Catholici.

1884 5556 2077 5613 Statim
2094 5558 2182 5613 ille
2195 5557 2354 5628 hujus
2366 5557 2609 5629 epistolzc
2625 5558 2981 5630 lra‘gtitentum
2998 5564 3250 5625 refellere
3261 5585 3482 5643 aggres-

1889 5658 1984 5706 sus
2008 5692 2023 5718 ,
2066 5648 2227 5721 idque
2256 5651 2392 5708 libro
2421 5650 2594 5722 primo
2632 5644 2886 5709 coul'ecil.
2932 5656 3139 5717 Deinde
3179 5674 3301 5719 cum
3345 5667 3486 5726 inte—

1891 5754 2040 5816 gram
2071 5744 2318 5802 Petiliani
2352 5745 2729 5817 intercepisset
2754 5742 3038 5820 epistolam
3063 5754 3265 5815 librum
3294 5750 3490 5821 s'ecu‘nv

1895 5839 2023 5896 dum
2050 5838 2110 5898 ill
2138 5838 2257 5898 eam
2302 5836 2627 5912 conscripstt
2663 5832 2887 5903 sedente
2928 5842 3216 5912 Λυκείας»ίο
3246 5853 3493 5917 Romano
