3898 6320
523 277 624 335 813
1910 272 2418 333 PROLEGOMENA
2431 316 2444 331 .
3642 283 3714 342 8l6

522 387 795 460 pontifice,
819 395 911 441 aut
931 385 1122 441 saltem
1145 384 1293 440 obitu
1313 384 1455 457 ejus,
1476 386 1567 455 qui
1590 386 1776 442 incidit
1801 386 1852 442 in
1877 389 2018 443 diem
2042 389 2112 442 27
2140 392 2195 452 Α
2218 391 2479 448 satisfecit
2500 402 2548 448 et
2566 391 2761 448 librum
2780 408 2888 464 quo
2903 393 3196 464 respondet
3220 396 3455 451 eumdem
3474 398 3718 457 titulumha-

518 480 722 552 Aprilis
757 482 878 532 anni
923 477 1031 532 402
1070 476 1304 531 nondum
1348 490 1663 547 comperto,
1711 480 1761 532 in
1797 494 1901 549 qua
1946 481 2116 536 verba
2219 484 2351 539 bere
2380 485 2547 539 voluit
2576 485 2654 540 De
2683 488 2838 541 unico
2863 487 3141 558 baptismo.
3175 489 3272 545 Hic
3304 491 3431 547 liber
3455 504 3615 550 exstat.

515 575 721 645 singula
770 572 1014 626 Petiliani
1069 570 1237 626 refert
1282 580 1336 626 et
1382 585 1534 626 suam
1582 572 1649 626 iis
1699 572 2114 642 responsionem
2290 575 2408 632 Non
2435 586 2617 633 exstat
2656 580 2794 633 alius
2824 580 3051 651 grandis
3083 582 3218 638 liber
3241 593 3422 639 contra
3454 584 3717 655 Donatistas,

518 667 759 738 subjicit.
793 666 899 722 Sed
933 667 1083 737 prius
1112 666 1163 722 id
1195 665 1338 738 quod
1370 666 1668 736 scripserat
1698 666 1961 722 adversus
1996 685 2115 736 par-
2217 668 2270 724 in
2299 684 2405 739 quo
2430 669 2749 726 ostendebat
2780 688 2968 727 eorum
2998 673 3261 731 adversus
3284 675 3559 732 Ecclesium
3578 678 3719 735 Catho-

516 771 623 818 tem
649 762 913 831 epistolae,
950 760 1197 831 pervenit
1219 760 1283 814 ad
1313 759 1640 815 Petilianum
1669 762 1756 829 qui
1784 761 2116 831 respondere
2220 762 2373 818 licam
2422 763 2645 833 impium
2687 780 2752 821 ac
2792 767 3242 836 superbissimum
3270 785 3495 827 errorem
3522 774 3614 830 sola
3638 774 3722 830 fun-

516 864 743 910 conatus
764 861 869 918 est,
906 854 993 910 cui
1025 852 1368 924 responsioni
1400 855 1617 910 tertium
1642 853 1838 910 librum
1863 856 2117 927 opposuit
2218 856 2361 913 ditus
2393 857 2913 917 Masimianistarutn
2947 879 3109 919 causa
3137 866 3392 921 subverti.

513 947 870 1019 Augustinus.
2287 948 2542 1007 Catholici
2567 950 2867 1010 Donatistas
2886 956 2956 1010 ad
2974 957 3299 1014 collationem
3318 960 3535 1015 invitant.
3557 992 3612 1004 --
3628 963 3720 1021 Dum

585 1041 738 1096 Liber
764 1042 829 1095 de
854 1041 1045 1096 unitate
1073 1041 1335 1098 Ecclesiw.
1364 1072 1436 1084 —
1463 1043 1765 1116 Antequam
1796 1043 1937 1100 edita
1970 1051 2116 1100 esset
2220 1044 2338 1099 haec
2370 1045 2621 1114 privatim
2669 1048 2719 1101 in
2751 1047 3056 1103 Donatistas
3096 1051 3316 1106 molitur
3341 1054 3656 1124 Augustinus,
3687 1056 3721 1111 id

510 1137 611 1192 ista
634 1137 919 1207 responsio
943 1136 1224 1207 epistolam
1251 1138 1320 1192 ad
1341 1136 1648 1194 Catholicos
1676 1139 1767 1210 qui
1783 1142 1939 1211 vulgo
1959 1137 2115 1193 Liber
2215 1136 2447 1209 agebant
2473 1138 2713 1196 Africani
2742 1142 2981 1213 episcopi
3007 1153 3064 1199 ιιι
3092 1144 3398 1201 Donatistae
3423 1149 3588 1219 quovis
3611 1153 3723 1207 modo

510 1232 574 1284 de
616 1229 823 1286 Unitate
874 1229 1120 1285 Ecclesia:
1176 1230 1407 1298 dicitur,
1451 1232 1842 1304 conscripsisse
1877 1233 2108 1288 videtur.

510 1323 644 1379 Nam
671 1323 827 1394 hujus
855 1324 1009 1379 initio
1036 1325 1278 1380 meminit
1308 1323 1537 1380 duorum
1576 1327 1815 1394 priorum
1850 1327 2109 1384 librorum

507 1420 562 1476 in
592 1419 946 1487 Petilianum,
981 1436 1085 1475 non
1119 1420 1283 1476 tertii.

579 1511 723 1567 Libri
748 1523 924 1567 contra
953 1512 1775 1572 Cresconium.—Grammaticus
1797 1517 1962 1573 etiam
1990 1516 2110 1589 qui-

511 1605 634 1661 dam
689 1606 962 1662 Donatista
1010 1608 1336 1664 Cresconius
1379 1624 1500 1664 cum
1558 1611 1850 1668 invenisset
1875 1613 2106 1682 primum

506 1702 792 1773 Augustini
815 1701 1007 1756 librum
1039 1701 1091 1757 in
1115 1701 1455 1771 Petilianum,
1471 1708 1673 1775 putavit
1697 1706 1745 1761 ei
1770 1706 2107 1775 reSpOnden-

2215 1232 2282 1285 ad
2308 1231 2658 1288 collationem
2687 1233 3054 1305 adducerent,
3086 1238 3190 1294 rati
3219 1240 3360 1295 nulla
3390 1240 3487 1295 alia
3509 1245 3578 1295 via
3602 1244 3724 1299 schis-

2215 1324 2445 1380 maticos
2471 1332 2564 1382 aut
2585 1327 2927 1384 reconciliari
2949 1340 3042 1384 aut
3068 1333 3316 1402 superari
3344 1348 3514 1403 posse.
3540 1334 3670 1407 Igitur
3687 1338 3722 1392 in

2214 1418 2448 1475 concilio
2476 1420 2717 1489 generali
2761 1422 3140 1493 episcOporum
3179 1426 3375 1483 Africa:
3399 1443 3527 1484 anno
3545 1429 3646 1498 403,
3664 1429 3724 1486 die

2213 1510 2285 1567 25
2325 1516 2575 1585 Augusti,
2618 1516 2930 1588 Carthagini
2980 1516 3163 1574 habito
3188 1519 3458 1577 decretum
3490 1531 3578 1587 est,
3599 1534 3643 1577 ut
3667 1537 3727 1578 so-

2213 1608 2380 1663 lemni
2421 1609 2786 1665 instrumento
2817 1623 3243 1682 provocarentur
3274 1614 3551 1670 Donatista:
3582 1614 3727 1670 adcol-

2213 1701 2470 1758 lationem
2500 1702 2807 1759 habendam
2838 1704 2981 1761 inter
3010 1703 3256 1761 delectos
3285 1722 3353 1763 ex
3390 1718 3593 1779 utraque
3621 1715 3727 1777 parte

504 1793 726 1859 dun),et
749 1797 1320 1877 reSponsionemsuam
1342 1796 1408 1852 ad
1430 1797 1786 1869 AuguStinum
1820 1797 1985 1853 misit.
2008 1797 2104 1854 Cui
2136 1784 2183 1845 B
2211 1794 2515 1867 episcopos.
2546 1796 2723 1852 Simul
2754 1813 2784 1852 a
2813 1797 3137 1869 Septiminio
3161 1799 3435 1869 petierunt
3465 1813 3511 1856 ct
3545 1801 3728 1856 obtinue-

505 1888 657 1958 operi
686 1887 839 1943 libris
870 1897 1101 1958 quatuor
1131 1889 1224 1945 ille
1251 1889 1565 1961 respondit,
1594 1890 1664 1945 ita
1694 1905 1825 1947 sane
1857 1898 1915 1944 ut
1936 1889 2108 1946 tribus

502 1983 935 2054 perageretquod
952 1983 1198 2040 universa
1222 1984 1507 2053 responsio
1532 1983 1824 2055 ﬂagitabat.
1850 1984 1954 2039 Sed
1978 1999 2101 2040 cum

502 2075 712 2131 videret
738 2074 806 2130 de
834 2076 944 2130 sola
962 2075 1468 2131 Maximianensium
1500 2092 1659 2131 causa
1674 2092 1777 2148 qua
1793 2076 2102 2131 suosscltis-

502 2167 732 2222 malicos
761 2167 1154 2222 damnaverunt
1184 2178 1236 2223 et
1264 2183 1453 2223 eorum
1479 2168 1689 2238 aliquos
1703 2183 1912 2223 rursum
1926 2166 1978 2223 in
1992 2166 2104 2223 suis

500 2260 797 2317 honoribus
809 2272 1152 2332 receperunt,
1173 2262 1234 2317 ba
1242 2262 1684 2334 ptismumqueab
1699 2263 1776 2318 eis
1790 2273 1940 2319 extra
1955 2278 2102 2318 com-

498 2356 811 2412 munionem
843 2372 998 2412 suam
1029 2342 1209 2412 datum
1236 2374 1341 2414 non
1365 2360 1754 2437 repetiverunt,
1783 2359 2098 2429 responderi

500 2466 660 2520 posse
681 2452 747 2508 ad
768 2464 961 2508 cuneta
977 2469 1093 2524 quic
1108 2453 1355 2525 scripsit,
1370 2465 1620 2525 quartum
1646 2454 1841 2509 librum
1866 2453 2093 2524 adjecit,

494 2542 548 2598 in
578 2561 685 2615 quo
715 2544 764 2600 id
780 2556 1037 2617 quantum
1051 2546 1527 2618 potuitdiligentcr
1540 2546 1887 2603 etevidenter
1907 2558 2095 2602 osten-

493 2638 595 2693 dit.
634 2639 862 2707 Quando
898 2649 1075 2695 autem
1118 2640 1217 2695 hos
1244 2650 1475 2711 quatuor
1508 2640 1672 2695 libros
1715 2639 1956 2711 scripsit,
1980 2639 2093 2710 jam

489 2740 677 2786 contra
706 2731 1014 2787 Donatistas
1046 2733 1190 2804 leges
1217 2731 1444 2787 dederat
1466 2731 1739 2787 llnnorius
1767 2732 2087 2802 Imperator.

491 2822 569 2878 Ita
601 2823 933 2896 Augustinus
963 2825 1077 2895 ipse
1104 2825 1172 2879 de
1202 2827 1305 2879 hoc
1331 2839 1498 2894 opere
1528 2824 1581 2878 in
1619 2823 1714 2878 lib.
1743 2839 1780 2880 ιι
1812 2824 2091 2880 Retracta-

494 2916 725 2981 tionum,
760 2933 825 2972 ex
850 2918 1046 2988 quibus
1079 2917 1430 2988 intelligimus
1456 2918 1716 2985 scriptum
1743 2927 1864 2987 post
1884 2933 2089 2974 annum

488 3011 617 3078 406,
650 3026 771 3066 cum
802 3012 946 3082 leges
973 3010 1200 3067 Honorii
1233 3010 1301 3066 de
1332 3012 1527 3082 quibus
1558 3010 1797 3083 loquitur
1820 3010 1959 3068 datae
1980 3011 2089 3068 sint

490 3119 633 3159 anno
660 3104 789 3163 405.

2210 1898 2336 1943 runt
2385 1897 2497 1944 tum
2539 1891 2898 1945 conveniendi
2949 1892 3295 1961 Donatistas,
3345 1903 3452 1948 tum
3492 1890 3727 1964 inquirendi

2208 1981 2277 2039 de
2331 1984 2499 2055 gestis
2558 1985 2609 2038 in
2668 1999 2830 2079 causa
2901 1985 3443 2041 Maximianistarum.
3504 1987 3727 2040 Donatista:

2208 2093 2307 2148 pro
2352 2092 2452 2131 suo
2500 2091 2653 2134 more
2693 2074 3046 2133 collationem
3098 2087 3437 2133 recusarunt.
3478 2076 3609 2132 Tunc
3650 2074 3728 2145 epi-

2204 2169 2399 2225 stolam
2454 2171 2607 2226 laicis
2636 2171 2879 2241 ejusdem
2932 2184 3094 2229 secta:
3148 2173 3366 2243 scripsit
3420 2173 3725 2244 Augustinus,

2203 2272 2263 2319 ut
2311 2279 2377 2320 ex
2444 2264 2544 2318 hac
2606 2267 2984 2336 episcoporum
3048 2266 3430 2336 repudiatione
3485 2273 3725 2337 suspectam

2200 2371 2379 2412 causa:
2410 2372 2522 2413 sum
2548 2358 2809 2427 juStitiam
2838 2359 3056 2415 tandem
3087 2359 3293 2416 habere
3322 2361 3596 2416 discerent.

2272 2449 2561 2507 Donatista:
2595 2452 2786 2507 irritati
2818 2453 2879 2508 ob
2912 2453 3045 2507 lianc
3082 2455 3513 2526 provocationem.
3541 2451 3683 2527 Legati
3705 2467 3727 2505 ι

2198 2542 2478 2600 ϐαιΙιοιὶεἱε
2526 2546 2595 2600 ad
2644 2547 3006 2613 imperatorem
3051 2547 3217 2602 missi.
3267 2578 3342 2588 —
3394 2550 3459 2603 At
3498 2546 3725 2602 Donatius

2196 2654 2303 2710 quo
2330 2639 2655 2695 clementius
2684 2648 2738 2695 et
2765 2640 3052 2695 instantius
3083 2639 3456 2698 invitabantur
3482 2640 3543 2696 ad
3568 2652 3725 2710 pacem,

2196 2746 2262 2787 eo
2288 2730 2520 2788 ferocius
2542 2748 2605 2788 ac
2630 2733 2827 2788 sacvius
2858 2734 2910 2787 in
2935 2733 3256 2791 Catholicos
3287 2734 3467 2792 furere
3487 2742 3723 2805 coeperunt.

2196 2825 2526 2896 Argtnnento
2578 2839 2700 2881 csse
2734 2835 2909 2896 potest
2952 2824 3257 2897 Crispinus,
3303 2827 3612 2884 Calamensis
3644 2824 3727 2895 epi-

2192 2934 2409 2990 scopus,
2434 2935 2641 2990 magnae
2661 2919 2802 2974 inter
2824 2934 2953 2975 suos
2975 2919 3341 2988 auctoritatis,
3369 2922 3454 2992 qui
3485 2917 3724 2976 Possidium

2190 3012 2434 3083 ejusdem
2466 3012 2699 3068 civitatis
2723 3009 3064 3069 Catholicam
3092 3015 3415 3085 episcopum
3441 3014 3515 3070 sic
3546 3012 3725 3067 insecta-

2192 3114 2276 3160 tus
2302 3115 2406 3172 cst,
2440 3114 2498 3160 ut
2525 3104 2569 3160 is
2604 3107 2695 3160 vix
2722 3104 2845 3177 fuga
2879 3105 3037 3161 saluti
3067 3120 3182 3161 suae
3212 3106 3499 3163 consulere
3525 3101 3721 3175 potuerit.

557 3197 702 3254 Libri
733 3199 1109 3255 Probationum
1142 3212 1188 3256 et
1211 3202 1613 3256 testimoniorum
1636 3212 1814 3259 contra
1836 3202 2083 3285 Don‘atis-
2113 3172 2158 3237 C
2189 3197 2269 3255 Ob
2297 3198 2414 3254 haec
2443 3209 2498 3255 et
2531 3199 2637 3254 alia
2670 3198 2912 3254 facinora
2943 3198 3232 3268 CriSpinus
3262 3201 3316 3254 in
3340 3198 3587 3269 judicium
3608 3208 3723 3251 voca-

486 3304 584 3349 tas.
597 3293 916 3350 —Postluec
934 3306 991 3351 ut
1008 3296 1077 3351 ad
1091 3294 1389 3352 Donatistas
1401 3298 1739 3369 pervenirent,
1757 3300 1927 3371 inquit
1941 3299 2083 3355 idem

483 3390 821 3458 Augustinus
849 3388 1008 3457 ibid.,
1044 3400 1224 3444 contra
1252 3406 1428 3443 eorum
1453 3406 1678 3445 errarent
1700 3399 1749 3445 et
1775 3407 1869 3462 pro
1901 3390 2080 3445 catho-

482 3482 583 3538 lica
614 3485 824 3539 veritate
844 3486 1130 3541 necessaria
1159 3486 1466 3541 documenta
1495 3487 1669 3541 curavi
1692 3487 1795 3541 sive
1815 3486 1878 3541 de
1901 3485 2082 3542 Eccle-

478 3577 735 3644 siasticis,
768 3579 875 3633 sive
899 3579 962 3634 de
990 3578 1205 3648 publicis
1236 3580 1412 3651 gestis,
1436 3580 1539 3633 sive
1569 3578 1634 3633 de
1663 3577 1954 3649 Scripturis
1983 3580 2081 3634 Ca-

478 3672 710 3735 nonicis,
744 3680 791 3724 et
826 3672 991 3741 primo
1020 3672 1089 3725 ad
1124 3672 1243 3726 illos
1274 3673 1453 3726 eadem
1496 3672 1751 3742 promissa
1784 3672 1985 3737 direxi,
2022 3679 2081 3726 ut

473 3766 575 3838 ipsi
600 3783 661 3819 ea
690 3765 735 3818 si
758 3764 869 3835 ﬁeri
901 3775 1068 3832 posset
1108 3774 1459 3835 exposcerent.
1510 3763 1638 3831 Quae
1681 3781 1796 3818 cum
1826 3765 2077 3820 venissent

472 3859 529 3914 in
566 3874 740 3915 eorunt
777 3856 1120 3924 quorumdam
1157 3873 1340 3910 manus
1365 3898 1380 3924 ,
1426 3857 1598 3910 nescio
1626 3856 1738 3926 quis
1767 3856 1958 3911 exstitit
1988 3854 2076 3926 qui

473 3966 568 4006 suo
597 3949 800 4005 nomine
830 3948 983 4003 tacito
1013 3956 1190 4001 contra
1221 3947 1328 4001 Ita'c
1358 3947 1618 4013 scriberet,
1648 3946 1723 4001 ita
1753 3964 1804 4002 se
1828 3947 2075 4017 conﬁtens

473 4042 805 4098 Donatistam
846 4053 1103 4111 tamquam
1144 4041 1239 4093 hoc
1278 4049 1564 4094 vocaretur.
1614 4035 1710 4093 Cui
1746 4056 1839 4111 ego
1869 4057 2074 4110 respon-

473 4138 597 4191 dens
625 4137 788 4190 alium
833 4135 1017 4190 librum
1058 4134 1260 4204 scripsi.
1310 4133 1416 4187 Illa
1455 4148 1571 4187 vero
1612 4116 1918 4188 documenta
1957 4149 2073 4203 qum

469 4234 803 4303 promiseram
820 4230 1000 4304 junxi,
1034 4239 1079 4284 et
1107 4245 1172 4284 ex
1192 4238 1409 4300 utroque
1437 4244 1592 4281 unum
1620 4245 1727 4282 esse
1753 4229 1911 4305 volui,
1940 4246 2075 4285 eum-

468 4343 567 4396 que
606 4326 681 4380 sic
717 4325 855 4379 edidi
875 4364 890 4389 ,
920 4333 972 4377 ut
1000 4324 1053 4378 in
1078 4323 1357 4395 parietibus
1387 4322 1613 4376 basilicae
1630 4338 1746 4394 qute
1771 4320 2069 4380 Donatista-

468 4435 586 4473 rum
617 4420 787 4491 [uerat
830 4418 972 4490 prius
1010 4417 1321 4489 prwpositus
1365 4416 1652 4490 legeretur,
1705 4417 1851 4487 cujus
1892 4417 2069 4474 titulus

466 4520 576 4577 est,
612 4511 1001 4566 Probationum
1030 4520 1085 4567 et
1124 4510 1560 4567 testimoniorum
1589 4520 1777 4565 contra
1810 4510 2065 4567 Donatis-

2189 3299 2274 3347 tus
2315 3299 2369 3346 et
2398 3299 2667 3362 tamquam
2710 3290 2998 3347 haereticus
3037 3301 3330 3348 accusatus
3355 3334 3369 3359 ,
3400 3307 3515 3348 cum
3543 3307 3599 3348 ex
3625 3303 3723 3359 pre-

2186 3389 2391 3459 scripto
2427 3388 2564 3459 legis
2593 3387 2993 3443 Tlteodosiante
3033 3388 3160 3443 anni
3206 3387 3320 3444 392
3353 3387 3530 3444 decem
3566 3382 3658 3441 auri
3677 3380 3723 3435 ιιι

2184 3470 2403 3537 brarum
2458 3481 2711 3536 mulctam
2770 3480 2877 3536 sibi
2929 3480 3238 3551 impositam
3293 3481 3542 3546 vidisset,
3586 3488 3719 3531 coram

2183 3575 2507 3648 proconsule
2536 3591 2753 3631 causam
2797 3589 2949 3631 suam
2991 3591 3086 3645 per
3115 3574 3356 3631 triduum
3391 3571 3639 3645 peroravit
3663 3578 3719 3623 at-

2181 3684 2287 3739 que
2325 3668 2564 3724 haeretici
2598 3670 2807 3725 crimen
2850 3686 2879 3724 a
2921 3685 2981 3725 se
3022 3667 3241 3724 amoliri
3268 3678 3494 3726 conatus
3526 3675 3613 3723 est.
3644 3660 3719 3720 Sed

2174 3760 2375 3833 justam
2427 3776 2489 3818 ac
2538 3761 2833 3833 legitimam
2882 3762 3048 3819 fuisse
3094 3762 3198 3818 hoc
3250 3766 3473 3818 nomine
3511 3758 3716 3831 prolatam

2178 3856 2507 3909 sententiam
2535 3853 2817 3911 Possidius
2844 3854 2896 3909 in
2937 3855 3148 3925 publica
3175 3854 3543 3927 disputatione
3574 3847 3720 3921 probas

2178 3947 2289 4013 vit;
2336 3958 2391 4004 et
2420 3957 2597 4004 tamen
2628 3951 2854 4005 remissa
2887 3949 3117 4005 Possidii
3138 3961 3345 4021 .rogatu
3371 3940 3720 4013 mulcta,Cris-

2174 4041 2333 4113 pinus
2362 4042 2746 4113 imperatorem
2773 4042 3069 4113 appellavit
3107 4043 3203 4114 qui
3232 4042 3482 4099 eamdem
3512 4038 3714 4095 mulctam

2174 4134 2276 4205 ipsi
2305 4134 2629 4205 caeterisque
2662 4133 2959 4189 Donatistis
2990 4127 3205 4189 in'llixit.
3233 4133 3375 4190 Cum
3408 4135 3517 4189 haec
3539 4140 3718 4200 ageren-

2173 4234 2261 4281 tur
2315 4224 2797 4282 Circumcellioncs
2841 4227 2894 4282 in
2944 4226 3333 4282 Maximianum
3386 4226 3715 4297 Bagaiensetn.

2172 4318 2265 4392 qui
2308 4318 2588 4375 basilicam
2631 4320 2839 4391 legibus
2869 4321 3164 4392 repetierat
3205 4332 3261 4377 et
3306 4321 3359 4377 in
3404 4322 3609 4378 Servum
3637 4312 3718 4368 Tlt-

2172 4414 2517 4471 bursicuburi
2557 4416 2908 4486 episcopum,
2949 4415 3043 4486 qui
3071 4415 3231 4471 aliam
3275 4416 3493 4486 petebat
3521 4413 3716 4477 aliosque

2173 4508 2457 4579 episcopos
2481 4550 2496 4575 ,
2537 4508 2769 4565 clericos
2796 4551 2810 4575 ,
2839 4517 2893 4564 ct
2924 4508 3092 4564 laicos
3122 4519 3228 4564 tam
3257 4510 3515 4566 atrociter
3538 4497 3716 4578 grassati

467 4616 572 4664 tas.
619 4606 847 4661 Alterius
882 4605 1000 4660 libri
1033 4622 1181 4677 quem
1215 4622 1374 4675 supra
1401 4604 1815 4670 commemoravi,
1856 4604 2065 4660 titulum
2093 4572 2147 4635 Β
2173 4612 2229 4657 ιιι
2279 4602 2496 4658 concilii
2547 4600 2996 4674 Carthaginiensis
3036 4618 3179 4657 anno
3224 4603 3336 4660 404
3377 4599 3538 4658 habiti
3570 4596 3715 4653 Patres

465 4716 573 4755 esse
598 4700 758 4764 volui,
790 4698 992 4753 Contra
1022 4700 1203 4753 nescio
1230 4713 1390 4767 quem
1418 4699 1784 4777 Donatislum.‘

538 4792 834 4847 Admonitio
876 4787 1264 4844 Donatistarum
1300 4790 1365 4844 de
1408 4788 1827 4844 Maximianistis.
1865 4819 1934 4829 --
1966 4788 2063 4846 llis

464 4886 677 4941 duobus
718 4882 873 4939 libris
914 4883 1006 4953 qui
1060 4898 1205 4938 nunc
1260 4882 1675 4949 desiderantur,
1722 4883 1913 4939 tertius
1967 4884 2060 4955 qui

461 4981 697 5035 amissus
746 4992 963 5049 quoque
1000 4984 1105 5045 est,
1141 4975 1465 5040 accedebat,
1498 4978 1583 5033 cui
1632 4978 1824 5033 titulus
1861 4978 2058 5032 Adlno-

459 5071 585 5125 nitio
640 5068 1031 5123 Donatistarum
1074 5067 1136 5122 de
1193 5067 1632 5134 Maximianistis,
1696 5071 1785 5141 qui
1836 5070 2051 5143 quidem

455 5164 676 5222 libellus
702 5171 821 5219 erat
850 5161 1228 5229 brevissimus,
1261 5170 1320 5215 ut
1352 5172 1535 5231 posset
1558 5162 1821 5220 facilitate
1848 5164 2054 5221 descri-

455 5255 621 5313 bendi
656 5258 707 5311 in
742 5256 976 5326 plurium
1009 5270 1202 5310 manus
1243 5255 1550 5322 pervenire,
1584 5265 1639 5310 et
1671 5258 1783 5327 ipsa
1811 5258 1895 5313 sui
1928 5258 2049 5314 bre-

454 5350 626 5406 vitate
654 5348 867 5404 facilius
895 5348 1175 5415 memoriae
1204 5347 1594 5402 commendari.

454 5454 480 5493 1'.
527 5441 1657 5514 Liberdeunicobaptismo.—Postaliquod
1694 5453 1928 5515 tempus,
1955 5446 2051 5504 sed

454 5548 582 5595 ante
594 5539 937 5595 collationem
949 5534 1433 5605 Carthaginensem
1448 5575 1462 5600 ,
1474 5549 1600 5593 cum
1615 5535 1821 5591 amicus
1832 5538 2049 5608 quidam

450 5634 638 5690 illiusa
653 5628 1239 5702 nescioquoDonatista
1254 5626 1574 5700 presbytero
1593 5628 1789 5684 librum
1802 5628 2053 5688 Petiliani

453 5729 522 5783 de
536 5729 694 5783 unico
704 5727 973 5797 baptismo
986 5723 1354 5794 accepissetet
1372 5722 1439 5776 ad
1465 5724 1819 5795 Augustinum
1834 5726 2048 5780 attulis-

451 5833 557 5890 set,
580 5823 740 5880 enixe
755 5835 951 5892 rogans
964 5819 1116 5876 illum
1131 5827 1190 5875 ut
1202 5818 1252 5876 ei
1266 5816 1650 5891 responderet,
1668 5818 1919 5891 precibus
1928 5820 2047 5893 ejus

2166 4694 2253 4752 die
2273 4695 2345 4750 26
2368 4694 2512 4751 Junii
2539 4695 2829 4751 Theasium
2856 4705 2911 4751 et
2939 4695 3201 4752 Evodium
3230 4697 3439 4768 legatos
3483 4694 3544 4749 ad
3579 4691 3709 4757 impe‘

2167 4797 2402 4844 ratorem
2442 4787 2735 4844 mittendos
2777 4802 2901 4845 esse
2940 4788 3297 4854 censuerint,
3329 4790 3418 4859 qui
3444 4788 3489 4843 ei
3520 4791 3711 4854 expone-

2165 4892 2289 4937 rent
2326 4898 2488 4950 quam
2533 4881 2791 4938 immania
2833 4898 2863 4937 a
2894 4881 3195 4938 DttnaliSIiS
3224 4882 3279 4937 in
3324 4880 3613 4939 Catliolicos
3641 4885 3712 4944 ιιι·

2165 4982 2461 5040 trarentur,
2488 4974 2689 5047 quique
2716 4984 3002 5046 poscerent
3034 4986 3091 5031 ιιι
3115 4975 3376 5032 Ecclesia:
3398 4971 3594 5031 tuitioni
3613 4979 3709 5039 pro-

2168 5066 2421 5122 viderent
2458 5083 2521 5123 ac
2567 5068 2737 5138 legem
2782 5066 3072 5124 Theodosii
3105 5068 3492 5139 promulgatam
3519 5066 3567 5120 iu
3594 5055 3711 5115 ordi-

2170 5169 2391 5215 natores
2416 5160 2497 5215 vel
2527 5159 2805 5217 ordinatos
2834 5160 3116 5217 haereticos
3144 5176 3239 5218 seu
3267 5162 3429 5217 etiam
3458 5161 3508 5214 in
3534 5161 3711 5225 anSOS'

2167 5268 2320 5309 sores
2362 5254 2604 5309 locorum
2644 5254 2698 5309 in
2731 5255 2928 5335 quibus
2963 5271 3150 5319 eorum
3178 5252 3523 5326 congregatio
3556 5246 3710 5313 (ἱερεῦ

2167 5344 2442 5413 benditur,
2467 5349 2880 5416 confirmarent,
2910 5358 2959 5403 et
2988 5349 3039 5403 in
3069 5347 3381 5404 Donatistas
3403 5346 3570 5399 valere
3586 5336 3709 5409 jube'

2160 5448 2304 5496 rent.
2347 5439 2609 5496 Similiter
2647 5450 2703 5496 ut
2741 5442 2844 5496 alia
2888 5442 2975 5498 lex
3002 5456 3127 5513 qua:
3160 5441 3228 5497 de
3256 5438 3525 5495 haereticis
3555 5430 3629 5486 vel
3655 5437 3705 5480 ει

2161 5534 2538 5591 deuotionibus
2567 5536 2651 5591 vel
2679 5551 2751 5591 ex
2785 5536 3123 5592 testamentis
3147 5532 3354 5604 aliquid
3392 5522 3619 5600 capiendi
3640 5513 3706 5572 vel

2159 5628 2500 5701 relinquendi
2524 5630 2614 5699 jus
2642 5630 2865 5697 adimit,
2895 5638 3258 5698 repeteretur;
3294 5627 3365 5682 ita
3392 5635 3561 5681 tamen
3584 5625 3634 5671 ut
3653 5611 3704 5666 ὶῖε

2159 5723 2248 5796 qui
2277 5722 2713 5780 consideratione
2738 5724 2964 5780 unitatis
2999 5731 3056 5778 et
3090 5723 3236 5794 pacis
3258 5732 3319 5778 se
3346 5717 3604 5787 corrigere
3624 5716 3702 5762 v0-

2157 5819 2393 5891 luerint,
2422 5818 2755 5881 bwreditatis
2793 5818 3233 5894 aditustaterct,
3262 5816 3309 5873 si
3342 5815 3510 5872 adhuc
3534 5809 3580 5865 in
3615 5807 3704 5860 luc-
