3898 6320
217 368 320 429 817

1398 370 1717 430 HISTORIA
1756 367 2319 430 DONATISTARUM.

3410 373 3517 429 8l8

218 489 324 546 resi
352 487 664 544 constitutis
688 487 889 560 aliquid
910 496 1033 545 ante
1059 487 1372 547 donationis
1405 492 1492 547 vel
1520 489 1810 546 hreredita-
1840 487 1894 549 Λ
1987 489 2148 545 Anno
2176 488 2305 557 408,
2337 488 2599 547 Stilicone
2628 490 2694 545 ad
2731 489 2874 546 diem
2900 489 2974 547 9.ῗῖ
3000 489 3224 562 Augusti
3254 488 3513 545 interfec-u

217 584 286 639 tis
316 584 648 639 obvenerit:
682 583 764 637 his
811 593 990 637 tamen
1035 584 1306 652 exceptis,
1346 583 1438 655 qui
1487 584 1580 640 lite
1618 582 1812 651 pulsati

218 676 536 748 putaverint
564 677 635 731 ad
663 675 997 732 Catholicam
1031 677 1442 745 transeundum,
1486 679 1609 747 quia
1637 676 1704 733 de
1736 685 1815 732 ta-

215 769 359 827 libus
388 769 651 825 credibilc
686 779 768 825 est
812 786 920 825 non
963 779 1107 825 metu
1139 770 1378 826 caelestis
1419 769 1604 840 judicii
1636 769 1815 839 potius

213 879 379 935 quam
428 863 627 918 terreni
657 863 929 918 commodi
976 862 1236 919 aviditate
1266 863 1528 918 unitatem
1570 862 1813 918 Catholi-

211 971 333 1011 cam
377 965 733 1026 praeoptasse.
772 955 909 1011 Huic
952 955 1184 1027 publica:
1229 956 1484 1026 legationi
1526 965 1579 1010 et
1621 954 1816 1010 litteris

211 1047 434 1104 concilii
462 1048 529 1103 ad
554 1049 934 1117 imperatorem
966 1049 1193 1120 adjectm
1225 1059 1350 1104 sttnt
1376 1051 1611 1119 querelae
1638 1050 1814 1121 priva-

213 1154 393 1200 torum
419 1144 509 1215 qui
539 1143 733 1215 injuria
762 1143 937 1199 all'ecti
966 1155 1123 1200 erant
1151 1159 1181 1198 a
1212 1130 1529 1200 Donatistis.

286 1238 533 1294 Edictum
561 1238 626 1292 de
656 1236 867 1294 Unitate
893 1236 955 1292 ab
989 1237 1220 1293 Honorio
1251 1241 1432 1293 latum.
1468 1237 1650 1294 Unitas
1677 1240 1814 1309 facta

210 1329 539 1403 Carthagini.
569 1358 640 1369 -—-
669 1328 765 1384 His
793 1338 1097 1385 commotus
1122 1329 1397 1384 Honorius
1425 1330 1477 1384 in
1508 1329 1812 1385 Donatistas

210 1439 311 1480 seu
340 1423 764 1494 Rebaptizantes
789 1424 1195 1479 severissimum
1230 1424 1349 1478 tulit
1376 1422 1613 1479 edictum
1643 1423 1814 1493 pridie

209 1517 337 1573 idus
372 1515 677 1581 Februarii.
715 1516 978 1573 Stilicone
1015 1516 1060 1572 Il
1089 1526 1143 1571 et
1174 1516 1464 1572 Anthemio
1489 1515 1672 1584 Coss.,
1710 1516 1813 1573 hoc

207 1618 299 1666 est
323 1625 471 1666 anno
499 1609 626 1667 405.
658 1608 833 1679 Hujus
857 1609 1016 1666 edicti
1051 1610 1220 1681 partis
1246 1620 1370 1664 sunt
1397 1610 1547 1680 leges
1582 1618 1813 1679 quatuor

210 1702 317 1758 bac
354 1717 462 1757 una
505 1709 561 1758 et
596 1701 786 1758 eadem
830 1701 917 1759 die
961 1702 1101 1758 datte
1142 1706 1192 1756 in
1237 1700 1373 1757 Cod.
1406 1700 1811 1758 'l‘hcodosiano.

210 1797 428 1852 Dictum
460 1805 545 1851 est
580 1803 760 1850 autem
800 1793 1035 1852 Unitatis
1071 1796 1342 1861 edictum,
1376 1794 1500 1865 quia
1544 1810 1641 1859 per
1677 1794 1810 1851 illud

1919 590 1975 638 to
1996 623 2010 647 ,
2047 597 2200 638 nova:
2233 597 2330 652 per
2356 582 2661 640 Donatistas
2690 583 2861 639 turbae
2887 583 3135 639 excitata:
3166 591 3291 639 sunt
3314 627 3329 652 ,
3361 581 3518 654 quasi

1915 691 1984 733 eo
2010 687 2226 733 mortuo
2248 676 2457 748 legibus
2486 678 2645 732 soluti
2670 686 2877 744 essent,
2910 688 2966 733 et
2993 693 3058 733 ne
3080 677 3324 734 audaciae
3360 677 3514 733 color

1915 767 2154 836 deesset,
2188 769 2582 839 indulgentiam
2615 769 2682 823 ab
2707 770 2944 826 Honorio
2986 768 3180 825 tactam
3210 770 3505 826 commenti

1916 874 2067 939 sunt,
2096 862 2202 919 Sed
2244 870 2612 918 commentum
2656 863 2837 919 statim
2880 863 3212 934 dissiparant
3261 865 3407 935 leges
3446 864 3515 919 ab

1919 958 2250 1029 imperatore
2279 956 2469 1012 eodem
2497 973 2641 1012 anno
2662 966 2716 1013 et
2746 958 2996 1028 sequenti
3028 959 3079 1013 in
3111 974 3204 1013 eos
3244 959 3387 1014 latzc.
3420 958 3517 1014 His

1917 1065 2109 1107 severe
2142 1049 2507 1121 exsequendis
2537 1064 2658 1104 cum
2689 1049 3065 1104 incumberent
3089 1050 3371 1119 praesides,
3398 1065 3520 1120 poe-

1920 1157 2045 1197 nam
2074 1132 2412 1211 sanguinis’a
2446 1138 2689 1195 factiosis
2720 1140 3082 1196 schismaticis
3110 1142 3322 1196 amoliri
3354 1156 3518 1198 Cona-

1917 1241 2004 1289 tus
2032 1241 2114 1288 est
2138 1233 2487 1304 Augustinus.
2522 1233 2723 1289 Verum
2757 1243 2814 1289 ut
2840 1243 2969 1289 sunt
2995 1234 3278 1290 versatiles
3310 1236 3515 1304 princi-

1916 1342 2044 1399 pum
2088 1328 2237 1397 lrges
2257 1367 2270 1391 ,
2305 1324 2451 1381 circa
2480 1326 2715 1381 medium
2748 1327 2874 1382 anni
2906 1326 3013 1383 409
3040 1327 3310 1382 Honorius
3336 1327 3518 1383 Haere-

1918 1419 2041 1475 ticis
2068 1418 2387 1473 exercendae
2424 1417 2831 1486 superstitionis
2861 1436 2972 1474 sure
3010 1429 3340 1490 potestatem
3383 1434 3515 1475 cou-

1916 1514 2100 1568 cessit.
2152 1512 2259 1567 Sed
2304 1527 2422 1568 eam
2469 1504 2800 1579 libertatem,
2860 1511 3224 1585 ﬂagitantibus
3301 1515 3516 1571 concilii

1915 1605 2359 1677 Carthagiuensis
2392 1606 2659 1672 Patribus,
2692 1623 2720 1661 a
2753 1606 2947 1680 quibus
2977 1610 3214 1681 quinque
3236 1611 3520 1681 episc0po-

1916 1715 2035 1753 rum
2078 1700 2271 1772 legatio
2322 1701 2388 1756 ad
2445 1700 2758 1757 comitatum
2815 1702 2977 1758 missa
3023 1712 3186 1769 erat,
3240 1707 3517 1761 revocavit

1917 1790 2106 1846 eodem
2133 1805 2297 1857 anno,
2322 1800 2376 1847 et
2399 1793 2797 1849 severissimam
2828 1793 2884 1847 in
2924 1809 3020 1849 eos
3066 1794 3238 1866 legem
3267 1796 3390 1851 tulit
3418 1796 3518 1852 da-

204 1892 314 1947 sub
341 1890 525 1962 pmnis
552 1890 662 1962 20
689 1890 1023 1961 gravissimis
1054 1888 1353 1959 injunctum
1382 1900 1500 1944 erat
1543 1887 1811 1944 haereticis
1844 1885 1890 1944 Β
1920 1894 2026 1937 tam
2096 1899 2189 1939 VIII
2270 1883 2495 1940 Kalend.
2572 1885 2903 1956 Septembris
2976 1886 3137 1956 hujus
3203 1889 3330 1942 anni
3410 1887 3518 1943 MO

206 1995 266 2040 et
325 1983 691 2039 schisotaticis
746 1981 812 2037 ad
862 1980 1195 2037 Catholicam
1254 1981 1554 2038 Ecclesium
1612 1981 1810 2037 redire.

204 2076 439 2132 Missum
465 2075 536 2130 ad
568 2074 898 2129 Hadrianum
934 2075 1038 2130 PP.
1075 2074 1241 2130 Italiae
1269 2085 1321 2130 et
1352 2058 1630 2147 speciatim
1661 2074 1750 2130 die
1780 2075 1814 2131 5

207 2170 390 2225 Martii
421 2168 491 2224 ad
519 2172 898 2240 proconsulem
930 2168 1153 2233 Africae,
1186 2177 1245 2223 nt
1274 2168 1346 2221 ibi
1378 2168 1815 2239 promulgaretur

205 2273 267 2319 et
292 2263 605 2320 executioni
637 2263 1005 2319 mandaretur.
1030 2262 1094 2318 Vi
1127 2263 1283 2333 hujus
1307 2262 1469 2318 edicti
1490 2263 1599 2319 cito
1624 2262 1814 2320 Unitas

203 2358 354 2428 apud
389 2357 781 2429 Carthaginem
824 2358 983 2423 facta,
1026 2356 1230 2412 tardius
1272 2356 1324 2412 in
1358 2357 1571 2412 caneris
1615 2356 1813 2413 Africa:

203 2450 512 2524 provinciis
549 2450 598 2503 id
640 2450 809 2518 potuit
846 2449 1106 2506 obtineri.
1152 2448 1211 2503 In
1259 2448 1492 2505 concilio
1529 2446 1812 2519 Carthagi—

203 2545 370 2603 nensi
399 2544 587 2600 habito
611 2544 684 2600 25
706 2544 933 2615 Augusti
966 2542 1209 2613 ejusdem
1239 2543 1388 2608 anni,
1423 2541 1701 2597 decretum
1730 2550 1814 2596 est

205 2648 269 2693 ut
297 2637 428 2709 quia
458 2636 600 2708 apud
626 2635 1010 2708 Carthaginem
1038 2644 1243 2691 tantum
1272 2635 1448 2688 unitas
1480 2632 1623 2688 facta
1658 2642 1769 2688 erat
1793 2674 1810 2701 ,

203 2732 479 2788 darentur
506 2732 668 2787 etiam
704 2731 901 2786 litterae
931 2728 998 2785 ad
1022 2727 1233 2801 judices
1252 2769 1267 2794 ,
1303 2738 1358 2783 ut
1387 2737 1438 2781 et
1470 2728 1522 2781 in
1546 2726 1667 2781 aliis
1690 2740 1814 2797 pro-

203 2823 407 2879 vinciis
430 2832 486 2877 et
507 2821 818 2878 civitatibus
839 2834 1061 2891 Operam
1089 2818 1325 2890 impendi
1347 2817 1576 2889 jubeant
1597 2816 1811 2881 unitati,

201 2926 385 2985 utque
414 2916 713 2987 gratiarum
747 2916 996 2971 actiones
1026 2915 1093 2971 de
1120 2912 1535 2986 Carthaginensi
1563 2910 1809 2967 Ecclesia

157 3024 310 3081 .pro
365 3009 619 3064 universa
674 3006 859 3064 Africa
914 3006 983 3063 de
1031 3006 1348 3063 exclusione
1403 3005 1811 3060 Donatistarum

202 3118 338 3159 cum
364 3092 749 3173 episcoporum
777 3102 973 3158 litteris
998 3103 1064 3160 ad
1094 3102 1412 3159 comitatum
1443 3101 1808 3156 mitterentur.

198 3199 275 3256 Et
298 3196 706 3253 rursum/missi
732 3196 840 3253 duo
869 3197 1050 3252 clerici
1079 3196 1145 3252 ad
1171 3194 1485 3252 comitatum
1514 3196 1580 3249 ad
1612 3193 1812 3265 gratia-

1917 1976 1984 2031 ad
2017 1975 2391 2032 Heraclianum
2414 1978 2667 2034 comitem
2692 1979 2887 2035 Africa)
2912 1998 2925 2034 :
2949 1997 3051 2050 qua
3078 1982 3288 2036 oraculo
3315 1983 3520 2051 penitus

1915 2077 2109 2122 remoto
2137 2085 2237 2134 quo
2268 2069 2337 2123 ad
2354 2070 2487 2125 ritus
2512 2088 2635 2125 suos
2664 2072 2916 2127 Itaareticaz
2944 2074 3321 2144 superstitionis
3351 2072 3518 2129 homi-

1918 2178 2005 2216 nes
2034 2161 2379 2232 obrepserant,
2414 2165 2706 2232 plectendos
2747 2181 2831 2219 eos
2870 2182 3017 2235 poma
3049 2166 3445 2235 proscriptionis
3468 2179 3519 2223 et

1917 2254 2183 2326 sanguinis
2210 2257 2404 2322 statuit,
2437 2256 2481 2311 si
2507 2260 2644 2310 ultra
2672 2259 2938 2311 convenire
2964 2273 3052 2327 per
3090 2257 3354 2330 publicum
3400 2275 3517 2314 exe—

1917 2345 2111 2400 cranda
2135 2347 2337 2401 sceleris
2358 2350 2436 2402 sui
2467 2350 2746 2404 temeritate
2774 2350 3099 2406 tentaverint.

1994 2437 2176 2493 Edicta
2189 2439 2252 2493 de
2263 2443 2625 2496 convocatione
2635 2444 2993 2513 episcoporum
3002 2444 3071 2498 ad
3086 2445 3510 2500 collationem.—
3558 2460 3576 2478 ⁸

1916 2528 2155 2586 Tandem
2208 2547 2329 2587 cum
2381 2528 2449 2590 ab
2492 2541 2715 2606 utraque
2746 2548 2900 2607 parte
2921 2539 3082 2608 petita
3110 2550 3253 2595 esset
3274 2538 3514 2609 collatio,

1916 2642 2145 2699 eamque
2166 2628 2325 2684 enixe
2344 2628 2649 2700 ﬂagitarent
2672 2630 2954 2696 Catholici,
2984 2639 3148 2703 atque
3174 2648 3236 2688 ea
3258 2633 3325 2690 de
3354 2649 3517 2690 causa

1916 2719 2124 2791 legatos
2147 2722 2214 2776 ad
2244 2722 2623 2793 imperatorem
2655 2725 2955 2781 Honorium
3003 2727 3296 2795 misissent,
3342 2729 3410 2783 ab
3448 2744 3516 2784 eo

1914 2813 2087 2871 edicta
2110 2823 2215 2883 est,
2250 2817 2530 2874 sanctione
2573 2819 2696 2874 data
2719 2819 2991 2877 Ravenna:
3021 2822 3195 2893 pridie
3220 2822 3341 2879 idos
3366 2833 3519 2899 octo-

1914 2908 2027 2963 bris
2051 2909 2150 2965 sub
2179 2911 2462 2966 consulatu
2510 2912 2761 2981 Varanis,
2808 2930 2950 2970 anno
2992 2916 3198 2973 scilicet
3241 2917 3378 2982 MO,
3409 2933 3512 2989 qua

1918 3000 2229 3059 Donatistas
2255 3004 2541 3075 episcopos
2565 3015 2619 3062 et
2653 3004 2962 3064 Catholicos
2990 3009 3042 3063 in
3071 3012 3259 3067 urbem
3285 3009 3517 3066 Cartha-

1912 3093 2191 3163 gineusem
2220 3096 2358 3150 intra
2388 3105 2620 3167 quatuor
2660 3115 2878 3155 menses
2924 3102 3218 3158 convenire
3254 3102 3428 3172 jubet,
3457 3112 3516 3159 ut

1886 3218 1891 3221 -
1915 3188 2103 3245 electis
2122 3190 2190 3245 ab
2221 3202 2447 3263 utraque
2478 3202 2629 3263 parte
2657 3195 3053 3263 sacerdotibus,
3077 3212 3235 3252 causa
3265 3199 3517 3254 commit-

201 3307 335 3348 rum
376 3291 647 3346 aetionem
689 3290 954 3361 agendam
987 3302 1041 3345 et
1072 3289 1360 3361 petendam
1404 3288 1806 3345 Donatistarum
1836 3269 1881 3334 C
1916 3291 2058 3339 tatur
2083 3284 2540 3354 diSputationibus
2565 3288 2835 3357 agitanda.
2866 3288 3018 3358 Quod
3050 3290 3095 3344 si
3133 3290 3272 3345 intra
3304 3292 3517 3360 praesti-

203 3383 419 3453 ubique
448 3380 503 3436 in
520 3380 713 3441 Africa
738 3366 1134 3438 exclusionem.

278 3472 606 3528 Maximinus
636 3471 910 3529 Sinitensis
939 3472 1209 3528 Donatista
1230 3474 1553 3530 collationem
1567 3471 1809 3542 postulat.

202 3598 278 3609 -
300 3567 466 3621 Anno
498 3565 608 3622 406
628 3609 642 3634 ,
671 3567 761 3623 die
784 3568 856 3624 30
880 3567 1155 3637 Januarii,
1183 3568 1502 3624 Maximinus
1527 3568 1815 3639 episcOpus

203 3659 509 3718 Sinitensis
546 3658 746 3725 aliique
786 3661 1029 3716 nonnulli
1062 3661 1354 3715 Donatista:
1397 3659 1724 3715 audientiam
1759 3658 1813 3713 in

204 3753 437 3825 publico
479 3751 620 3823 apud
666 3751 995 3827 Ravennam
1024 3767 1284 3809 consessu
1331 3768 1513 3808 coram
1557 3750 1815 3822 praelecto

204 3847 457 3919 prauorii
491 3846 764 3918 petierunt
791 3846 880 3902 ubi
920 3862 1041 3903 cum
1073 3846 1371 3902 Catholicis
1411 3861 1627 3901 causam
1658 3859 1811 3901 suam

207 3941 571 3998 ventilarent.
624 3940 764 4010 Quid
810 3950 1072 3998 statutum
1115 3940 1280 3997 fuerit
1326 3941 1588 3995 incertum
1617 3980 1632 4004 ,
1679 3936 1815 3992 nihil

205 4043 368 4089 certe
404 4014 584 4087 actuin
631 4042 737 4089 est.
786 4032 1110 4089 Maximinus
1153 4034 1324 4088 redux
1369 4034 1421 4087 in
1465 4031 1701 4087 Africam
1746 4030 1814 4087 ad

206 4124 519 4183 Ecelesiam
552 4126 883 4182 Catholicam
915 4128 1167 4182 accessit.

283 4220 558 4276 Stamtum
593 4220 658 4274 de
695 4218 966 4291 Episcopis
1004 4229 1050 4273 et
1085 4218 1472 4292 It’piscopa:ibus
1516 4217 1813 4272 Donatista-

207 4332 351 4369 rum.
377 4342 451 4351 --
471 4313 628 4368 Anno
658 4312 788 4378 407,
830 4314 880 4368 in
919 4313 1152 4368 Concilio
1181 4310 1593 4382 Carthagincnsi
1627 4324 1815 4365 mense

206 4408 401 4475 Junio,
435 4409 696 4465 statuitur
732 4417 790 4462 ut
822 4407 1006 4478 plebes
1040 4422 1158 4477 qua)
1187 4420 1467 4461 conversae
1494 4413 1617 4459 sunt
1642 4419 1670 4458 a
1714 4403 1849 4457 Do-’

210 4503 439 4559 natistis
466 4511 519 4562 et
547 4500 853 4555 habuerunt
875 4500 1184 4570 episcOpos,
1217 4513 1312 4553 eos
1354 4497 1658 4553 inconsulto
1687 4510 1819 4551 con-

210 4598 347 4652 cilio
377 4594 649 4650 retineant
684 4611 699 4650 ι
732 4608 855 4664 qua:
876 4602 1055 4647 autem
1089 4590 1391 4646 habuerunt
1419 4589 1731 4659 episcopum
1762 4597 1817 4643 et

1919 3386 2088 3432 tutum
2132 3387 2344 3446 tempus
2396 3380 2792 3435 Donatistarum
2830 3382 3069 3453 episcopi
3102 3397 3207 3437 non
3247 3397 3517 3439 convene-

1916 3470 2055 3538 rint,
2086 3472 2209 3527 trini
2240 3472 2401 3528 edicti
2435 3476 2715 3530 vocatione
2757 3483 3102 3532 contumaces
3144 3475 3515 3543 declarentur,

1917 3563 2111 3633 quibus
2140 3565 2424 3620 transactis
2453 3566 2498 3620 si
2524 3551 2797 3636 provocati
2843 3567 3034 3623 adesse
3063 3568 3511 3637 contempserint,

1916 3652 2071 3710 cedat
2108 3669 2231 3711 cum
2264 3655 2521 3713 Ecclesiis
2562 3659 2790 3729 p0pulus
2834 3660 2925 3730 qui
2950 3659 3205 3716 doctores
3234 3676 3363 3716 suos
3391 3675 3514 3716 cum

1915 3747 2133 3803 silentio
2162 3750 2481 3819 cognoverit
2507 3760 2816 3821 superatos,
2849 3753 3091 3824 sciatque
3119 3751 3414 3810 Catholicae
3439 3755 3519 3810 le-

1916 3838 1999 3911 gis
2028 3840 2172 3896 veris
2203 3841 2442 3912 imperiis
2472 3844 2838 3898 serviendum.
2889 3845 2983 3901 Cui
3014 3843 3232 3915 quidem
3276 3845 3518 3917 disputa-

1918 3932 2053 3988 tioni
2093 3934 2337 4005 principe
2387 3935 2507 3991 loco
2546 3936 2782 4007 judicem
2834 3939 3025 3994 sedere
3071 3939 3243 3994 voluit
3271 3939 3514 3994 Flavium

1918 4024 2291 4081 Marcellinum
2336 4034 2392 4082 et
2436 4026 2741 4095 Notarium,
2795 4029 2884 4086 cui
2936 4046 3152 4085 omnem
3200 4032 3253 4085 in
3287 4045 3516 4101 congre-

1917 4116 2077 4189 gandi
2107 4128 2161 4172 ct
2191 4119 2455 4175 evocandi
2483 4122 2787 4192 episcopos,
2819 4124 3048 4177 actionis
3087 4123 3430 4179 instituenda:
3460 4135 3518 4180 et

1919 4212 2288 4278 moderandas,
2319 4228 2384 4268 ac
2406 4213 2475 4270 de
2506 4223 2620 4269 toto
2660 4218 2877 4287 negotio
2903 4216 3174 4271 statuendi
3206 4216 3392 4272 tribuit
3420 4230 3517 4286 po-

1918 4312 2187 4360 testatem.
2220 4304 2561 4362 Marcellinus
2588 4307 2690 4364 hoc
2710 4309 2887 4364 edicto
2916 4311 3176 4376 munitus,
3204 4310 3517 4365 mandatum

1920 4401 2197 4469 proposuit
2228 4416 2337 4472 quo
2363 4410 2585 4458 cunctos
2630 4419 2727 4474 per
2769 4404 3005 4460 Africam
3064 4414 3175 4460 tam
3223 4405 3517 4461 Catholica:

1920 4504 2082 4561 quam
2131 4491 2446 4549 Donatianze
2487 4497 2651 4565 partis
2682 4497 2966 4567 episcopos
2996 4498 3412 4565 commonebat,
3459 4507 3519 4552 ut

1922 4584 2060 4639 intra
2094 4593 2305 4658 tempus
2335 4588 2451 4659 lege
2480 4590 2877 4662 prtescriptum,
2911 4591 2964 4646 id
2992 4599 3096 4655 est,
3122 4592 3263 4647 intra
3285 4602 3519 4662 quatuor

210 4703 279 4744 eo
310 4685 573 4743 defuncto
605 4702 710 4739 non
752 4662 951 4739 habere
987 4684 1265 4755 proprium
1318 4683 1631 4752 episcopum
1659 4723 1673 4747 ,
1714 4678 1814 4738 sed
1842 4662 1897 4723 Ῑ)
1922 4692 2137 4733 menses
2167 4677 2256 4745 qui
2280 4679 2348 4734 ad
2378 4680 2520 4735 diem
2543 4681 2767 4737 Kalend.
2798 4682 3080 4739 Juniarum
3116 4685 3519 4741 concludeban-

211 4780 281 4835 ad
314 4780 553 4848 alicujus
599 4777 841 4849 episcopi
869 4776 1150 4833 dioecesim
1186 4775 1458 4845 pertinere
1501 4774 1769 4828 voluerint
1800 4815 1814 4840 ,

216 4875 270 4931 id
318 4873 489 4929 etiam
523 4873 655 4942 ipsis
688 4888 791 4926 non
820 4870 1142 4941 denegetur.
1178 4868 1255 4925 De
1281 4867 1552 4939 episcOpis
1578 4880 1708 4921 vero
1734 4865 1816 4936 ip-

214 4969 292 5023 sis
322 4969 431 5023 boc
460 4952 775 5030 decretum,
811 4972 869 5019 ut
899 4965 987 5033 qui
1031 4972 1154 5017 ante
1182 4962 1355 5034 legem
1384 4961 1452 5016 de
1486 4952 1700 5017 Unitate
1740 4960 1817 5015 la-

217 5071 331 5118 tam
355 5062 426 5116 ab
454 5059 782 5131 imperatore
805 5058 873 5114 ad
894 5057 1226 5114 Catholicam
1251 5057 1603 5123 accesserint,
1633 5056 1819 5126 plebes

216 5172 351 5213 suas
380 5167 437 5213 et
484 5155 749 5212 ecclesias
784 5155 1103 5210 retinerent.
1136 5151 1208 5209 At
1235 5153 1324 5223 qui
1358 5152 1570 5207 nonnisi
1602 5161 1723 5223 post
1755 5150 1822 5205 il-

221 5248 315 5305 lud
354 5248 593 5303 edictum
629 5248 1022 5323 promulgatum
1065 5246 1132 5300 ad
1183 5244 1488 5301 Ecclesium
1522 5252 1822 5310 venerant,

223 5340 487 5399 Ecclesiis
528 5340 640 5395 suis
671 5339 896 5394 omnino
927 5338 1227 5408 spoliantur
1252 5380 1265 5404 ,
1309 5353 1497 5408 eatque
1536 5352 1599 5392 ac
1627 5347 1823 5392 cuncta

218 5433 291 5490 ad
319 5449 413 5490 eas
461 5433 785 5501 pertinentia
829 5428 1132 5486 Catholicis
1182 5430 1373 5485 horum
1425 5431 1664 5485 lOCltl'llm
1706 5428 1823 5500 epi-

218 5525 406 5598 scopis
438 5525 833 5596 adjudicantur.

300 5619 528 5675 Honorii
566 5619 701 5692 leges
731 5618 785 5672 in
821 5615 1145 5671 Donatistas.
1191 5648 1260 5657 —
1290 5615 1495 5673 Eodem
1538 5633 1681 5672 anno
1708 5616 1821 5672 Ho-

225 5712 415 5767 norius
448 5711 621 5783 legem
663 5709 787 5765 tulit
814 5725 914 5781 qua
960 5708 1231 5764 haereticis
1268 5719 1323 5765 et
1351 5711 1708 5766 schismaticis
1754 5710 1821 5764 ad

226 5805 531 5862 Ecclesiam
576 5803 930 5860 redeuntibus
970 5802 1040 5858 ab
1078 5804 1329 5859 omnibus
1380 5806 1555 5874 ptenis
1593 5820 1728 5876 quas
1756 5819 1824 5860 ex

227 5901 443 5966 legibus
475 5902 835 5965 iucurrerant,
872 5896 1266 5953 immunitatem
1298 5898 1584 5953 concessit.

1922 4778 2027 4834 tur,
2060 4768 2438 4842 Carthaginem
2498 4773 2711 4833 concilii
2756 4774 2990 4857 faciendi
3039 4778 3206 4847 gratia
3258 4778 3517 4834 conveni-

1922 4870 2064 4928 rent,
2085 4862 2442 4935 omnibusque
2468 4869 2865 4937 magistratibus
2891 4886 2986 4940 per
3011 4871 3247 4927 Al‘ricam
3274 4872 3520 4943 injungc—

1924 4954 2033 5021 bat,
2067 4964 2125 5009 ut
2168 4957 2454 5027 episcopos
2501 4963 2873 5026 convenirent,
2920 4964 3107 5035 eisque
3153 4964 3520 5036 signiﬁcarent

1926 5057 1979 5105 ut
2012 5051 2150 5107 intra
2174 5061 2408 5124 quatuor
2437 5070 2654 5111 menses
2670 5056 3044 5129 Carthaginem
3071 5060 3342 5115 venirent.
3375 5061 3524 5116 Prm-

1926 5152 2071 5199 terea
2106 5155 2163 5199 ιιι
2196 5146 2502 5202 Donatistas
2532 5147 2598 5201 ad
2631 5149 2975 5205 collationem
3008 5155 3370 5223 promptiores
3400 5155 3525 5209 red-

1924 5232 2100 5307 derét,
2124 5240 2286 5311 jussit
2313 5250 2373 5296 ut
2404 5242 2469 5298 iis
2494 5244 2584 5313 qui
2615 5258 2673 5298 se
2700 5244 2750 5298 ei
2779 5244 3047 5299 all'uturos
3082 5261 3202 5302 esse
3226 5251 3527 5317 responde-

1926 5341 2069 5398 rent.
2102 5331 2383 5397 Ecclesiae,
2417 5350 2588 5404 eaque
2616 5336 2733 5390 loca
2769 5351 2890 5406 qua:
2932 5339 3167 5395 tenuisse
3206 5340 3327 5395 illos
3365 5349 3527 5396 antea

1927 5424 2263 5482 constitisset
2293 5427 2731 5483 restituerentur.
2759 5428 2969 5499 Adjecit
2996 5430 3136 5499 quod
3160 5432 3202 5484 si
3237 5429 3531 5485 Donatistis

1929 5533 2075 5579 esset
2097 5532 2400 5594 suspectus,
2429 5539 2491 5579 se
2520 5540 2625 5579 non
2659 5536 3032 5581 recusaturum
3079 5535 3138 5579 ιιι
3181 5525 3317 5579 alius
3360 5525 3530 5596 judex

1929 5630 2089 5686 quem
2116 5615 2216 5686 ipsi
2248 5617 2838 5688 elegeriutDonatiante
2865 5618 3030 5686 partis
3059 5627 3112 5672 et
3144 5617 3264 5673 lidei
3312 5619 3393 5671 vel
3438 5632 3530 5672 su-

1927 5711 2158 5778 perioris
2179 5712 2262 5766 vel
2293 5712 2483 5766 similis
2509 5711 2787 5783 dignitatis
2817 5726 2999 5766 secum
3048 5711 3309 5766 resideat.
3366 5710 3528 5765 Deni-

1933 5821 2038 5872 que
2065 5805 2360 5861 declaravit
2390 5805 2531 5876 quod
2560 5808 2672 5860 sive
2699 5821 2796 5874 pro
2822 5804 3119 5859 Donatistis
3154 5805 3267 5858 sive
3298 5816 3395 5874 pro
3430 5801 3534 5859 Ca-

1937 5896 2151 5951 tholicis
2182 5898 2284 5951 lata
2317 5896 2446 5951 foret
2475 5900 2780 5963 sententia,
2829 5898 2881 5951 in
2941 5897 3090 5952 nullo
3130 5888 3530 5955 Donatistarum
