3898 6320
393 330 501 389 819

1764 322 2301 382 PllOLEGOMENA.

3595 332 3689 389 820

393 446 680 519 episcOpos
694 444 924 515 aliquam
942 443 1245 499 molestiam
1259 456 1377 498 esse
1392 455 1668 514 passuros,
1685 439 1780 496 sed
1797 439 1996 495 liberos
2024 442 2076 500 Α
2103 443 2399 499 seutiarum
2424 443 2597 500 dicam
2613 452 2734 515 post
2746 458 2924 500 acrem
2939 455 2991 502 et
3005 445 3313 502 diuturnam
3328 447 3688 517 collationem,

396 547 454 595 et
498 539 567 592 ab
622 537 767 592 omni
825 534 1020 605 injuria
1062 533 1273 590 alienos
1323 533 1389 589 ad
1437 533 1651 606 propria
1701 531 1993 587 redituros.

471 630 726 685 Mandata
778 629 1139 701 episcoporum
1177 628 1245 681 ad
1289 626 1512 700 collegas
1551 627 1637 697 qui
1673 624 1999 680 collationem

395 724 625 778 habituri
651 730 818 777 erant.
844 720 1097 777 -—Juxta
1144 719 1275 776 illttd
1319 720 1631 775 mandatam
1688 718 1998 772 Donatista-

395 817 516 873 rt'tm
570 815 808 885 episcopi
858 813 1243 885 Carthaginem
1298 828 1363 869 ex
1406 811 1657 867 omnibus
1704 809 2000 882 provinciis

396 908 674 967 Africanis
699 908 1078 971 convolaruut,
1138 914 1193 962 et
1218 907 1288 961 ibi
1315 904 1625 977 congregati
1665 903 1752 958 die
1780 919 1846 957 xv
1878 902 1997 956 Kal.

397 1002 587 1059 Junias
616 1001 904 1057 certiorem
939 1001 1183 1056 iecerunt
1209 998 1438 1070 epistola
1484 1011 1582 1052 sua
1634 995 1999 1051 Marcellinum

394 1111 458 1151 se
506 1095 560 1150 in
604 1094 746 1149 hanc
798 1093 987 1148 urbem
1047 1092 1331 1147 advenisse
1386 1088 1691 1145 collationis
1752 1088 2002 1143 ineundae

395 1187 590 1261 gratia.
621 1187 887 1242 Catholici
911 1201 1126 1256 quoque
1153 1184 1415 1255 episcopi,
1449 1199 1570 1239 cum
1594 1182 1722 1237 illuc
1748 1181 2002 1237 advenis-

397 1289 541 1348 sent,
593 1279 881 1350 epistolam
939 1280 1105 1334 etiam
1147 1277 1413 1333 dederunt
1466 1276 1532 1331 ad
1582 1275 1953 1333 Marcellinum
1982 1316 1997 1343 ,

400 1390 503 1445 qua
531 1384 738 1447 gratam
777 1374 877 1430 sibi
917 1373 1263 1429 collationem
1304 1386 1426 1428 esse
1467 1379 1756 1437 testantur,
1789 1378 1845 1425 et
1871 1383 2003 1424 con-

396 1472 638 1528 sentiunt
669 1478 730 1525 ut
749 1469 786 1524 ii
816 1468 1011 1540 quibus
1041 1465 1232 1539 agendi
1260 1480 1476 1521 causam
1504 1480 1657 1520 suam
1686 1463 2003 1534 delegerunt

400 1564 665 1630 ofﬁcium,
693 1562 1035 1619 subscribant
1063 1558 1532 1630 prosecutionibus
1548 1557 1673 1611 suis
1687 1564 1744 1611 et
1762 1556 2002 1611 omnium

400 1656 623 1714 nomine
667 1655 963 1726 disputent.
998 1653 1146 1709 lianc
1192 1666 1323 1708 vero
1367 1650 1731 1707 conditionem
1764 1649 2005 1706 unanimi

401 1749 780 1819 episcenorum
863 1745 1102 1799 omnium
1166 1757 1433 1799 consensu
1484 1752 1656 1798 ratam
1710 1741 2004 1796 Donatistis

2102 535 2448 607 Cognitorem
2481 539 2532 593 in
2558 539 2782 609 gratiam
2824 538 3223 597 Catholicorum
3279 542 3551 599 adversus
3597 545 3693 601 Do-

2103 630 2331 687 natistas
2377 633 2701 703 sententiam
2746 633 2934 688 tulisse
2957 649 3020 689 ac
3046 632 3113 691 de
3142 649 3282 690 novo
3312 638 3687 695 conventicula

2102 725 2507 781 Donatistarum
2539 726 2903 797 prohibuisse.
2930 736 2982 782 et
3007 726 3283 783 Ecclesias
3312 745 3446 800 quas
3473 731 3694 786 ﬁducia-

2103 821 2186 875 rio
2234 820 2454 876 decreto
2511 821 2803 877 Donatistis
2860 821 3011 877 reddi
3067 822 3333 893 voluerat,
3410 824 3699 881 Catholicis

2105 913 2243 969 tradi
2267 914 2518 985 jussisse.
2555 914 2787 969 lttdulsil
2813 924 2990 970 tamen
3023 915 3292 986 episcoliis
3323 916 3625 987 Donatistis
3651 928 3700 973 ut

2104 1005 2171 1061 ad
2199 1008 2412 1078 prepria
2439 1018 3045 1078 remearent.quatenus
3067 1008 3117 1063 in
3137 1008 3370 1082 propriis
3396 1011 3701 1079 constituti,

2105 1112 2199 1159 aut
2221 1102 2287 1158 ad
2319 1119 2481 1158 unam
2510 1120 2803 1176 veramque
2829 1105 3128 1163 Ecclesiam
3162 1088 3591 1179 reverterentur,
3624 1119 3706 1165 aut

2105 1196 2484 1252 satisfacerent
2509 1197 2739 1269 legibus.
2774 1198 3016 1269 Denique
3047 1198 3166 1254 loca
3191 1214 3253 1254 ea
3287 1203 3339 1255 in
3362 1200 3563 1271 quibus
3591 1201 3706 1256 Cir-

2105 1290 2521 1346 cumcellionum
2567 1292 2739 1346 turbae
2767 1293 3141 1360 convenirent,
3175 1307 3202 1344 a
3236 1291 3364 1348 ﬁsco
3390 1293 3708 1365 occupanda

2106 1400 2227 1441 esse
2248 1385 2508 1442 decernit.
2528 1385 2695 1456 Hujus
2720 1386 3024 1445 eollationis
3047 1387 3367 1455 breviarium
3397 1386 3578 1457 texuit
3604 1387 3707 1444 Αιιο

2106 1478 2373 1551 gustinus,
2390 1479 2932 1550 etpostcollationem
2953 1480 3149 1535 librum
3164 1479 3229 1535 ad
3262 1481 3574 1552 Donatistas
3589 1521 3607 1551 ,
3663 1481 3709 1551 in

2106 1572 2450 1641 eosscripsit,
2470 1588 2534 1627 ne
2554 1587 2584 1626 a
2608 1572 2719 1627 suis
2744 1573 3015 1642 episcopis
3041 1572 3434 1633 seducereutur
3459 1574 3710 1630 ulterius.

2182 1662 2289 1717 Lex
2317 1662 2562 1730 Honorii,
2594 1673 2707 1731 post
2734 1664 3081 1732 collationem,
3110 1674 3289 1719 contra
3314 1662 3713 1721 Donatista.—

2104 1757 2240 1825 .Cum
2268 1756 2530 1829 quidquid
2557 1758 2610 1813 in
2637 1758 2927 1822 collatione
2955 1767 3165 1829 gestum
3201 1759 3374 1831 fuerat,
3392 1802 3407 1827 ,
3435 1760 3704 1832 latamque

401 1842 658 1908 otl'erunt,
687 1856 768 1907 se,
802 1840 846 1895 si
875 1838 1173 1895 adversarii
1204 1838 1493 1894 ostendere
1520 1836 1795 1906 potuerint
1819 1835 2005 1891 Eccle-

2129 1865 2143 1904 I
2174 1840 2472 1920 cognitore
2499 1851 2826 1905 sententiam
2858 1851 3161 1919 accepisset
3216 1846 3537 1924 imperator.
3575 1853 3713 1909 inse—

401 1933 539 1992 slam
583 1931 829 2004 periisse,
878 1941 933 1987 et
971 1932 1023 1986 in
1069 1932 1183 1986 sola
1231 1937 1383 2000 parte
1417 1927 1607 1984 Donati
1658 1925 2005 1993 remansisse,

403 2028 613 2083 nullum
640 2025 781 2095 apttd
809 2038 904 2080 eos
925 2023 1249 2095 episc0palis
1281 2022 1521 2076 muneris
1551 2028 1644 2074 aut
1681 2019 1902 2074 honoris
1931 2018 2011 2074 lo-

406 2136 533 2177 cum
556 2120 856 2187 habituros;
885 2119 967 2174 sin
993 2133 1126 2174 vero
1153 2132 1183 2173 e
1209 2123 1397 2171 contra
1426 2115 1723 2169 Donatista:
1749 2114 1873 2169 victi
1898 2113 2013 2170 fue-

404 2214 517 2270 rint
550 2222 607 2269 et
648 2211 713 2266 ad
740 2212 1002 2266 unitatem
1031 2208 1209 2265 redire
1239 2208 1532 2273 voluerint,
1566 2205 1669 2262 hoc
1698 2206 1765 2263 iis
1797 2222 1856 2262 se
1881 2222 2013 2261 con-

406 2304 604 2362 cedere
628 2314 686 2359 ut
716 2303 978 2359 honorem
1012 2302 1369 2373 Episcopatus
1398 2315 1501 2356 non
1525 2301 1774 2354 amittant
1810 2316 1823 2353 :
1858 2299 1928 2355 ita
1957 2306 2016 2354 ut

406 2399 502 2455 ubi
524 2410 650 2454 sunt
678 2396 787 2453 duo
817 2396 1078 2468 episcopi,
1112 2392 1423 2451 Catholicus
1454 2392 1678 2450 honoris
1718 2393 1819 2448 sibi
1866 2392 2015 2465 socio

410 2496 686 2569 capulato,
719 2495 945 2551 sedeant
974 2494 1134 2550 ambo
1164 2492 1497 2550 eminentius
1519 2492 1674 2549 sicuti
1700 2491 2016 2567 peregrinus

408 2592 699 2661 episcOpus
724 2588 877 2659 juxta
907 2586 1195 2658 collegam,
1228 2602 1292 2642 ac
1319 2586 1550 2657 primum
1579 2583 1808 2641 subinde
1837 2584 2017 2638 locum

407 2684 618 2741 honore
648 2698 771 2739 sese
802 2681 1197 2753 przevenientes
1229 2682 1280 2735 in
1319 2679 1548 2735 diversis
1580 2678 1821 2735 basilicis
1856 2691 2020 2732 occu—

407 2787 647 2852 pent,,et
668 2793 780 2834 uno
808 2792 997 2833 eorum
1055 2776 1308 2833 deluncto
1356 2775 1614 2845 deinceps
1652 2774 1761 2845 jam
1794 2772 2019 2841 singulis

412 2875 609 2944 singuli
656 2873 888 2944 priStino
937 2887 1089 2927 more
1135 2871 1427 2927 succedant
1460 2890 1474 2926 :
1506 2880 1594 2925 aut
1627 2870 1670 2926 si
1700 2869 1837 2925 forte
1863 2866 2020 2923 Chri-

412 2968 576 3023 stiani
606 2966 792 3036 populi
818 2965 1046 3037 singulis
1069 2964 1406 3020 delectantur
1422 2963 1692 3034 episcopis
1714 2972 1767 3019 et
1792 2962 2018 3017 duorum

413 3042 747 3117 consortium
799 3059 1051 3114 inusitata
1101 3073 1278 3113 rerum
1321 3057 1457 3112 fat-ie
1497 3058 1730 3113 tolerare
1761 3072 1865 3113 non
1898 3073 2023 3130 pos-

416 3162 564 3219 sunt,
600 3160 707 3206 tam
740 3150 1005 3207 Catholici
1032 3165 1196 3221 quam
1247 3149 1540 3205 Donatista:
1572 3150 1639 3205 ile
1666 3150 1844 3205 medio
1870 3165 2022 3205 sece-

2114 1952 2315 2015 quente
2346 1957 2509 2007 anno,
2540 1958 2596 1997 ιιι
2631 1941 2889 1997 kalendas
2938 1942 3243 2011 Februarii,
3295 1944 3469 2015 legem
3527 1944 3707 2019 dedit,

2114 2050 2219 2105 qua
2250 2035 2479 2090 mulctas
2523 2036 2865 2117 pecuniarias
2889 2035 3067 2090 varias
3112 2052 3208 2106 pro
3253 2037 3403 2091 varia
3452 2038 3712 2111 cujusque

2116 2126 2430 2183 conditione
2457 2127 2508 2181 in
2534 2127 2839 2183 Donatistas
2861 2128 2950 2203 qui
2978 2128 3043 2183 ad
3069 2128 3385 2185 catholicam
3419 2130 3712 2201 Ecclesiam

2116 2219 2377 2275 accedere
2406 2218 2642 2284 nollent,
2674 2220 2901 2289 imponit
2923 2220 3187 2293 jubetque
3218 2236 3405 2276 eorum
3435 2225 3713 2297 episcopos

2120 2326 2181 2367 ac
2206 2309 2433 2367 clericos
2459 2311 2527 2366 ab
2554 2310 2732 2366 Africa
2764 2311 2964 2381 expelli
2995 2328 3059 2379 ac
3086 2313 3137 2367 in
3182 2314 3402 2369 exilium
3449 2315 3628 2383 mitti,
3664 2327 3711 2371 et

2119 2420 2474 2475 quaecumque
2500 2404 2745 2460 ecclesiis
2772 2419 2958 2460 eorum
3000 2405 3192 2461 collata
3235 2405 3488 2477 fuerant,
3516 2404 3713 2463 Catho-

2121 2494 2241 2551 licis
2266 2494 2512 2551 ecclesiis
2538 2495 2830 2566 adjudicat.

2193 2586 2584 2644 Donatistarum
2612 2591 2759 2661 furor
2786 2607 3128 2645 accensus.—
3160 2590 3272 2647 Hac
3316 2591 3438 2663 lege
3468 2593 3628 2648 multi
3656 2609 3712 2663 es

2124 2682 2419 2739 Donatistis
2441 2682 2707 2738 emendati
2731 2683 2796 2737 ad
2810 2683 3145 2738 Catholicam
3161 2683 3462 2751 redierunt;
3490 2695 3577 2740 ast
3591 2700 3709 2740 non-

2124 2777 2254 2832 nulli
2285 2791 2348 2831 ea
2390 2775 2570 2846 potius
2598 2776 2905 2832 exacerbati
2940 2776 3221 2847 plusquam
3271 2785 3430 2832 antea
3486 2777 3712 2834 insanie—

2122 2878 2269 2925 runt.
2302 2868 2358 2924 lu
2387 2869 2607 2925 dioecesi
2638 2869 2967 2940 llipponensi
2998 2869 3324 2925 Restitutum
3348 2870 3713 2944 presbyterum

2126 2965 2453 3020 catholicum
2486 2975 2769 3035 exceptum
2804 2964 3018 3021 insidiis
3048 2965 3418 3035 trucidarunt,
3451 2967 3532 3023 uti
3559 2976 3614 3023 et
3641 2967 3717 3023 ln-

2126 3057 2434 3113 nocentium
2463 3058 2833 3128 presbyterum
2866 3072 2896 3112 e
2915 3057 3079 3112 domo
3101 3070 3309 3125 raptum
3339 3060 3502 3113 oculo
3529 3059 3713 3121 eﬂ'osso

2130 3151 2412 3223 digitoque
2464 3160 2743 3221 amputato
2795 3158 3201 3205 truncat-erunt.
3236 3151 3584 3208 Marcellinus
3611 3151 3712 3206 Tri-

417 3244 549 3300 dant
578 3253 631 3300 et
663 3243 920 3300 Ecclesiis
946 3230 1172 3316 singulis
1201 3242 1456 3299 damnata
1505 3243 1811 3298 schismatis
1859 3256 2019 3297 causa
2051 3239 2096 3303 C
2128 3243 2302 3297 bttuus
2316 3242 2593 3298 cuicausre
2623 3243 2782 3311 hujus
2812 3243 3089 3298 exsecutio
3111 3253 3227 3298 erat
3253 3243 3517 3327 injuncta,
3543 3244 3707 3305 habita

416 3338 473 3395 in
499 3339 707 3394 unitate
740 3338 961 3408 paciﬁca
1012 3337 1319 3392 constitutis
1367 3336 1435 3390 ah
1479 3336 1562 3390 his
1609 3336 1698 3407 qtti
1732 3336 1925 3407 singuli
1968 3336 2019 3390 in

418 3433 647 3504 singulis
675 3431 934 3487 Ecclesiis
962 3431 1330 3496 invenientur,
1365 3430 1568 3485 unitate
1595 3429 1751 3498 facta,
1789 3445 1884 3501 per
1909 3430 2022 3485 loca

417 3524 626 3594 singula
654 3526 1052 3578 constituantur
1069 3522 1329 3593 episcopi.

497 3613 653 3669 Gesta
674 3615 985 3668 collationis.
1017 3645 1088 3655 —
1116 3615 1373 3670 Kalendis
1416 3614 1564 3671 Junii
1611 3614 1738 3669 anni
1778 3615 1917 3688 Ml,
1970 3615 2024 3671 in

424 3707 723 3764 secretario
753 3723 846 3763 seu
890 3708 1148 3778 praetorio
1196 3708 1550 3764 Thermarum
1594 3707 2026 3780 Gargilianarum

423 3800 734 3874 Carthagini
798 3809 1176 3865 convenerunt,
1219 3803 1456 3873 episcopi
1503 3804 1784 3875 utriusque
1833 3805 2025 3874 partis.

423 3894 591 3952 Lecto
620 3894 965 3967 imperatoris
990 3893 1167 3971 edicto
1200 3895 1495 3950 Marcellini
1526 3897 1799 3960 mandato,
1831 3905 1885 3951 et
1916 3896 2031 3966 epi-

425 4000 715 4057 scoporum
750 3995 860 4041 tum
890 3983 1299 4041 Catholicorum
1332 3997 1441 4040 tum
1489 3986 1888 4042 Donatistarum
1916 3991 2031 4057 epi-

423 4081 724 4148 stolis,non
740 4080 906 4135 alium
939 4088 1137 4148 praeter
1163 4078 1531 4133 Marcellinum
1559 4079 1893 4149 cognitorem
1919 4081 2031 4149 ele-

427 4177 741 4247 geruntzl
770 4173 1084 4237 Donatistae,
1119 4171 1215 4227 sed
1237 4171 1305 4227 de
1334 4173 2032 4243 temporeelapsononnihil

432 4266 665 4323 cavillati
697 4275 841 4321 sunt.
873 4264 1153 4321 Recensiti
1196 4265 1396 4320 deinde
1446 4265 1685 4336 episeopi
1727 4281 1917 4322 omnes
1942 4266 2033 4338 qui

432 4357 660 4413 aderant
683 4366 740 4413 et
764 4357 1032 4413 mandatis
1057 4358 1514 4428 subscripsrrant,
1547 4357 1749 4413 inventi
1781 4375 1811 4415 e
1837 4359 2033 4415 Catho-

433 4450 554 4506 licis
596 4450 725 4518 286,
772 4460 827 4507 et
862 4469 928 4508 ex
977 4451 1381 4508 Donatistarum
1415 4463 1570 4519 parte
1597 4452 1725 4509 279.
1771 4453 1924 4510 Lecti
1966 4456 2034 4511 ab

431 4552 662 4614 utraque
696 4554 848 4614 parte
874 4555 1081 4613 septem
1123 4545 1215 4616 qui
1259 4559 1477 4600 causam
1522 4546 1762 4599 omnium
1816 4548 2034 4603 nomine

2129 3338 2181 3392 in
2206 3353 2327 3393 reos
2350 3337 2647 3408 quaestione
2665 3336 2967 3403 moderata,
2990 3353 3095 3390 non
3128 3324 3464 3401 sulcantibus
3493 3324 3706 3408 ungulis,

2131 3444 2237 3484 non
2285 3427 2568 3484 urentibus
2617 3428 2880 3492 ﬂammis,
2936 3428 3030 3483 sed
3087 3428 3359 3498 virgarum
3412 3429 3709 3484 verberibus

2132 3521 2530 3577 confessionem
2556 3521 2821 3576 scelerum
2841 3528 3078 3575 eruerat.
3107 3520 3163 3576 In
3196 3536 3319 3576 reos
3348 3536 3414 3576 ex
3443 3521 3616 3592 legum
3639 3537 3708 3575 se-

2132 3614 2361 3670 veritate
2387 3612 2924 3669 animadvertendum
2964 3624 3112 3680 erat,
3167 3625 3223 3668 ut
3262 3614 3442 3693 qualia
3491 3614 3707 3683 fecerant

2136 3707 2261 3762 talia
2292 3717 2624 3777 paterentur.
2675 3706 3008 3778 Augustinus
3054 3714 3235 3761 autem
3266 3709 3353 3762 cui
3404 3724 3510 3762 non
3554 3706 3707 3777 placc-

2135 3799 2268 3855 bant
2297 3801 2501 3855 atrocia
2523 3800 2629 3853 ulla
2656 3814 2717 3853 ac
2742 3801 3015 3871 praecipue
3036 3799 3287 3870 capitalia
3316 3799 3600 3873 supplicia,
3628 3814 3706 3869 per

2135 3892 2345 3947 litteras
2377 3890 2517 3963 apud
2544 3889 2943 3955 Marcellinum,
2982 3891 3246 3946 Donatum
3277 3892 3642 3961 proconsulem
3664 3898 3707 3943 et

2135 3986 2457 4057 Apringium
2490 3985 2601 4055 egit
2620 3984 3013 4039 instantissime
3041 3994 3102 4039 ut
3124 3968 3285 4056 pcena'
3314 3985 3505 4040 mortis
3540 3984 3638 4038 imo
3663 3989 3707 4037 et

2138 4077 2573 4135 detruncationis
2608 4077 2976 4133 membrorum
3035 4077 3423 4134 remitteretur.
3475 4076 3575 4133 Sed
3624 4077 3709 4130 hoc

2138 4187 2167 4225 a
2195 4170 2505 4226 Marcellino
2529 4167 2720 4239 petiit,
2747 4180 2805 4222 ut
2834 4181 2950 4223 acta
2983 4168 3179 4240 quibus
3210 4170 3601 4223 Donatistarum
3621 4168 3709 4221 cri-

2138 4263 2285 4318 mina
2316 4262 2707 4335 probabantur,
2743 4260 2953 4330 publica
2987 4261 3177 4317 ﬂerent
3222 4271 3276 4316 et
3309 4262 3510 4332 populo
3538 4273 3710 4330 prepoo

2141 4366 2423 4425 uerentur,
2457 4368 2513 4411 ut
2541 4355 2747 4427 pudore
2779 4369 2842 4409 ac
2870 4355 3159 4425 ignominia
3194 4350 3444 4411 homines
3469 4354 3534 4409 ab
3559 4351 3712 4407 homio

2141 4450 2300 4505 nibus
2327 4449 2449 4504 talia
2499 4450 2703 4504 scelera
2735 4449 3070 4519 patrantibus
3109 4455 3506 4503 averterentur.
3543 4445 3715 4502 Caneri

2141 4548 2305 4604 etiam
2336 4546 2613 4602 antistites
2640 4560 2737 4616 pro
2767 4546 2877 4601 reis
2907 4543 3218 4617 nefcapitali
3250 4544 3516 4615 supplicio
3542 4542 3717 4614 plecte-

435 4644 680 4707 a‘gerent,
713 4653 834 4709 quae
864 4622 1188 4693 dicebantur
1214 4652 1243 4693 a
1267 4637 1502 4694 Notariis
1531 4654 1603 4694 ex
1629 4648 1854 4712 utraque
1884 4650 2035 4710 parte
2062 4642 2116 4706 D
2145 4652 2357 4707 rentur,
2390 4640 2531 4711 apud
2554 4639 2768 4710 judices
2796 4637 3242 4694 intercedebant:
3278 4651 3379 4692 nec
3411 4646 3588 4692 tamen
3630 4634 3718 4689 ista

435 4739 663 4799 excepta
692 4740 747 4785 et
773 4731 1075 4800 recognita,
1094 4731 1289 4786 etiude
1311 4742 1427 4786 acta
1450 4731 1519 4787 ab
1540 4732 1720 4786 officio
1744 4730 1988 4788 conlecta
2016 4752 2027 4787 ε

435 4822 635 4891 quibus
667 4821 895 4891 peractis
915 4821 1150 4891 cognitio
1168 4821 1221 4876 in
1246 4822 1389 4879 diem
1415 4825 1629 4879 tertium
1643 4823 1788 4880 Junii
1816 4839 2033 4895 compe-

436 4914 722 4970 rendinata
751 4924 850 4972 est.
876 4914 1088 4970 Hacdie
1112 4924 1545 4985 sempertantum
1568 4932 1633 4972 ex
1649 4926 1871 4988 utraque
1885 4925 2034 4987 parte

440 5005 636 5062 delecti
662 5016 873 5063 actores
901 5022 1022 5061 cum
1046 5007 1271 5061 totidem
1304 5007 1627 5075 consiliariis
1643 5024 1706 5064 ac
1723 5008 2031 5064 chartarum

440 5099 759 5155 custodibus
785 5110 1040 5169 quatuor,
1087 5108 1143 5153 et
1174 5100 1400 5154 notariis
1429 5100 1493 5154 ad
1523 5100 1698 5155 locum
1731 5101 2033 5179 collationis

440 5202 729 5247 venerunt.
762 5192 1072 5263 Cumgesta
1104 5193 1342 5247 nondum
1371 5192 1548 5248 forent
1577 5193 1847 5265 descripta
1872 5236 1887 5261 ,
1915 5203 2037 5265 post

440 5288 663 5344 brevem
691 5288 1099 5343 altercationem
1149 5288 1216 5343 ad
1264 5299 1474 5343 sextum
1518 5288 1704 5345 Iduum
1751 5290 2033 5361 Juniarum

439 5382 609 5439 dilata
640 5380 879 5440 collatio.
907 5382 1027 5451 Quo
1061 5381 1148 5438 die
1177 5392 1295 5438 acta
1321 5393 1405 5438 εει
1432 5383 1570 5437 inter
1620 5394 1800 5454 partes
1845 5400 2036 5456 magna

439 5468 606 5532 animi
638 5485 694 5532 et
728 5476 878 5531 vocis
925 5475 1274 5544 contentione
1320 5477 1501 5529 eausa.
1550 5476 1679 5542 Quae
1727 5475 1922 5531 fuerint
1969 5477 2036 5533 ab

441 5580 671 5641 utraque
698 5578 851 5640 parte
876 5569 1019 5626 dicta
1049 5580 1103 5626 et
1145 5569 1399 5641 allegata,
1432 5569 1519 5624 hic
1554 5568 1757 5625 referre
1783 5569 1915 5624 nihil
1944 5586 2038 5627 ne-

443 5674 598 5716 cesse
622 5670 729 5725 est,
762 5676 883 5716 cum
907 5676 969 5716 ea
990 5677 1059 5717 ex
1085 5662 1221 5717 actis
1250 5662 1420 5732 ipsius
1449 5661 1752 5717 collationis
1773 5671 1828 5717 et
1852 5662 2034 5719 brevi-

443 5750 568 5805 culo
609 5750 669 5807 S.
715 5752 1000 5821 Augustini
1045 5753 1114 5807 ad
1170 5754 1375 5810 calcem
1425 5752 1584 5821 hujus
1613 5756 1794 5820 operis
1819 5769 1848 5807 a
1884 5755 2037 5811 nobis

441 5844 780 5907 memoratis,
808 5843 1026 5901 abunde
1045 5846 1218 5918 repeti
1241 5845 1471 5919 possint.
1496 5843 1611 5915 Hoc
1637 5860 1799 5903 unum
1826 5846 2039 5921 imprae»

2144 4732 2535 4789 catholicorum
2569 4731 2929 4786 mansuetudo
2960 4730 3133 4801 potuit
3165 4728 3570 4784 Donatistarum
3594 4727 3722 4782 furo-

2141 4844 2256 4885 rem
2300 4828 2567 4901 mitigare,
2614 4825 2810 4881 Narrat
2836 4824 3163 4893 Augnstinus
3183 4823 3538 4889 Macrobium,
3565 4837 3715 4887 unum

2140 4937 2206 4977 ex
2266 4910 2452 4977 eorum
2484 4920 2798 4991 episcopis,
2848 4918 3101 4989 stipatum
3156 4916 3346 4973 cuneis
3397 4916 3713 4987 perditorum

2145 5016 2427 5087 utriusque
2457 5029 2620 5070 sexus
2650 5012 2751 5069 hac
2795 5020 2958 5083 atque
3003 5012 3131 5069 illac
3176 5011 3518 5068 circumiisse
3554 5020 3606 5067 et
3628 5006 3718 5065 sibi

2143 5107 2395 5165 basilicas
2424 5122 2518 5177 per
2544 5106 2651 5160 vim
2678 5105 2975 5174 aperuisse.

2217 5197 2504 5254 Calumm'az
2532 5196 2925 5252 Donatistarum
2969 5195 3023 5251 in
3066 5193 3532 5251 Marcellinum.—
3549 5192 3615 5251 Ut
3640 5205 3725 5246 au—

2149 5301 2256 5349 tem
2279 5291 2544 5363 judicium
2589 5305 2617 5344 a
2650 5288 2958 5346 Marcellino
2985 5295 3172 5344 contra
3201 5302 3263 5343 se
3307 5288 3474 5343 latum
3502 5286 3721 5353 infirma-

2131 5394 2269 5441 ‘rent
2291 5426 2305 5452 ,
2340 5385 2555 5440 aiebant
2576 5399 2699 5439 eum
2731 5380 2904 5452 pretio
2933 5385 3244 5453 cerruptum
3269 5379 3579 5446 catholicis,
3601 5392 3721 5449 quo-

2146 5491 2267 5532 rum
2291 5477 2692 5549 communionis
2720 5485 2836 5532 erat
2855 5518 2870 5543 ,
2905 5475 3103 5533 favisse
3130 5485 3185 5537 et
3214 5476 3267 5531 iu
3298 5491 3486 5532 eorum
3511 5472 3719 5546 gratiam

2143 5571 2470 5626 sententiam
2504 5572 2722 5641 tulisse,
2751 5572 2844 5628 sed
2892 5588 3177 5645 perperam
3205 5581 3260 5628 et
3297 5580 3483 5627 noctu.
3514 5574 3720 5641 esset-ec

2141 5661 2273 5719 bant
2302 5667 2463 5718 etiam
2491 5680 2616 5720 eum
2663 5679 2767 5720 non
2797 5664 3137 5737 permisisse,
3169 5674 3226 5719 ut
3271 5665 3453 5735 omnia
3495 5677 3586 5734 pro
3624 5658 3724 5715 suis

2145 5755 2387 5826 partibus
2420 5755 2714 5813 Donatista:
2744 5756 3053 5828 proferrent
3107 5772 3172 5815 ac
3225 5758 3333 5813 vim
3367 5758 3468 5813 sibi
3511 5765 3726 5819 conque-

2148 5848 2406 5907 rebantur
2434 5849 2639 5911 illatam
2665 5848 2885 5925 quodin
2911 5852 3209 5913 secretario
3234 5850 3586 5910 Thermarum
3605 5846 3724 5907 Gar-
