3898 6320
189 359 271 417 82f

1327 344 1648 403 HISTORIA
1687 343 2253 405 DONATISTABUM.

3336 354 3444 411 822

186 471 468 543 gilimsrum
519 460 820 520 collationis
875 471 1122 535 tempore
1189 461 1421 519 fuissent
1474 460 1737 518 conclusi.
1766 464 1821 528 Α
1846 462 2094 535 gustinus
2114 504 2130 532 ,
2158 462 2243 519 cui
2271 462 2459 523 titulus
2487 465 2708 522 παι-Διί
2735 463 3030 526 Emeritam
3059 467 3449 530 Donatistarum

186 562 295 632 Quae
321 556 731 629 vitilitigatorum
776 554 972 628 effugia
1007 554 1203 612 merito
1246 553 1496 611 ridebant
1538 551 1740 610 Cathoo

186 656 259 715 lici
278 671 291 708 :
313 666 426 709 nam
445 659 753 723 corruptum
779 665 913 706 auro
932 649 1164 719 iudicem
1190 648 1358 721 gratis
1379 657 1435 704 et
1460 647 1577 704 sine
1604 655 1741 704 teste

186 748 447 814 dicebatur;
477 745 519 801 si
548 742 676 816 quid
706 758 837 800 vero
867 743 1280 816 proponendum
1322 749 1443 798 erat
1480 740 1740 797 adversus

150 894 155 905 ,
186 859 318 910 eum,
342 841 390 896 id
412 849 532 896 ante
550 838 928 910 disputationis
950 838 1231 895 exordium
1254 836 1435 895 facere
1459 851 1553 893 eos
1580 825 1747 909 oper:

187 940 353 994 fuerat.
396 932 542 1002 Quod
597 946 704 987 non
737 932 897 988 modo
929 947 1036 987 non
1082 930 1357 998 fecerant,
1385 932 1480 986 sed
1512 940 1565 986 et
1608 928 1742 986 olfe-

185 1030 300 1087 renti
324 1036 376 1081 ut
399 1024 557 1081 alium
581 1024 819 1095 judicem
846 1025 937 1096 qui
966 1038 1151 1080 secum
1192 1022 1410 1080 sederet
1437 1023 1739 1095 eligerent,

184 1119 532 1192 responderant
556 1131 614 1173 se
638 1116 871 1173 alterum
900 1117 1048 1173 nolle
1082 1116 1320 1187 judicent
1342 1158 1356 1181 ,
1387 1126 1551 1187 atque
1596 1115 1740 1171 hunc

185 1215 363 1288 prolixe
389 1227 491 1268 non
522 1211 693 1267 semel
734 1210 1087 1267 laudaverant
1118 1228 1131 1265 :
1161 1210 1303 1282 quod
1354 1209 1419 1265 ad
1468 1208 1739 1265 actionem

184 1308 418 1380 pertinet,
450 1305 741 1377 unicuique
763 1305 1047 1377 clepsydra
1078 1304 1289 1377 adjecta
1335 1302 1595 1377 quidquid
1644 1317 1742 1358 vo—

185 1405 342 1460 luisset
382 1413 434 1459 et
467 1414 725 1474 quantum
772 1401 1035 1459 voluisset
1082 1402 1296 1458 dicendi
1340 1402 1611 1457 licentiam
1640 1400 1738 1456 dc-

182 1494 320 1552 disse.
366 1494 440 1550 De
476 1511 526 1550 vt
555 1495 701 1550 illata
728 1495 850 1566 quia
895 1496 949 1550 in
988 1493 1313 1566 Gargilianis
1358 1494 1610 1551 Thermis
1657 1493 1741 1548 in-

182 1589 293 1644 clusi
318 1588 520 1643 fuerant
573 1602 681 1643 non
738 1589 908 1658 magis
953 1585 1216 1658 conqueri
1265 1601 1459 1657 posse,
1490 1589 1535 1641 si
1584 1586 1740 1643 locus

180 1679 341 1736 fuisset
362 1679 628 1752 querelae,
653 1679 952 1735 catholicus
979 1695 1140 1748 quam
1174 1678 1484 1734 Donatistas
1508 1695 1628 1736 cum
1662 1678 1735 1735 ibi

181 1775 363 1844 utrique
392 1782 572 1828 essent
608 1789 621 1826 :
648 1781 705 1827 at
733 1769 1005 1844 quomodo
1036 1787 1134 1843 pro
1176 1786 1396 1828 carcere
1440 1769 1741 1827 habebatur

1845 560 2140 631 episcopum
2163 569 2280 631 post
2303 559 2650 631 collationem,
2672 577 2779 635 quo
2791 578 2881 620 res
2900 563 3094 637 quibus
3114 563 3194 623 illi
3218 566 3446 626 vincun-

1846 662 1934 707 tur
1957 652 2044 709 vel
2071 651 2199 726 victi
2242 667 2365 710 esse
2392 664 2784 726 monstrantur,
2832 657 3072 717 breviter
3116 661 3448 741 complecte-

1845 742 2022 800 batur.
2054 744 2159 812 Qui
2183 743 2320 803 liber
2348 747 2540 819 periit,
2577 749 2676 805 sed
2718 752 3012 833 extat-ejus
3033 752 3171 811 liber
3188 754 3258 813 de
3280 758 3451 833 gestis

1844 852 1969 894 cum
1991 837 2262 908 Emerito,
2292 850 2349 897 et
2378 856 2560 899 sermo
2587 856 2653 899 eo
2689 832 2961 915 prasente
2986 845 3055 902 ad
3092 847 3447 907 Caesariensis

1846 930 2109 989 Ecclesiae
2139 934 2350 1005 plebem
2380 934 2577 993 dictus.

1916 1030 2024 1101 22
2045 1028 2333 1085 Concilium
2357 1029 2851 1087 Donatistarum.—
2863 1031 3021 1091 Circa
3054 1035 3199 1097 idem
3229 1044 3447 1110 tempus

1844 1117 2060 1176 habitus
2090 1130 2172 1176 est
2225 1120 2627 1178 Donatistarum
2654 1134 2982 1195 conventus,
3037 1127 3124 1182 cui
3150 1127 3447 1185 Petilianus

1844 1228 1967 1269 cum
1995 1212 2116 1270 aliis
2148 1214 2428 1287 plusquam
2458 1216 2675 1288 triginta
2699 1220 2972 1290 episcopis
2995 1220 3260 1279 interfuit.
3290 1221 3345 1278 ln
3377 1237 3444 1279 eo

1843 1307 2131 1363 consilium
2160 1307 2435 1377 inierunt,
2466 1325 2574 1381 quo
2618 1321 2777 1381 pacto
2823 1312 3020 1370 edictis
3058 1313 3258 1386 quibus
3305 1316 3444 1373 adeo

1845 1402 2255 1472 premebantur,
2280 1401 2497 1457 obviam
2526 1387 2703 1472 irent,
2746 1419 2868 1461 cum
2899 1405 3213 1464 viderentur
3252 1424 3314 1466 se
3347 1425 3443 1480 po.

1844 1494 1953 1550 tius
1985 1494 2228 1565 pristinis
2250 1496 2464 1567 ignibus
2493 1495 2673 1553 daturi
2703 1497 2834 1570 (imo
2871 1498 2927 1555 id
2977 1501 3155 1572 reipsa
3201 1501 3447 1561 facerent
3524 1502 3529 1507 ’

1847 1602 1946 1660 spe
1974 1588 2204 1663 nominis
2224 1600 2524 1663 martyrum
2549 1590 2693 1662 apud
2731 1607 2859 1648 suos
2891 1594 3157 1667 potiundi)
3192 1611 3354 1667 quam
3384 1583 3464 1653 uti

1848 1680 1903 1736 in
1936 1679 2142 1736 insulas
2164 1681 2600 1753 deportarentur.
2646 1682 2705 1738 In
2735 1684 2930 1741 eodem
2965 1697 3234 1746 conventu
3278 1689 3347 1744 ab
3377 1688 3449 1747 iis

1844 1773 1901 1831 id
1923 1783 2181 1831 statutum
2229 1785 2312 1833 est
2343 1794 2357 1829 :
2415 1775 2484 1831 Ut
2507 1779 2593 1848 qui
2622 1778 2890 1835 catholicis
2919 1781 3405 1838 communicaverint
3424 1824 3441 1851 ,

179 1871 304 1926 locus
342 1869 426 1924 ubi
453 1877 572 1924 erat
604 1877 659 1924 et
704 1868 871 1941 judex
902 1878 959 1925 et
984 1869 1036 1923 in
1061 1881 1169 1938 quo
1194 1868 1390 1921 retenti
1437 1882 1542 1921 non
1568 1873 1734 1933 sunt,
1766 1885 1817 1953 Β
1841 1870 2201 1943 episcoporum
2243 1867 2324 1923 vel
2360 1868 2773 1942 presbyterorum
2820 1880 3021 1926 tantum
3048 1873 3094 1928 si
3128 1873 3445 1947 sacriﬁcium

177 1964 254 2021 sed
302 1964 432 2020 unde
458 1963 668 2020 dimissi
717 1963 933 2036 quando
981 1960 1417 2019 vulnerunt?De
1468 1961 1736 2016 sententia

176 2070 310 2116 noctu
333 2059 431 2115 lata
459 2056 693 2114 forensis
747 2057 953 2113 rabulas
978 2055 1228 2112 Petiliani
1276 2054 1550 2110 cavillatio
1579 2061 1734 2121 erat;

176 2150 286 2207 nihil
311 2150 446 2207 enim
470 2150 655 2206 obstat
691 2150 821 2222 quin
850 2150 895 2205 si
937 2163 1100 2204 causa
1132 2147 1399 2217 postulet,
1422 2145 1626 2201 diutius
1650 2146 1738 2215 ju-

175 2242 258 2300 de:
282 2244 435 2312 possit
459 2243 626 2299 etiam
658 2242 871 2299 sedere.
900 2239 1260 2298 Nihilominus
1290 2239 1406 2295 lucc
1433 2238 1740 2294 Donatista-

174 2355 272 2393 rum
295 2338 653 2394 calumniandi
680 2336 904 2392 audacia
930 2345 1091 2407 atque
1119 2335 1394 2406 protervia
1442 2334 1512 2390 ita
1559 2334 1737 2390 incre-

174 2431 266 2498 vit,
310 2438 363 2485 ut
406 2431 470 2486 de
514 2429 763 2486 remedio
805 2428 1129 2501 apponendo
1177 2427 1369 2483 Patres
1398 2425 1636 2482 Africani
1681 2423 1736 2480 in

176 2536 426 2583 commune
452 2522 830 2581 consuluerint
860 2523 913 2579 in
944 2521 1152 2595 synodo
1182 2519 1420 2581 Cirtensi
1464 2534 1561 2578 seu
1605 2519 1737 2577 Zer-

177 2617 288 2670 tensi
322 2631 454 2672 anno
500 2626 630 2688 post
680 2616 1023 2675 collationem
1053 2614 1275 2684 habito,
1320 2598 1474 2687 cujus
1517 2614 1737 2670 nomine

175 2708 466 2782 Augustinus
490 2710 781 2782 epistolam
803 2709 1023 2783 scripsit
1048 2711 1115 2769 ad
1141 2709 1447 2766 Donatistas
1474 2707 1603 2764 olim
1630 2721 1739 2769 cut

176 2797 293 2859 nunc
334 2819 484 2870 extr,
530 2819 637 2875 qua
669 2802 976 2874 hujusmodi
1025 2803 1347 2859 calumniam
1378 2800 1552 2859 diluit.
1604 2802 1737 2859 Data

177 2906 244 2950 est
268 2912 388 2952 xvtn
411 2895 633 2953 kalend.
666 2895 857 2953 Julius.

234 2989 362 3045 Mors
382 2990 700 3047 Marcellini.
729 2991 1065 3062 Conﬁrmatio
1104 2993 1369 3047 sententia:
1416 2990 1736 3049 Marcellini.

174 3086 309 3139 —At
352 3085 646 3141 Donatistae
689 3100 797 3143 non
842 3085 1084 3143 contenti
1129 3083 1425 3143 Marcellini
1475 3085 1741 3147 honorem

176 3177 424 3233 calumniis
448 3179 563 3233 suis
596 3178 860 3235 infamare
879 3218 895 3245 ,
946 3179 1110 3233 vitam
1134 3176 1296 3232 etiam
1322 3178 1737 3249 appetiverunt,

1843 1980 1947 2021 non
1978 1962 2251 2019 obtulerint
2282 1974 2370 2019 aut
2408 1965 2463 2018 in
2494 1965 2687 2036 papula
2718 1981 2820 2021 non
2863 1968 3229 2038 tractaverint,
3264 1968 3333 2023 ad
3360 1984 3446 2025 ve-

1841 2058 1983 2114 niam
2009 2056 2306 2128 perveniant
2334 2065 2383 2111 et
2405 2056 2460 2111 in
2489 2058 2596 2113 suis
2618 2057 2898 2114 honoribus
2922 2060 3258 2134 recipiantur.

1915 2148 2313 2206 Donatistarum
2361 2150 2587 2205 schisma
2625 2150 3048 2208 debilitatum.—-
3074 2153 3286 2209 Interea
3314 2154 3443 2209 Dul-

1839 2243 2300 2303 citius.Tribunns
2328 2253 2383 2301 et
2408 2243 2666 2301 Notarius
2721 2245 3085 2317 imperialinm
3129 2245 3443 2325 jussionum

1840 2348 2028 2397 contra
2053 2339 2362 2395 Donatistas
2388 2339 2444 2394 in
2465 2338 2651 2395 Africa
2682 2348 2963 2410 executor,
2994 2355 3188 2412 poenas
3231 2340 3443 2413 legibus

1844 2432 1898 2488 in
1930 2446 2026 2489 eos
2051 2432 2290 2488 sancitas
2329 2445 2522 2487 severe
2560 2430 2846 2503 exigebat,
2879 2432 3215 2490 intestabiles
3263 2433 3444 2489 Dona-

1842 2522 1998 2580 tistas
2028 2538 2152 2580 esse
2179 2522 2527 2591 declarabat,
2577 2523 2806 2579 mulctas
2849 2523 3145 2596 imperatas
3190 2525 3443 2597 impone-

1840 2617 1968 2684 bat,
1999 2613 2251 2672 basilicas
2277 2630 2463 2672 eorum
2489 2626 2545 2673 et
2569 2615 2709 2672 bona
2737 2616 2983 2697 ecclesiae
3016 2616 3300 2675 catholicae
3341 2618 3442 2675 ad-

1840 2708 2145 2781 judicabat,
2175 2710 2462 2781 episcopos
2505 2717 2561 2767 et
2607 2709 2834 2771 clericos
2872 2709 2931 2767 iu
2983 2710 3189 2765 insulas
3234 2718 3291 2767 et
3312 2725 3443 2782 pro-

1840 2802 2045 2858 vincias
2074 2801 2394 2874 longinquas
2439 2802 2716 2858 exulatum
2759 2801 3030 2858 mittebat.
3062 2802 3233 2874 Hujus
3279 2804 3446 2874 igitur

1840 2893 2116 2967 vigilantia
2131 2894 2287 2950 multi
2304 2903 2416 2950 tum
2442 2895 2702 2965 temporis
2723 2893 2791 2949 ad
2818 2893 3118 2952 Ecclesiam
3136 2893 3442 2964 redierunt,

1843 2997 1899 3046 et
1929 2990 2225 3046 Donatiana
2270 2999 2454 3059 secta,
2488 3005 2610 3060 quae
2658 2998 2819 3046 antea
2864 2988 2922 3044 in
2967 2989 3149 3046 Africa
3193 2989 3446 3062 vigebat,

1843 3083 2012 3140 fracta
2036 3093 2091 3140 et
2117 3083 2395 3141 debilitata
2419 3098 2642 3154 prorsus
2669 3092 2775 3143 est.
2801 3082 2873 3143 At
2896 3082 3143 3145 nonnulli
3175 3082 3230 3139 in
3269 3083 3447 3155 pervi-

1845 3175 1993 3232 cacia
2024 3190 2122 3231 sua
2151 3176 2405 3232 obStinati
2427 3175 2829 3246 perdurabant,
2856 3163 3087 3247 quorum
3117 3160 3209 3231 alii
3252 3175 3443 3231 basili-

174 3279 236 3335 et,
262 3271 400 3342 quasi
440 3270 782 3329 Heracliante
811 3269 1069 3335 factionis
1096 3270 1397 3340 hominem,
1418 3271 1519 3327 sub
1540 3270 1740 3329 invidia
1768 3287 1815 3350 ο
1847 3285 1940 3329 cas
1970 3285 2039 3327 ne
2065 3270 2357 3331 Catholicis
2413 3269 2711 3335 traderent,
2766 3268 2860 3325 alii
2903 3284 3002 3340 pro
3028 3283 3129 3326 suo
3162 3282 3318 3325 more
3344 3282 3443 3324 va-

177 3365 440 3443 tyrannidis
479 3381 805 3439 oppressum
852 3366 976 3435 licet
1020 3367 1403 3435 innocentem,
1456 3376 1514 3425 ut
1540 3366 1627 3423 die
1672 3366 1745 3422 t3

176 3455 473 3528 Septembris
503 3458 639 3516 anni
662 3459 792 3527 M5,
815 3459 972 3530 jussu
996 3458 1185 3519 Marini
1215 3460 1431 3521 comitis
1453 3462 1544 3533 qui
1574 3459 1745 3517 Hera-

177 3550 377 3608 clianum
415 3554 466 3610 in
513 3552 699 3611 Africa
743 3554 1146 3622 debellaverat,
1189 3553 1367 3625 capite
1414 3554 1744 3625 plecteretur

178 3644 456 3703 effecerunt.
488 3648 631 3703 Hinc
666 3646 1011 3702 occasionem
1044 3655 1328 3717 casperunt
1360 3646 1640 3719 jactitandi
1674 3647 1749 3703 ir-

178 3735 313 3792 ritum
340 3755 457 3796 esse
480 3739 748 3813 judicium
779 3754 809 3794 a
842 3738 1157 3794 Marcellino
1194 3740 1358 3794 latum
1393 3759 1407 3795 :
1448 3739 1592 3810 quod
1622 3755 1745 3796 cum

177 3828 499 3889 intellexisset
528 3833 836 3901 Honorius,
867 3831 1273 3889 severissimum
1321 3832 1376 3887 in
1430 3846 1527 3889 eos
1569 3833 1743 3905 legem

181 3919 281 3976 tulit
305 3923 387 3981 die
421 3922 495 3980 22
541 3924 691 3982 Junii
742 3925 870 3981 anni
917 3922 1053 3992 414,
1109 3934 1163 3980 et
1210 3924 1312 3979 alia
1345 3924 1462 3996 lege
1505 3923 1630 3981 data
1674 3926 1749 3983 ‘50

177 4009 514 4086 Augustianni
535 4017 680 4088 415,
709 4019 897 4075 statuit
923 4033 986 4075 ea
1009 4033 1131 4090 quae
1155 4032 1183 4071 a
1215 4018 1553 4088 Marcellino,
1585 4035 1746 4092 quem

181 4108 437 4175 spectabilis
492 4110 744 4167 memoria
798 4111 966 4165 uirum
1011 4109 1289 4181 appellat,
1332 4110 1388 4165 in
1433 4110 1747 4170 Donatislas

180 4208 307 4269 gesta
324 4212 477 4259 erant
504 4214 563 4260 et
592 4204 648 4259 in
675 4204 888 4276 publica
929 4213 1280 4260 monumenta
1324 4203 1581 4261 translata
1602 4247 1617 4273 ,
1651 4205 1747 4271 fir-

180 4294 390 4353 mitatem
422 4308 737 4372 perpetuam
769 4299 989 4358 habere.

235 4386 340 4447 Non
365 4393 563 4450 melius
610 4393 904 4450 Donatistis
930 4394 1099 4457 cessit
1139 4394 1445 4465 importuna
1475 4393 1615 4464 apud
1645 4392 1753 4451 Bo-

181 4481 404 4542 nifacium
447 4487 705 4545 comitem
738 4488 1134 4559 interpellatio,
1166 4488 1257 4558 qui
1285 4487 1501 4558 rejectis
1534 4488 1754 4544 menda-

180 4575 491 4637 cissimorum
524 4581 809 4637 hominum
851 4580 1137 4637 calumniis
1185 4580 1473 4652 Augustini
1521 4581 1751 4636 consilia

1847 3362 1932 3419 rio
1958 3362 2150 3419 mortis
2174 3377 2381 3433 genere
2407 3371 2640 3425 mortem
2690 3363 2794 3421 sibi
2822 3362 3241 3432 conciscehant,
3267 3372 3326 3420 ut
3350 3376 3451 3434 pro

1847 3456 2176 3533 martyribus
2204 3456 2554 3523 haberentur.
2587 3455 2840 3521 Nonnulli
2866 3454 2922 3510 in
2949 3456 3248 3511 catholicos
3272 3455 3449 3511 irrue-

1848 3547 1980 3604 bant
2003 3557 2059 3604 et
2087 3563 2153 3604 ex
2181 3548 2250 3604 iis
2275 3548 2540 3620 plurimos
2570 3548 2693 3605 neci
2716 3548 3042 3604 tradebant:
3074 3547 3204 3605 dum
3248 3563 3281 3604 e
3309 3563 3444 3606 con-

1850 3653 1932 3698 tra
1961 3640 2214 3698 catholici
2246 3642 2516 3698 antistites
2544 3641 2775 3704 sollicite
2798 3639 2992 3698 mortis
3032 3655 3251 3713 poenam
3280 3654 3312 3695 a
3340 3641 3449 3698 Do-

1850 3737 2170 3791 natistarum
2202 3736 2379 3808 capite
2407 3735 2775 3808 depulsarcnt.

1924 3827 2004 3884 De
2033 3827 2329 3884 Gaudentio
2351 3813 2866 3903 Thainugadensi.~—
2885 3828 3019 3888 Cum
3046 3830 3312 3889 malorum
3344 3829 3448 3887 hu-

1844 3921 2152 3995 juscemodi
2178 3922 2287 3977 dux
2314 3930 2369 3979 et
2396 3922 2481 3978 fax
2510 3932 2654 3980 esset
2680 3922 3015 3981 Gaudentius
3035 3914 3452 3997 Thamugaden-

1850 4019 1947 4087 sis,
1984 4033 2123 4074 unus
2161 4033 2192 4075 e
2222 4027 2429 4089 septem
2468 4019 2744 4076 actoribus
2775 4020 3174 4076 Donatistarum
3202 4021 3259 4076 in
3285 4018 3452 4076 colla-

1854 4113 2030 4181 tione,
2083 4111 2232 4168 dedit
2275 4110 2343 4167 ad
2390 4112 2543 4167 illum
2590 4112 2805 4170 litteras
2837 4112 3105 4170 Dulcitins
3156 4112 3452 4170 exhortans

1852 4224 1976 4266 eum
2031 4207 2099 4264 ad
2129 4207 2390 4263 unitatem
2421 4207 2746 4264 catholicam
2795 4218 2854 4265 et
2900 4206 3222 4265 dissuadens
3270 4206 3454 4263 incen-

1852 4303 2002 4360 dium
2028 4318 2136 4374 quo
2166 4317 2226 4358 se
2247 4316 2311 4357 ac
2340 4316 2470 4358 suos
2510 4316 2634 4357 cum
2677 4301 2795 4373 ipsa
2846 4300 3092 4357 Ecclesia
3131 4314 3456 4358 consumere

1854 4396 2161 4453 minabatur
2189 4413 2202 4449 :
2229 4394 2438 4451 addens
2468 4393 2630 4450 etiam
2680 4403 2738 4450 ut
2766 4394 2812 4450 si
2849 4408 2909 4450 se
2934 4393 3111 4465 justus
3160 4402 3415 4467 putarent
3437 4436 3454 4465 ,

1854 4491 2105 4562 fugerent
2133 4490 2312 4561 potius
2338 4488 2633 4546 secundum
2664 4497 2994 4559 praeceptum
3015 4488 3228 4546 Domini
3253 4487 3461 4545 Christi

1857 4600 2018 4658 quam
2049 4599 2109 4640 se
2136 4582 2387 4641 nefandis
2415 4582 2628 4656 ignibus
2672 4590 3107 4639 concremarent.
3156 4580 3461 4652 Respondit

182 4676 506 4743 praetulitsibi
536 4679 851 4750 praéscripta
881 4680 933 4734 in
963 4679 1166 4736 eximio
1194 4678 1289 4733 illo
1320 4679 1459 4735 libro
1486 4694 1583 4735 seu
1611 4679 1753 4753 e’pis—
1777 4692 1833 4753 1)
1859 4676 2198 4735 Gaudentius
2228 4676 2437 4733 duabus
2465 4675 2661 4733 litteris
2680 4719 2694 4744 ,
2725 4674 2974 4732 breviore
2995 4690 3137 4742 una,
3170 4676 3459 4731 festinante

182 4766 272 4822 tela
292 4785 405 4839 quae
426 4781 511 4827 est
535 4772 606 4828 de
635 4771 993 4841 correctione
1020 4771 1445 4827 Donatistarum.

240 4859 382 4919 Gesta
403 4865 679 4936 Augustini
705 4883 821 4921 cum
856 4844 1180 4923 Emerita—:-
1200 4867 1358 4925 Anno
1402 4867 1531 4936 418,
1585 4868 1756 4940 prima

184 4949 312 5023 Maii,
340 4958 664 5015 universalis
694 4959 912 5016 concilii
955 4960 1393 5030 Carthaginensis
1424 4943 1612 5017 Patres
1661 4960 1755 5018 de-

184 5061 309 5106 creta
355 5054 645 5111 condidere
673 5057 744 5111 ad
776 5056 1169 5126 extinguendus
1216 5056 1535 5112 Donatiana:
1587 5038 1753 5113 secta:

182 5145 439 5217 reliquias.
471 5149 657 5206 Mense
681 5164 814 5206 vero
840 5150 1131 5222 septembri
1174 5151 1422 5221 proximo
1441 5192 1454 5217 ,
1497 5165 1620 5205 cum
1647 5149 1759 5207 Au-

184 5239 404 5309 gustinus
433 5242 575 5313 apud
605 5241 799 5299 Juliam
821 5243 1125 5299 Caesaream
1155 5252 1465 5299 versaretur
1487 5259 1609 5299 cum
1643 5242 1761 5315 qui-

186 5328 384 5391 busdam
425 5338 682 5410 collegis,
719 5341 956 5395 occurrit
987 5340 1125 5395 forte
1175 5340 1226 5394 in
1269 5337 1569 5395 Enteritum
1601 5339 1761 5411 hujus

188 5426 316 5482 urbis
342 5431 655 5503 episcOpum
677 5448 743 5489 ex
778 5442 927 5503 parte
954 5433 1187 5499 Donati,
1212 5433 1301 5504 qui
1333 5449 1473 5489 unus
1499 5433 1673 5490 fuerat
1692 5449 1759 5489 ex

187 5521 435 5579 actoribus
462 5525 809 5593 collationis,
840 5542 1000 5597 quem
1049 5541 1171 5581 cum
1221 5525 1288 5581 ad
1318 5525 1618 5583 Ecclesiam
1669 5526 1765 5583 ad-

190 5610 438 5684 duxisset,
472 5632 596 5674 cum
622 5634 689 5676 eo
714 5629 1032 5676 concertare
1059 5619 1247 5675 voluit.
1276 5618 1348 5674 At
1392 5619 1669 5677 Emeritus
1696 5634 1765 5676 ne

189 5710 370 5769 mutire
397 5714 616 5785 quidem
645 5722 738 5771 aut
777 5714 994 5771 hiscere
1026 5728 1190 5773 ausus
1215 5722 1298 5770 est
1319 5756 1333 5780 ,
1378 5724 1433 5770 et
1479 5714 1767 5787 Augustini

191 5815 477 5862 sermonem
532 5806 799 5878 patienter
847 5818 1034 5863 contra
1083 5807 1486 5880 suos,audivit.
1540 5807 1765 5865 Librum

194 5898 340 5968 paulo
366 5911 496 5962 ante
519 5903 782 5964 adversus
825 5904 968 5962 hunc
995 5902 1297 5962 Emeritam
1324 5904 1615 5978 scripserat
1659 5904 1770 5962 Au-

1862 4782 1920 4828 nt
1945 4772 2160 4829 aiebant
2184 4772 2454 4842 perlatore
2474 4770 2622 4841 ,‘alia
2655 4771 2859 4842 prolixa
2883 4812 2899 4840 ,
2928 4771 3082 4841 quasi
3128 4770 3341 4842 plenius
3371 4769 3456 4825 di-

1858 4866 2221 4938 ligentiuSque
2287 4864 2646 4936 respondens.
2699 4863 2961 4922 Dulcitius
3010 4863 3198 4920 ambas
3253 4871 3313 4918 ut
3365 4877 3461 4919 eas

1860 4962 2151 5019 Gandentii
2197 4962 2457 5035 epistolas
2486 4960 2816 5018 existimavit
2854 4958 2921 5013 ad
2951 4973 3075 5013 eum
3100 4970 3222 5012 esse
3245 4955 3465 5013 mitten-

1863 5055 1963 5111 das
1993 5056 2272 5111 refelleret
2293 5097 2307 5121 ,
2335 5054 2604 5125 simulque
2634 5068 2758 5109 eum
2793 5066 2891 5125 per
2918 5048 3464 5119 litterasconsuluit,

1864 5149 2138 5221 quodnam
2166 5151 2286 5207 istis
2319 5149 2588 5206 haereticis
2625 5162 2946 5221 responsum
3000 5145 3119 5203 dari
3165 5157 3463 5219 oporteret.

1864 5244 2188 5317 Augustinus
2215 5243 2404 5299 ambas
2452 5242 2741 5300 Gandentii
2785 5239 3041 5312 epistolas
3071 5254 3182 5297 uno
3212 5240 3352 5296 libro
3380 5254 3466 5296 re-

1865 5337 2112 5409 darguit,
2142 5338 2234 5408 qui
2283 5352 2406 5399 cum
2457 5336 2510 5391 in
2560 5335 2803 5406 ejusdem
2856 5334 3191 5405 pervenisset
3236 5346 3465 5403 manus,

1866 5430 2152 5501 rescripsit
2175 5430 2263 5486 ille
2292 5429 2437 5503 quod
2460 5431 2507 5486 ei
2539 5433 2712 5486 visum
2737 5436 2852 5494 est;
2896 5426 2991 5483 sed
3019 5426 3348 5498 Augustinus
3391 5441 3471 5482 re-

1869 5526 2217 5598 sponsionem
2249 5524 2366 5599 ejus
2398 5524 2724 5593 contempsit
2763 5537 2860 5578 nec
2890 5520 3105 5591 dignam
3147 5519 3471 5577 refutatione

1867 5620 2150 5693 judicavit.
2176 5619 2257 5676 Ad
2283 5621 2610 5692 postulatum
2640 5634 2768 5674 vero
2797 5616 3009 5674 Dulcitii
3030 5616 3311 5688 respondit
3339 5617 3471 5673 isto-

1872 5731 1991 5772 rum
2023 5714 2288 5770 iusaniam
2316 5730 2423 5770 non
2451 5713 2650 5771 debere
2677 5712 2894 5771 obstare
2925 5711 3214 5781 quominus
3245 5710 3310 5766 ad
3343 5711 3470 5767 uni.

1876 5815 2040 5863 tatem
2071 5805 2370 5862 faciendam
2394 5805 2725 5865 allnboraret
2752 5812 2806 5862 et
2833 5802 3102 5881 Principis
3123 5803 3272 5876 leges
3311 5819 3474 5863 exse-

1876 5900 2085 5958 cutioni
2110 5898 2480 5958 demandaret.
