3898 6320
416 274 523 331 8ὓὸ

1804 266 2336 333 ΡῐὶΟΙιΕΟΟΜΕΝΑ.

3577 276 3664 354 sa

494 390 601 446 Lex
623 387 900 446 Theodosii
919 387 1153 445 lautioris
1176 390 1231 444 in
1276 386 1669 445 Donatistar.--
1690 387 1908 445 Eaedem
1944 387 2017 440 Ιιι-
2043 389 2098 448 Α
2122 388 2296 453 uicus,
2320 386 2764 459 Cartliaginensis
2783 386 3091 461 episcopus,
3143 390 3285 446 omni
3324 405 3447 448 cura
3492 393 3666 453 incum-

415 499 514 557 ges
542 501 571 540 a
598 470 910 540 Theodosio
954 483 1179 540 iuniore
1227 494 1496 541 renovatae
1544 494 1703 549 sunt,
1749 486 1864 555 lege
1894 483 2017 538 data

415 562 487 659 βο
513 578 633 633 Maii
662 594 806 634 anno
827 577 967 649 428‘,
998 579 1092 634 sed
1118 578 1278 649 paulo
1301 590 1421 650 post
1441 578 1841 635 Donatistarum
1870 585 2018 634 secta

415 672 786 729 Vandalorum
816 673 1120 742 irruptioue
1161 688 1189 725 a
1217 672 1428 744 legibus
1471 674 1854 745 imperatorum
1905 679 2019 726 tuta

414 764 535 820 fuit.
568 764 855 820 Nonnullis
886 766 1046 821 etiam
1077 781 1141 819 ex
1175 767 1240 821 iis
1271 768 1361 835 qui
1389 781 1447 819 se
1477 765 1801 820 Arianorum
1829 763 2021 819 adver-

416 858 591 912 sarios
633 874 740 912 non
774 873 895 913 esse
929 858 1234 929 fingebant,
1266 857 1493 914 Vandali
1526 857 1724 913 faviSSe
1746 852 2016 912 videnlur.

420 949 784 1007 Nihilominus
814 950 1062 1007 eamdem
1097 950 1341 1021 plerique
1396 966 1585 1005 eorum
1639 964 1702 1005 ac
1755 948 2021 1006 Catholici

424 1054 629 1098 sortem
660 1026 947 1099 subierunt
988 1053 1041 1098 et
1086 1047 1187 1099 sub
1218 1043 1542 1100 Arianorum
1580 1043 1711 1114 jugo
1767 1044 2021 1098 miseram

417 1138 583 1191 vitam
615 1145 853 1192 traxere.
887 1136 1048 1192 Certe
1073 1136 1412 1193 Fastidiosus
1455 1137 1742 1210 episcopus
1789 1137 2022 1192 Arianus

420 1229 574 1301 Cujus
604 1230 765 1284 verba
796 1231 1107 1284 referuntur
1129 1246 1156 1282 a
1188 1229 1503 1300 Fulgentio,
1534 1229 1839 1283 Uenatistas
1867 1241 2024 1301 mque

424 1336 488 1375 ac
513 1319 827 1377 Catltolicos
851 1322 1169 1377 insectatur.

503 1414 753 1487 Reliquiae
786 1415 1179 1470 Donatistarum
1207 1414 1276 1468 ad
1315 1424 1511 1469 sextum
1560 1430 1716 1485 usque
1754 1413 2020 1469 swculum.

425 1506 912 1577 —-Superl‘ueruut
949 1518 1125 1561 tamen
1172 1505 1475 1563 diutissime
1523 1507 1576 1560 in
1627 1507 1809 1560 Africa
1855 1506 2026 1561 schis-

424 1599 583 1654 matis
628 1598 785 1667 hujus
814 1599 1060 1667 quamvis
1102 1598 1408 1668 languentis
1433 1608 1490 1653 et
1534 1598 1700 1653 attriti
1746 1599 2025 1669 reliquiic,

427 1705 485 1748 ut
514 1710 578 1749 ex
608 1693 853 1763 epistolis
878 1693 1126 1764 Gregorii
1160 1693 1330 1763 Magni
1355 1693 1422 1748 ad
1454 1693 1619 1749 Afros
1646 1693 1784 1748 datis
1816 1693 2022 1763 liquet,

430 1802 499 1842 ex
530 1787 725 1857 quibus
752 1788 1099 1858 intelligimus
1132 1802 1239 1842 non
1266 1800 1465 1856 paucos
1495 1789 1548 1841 in
1579 1787 1753 1842 Africa
1782 1787 2033 1845 Donatis—

2123 478 2253 536 hens
2298 489 2355 536 ut
2406 480 2713 538 Africanam
2745 482 3041 538 Ecclesiam
3066 483 3134 538 ab
3162 481 3262 539 hac
3286 483 3403 540 labe
3431 497 3666 557 purgaret.

2126 574 2396 630 Adversus
2443 590 2536 631 cos
2579 584 2689 631 tmn
2739 576 2996 648 temporis
3025 592 3057 631 a
3103 577 3357 634 Mauricio
3388 580 3671 651 imperatore

2126 668 2292 722 missa
2320 676 2445 725 sunt
2476 669 2771 735 rescripta;
2823 669 2918 725 sed
2969 669 3252 741 conquesti
3297 682 3419 726 sunt
3466 672 3669 731 Africani

2124 760 2363 831 episcopi
2408 776 2468 815 ea
2516 762 2851 817 exsecutioni
2884 776 2989 817 non
3021 762 3353 819 demandari.
3401 766 3505 830 Qua
3530 764 3589 821 de
3626 784 3674 823 re

2126 857 2304 911 missis
2337 856 2711 911 Africanorum
2761 855 2828 910 ad
2858 873 2980 911 cum
3029 857 3225 912 litteris
3271 859 3544 913 certiorem
3570 859 3675 918 fecit

2124 948 2421 1021 Gregorius
2451 949 2873 1017 imperatorem,
2902 949 3218 1020 rogavitque
3247 960 3305 1003 ut
3331 966 3509 1006 serere
3529 955 3574 1005 iu
3598 970 3675 1008 cos

2124 1045 2667 1101 animadverteretur.
2746 1043 2864 1114 lpse
2925 1060 3055 1098 vero
3109 1044 3376 1115 episcopis
3443 1044 3677 1103 Africanis

2126 1140 2341 1213 scripsit
2366 1141 2670 1197 Donatistas
2694 1143 2979 1211 episcopos
3006 1142 3094 1209 qui
3118 1140 3182 1194 ad
3223 1140 3514 1196 Ecclesiam
3536 1156 3671 1198 acce-

2127 1233 2325 1288 debant
2354 1248 2414 1289 ea
2439 1234 2558 1304 lege
2584 1232 2957 1303 recipiendos,
2986 1248 3052 1287 ne
3080 1242 3289 1304 pateret
3312 1234 3389 1289 eis
3413 1233 3475 1289 ad
3502 1233 3679 1291 Prima-

2128 1333 2239 1380 tum
2269 1325 2466 1380 aditus.

2200 1417 2277 1472 Ita
2300 1434 2395 1489 per
2426 1428 2506 1474 ter
2532 1426 2747 1475 centum
2779 1433 2951 1473 annos
2980 1428 3031 1472 et
3067 1418 3305 1488 amplius
3332 1421 3383 1473 in
3409 1417 3574 1474 Africa
3606 1418 3684 1475 du-

2128 1509 2270 1565 ravit
2299 1508 2432 1564 illud
2457 1511 2715 1569 scltisma,
2744 1509 2885 1580 quod
2920 1508 3152 1563 infausto
3177 1518 3419 1578 tempore
3444 1524 3502 1565 ac
3526 1512 3681 1565 omine

2128 1612 2343 1670 ortum;
2371 1604 2475 1657 sub
2499 1603 2857 1658 Constantino
2885 1616 3058 1672 neque
3079 1601 3302 1671 jutliciis
3330 1601 3683 1658 Ecclesiasticis

2131 1711 2308 1768 neque
2330 1694 2581 1751 civilibus
2607 1693 2855 1764 extingui
2903 1694 3115 1763 potuit;
3167 1694 3270 1749 sub
3308 1692 3581 1750 Constante
3604 1695 3686 1748 im-

2135 1799 2387 1859 peratore
2415 1802 2825 1859 compressum,
2850 1789 2916 1841 ad
2945 1797 3156 1858 tempus
3183 1788 3283 1843 sub
3309 1787 3513 1843 Iuliano
3537 1803 3685 1843 recru-

430 1891 512 1936 tas
541 1880 710 1937 fuisse
740 1897 1039 1950 eorumque
1086 1896 1370 1936 numerum
1404 1881 1506 1937 boc
1550 1881 1666 1952 ipso
1693 1890 1935 1951 tempore
1966 1882 2029 1936 li-
2059 1885 2108 1946 Β
2136 1884 2250 1939 duit
2270 1925 2283 1947 ,
2313 1890 2367 1937 et
2395 1897 2488 1953 per
2530 1880 2732 1935 multos
2762 1894 2931 1934 annos
2979 1894 3229 1950 magnam
3283 1878 3473 1933 Africa:
3515 1890 3686 1948 partem

426 1983 514 2029 cet
557 1990 586 2028 a
631 1974 914 2032 Gennadio
948 1974 1190 2030 Exarcha
1237 1983 1714 2044 compescerentur
1757 1976 2029 2043 crevisse,

427 2068 617 2138 plures
647 2070 716 2124 ab
738 2072 817 2125 eis
848 2070 902 2124 in
931 2086 1086 2126 suam
1117 2081 1323 2128 sectam
1346 2070 1610 2129 adductos
1637 2084 1689 2127 et
1732 2071 2032 2143 rebaptiza-

434 2172 517 2216 tos
540 2202 554 2227 ,
583 2163 848 2232 quosdam
880 2164 1042 2219 etiam
1084 2163 1396 2220 Catholicos
1445 2166 1732 2236 episcopos
1780 2167 1847 2221 ab
1871 2165 1937 2220 iis
1965 2181 2032 2222 ex

434 2255 687 2311 ecclesiis
726 2257 844 2311 suis
873 2258 1080 2328 pulsos.
1108 2257 1205 2313 Cui
1238 2258 1384 2314 malo
1408 2267 1468 2314 ut
1492 2259 1801 2315 mederetur
1832 2258 2035 2332 Grego-

436 2350 551 2404 rius
570 2391 586 2418 ,
609 2350 775 2421 jussit
802 2351 1071 2424 synodum
1100 2352 1423 2426 congregari
1448 2367 1610 2425 quam
1642 2353 1829 2411 habuit
1854 2353 2033 2411 Domi-

429 2503 816 2522 ...ι-αι*

2140 1977 2422 2044 implevit;
2463 1973 2636 2029 donec
2665 1972 2914 2042 scriptis,
2944 1971 3404 2041 disputationibus
3444 1980 3495 2026 et
3519 1972 3691 2042 legibus

2143 2068 2502 2138 imperatoriis
2534 2066 2875 2121 imminutum
2897 2074 2982 2119 est
3008 2074 3065 2119 et
3092 2064 3159 2119 ad
3195 2079 3392 2132 paucos
3418 2063 3688 2125 redactum.

2142 2177 2370 2233 quorum
2391 2160 2637 2217 infelices
2677 2158 2925 2216 hrcredes
2954 2158 3019 2211 ad
3070 2167 3286 2213 sextum
3318 2167 3408 2212 aut
3445 2158 3690 2226 septimum

2143 2271 2315 2327 usque
2345 2256 2605 2311 sacculum
2646 2253 2700 2308 iu
2751 2251 3023 2323 aliquibus
3067 2250 3270 2307 Africae
3310 2249 3509 2321 angulis
3548 2249 3690 2304 latita-

2145 2357 2289 2405 runt.

832 2498 3679 2525 Μ

536 2742 603 2815 Θ
888 2677 996 2750 τε
1061 2623 2433 2831 QEOGRAPHIA
2534 2618 3201 2772 SACRA

1113 2848 1136 2879 '
1793 2860 2407 2969 ΑΡΜοΕ

896 3042 1043 3106 SEU
1085 3040 1423 3104 NOTITIA
1465 3039 1793 3104 OMNIUM
1838 3038 2449 3104 EPISCOPATUUM
2493 3037 2904 3103 ECCLESI/E
2950 3037 3388 3101 AFRICANJE

439 3236 527 3280 IX
569 3234 968 3279 COLLATIONE
1013 3233 1529 3278 CARTHAGINENSI
1558 3261 1576 3292 ,
1620 3231 1883 3277 NOTITIA
1932 3231 2376 3277 EPISCOPOBUM
2436 3228 2687 3273 AFRICE
2732 3228 2851 3272 SUB
2894 3226 3230 3272 HUNERICO
3257 3255 3274 3285 ,
3332 3226 3413 3269 EX
3452 3219 3693 3269 CONCIIJO

440 3342 537 3402 fu,
578 3334 1098 3380 CARTHAGINBNSI
1141 3333 1263 3379 SUB
1304 3332 1648 3389 CYPRIANO,
1696 3332 1990 3386 ALIISQUE
2034 3330 2345 3376 CONCILIIS
2390 3329 2527 3374 TUM
2571 3327 2934 3385 AFRICANIS,
2982 3329 3118 3372 TUM
3154 3323 3600 3387 GENERALIBUS,

1248 3437 1322 3482 AC
1364 3437 1787 3483 MONUMENTIS
1832 3438 2049 3483 SACRIS
2105 3437 2187 3481 ΕΤ
2229 3434 2540 3480 PROFANIS
2586 3432 2947 3477 EXCEBP’I‘A.

1731 3557 2490 3594 -Φ--ι

514 3669 708 3743 Africa:
737 3665 1038 3736 descriptio.
1066 3691 1136 3704 -—
1162 3658 1358 3715 Africa:
1381 3666 1576 3708 nomen
1612 3646 1896 3719 tripliciter
1917 3645 2047 3743 olim
2076 3649 2121 3712 C
2156 3644 2387 3702 Plinium
2414 3658 2542 3704 sunt
2561 3651 2727 3707 millia
2758 3669 3008 3724 passuum
3035 3671 3140 3711 ucx
3172 3653 3466 3713 secundum
3487 3646 3693 3709 Antonini

443 3772 502 3821 et
530 3736 672 3817 nunc
715 3765 997 3827 acceptum
1020 3753 1267 3824 legimus.
1310 3747 1551 3803 Primum
1582 3756 1679 3812 pro
1718 3738 1874 3794 tertia
1899 3736 2048 3791 orbis

444 3864 624 3927 parte,
647 3866 766 3924 quae
794 3849 863 3905 ab
890 3846 1019 3903 Asia
1043 3886 1056 3908 ,
1086 3842 1292 3899 Isthmo
1316 3839 1398 3894 vel
1447 3836 1549 3892 Nili
1586 3834 1735 3888 ostiis
1777 3829 2048 3885 distermi-

445 3960 627 4016 natur,
651 3956 709 4005 et
736 3945 1096 4014 undequaque
1124 3936 1258 3993 mari
1282 3933 1538 3989 ambitur.
1561 3930 1679 3998 Quo
1700 3929 1753 3983 in
1782 3936 2046 3981 terrarum

444 4056 624 4104 tractu
654 4060 759 4098 non
791 4038 952 4096 modo
974 4032 1268 4107 provincia:
1316 4043 1438 4100 quze
1491 4026 1625 4081 mari
1656 4022 2048 4079 Mediterraueo

446 4140 725 4196 alluuutur
753 4176 769 4204 ,
797 4130 1118 4190 Mauritania
1177 4124 1407 4188 scilicet,
1446 4119 1736 4189 Zeugitana
1769 4116 2047 4187 provincia

444 4232 603 4302 cujus
629 4237 792 4300 caput
818 4222 1114 4291 Carthago,
1151 4219 1311 4291 Libya
1341 4259 1356 4282 ,
1390 4225 1443 4270 et
1489 4212 1759 4283 Egyptus
1807 4228 1818 4263 :
1873 4208 1969 4264 sed
1995 4215 2050 4263 et

447 4321 708 4380 interiora
743 4331 1011 4376 terrarum
1039 4313 1291 4382 Antiquis
1323 4309 1407 4363 vix
1440 4317 1566 4381 nota
1592 4346 1607 4372 ,
1640 4302 1933 4371 IEtbiopiaz
1956 4316 2052 4369 ap-

445 4402 739 4491 pellatiune
771 4411 1053 4482 designata
1083 4404 1453 4462 continentur.
1485 4398 1636 4455 llaud
1667 4407 1773 4453 tam
1812 4395 2048 4491 late

445 4490 526 4569 ttat
553 4510 729 4564 altera
779 4505 972 4580 Africa:
1013 4501 1255 4570 acceptio
1287 4540 1302 4567 ,
1331 4497 1482 4567 juxta
1515 4510 1673 4567 quam
1732 4506 1837 4547 non
1888 4490 2051 4547 modo

446 4601 720 4671 Etltiopia
745 4598 813 4655 ab
827 4597 1008 4654 Africa
1040 4593 1359 4659 secernitur,
1388 4589 1482 4645 sed
1508 4600 1556 4643 et
1584 4587 1699 4641 hasc
1722 4584 2046 4656 peculiarem

445 4693 749 4757 dioecesim,
773 4700 831 4747 ut
860 4691 1014 4745 aiunt
1042 4730 1057 4754 ,
1083 4686 1407 4749 constituit,
1438 4683 1508 4739 ab
1536 4680 1772 4753 [Egyplo
1825 4678 2050 4732 distinc-

446 4797 580 4855 tam,
609 4794 665 4842 et
699 4783 767 4839 ab
807 4781 1024 4838 Oceano
1049 4821 1066 4843 ,
1108 4778 1318 4834 scilicet
1361 4776 1633 4830 Atlantico
1678 4772 1744 4826 ad
1800 4771 2046 4824 iutimunt

448 4882 668 4953 majoris
708 4876 888 4950 Syrtis
936 4873 1114 4928 sinum
1148 4868 1489 4939 protenditur
1524 4885 1537 4921 :
1572 4881 1693 4938 qum
1745 4863 2050 4933 provincias

445 4974 842 5036 Mauritaniam,
861 4966 1186 5033 Numidiam,
1212 4962 1597 5035 Tripolitanam
1622 4972 1673 5017 et
1700 4960 2048 5030 Zeugitauam

2153 3738 2495 3796 ltinerarium
2530 3758 2833 3801 Iccccxxxr
2858 3766 2869 3802 :
2899 3747 2982 3802 sin
3011 3757 3192 3804 autem
3231 3749 3333 3805 soli
3358 3790 3374 3813 ,
3401 3746 3497 3803 hoc
3520 3753 3617 3807 est.
3640 3741 3695 3796 si-

2154 3848 2319 3888 uuum
2343 3842 2397 3889 et
2422 3836 2780 3892 amfractuum
2808 3838 3002 3895 littoris
3020 3840 3160 3894 ratio
3188 3855 3296 3896 nou
3328 3839 3594 3899 habeatur;
3620 3832 3692 3886 sed

2154 3934 2357 3982 tantum
2388 3930 2535 3996 C(Bli,
2565 3929 2669 3986 ltoc
2694 3941 2798 3999 est,
2831 3933 2876 3988 si
2902 3933 3042 3990 linea
3081 3942 3229 3990 recta
3253 3933 3472 3990 ducatur
3493 3975 3508 3999 ,
3535 3947 3559 3983 a
3581 3925 3694 3984 Catio

2155 4020 2253 4074 bus
2279 4020 2344 4076 ad
2370 4022 2613 4078 Mercurii
2640 4024 3076 4082 Prontoutorium
3106 4028 3276 4083 millia
3313 4042 3516 4100 passum
3559 4037 3691 4079 lxxx.

2151 4112 2199 4168 Α
2225 4113 2472 4171 Mercurii
2497 4115 2880 4174 Promontorio
2914 4121 2982 4175 ad
3014 4120 3190 4193 Syrtis
3230 4122 3450 4179 minoris
3477 4120 3693 4175 internum

2155 4208 2294 4261 latus
2315 4211 2615 4279 expositum
2642 4211 2849 4267 Orienti
2885 4254 2900 4280 ,
2953 4213 3184 4286 Polybio
3215 4258 3233 4281 ,
3268 4214 3437 4270 Plinio
3480 4222 3529 4269 et
3559 4209 3693 4266 Aulo-

2155 4299 2283 4353 uiuo
2336 4310 2458 4356 sunt
2496 4316 2591 4357 ccc
2638 4304 2802 4359 millia
2848 4320 3132 4375 passuum.
3164 4323 3193 4361 a
3229 4322 3336 4377 quo
3379 4321 3477 4363 non
3512 4302 3693 4360 multum

2153 4391 2353 4448 distant
2376 4402 2577 4450 nostra:
2608 4399 2869 4451 rationes.
2905 4397 3074 4468 Regio
3098 4415 3219 4469 qua:
3243 4399 3384 4454 inter
3402 4398 3528 4454 duas
3547 4394 3695 4464 Syrtes

2154 4483 2439 4555 intcrjacet
2464 4501 2617 4542 versa
2648 4490 2701 4543 in
2734 4488 3172 4559 Septentrionem
3199 4531 3217 4558 ,
3248 4491 3421 4548 Plinio
3448 4504 3536 4546 cet.
3562 4481 3691 4541 millia

2156 4593 2391 4647 passum,
2448 4580 2717 4635 Antonino
2748 4596 2985 4637 cccnxxx
3034 4583 3182 4637 mille
3234 4597 3497 4652 passuum,
3542 4589 3694 4634 sccun'

2153 4671 2279 4726 dum
2306 4689 2401 4726 nos
2429 4688 2560 4729 CCCI.
2589 4672 2734 4728 mille
2757 4690 3035 4744 passuum.
3071 4674 3248 4748 Syrtis
3276 4677 3461 4747 major,
3491 4672 3533 4727 si
3557 4665 3693 4725 Plinio

2156 4763 2576 4831 ﬁdes,circuitus
2594 4777 2672 4822 est
2692 4782 2873 4823 ncxxv
2902 4768 3069 4823 millia
3095 4768 3689 4840 passuum,aditusaulem

2153 4873 2321 4914 cccxv
2345 4902 2359 4924 ,
2387 4858 2645 4915 circuitus
2693 4875 2878 4918 cccca.
2913 4860 3225 4919 Secundum
3259 4878 3354 4917 nos
3404 4860 3563 4915 aditus
3609 4866 3691 4909 non

2155 4951 2273 5021 plus
2296 4968 2454 5022 quam
2484 4968 2581 5009 ccr.
2616 4953 2776 5007 millia
2812 4970 3089 5020 passuum.
3116 4954 3160 5009 A
3178 4953 3541 5010 Promontorio
3556 4946 3612 5002 ad
3633 4944 3690 5000 si-

445 5068 712 5126 coutinet.
739 5065 864 5118 llaec
893 5070 1072 5116 autem
1106 5058 1292 5129 ultima
1324 5052 2046 5127 provinciaproconsularis,
2074 5047 2128 5108 D
2155 5060 2252 5098 nus
2291 5044 2478 5099 intima
2518 5060 2616 5101 ccx
2646 5046 2813 5101 millia
2843 5062 3122 5117 passuum.
3156 5047 3237 5103 lbi
3262 5058 3381 5102 sunt
3412 5049 3525 5121 arm
3546 5038 3689 5095 Phile-

446 5160 642 5232 Africae
673 5156 891 5212 nomine
918 5154 1139 5224 proprie
1160 5150 1421 5213 donatur,
1451 5164 1571 5219 qum
1603 5149 1758 5202 tertia
1805 5153 1890 5200 est
1915 5187 1928 5211 ,
1959 5160 2050 5198 ea-

445 5267 554 5325 que
582 5246 927 5306 strictissima
953 5244 1112 5316 hujus
1132 5243 1283 5298 vocis
1311 5242 1579 5311 acceptio.
1623 5239 1805 5295 Africa
1851 5252 2045 5293 secun-

447 5347 575 5402 dum
622 5340 857 5399 mediam
907 5339 1054 5394 illam
1104 5334 1477 5406 acceptiouem
1528 5334 1595 5389 ab
1643 5332 1935 5388 Occidente
1991 5338 2048 5387 et

443 5433 827 5508 Septentrione
857 5433 1096 5487 littorum
1129 5427 1349 5499 obliquo
1379 5424 1553 5496 spatio
1601 5425 1736 5479 mari
1779 5425 1999 5479 alluitur
2024 5464 2041 5491 ,

443 5540 699 5605 patetque
729 5528 782 5582 in
810 5523 1201 5597 longitudinem
1243 5521 1385 5578 latus
1414 5519 1534 5589 ejus
1579 5517 1925 5574 Occidentale
1975 5517 2042 5572 ab

444 5624 664 5680 Atlante
714 5620 780 5674 ad
819 5617 981 5674 Cotes
1032 5614 1469 5671 Promontorium
1513 5610 1666 5682 juxta
1724 5608 1920 5664 fretum
1970 5624 2041 5664 nat

446 5711 883 5785 passuum.lude
919 5724 951 5764 a
998 5718 1150 5778 parte
1205 5704 1624 5774 Septentt‘ionali
1675 5702 1743 5759 ab
1796 5700 2041 5757 Herculei

446 5791 573 5863 freti
624 5803 781 5861 ostiis
839 5804 907 5859 ad
951 5801 1203 5859 Mercurii
1255 5796 1694 5856 Promontorium
1740 5793 2038 5851 secundum

2152 5153 2345 5193 norum
2372 5140 2462 5209 qui
2513 5150 2791 5195 extremus
2835 5150 2919 5195 est
2952 5139 3152 5196 Africa:
3197 5142 3368 5196 limes.
3418 5137 3493 5194 Ab
3531 5135 3691 5191 AIISIFO

2148 5229 2329 5286 Africa
2355 5232 2629 5288 montibus
2652 5241 2710 5288 et
2746 5233 2995 5288 interiori
3021 5233 3232 5304 adjacet
3268 5233 3443 5305 Libya:
3470 5271 3486 5299 ,
3520 5215 3574 5283 ac
3598 5222 3691 5296 plus

2148 5325 2233 5379 vel
2262 5326 2441 5380 minus
2462 5325 2581 5381 late
2603 5334 2775 5395 patet,
2804 5340 2913 5396 quo
2942 5326 3111 5395 magis
3155 5327 3238 5380 vel
3275 5326 3444 5380 minus
3484 5322 3532 5376 in
3571 5326 3689 5372 mare

2153 5428 2313 5474 terrae
2338 5421 2665 5489 prominent.
2698 5418 2822 5474 Harc
2850 5418 3031 5473 omnia
3064 5420 3118 5473 in
3149 5418 3347 5473 Tabula
3370 5408 3689 5485 Geographie!

2153 5511 2339 5566 videre
2375 5518 2493 5566 est.“

2228 5603 2415 5673 Africo:
2439 5603 2643 5657 divisio.
2689 5632 2761 5644 —
2789 5602 3053 5658 Dividitur
3081 5611 3260 5659 autem
3286 5599 3457 5657 Africa
3492 5611 3517 5650 a
3546 5588 3687 5650 Plinio

2149 5697 2203 5753 iu
2238 5698 2583 5754 Mauritanias
2622 5699 2757 5753 duas
2799 5697 3196 5769 (Tingitanum,
3245 5708 3299 5752 et
3327 5676 3685 5751 Ciesarienscm)

2150 5791 2456 5848 Numidiam
2488 5803 2542 5848 et
2569 5789 2916 5864 Zeugitauam
2944 5806 3066 5863 qua:
3089 5789 3270 5849 Africa
3305 5786 3502 5862 proprie
3524 5778 3685 5837 dicilt'l'
