3898 6320
226 304 323 371 8‘23

1312 308 1761 370 GEOGRAPHIA
1802 306 2024 369 SACRA
2069 309 2368 369 AFRICE.

3385 310 3495 369 8‘26

227 447 282 489 ac
307 432 354 487 in
392 430 522 487 duas
558 430 897 488 distribuitur
927 474 942 500 ,
975 446 1204 500 quarum
1253 450 1355 488 una
1386 432 1583 489 dicitur
1616 434 1782 505 Byza-
1815 439 1863 495 Α
1894 449 2013 504 qn-e
2034 433 2294 505 deinceps
2319 453 2349 489 a
2381 433 2629 490 Numidia
2676 433 2861 490 avulsa
2893 432 3229 504 provinciam
3259 433 3497 504 peculia-

225 540 380 593 cena,
410 524 571 580 altera
611 524 964 595 Tripolitana.
1017 525 1075 582 In
1121 526 1293 583 veteri
1339 526 1542 583 Notitia
1593 525 1791 584 Africa:

218 617 493 676 Constantii
524 619 865 685 imperatoris
892 661 905 683 ,
942 619 1219 680 utferunt.
1246 620 1579 689 temporibus
1611 618 1747 674 facta
1773 660 1788 685 ,

224 713 293 768 sic
337 709 654 766 describitur
694 719 749 766 et
791 710 1049 766 dividitur
1098 712 1311 767 Africa:
1372 710 1673 783 Vergentem
1721 712 1791 766 ad

224 803 375 858 Austri
403 813 586 858 terram
616 804 842 859 invenies
877 817 1063 859 terram
1102 804 1491 870 Mauritaniam,
1518 807 1669 875 cujus
1698 805 1788 859 Ito-

221 895 365 949 tuines
396 895 594 950 barbari
625 905 876 967 quantum
911 898 981 951 ad
1023 900 1179 952 vitam
1203 907 1254 953 et
1295 913 1460 952 mores
1493 941 1508 966 ,
1543 899 1790 953 Romanis

224 999 367 1043 tamen
397 989 705 1045 subditi.....
733 988 945 1045 Exinde
985 1000 1101 1063 post
1131 989 1499 1047 Mauritaniam
1534 990 1789 1046 Numidia

222 1081 547 1151 provincia....
600 1081 848 1137 Proxima
875 1083 993 1137 huic
1026 1085 1299 1153 prouincia
1328 1085 1521 1156 Africae
1556 1084 1696 1156 regio
1732 1085 1788 1139 in

221 1177 427 1231 omnibus
446 1177 583 1231 dives
603 1179 845 1234 occurrit.
895 1177 1052 1248 Apud
1075 1178 1426 1234 Ptolemaeum
1453 1194 1517 1234 ac
1557 1178 1789 1250 Pompo-

218 1270 346 1326 nium
374 1269 555 1326 tlelam
586 1269 765 1326 Africa
795 1285 1009 1341 quoque
1058 1271 1314 1328 dividitur
1339 1272 1391 1327 in
1437 1280 1547 1328 tres
1579 1281 1784 1328 tantum

223 1372 399 1435 partes,
445 1363 843 1433 Mauritaniam,
890 1366 1194 1423 Numidiam
1236 1376 1291 1423 et
1318 1366 1554 1423 Africam
1596 1367 1785 1424 stricte

217 1467 455 1527 sumptam
488 1499 503 1523 ,
529 1457 630 1513 sub
683 1472 788 1530 qna
841 1459 1379 1531 comprehenduntur
1423 1461 1698 1534 Byzacena
1729 1469 1785 1516 et

214 1547 516 1621 Tripolitana
528 1593 543 1607 .

275 1641 388 1698 llzec
409 1654 624 1719 quoque
660 1644 760 1701 fuit
806 1646 1177 1717 antiquissima
1228 1647 1487 1704 Ecclesia:
1513 1647 1782 1703 Africana:

215 1737 401 1802 divisio,
434 1748 490 1793 ut
521 1740 674 1795 testis
700 1749 784 1796 est
828 1741 977 1796 omni
1007 1741 1332 1812 exceptione
1377 1741 1552 1811 major
1579 1742 1639 1796 D.
1670 1741 1779 1814 Cy-

1895 540 2009 582 rem
2053 526 2379 595 constituit,
2430 527 2656 582 alteram
2701 524 2869 582 fuisse
2915 541 2946 581 e
2995 525 3204 581 duabus
3232 524 3496 581 Nnmidiis

1893 626 2177 684 censeant.
2201 617 2303 673 Sed
2352 618 2404 673 in
2437 618 2669 673 concilio
2712 616 3125 689 Carthaginensi
3157 617 3285 672 anni
3339 615 3445 672 416
3471 656 3489 685 ,

1893 711 2098 767 diserte
2144 711 2551 784 distinguuntur
2591 710 2856 768 Numidiae
2910 711 3031 767 dua:
3080 726 3111 767 a
3158 709 3493 767 Manritaniis

1891 802 2131 860 Sitifensi
2156 814 2210 859 et
2232 802 2574 860 Caesariensi.

1963 896 2114 954 Circa
2145 910 2384 967 tempora
2407 897 2696 955 Theodosii
2729 898 3072 969 imperatoris
3100 896 3282 954 Africa
3314 897 3366 953 in
3396 911 3492 953 se:

1891 998 1974 1043 est
1997 987 2170 1044 divisa
2204 991 2534 1060 provincias,
2566 1007 2688 1060 qua:
2714 1006 2742 1045 a
2774 990 2940 1046 Sexto
2966 990 3106 1045 Rufo
3132 1032 3147 1056 ,
3175 1001 3226 1046 et
3262 989 3314 1045 in
3345 989 3493 1045 Noti-

1891 1082 1962 1137 tia
1993 1083 2204 1153 imperii
2232 1092 2643 1149 enumerantur,
2667 1091 2901 1153 suntque
2930 1081 3111 1139 Africa
3132 1084 3319 1143 stricte
3335 1098 3491 1139 sum-

1888 1183 1997 1247 pta,
2029 1176 2145 1231 sive
2194 1177 2601 1247 proconsularis
2639 1177 2916 1246 provincia
2940 1216 2955 1241 ,
3000 1174 3249 1235 Numidia
3274 1216 3288 1239 ,
3320 1174 3488 1247 Byza-
3558 1159 3565 1164 ’

1888 1268 2052 1334 cium,
2080 1267 2336 1339 Tripolis.
2366 1269 2685 1323 Mauritania
2719 1266 2993 1326 Sitifensis
3025 1310 3040 1333 ,
3074 1279 3125 1323 et
3171 1266 3487 1322 Mauritania

1887 1361 2259 1418 Caesariensis.
2294 1363 2582 1434 Tingitana
2612 1380 2741 1419 vero
2770 1362 2838 1417 ab
2866 1362 3045 1418 Africa
3082 1362 3267 1417 avulsa
3297 1359 3490 1430 Hispa-

1887 1459 1993 1512 nia:
2020 1457 2277 1514 attributa
2311 1467 2413 1514 est.
2442 1458 2694 1514 liamdem
2736 1456 3054 1513 divisionem
3085 1456 3487 1528 provinciarum

1884 1558 1940 1604 et
1970 1548 2196 1605 formam
2216 1550 2395 1621 induit
2426 1550 2799 1606 Ecclesiastica
2845 1550 3073 1607 πολιτεία
3098 1591 3112 1615 ,
3145 1559 3204 1604 ut
3233 1563 3300 1603 ex
3352 1532 3485 1603 con-

1883 1642 2023 1698 ciliis
2042 1658 2107 1699 ex
2138 1644 2405 1699 universis
2447 1642 2644 1700 Africae
2678 1643 2970 1714 provinciis
3013 1640 3353 1714 congregatis
3390 1655 3488 1695 no-

1886 1744 1997 1789 tntn
2030 1746 2131 1799 est,
2164 1735 2216 1789 in
2246 1737 2445 1805 quibus
2472 1751 2564 1792 Sex
2592 1735 2698 1792 illae
2735 1734 3025 1803 provinci-.c
3069 1742 3480 1790 enumerantur.

212 1833 477 1905 priannsin
515 1834 747 1904 epistola
776 1836 905 1890 edit.
949 1835 1126 1891 Oxon.
1155 1836 1225 1892 48
1258 1878 1273 1902 ,
1302 1836 1368 1891 ad
1415 1835 1727 1891 Cornelium
1759 1875 1773 1897 ,
1810 1852 1854 1912 Β
1881 1826 2020 1884 Sttnt
2040 1833 2127 1899 qui
2150 1828 2464 1886 Sitifensem
2490 1829 2822 1901 provinciam
2852 1829 3164 1885 existiment
3208 1844 3314 1884 non
3356 1835 3484 1884 ante

213 1924 287 1978 ubi
327 1924 516 1981 limites
544 1934 604 1981 et
635 1936 812 1996 partes
841 1926 1110 1982 Africanae
1148 1928 1405 1983 Ecclesiae
1454 1928 1531 1983 sic
1570 1928 1777 1984 descri-

212 2014 279 2073 bit
298 2036 310 2071 :
332 2016 431 2074 Sed
451 2019 697 2088 quoniam
721 2021 874 2074 latius
901 2020 1018 2088 fusa
1049 2029 1121 2074 est
1153 2022 1328 2074 nostra
1360 2021 1623 2089 provincia
1645 2037 1663 2075 :
1685 2020 1779 2074 Ita-

212 2108 277 2163 Itct
294 2111 415 2164 enim
454 2109 763 2165 Numidiam
808 2121 857 2165 et
897 2111 1247 2167 Mauritanias
1277 2112 1411 2167 duas
1444 2113 1774 2169 cohwrentes.

213 2199 258 2255 ln
276 2202 490 2258 concilio
517 2202 939 2273 Cartbaginensi
974 2205 1043 2260 de
1067 2204 1354 2261 iteratione
1398 2206 1647 2277 baptismi
1677 2207 1778 2262 sub

212 2295 375 2350 eodem
398 2296 667 2370 Cypriane
691 2298 892 2363 habito,
916 2315 1031 2353 cum
1056 2301 1111 2354 in
1146 2316 1307 2355 unum
1332 2301 1635 2373 Carthagini
1650 2318 1777 2357 con-

212 2389 430 2445 venissent
447 2389 556 2463 ξι
578 2389 824 2463 Episcopi
844 2393 1055 2460 plurimi
1076 2410 1138 2448 ea:
1156 2395 1417 2457 provincia
1439 2395 1476 2447 Α
1483 2397 1633 2465 frica,
1662 2393 1779 2448 Nu-

211 2480 366 2547 midia,
394 2482 749 2538 Mauritania:
783 2485 978 2556 quibus
996 2495 1207 2542 constat
1226 2487 1336 2556 jam
1368 2498 1480 2542 tum
1507 2487 1779 2543 Ecclesias

211 2573 403 2632 istarum
456 2578 855 2646 provinciarum
922 2596 1086 2636 unum
1141 2595 1340 2651 corpus
1406 2581 1772 2639 Ecclesiarum

209 2668 518 2725 constituisse
541 2680 598 2726 et
632 2672 689 2726 in
731 2683 965 2743 quatuor
1021 2673 1326 2742 provincias
1366 2673 1776 2730 Ecclesiasticas

210 2757 350 2815 fuisse
375 2769 480 2817 tum
502 2760 747 2818 divisas.

267 2851 396 2909 Nihil
427 2864 518 2913 aut
560 2872 753 2928 parum
795 2856 1012 2914 videtur
1050 2837 1388 2917 constantini
1432 2859 1777 2930 imperatoris

210 2943 508 3015 temporibus
538 2947 592 3002 itt
616 2963 680 3002 ea
710 2946 977 3004 divisione
1009 2950 1203 3004 Africa:
1234 2952 1576 3006 intmntatnm
1601 2967 1615 3014 ;
1648 2966 1771 3006 nam

210 3033 247 3088 is
271 3035 314 3090 in
338 3038 561 3106 epistola
595 3039 663 3094 ad
693 3037 1042 3097 Caecilianum
1088 3042 1605 3113 Cattltaginensem,
1649 3056 1773 3114 quae

207 3127 407 3183 refertur
435 3131 501 3187 ab
533 3132 773 3187 Eusebio
816 3133 852 3188 l.
892 3150 924 3188 ι
954 3134 1091 3189 Hist.
1144 3135 1317 3199 Eccl.,
1348 3149 1398 3189 c.
1433 3136 1468 3191 6
1493 3177 1507 3200 ,
1538 3146 1773 3207 quatuor

206 3216 314 3274 item
342 3222 639 3289 provincias
668 3221 866 3280 Africa:
900 3236 1186 3282 enumerat
1229 3227 1313 3283 bis
1336 3229 1546 3282 verbis:
1596 3227 1773 3296 Quon-

206 3308 443 3380 doquidem
470 3314 664 3383 placuit
689 3316 833 3372 nobis
859 3327 916 3372 ut
942 3335 1033 3388 per
1057 3334 1231 3373 omnes
1251 3320 1539 3388 provincias
1561 3321 1768 3389 Africis,

208 3398 458 3471 Numidica,
490 3415 535 3460 et
563 3408 831 3472 utriusque
852 3407 1205 3465 Mauritaniae.
1238 3410 1599 3468 Nihilominus
1629 3412 1771 3467 idem

205 3493 249 3549 in
268 3496 474 3564 etistnla
497 3500 563 3555 ad
587 3498 880 3555 Ablaviutn
917 3502 986 3557 de
1023 3502 1324 3558 Arelatensi
1355 3503 1618 3570 concilio,
1650 3503 1770 3559 Tri-

206 3588 462 3656 politanum
492 3592 647 3648 addit
672 3594 1028 3663 provinciam,
1055 3604 1112 3652 et
1131 3595 1408 3652 Nutnidias
1450 3596 1641 3667 plurali
1674 3613 1772 3652 nu-

205 3696 331 3739 mero
355 3687 616 3751 enuntiat,
651 3687 876 3742 Ablavio
906 3688 1193 3760 injttngens
1212 3701 1267 3744 ut
1296 3687 1627 3745 Caecilianum
1653 3707 1769 3745 cum

203 3776 422 3845 aliquibus
437 3794 499 3832 ea;
519 3780 601 3833 Itis
627 3795 754 3849 quos
778 3780 888 3851 ipse
903 3782 1170 3853 delegerit,
1205 3782 1294 3836 sed
1309 3793 1355 3837 et
1378 3784 1442 3838 de
1465 3781 1767 3856 Byzacenw,

202 3863 543 3939 Tripolitanae,
592 3872 962 3927 Numidiarum
1008 3884 1055 3928 et
1099 3875 1536 3929 Mauritaniarum
1565 3877 1771 3946 provin-

201 3960 274 4014 ciis
294 3964 513 4034 singulos
547 3980 777 4036 quosque
805 3982 918 4019 cum
950 3968 1208 4036 aliquibus
1238 3986 1301 4024 ea:
1325 3970 1435 4023 suis
1460 3987 1586 4040 quos
1617 3952 1769 4039 pata-

200 4055 335 4107 verlnt
353 4058 611 4130 eligendos
656 4052 914 4114 Arelatem
957 4061 1147 4115 mittat.
1177 4061 1613 4132 lbiTripolitana
1657 4073 1767 4118 sta-

197 4145 475 4206 tnividetur
494 4158 771 4223 tamquam
817 4151 1013 4209 Africae
1039 4155 1311 4224 provincia
1339 4171 1367 4208 a
1397 4165 1629 4228 quatuor
1649 4155 1766 4213 aliis

192 4235 282 4306 iatn
308 4250 409 4297 lunt
430 4244 704 4301 distincta.
758 4245 907 4301 Licet
957 4256 1136 4302 autent
1168 4246 1540 4304 Nttmidiarum
1595 4249 1681 4303 hic
1710 4258 1768 4306 et

196 4330 376 4391 alihiin
422 4339 613 4407 plurali
669 4339 760 4393 fiat
789 4340 990 4396 mentio
1026 4381 1042 4408 ,
1094 4356 1200 4396 non
1257 4350 1537 4411 prapterea
1586 4352 1763 4398 tamen

195 4426 579 4486 existitnandum
610 4440 695 4487 est
733 4432 869 4489 duas
900 4432 1064 4489 fuisse
1114 4435 1420 4504 provincias
1447 4434 1711 4491 Numidiae
1744 4478 1759 4503 ,

195 4529 271 4574 seu
293 4524 489 4593 civiles,
517 4541 615 4583 seu
643 4525 1064 4584 Ecclesiasticas.
1099 4529 1233 4584 Nam
1264 4544 1295 4586 e
1323 4530 1532 4585 dttabns
1574 4530 1761 4586 Nunti-

1881 1939 2080 1978 annum
2129 1925 2254 1991 419,
2301 1925 2440 1979 inter
2470 1924 2877 1981 Ecclesiasticas
2929 1922 3125 1979 Africa:
3178 1921 3484 1994 provincias

1881 2017 2059 2071 locum
2104 2017 2429 2086 peculiarem
2461 2017 2761 2072 obtinuisse
2790 2023 2846 2072 et
2866 2016 3155 2071 Printatem
3185 2012 3479 2082 habuisse,

1883 2108 2045 2180 idque
2087 2126 2152 2164 ex
2205 2125 2416 2165 canone
2454 2111 2519 2165 l7
2568 2108 2785 2164 concilii
2836 2106 3281 2179 Carthaginensis
3324 2104 3483 2175 hujus

1881 2202 2028 2257 anni.
2061 2200 2171 2257 Sed
2199 2200 2251 2256 lti
2282 2201 2481 2272 oppido
2524 2201 2802 2257 falluntur.
2842 2199 2973 2254 Nam
3007 2199 3060 2254 in
3082 2195 3317 2254 concilio
3345 2193 3480 2251 Car-

1881 2295 2184 2365 thaginensi
2212 2295 2337 2351 anni
2381 2297 2486 2353 397
2515 2338 2530 2362 ,
2577 2295 2736 2367 legati
2789 2293 3121 2349 Mauritania:
3169 2289 3479 2358 Sitifensis,

1881 2393 2176 2461 provincia:
2221 2406 2333 2446 suae
2379 2392 2597 2447 nomine
2660 2391 2913 2461 leguntur
2960 2386 3337 2459 Carthaginem
3383 2399 3481 2441 ve-

1878 2485 2028 2539 nisse
2074 2483 2142 2539 ad
2194 2483 2485 2539 concilium
2528 2491 2585 2538 et
2634 2485 2813 2537 omnia
2867 2481 3136 2551 postulata
3180 2478 3478 2535 detulisse:

1879 2575 2022 2646 quod
2052 2577 2184 2631 solis
2232 2578 2525 2646 provinciis
2570 2591 2687 2646 qua:
2735 2575 2938 2645 primas
2980 2573 3138 2629 sedes
3197 2571 3472 2627 habebant

1877 2668 2095 2732 licebat,
2130 2680 2185 2723 ut
2205 2678 2502 2725 constatex
2533 2683 2742 2723 canone
2771 2668 2838 2724 18
2866 2665 3003 2723 Cod.
3038 2664 3205 2722 Afric.
3252 2664 3312 2720 ltt
3359 2666 3477 2735 epi-

1876 2765 2015 2821 stola
2042 2763 2323 2834 Augustini
2365 2764 2430 2818 ad
2476 2764 2808 2819 Victorinum
2834 2805 2849 2828 ,
2878 2777 2998 2833 quae
3026 2775 3168 2815 nunc
3204 2758 3296 2826 59,
3336 2773 3480 2815 anno

1874 2855 1981 2914 401
2034 2858 2256 2928 scripta,
2280 2857 2482 2912 diserte
2526 2858 2756 2913 habetur
2803 2872 2909 2910 non
2964 2861 3172 2910 tantum
3198 2854 3334 2909 duas
3356 2867 3481 2909 esse

1877 2950 2246 3015 Mattritanias,
2276 2950 2370 3006 sed
2393 2961 2677 3019 utramque
2708 2965 2863 3004 suum
2906 2946 3107 3004 habere
3139 2946 3431 3002 Primatem
3461 2963 3475 3001 :

1876 3045 2023 3117 Legi,
2049 3046 2238 3117 inquit,
2262 3046 2316 3100 in
2341 3047 2519 3100 eadem
2546 3043 2843 3100 tractatorio
2864 3043 3014 3097 etiam
3043 3043 3112 3095 ad
3140 3039 3480 3096 Mauritanias

1875 3156 1983 3195 esse
2005 3140 2275 3210 scriptum,
2304 3155 2433 3211 quas
2456 3138 2747 3206 provincias
2770 3137 2960 3191 scimus
2979 3134 3171 3189 habere
3197 3132 3473 3188 Primates.

1798 3248 1843 3310 ο
1876 3233 2035 3288 Anno
2054 3232 2162 3289 402
2201 3232 2441 3288 Nicetius
2460 3230 2756 3296 Sitifensis,
2785 3230 2875 3300 qui
2900 3230 3133 3285 concilio
3165 3228 3479 3285 Milevitano

1877 3326 2139 3394 interfuit,
2172 3334 2396 3383 vocatur
2423 3326 2725 3395 Episcopus
2758 3323 2946 3392 printte
2973 3322 3121 3378 sedis
3143 3320 3476 3377 Mauritaniae

1875 3418 2169 3477 Sitifensis.
2222 3419 2381 3475 Anno
2423 3417 2531 3474 405
2560 3459 2575 3483 ,
2610 3416 2881 3472 Lttciantts
2909 3423 2965 3470 et
3002 3414 3303 3470 Macrianus
3349 3412 3478 3468 Siti-

1874 3511 2043 3567 fensis
2093 3511 2386 3581 provinciae
2430 3508 2709 3580 Episcopi,
2755 3509 3025 3579 legatione
3077 3506 3374 3577 funguntur
3418 3506 3472 3561 in

1873 3602 2107 3659 concilio
2154 3602 2590 3672 Cartltaginensi.
2621 3603 2776 3655 Anno
2805 3601 2907 3655 107
2938 3639 2953 3663 ,
3007 3599 3301 3669 separatim
3344 3614 3479 3653 cnn-

1872 3707 2151 3753 merantur
2182 3696 2469 3754 Sitifenses
2498 3678 2740 3765 episcopi
2773 3703 2830 3749 ut
2865 3694 3156 3762 pruritu-ite
3185 3708 3213 3746 a
3260 3693 3476 3749 caelatis

1871 3789 2122 3847 diverste.
2147 3790 2306 3845 Anno
2326 3791 2386 3844 Ill
2405 3789 2455 3855 l,
2484 3789 2535 3844 itt
2567 3788 2858 3843 collatione
2888 3784 3296 3857 Carthaginensi
3326 3799 3474 3840 seor-

1870 3881 1969 3937 sim
1999 3891 2384 3938 enumerantur
2430 3896 2524 3936 sex
2560 3879 2852 3949 provinciae
2883 3920 2898 3944 ,
2951 3888 3005 3932 et
3039 3879 3182 3934 inter
3210 3894 3302 3933 eas
3346 3877 3475 3933 Siti-

1869 3971 2067 4029 fensis:
2116 3971 2315 4028 Prasto
2364 3981 2478 4027 sunt
2509 3972 2735 4026 universi
2780 3971 2842 4024 de
2867 3969 3103 4024 omnibus
3127 3969 3322 4023 scilicet
3351 3983 3471 4038 pro-

1867 4066 2046 4120 vinciis
2074 4064 2357 4135 Africanis,
2381 4065 2436 4119 id
2456 4074 2550 4128 est,
2584 4065 2649 4119 de
2677 4064 2938 4134 provincia
2976 4062 3375 4130 Proconsulari,
3406 4063 3472 4115 de

1868 4159 2132 4229 provincia
2153 4156 2456 4228 Byzacensi,
2493 4160 2555 4211 de
2589 4156 2860 4222 Numidia,
2892 4155 2955 4209 de
2986 4153 3319 4209 Mauritaniis
3341 4154 3469 4209 Siti-

1867 4254 2000 4324 fensi
2041 4262 2086 4307 et
2134 4248 2438 4306 Caesariensi
2484 4262 2528 4305 et
2576 4252 2641 4304 de
2687 4249 3006 4319 'l‘ripolitanu
3056 4248 3338 4316 provincia.
3400 4246 3466 4301 Et

1863 4360 1984 4415 cap.
2014 4345 2084 4399 72
2128 4346 2252 4400 coll.
2282 4343 2536 4412 Carthag.
2588 4345 2694 4398 dici
2728 4357 2744 4396 t
2773 4360 2785 4395 :
2822 4344 2882 4397 Si
2925 4343 2988 4396 de
3018 4357 3229 4401 numero,
3263 4340 3467 4394 dubita-

1864 4450 1968 4502 tur,
2002 4440 2131 4493 eaut
2151 4438 2494 4506 provinciales
2521 4441 2587 4489 ad
2623 4434 2837 4489 Mauros
2860 4476 2873 4498 ,
2904 4446 3019 4488 eant
3047 4435 3117 4488 ad
3166 4434 3422 4488 Numidas
3446 4473 3462 4491 .

1863 4540 1982 4585 eant
2002 4531 2071 4584 ad
2095 4528 2393 4601 Byzacenos
2411 4571 2428 4596 ,
2462 4541 2583 4586 eunt
2602 4545 2802 4599 quoque
2847 4529 2916 4581 ad
2943 4527 3319 4597 Tripolitanos,
3350 4537 3468 4581 eant

195 4611 278 4669 diis
302 4631 395 4674 ttna
422 4635 640 4693 semper
659 4622 857 4678 coaluit
877 4623 1172 4693 provincia,
1198 4640 1317 4696 qua:
1339 4640 1498 4679 unum
1522 4632 1758 4678 tantum-
1785 4641 1838 4702 ι)
1862 4625 1930 4679 ad
1959 4622 2248 4678 Provinciis
2269 4623 2683 4679 Procousularis.
2708 4620 2866 4677 Anno
2890 4622 3020 4687 illi,
3055 4620 3214 4692 legati
3254 4620 3467 4691 eligun-

157 4734 163 4740 -
195 4708 326 4762 modo
351 4710 682 4783 Metr0politn
710 4716 897 4770 urbem
949 4727 1001 4770 et
1033 4732 1194 4770 unum
1258 4717 1548 4772 l’ritnatem
1593 4717 1755 4772 habe-

196 4796 286 4862 bat,
309 4811 361 4857 ut
388 4816 603 4863 constat
631 4823 697 4864 ex
743 4809 977 4865 concilio
1008 4809 1315 4867 Milevitano
1366 4814 1491 4867 anni
1518 4813 1622 4868 402
1650 4855 1664 4880 ,
1699 4812 1783 4868 in-

194 4902 283 4959 quo
303 4898 544 4951 statuitur
571 4908 631 4954 ut
668 4899 917 4956 Archivus
963 4899 1232 4957 Numidia:
1279 4914 1328 4957 et
1365 4903 1507 4975 apud
1533 4906 1754 4977 primaut

194 4985 335 5040 salem
369 4991 431 5045 sit
459 5002 507 5047 et
526 4993 581 5049 in
611 4994 888 5065 Metropoli
914 5038 929 5063 ,
961 4996 1019 5050 id
1044 5006 1119 5051 est
1148 5037 1163 5060 ,
1194 4995 1554 5052 Constantina.
1614 4994 1779 5054 Ecce'

194 5093 328 5137 unam
373 5086 703 5159 Metropolim
732 5099 795 5159 et,
817 5106 980 5146 unum
1034 5090 1325 5147 Pritnatcm
1372 5093 1536 5147 totius
1564 5091 1754 5148 Numi-

192 5169 293 5226 diae.
324 5174 387 5231 Et
415 5194 480 5234 ne
504 5182 624 5251 quis
671 5180 815 5237 dicat
839 5181 908 5239 de
939 5198 1042 5238 una
1101 5193 1302 5238 tantum
1354 5183 1605 5239 Numidia
1665 5184 1786 5244 hic.

194 5260 296 5335 agi:
325 5272 373 5325 in
398 5275 629 5330 concilio
654 5277 1064 5347 Carthaginensi
1096 5279 1219 5332 anni
1250 5278 1393 5333 597:
1438 5276 1755 5336 Crescéntia-

193 5377 272 5418 nus
294 5366 479 5427 dicitur
504 5373 683 5442 prima:
709 5373 843 5428 sedis
892 5356 1263 5427 Numidiarum
1325 5371 1647 5443 Episwpus:
1698 5377 1751 5432 in

192 5450 354 5515 Graeco
380 5468 584 5539 πρώτης
608 5465 857 5544 καθέδράς
881 5472 982 5522 τῶν
1004 5464 1096 5521 δύο
1120 5463 1421 5539 Νουμιδιῶν.
1452 5465 1512 5521 S.
1541 5467 1751 5539 Augus-

195 5548 315 5606 tinus
336 5571 417 5623 ep.
451 5574 535 5614 th
589 5559 655 5615 ad
690 5559 1022 5615 Victorinum
1076 5574 1242 5631 agens
1286 5560 1353 5614 de
1398 5563 1746 5617 contentione

193 5655 291 5709 qua:
312 5656 419 5702 erat
441 5650 577 5705 inter
596 5650 733 5707 duos
756 5651 1043 5723 episcopos
1068 5653 1210 5708 circa
1242 5651 1531 5708 Primatutn
1561 5652 1746 5709 Numi-

193 5731 297 5800 dite,
320 5753 497 5797 omnes
542 5730 822 5815 episcopos
876 5743 1140 5798 Numidia:
1191 5746 1281 5799 uni
1333 5746 1574 5817 paruisse
1631 5745 1745 5801 Pri-

193 5824 302 5879 ntsti
328 5832 588 5902 supponit.
639 5834 779 5893 Sunt
809 5836 901 5906 qui
953 5828 1690 5896 SitifensemMauritaniam
1723 5875 1738 5907 ,

1861 4727 1948 4774 tur
1972 4732 2036 4773 ex
2071 4717 2169 4774 Itac
2191 4717 2462 4788 provincia
2493 4719 2579 4786 qui
2604 4715 2917 4787 Carthagini
2943 4716 3322 4770 demorentur.
3351 4712 3462 4768 De-

1860 4829 2005 4868 mttnt
2031 4814 2182 4869 initio
2207 4812 2422 4868 concilii
2466 4812 2591 4865 anni
2624 4809 2750 4873 M9,
2787 4810 2944 4879 legati
2995 4807 3334 4887 Sitifensittm
3365 4822 3462 4862 no-

1858 4907 2002 4962 mine
2030 4917 2326 4977 praesentes
2350 4908 2550 4961 adsunt
2597 4905 2827 4960 concilio
2856 4914 3145 4975 antequam
3173 4917 3349 4958 canon
3384 4902 3452 4958 17

1856 4998 2047 5057 fuisset
2075 5007 2351 5056 exaratus.
2396 4999 2536 5054 Nihil
2567 5013 2697 5069 ergo
2728 4999 3012 5054 absurdius
3050 5011 3209 5067 quam
3244 4997 3451 5066 fingere

1855 5103 1967 5150 ttttn
1994 5097 2220 5164 primum
2254 5095 2307 5150 itt
2339 5097 2438 5149 ltoc
2466 5095 2695 5149 concilio
2724 5092 3094 5148 Mauritaniam
3119 5091 3455 5158 Sitifensem,

1857 5188 2127 5248 diversam
2182 5204 2213 5244 a
2256 5186 2578 5245 Caesariensi
2633 5188 2965 5259 provinciam
3018 5187 3452 5245 Ecclesiasticatn

1855 5284 2225 5342 constituisse.
2255 5283 2408 5353 Quod
2442 5290 2651 5353 spectat
2679 5283 2744 5337 ad
2791 5298 3051 5338 canottem
3078 5282 3165 5350 l7,
3212 5282 3458 5338 conciliis

1851 5376 2296 5449 Carthaginettsis
2328 5368 2463 5433 anni
2481 5376 2610 5442 419,
2655 5378 2706 5431 itt
2735 5378 2920 5432 codice
2949 5390 3215 5433 canonum
3264 5375 3456 5430 Eccle-

1853 5471 1950 5526 sia:
1972 5468 2241 5526 Africana:
2273 5472 2352 5526 sic
2382 5469 2637 5527 habetur:
2686 5468 2892 5523 Placuit
2929 5480 2983 5522 ut
3019 5467 3337 5522 Mauritania
3368 5467 3457 5523 Si-

1852 5559 2074 5633 tifensis,
2104 5573 2160 5618 ut
2190 5564 2492 5635 postulavit,
2535 5563 2815 5616 Primatem
2836 5561 3113 5630 provincia:
3142 5558 3405 5613 Numidia;-
3436 5603 3451 5626 ,

1852 5672 1915 5711 ea.
1942 5658 2089 5729 cujus
2118 5668 2250 5712 coetu
2291 5668 2590 5729 separatur,
2622 5665 2677 5709 ut
2703 5671 2851 5709 suum
2895 5651 3076 5706 habent
3125 5650 3405 5707 Primotem
3432 5669 3452 5708 :

1849 5765 1998 5821 quem
2023 5749 2451 5804 consentientibus
2483 5749 2715 5802 omnibus
2740 5744 3048 5818 primatibus
3068 5746 3452 5817 provinciarum

1848 5841 2250 5912 Africanarum,
2281 5851 2327 5897 et
2358 5840 2591 5898 euntibus
2641 5837 2902 5911 episcopis
2931 5879 2948 5906 ,
3002 5848 3213 5905 propter
3239 5839 3444 5911 longiuo
