3898 6320
410 299 517 357 327
1797 285 2326 349 PROLEGOMENA.
3487 256 3495 261 ⁷
3566 301 3651 373 ωε

411 421 656 493 quitatem
683 419 865 476 habere
888 417 1138 489 permissa
1181 424 1276 472 est.
1307 414 1384 472 lta
1436 414 1611 472 lectus
1651 410 1753 469 iste
1786 420 1961 474 canon
1984 448 1999 475 ,
2029 407 2087 473 Α
2109 418 2310 478 malos,
2342 420 2400 468 ut
2442 425 2589 483 stupe
2616 412 2816 483 saepius
2846 421 3107 473 vocantur
3134 412 3186 469 in
3221 412 3452 472 conciliis
3478 415 3653 475 Africa-

416 510 728 569 Sitifensem
760 509 1095 581 provinciam
1126 509 1365 565 Primate
1384 520 1485 562 suo
1510 503 1809 576 spoliaret,
1857 512 2012 555 eam—
2116 503 2223 569 nis,
2253 503 2622 576 MetrOpoleon
2653 507 2872 563 nomine
2897 506 3284 578 Metropolibus
3308 507 3540 577 civilibus
3562 527 3658 570 ser.

418 619 523 676 que
546 602 766 660 Primati
794 602 1058 659 Numidiae
1094 600 1388 671 subjiceret
1419 639 1437 667 ,
1492 595 1634 669 quod
1681 610 1712 649 a
1743 589 2019 651 Sitifensis
2115 604 2261 653 vato.
2292 596 2430 655 Hinc
2459 597 2722 657 Primates
2747 616 2853 658 non
2878 614 3093 671 semper
3117 599 3351 671 ejusdem
3394 602 3526 658 sedis
3561 600 3658 675 epit

418 698 708 768 provinciae
740 696 930 765 legatis
955 688 1711 767 postulatum,autasynodo
1735 686 2016 768 decretura
2116 704 2314 760 scopos
2369 692 2539 749 fuisse
2593 695 2996 763 comperimus,
3050 694 3146 751 sed
3198 693 3535 753 diversarum,
3590 698 3665 757 Sic

416 805 541 847 esse
570 805 728 845 nemo
778 789 997 845 dixerit.
1055 789 1226 844 Aliter
1259 801 1419 856 porro
1460 784 1656 855 legitur
1696 781 1799 837 iste
1842 793 2017 835 canon

423 883 477 938 in
499 881 710 939 duobus
741 883 1034 948 manuscrii
1056 884 1128 937 tis
1159 882 1211 936 in
1236 879 1375 934 hanc
1411 876 1771 934 sententiam:
1801 871 1879 928 De
1910 872 2020 941 pri-

420 986 561 1031 matn
586 974 921 1031 Mauritaniae
955 975 1243 1047 Sitifensis.
1275 972 1558 1031 Primatem
1587 985 1704 1025 vero
1752 966 2018 1039 praprium

417 1087 532 1125 cum
561 1069 896 1124 Hauritanire
924 1068 1186 1136 Sitifensis
1228 1065 1456 1138 episcopi
1501 1061 1838 1133 postularent,
1872 1072 2022 1113 omne

417 1165 691 1222 concilium
717 1165 1076 1236 episcOporum
1097 1160 1396 1226 Numidiae,
1441 1153 1866 1214 consentientibus
1910 1167 2021 1206 om-

418 1259 567 1315 nibus
605 1259 911 1331 primatibus
940 1258 1018 1312 uel
1058 1256 1305 1312 universis
1351 1252 1605 1323 episcopis
1644 1248 2021 1321 provinciarum

420 1352 812 1424 Africanarum,
841 1360 1047 1422 propter
1078 1351 1217 1422 longi
1255 1348 1455 1404 itineris
1505 1346 1798 1408 nouitatem,
1828 1343 2023 1412 prima-

422 1456 521 1500 tem
561 1444 746 1499 habere
775 1447 1021 1515 permissa
1060 1453 1155 1497 est.
1176 1441 1305 1497 Cum
1352 1438 1570 1495 consilio
1605 1434 2024 1507 Carthaginensis

421 1537 673 1593 Ecclesiae
698 1541 891 1607 factum
913 1547 1006 1590 est.
1058 1535 1263 1591 Eodem
1314 1533 1475 1588 modo
1527 1529 1835 1587 Ferrandus
1882 1530 2024 1582 hunc

419 1647 685 1690 canonem
726 1631 873 1703 legit,
909 1634 984 1687 ita
1010 1633 1167 1702 hujus
1191 1631 1468 1686 decretum
1496 1640 1774 1698 exponens
1796 1624 1847 1679 in
1892 1622 2019 1678 bre-

419 1726 658 1781 viatione
710 1725 988 1781 Canonum
1019 1739 1071 1780 c.
1116 1726 1236 1780 δτι
1298 1710 1367 1778 Ut
1417 1719 1705 1774 Primatetu
1756 1716 2025 1789 proprium

2118 783 2386 843 Numidiae
2401 786 2848 857 Metropolitanus
2870 788 3122 861 Cypriani
3142 798 3377 859 tempore
3397 802 3507 848 erat
3520 793 3667 849 Nova.

2123 888 2207 934 tus
2232 879 2713 949 Thamugadensis,
2749 890 2809 938 ut
2832 893 3047 937 constat
3075 897 3139 937 ex
3172 883 3397 939 concilio
3421 881 3662 956 Cypriani,

2121 981 2279 1035 Anno
2298 981 2428 1045 505,
2447 980 2727 1036 Secundus
2743 981 3070 1052 Tigisitanus
3088 996 3155 1036 ex
3170 980 3378 1048 Optato.
3397 982 3542 1038 Anno
3558 984 3664 1052 395,

2123 1071 2377 1142 Megalius
2404 1072 2742 1128 Calatncnsis
2772 1089 2839 1128 ex
2870 1072 3192 1142 Augustino.
3216 1076 3371 1128 Anno
3398 1074 3514 1139 597.
3535 1073 3669 1133 (ἔνθεο

2121 1167 2406 1223 centianus
2430 1168 2653 1222 alterius
2678 1166 2824 1223 sedis
2843 1168 3131 1237 episcopus
3150 1183 3218 1222 ex
3239 1167 3458 1222 concilio
3478 1166 3670 1225 Cartha-

2122 1260 2353 1332 ginensi.
2387 1260 2545 1315 Anno
2570 1260 2672 1315 tibi
2711 1248 2927 1322 e002,
2961 1258 3266 1329 Xantippus
3294 1258 3590 1330 Tagosensis
3610 1276 3667 1317 es

2125 1354 2442 1423 Augustino.
2477 1359 2635 1409 Almo
2659 1355 2788 1415 Mi.
2819 1353 3075 1411 Silvanus
3116 1355 3476 1410 Summitanus
3497 1371 3557 1412 ex
3579 1357 3671 1412 col-

2126 1446 2327 1503 latione
2368 1447 2801 1518 Cartltaginensi.
2850 1447 3007 1502 Anno
3035 1446 3177 1513 “8,
3211 1447 3511 1504 Valentinus
3536 1448 3672 1504 Vaia-

2128 1542 2330 1597 nensis.
2384 1538 2543 1596 Anno
2579 1540 2715 1607 484,
2748 1539 2897 1595 Felix
2940 1541 3318 1596 Berceritanns
3361 1557 3422 1596 es
3465 1541 3676 1612 catalogo

2126 1633 2504 1705 episcoporum
2534 1633 2937 1690 Catholioornm
2966 1633 3163 1691 Africa:
3193 1635 3295 1691 sub
3317 1634 3582 1696 Hunerico.
3610 1634 3677 1692 Si-

2128 1726 2329 1784 militer
2351 1727 2647 1799 Byzacenae
2666 1728 2954 1797 provincia:
2976 1727 3186 1784 Primae
3209 1737 3444 1797 tempore
3463 1729 3678 1802 Cypriani

423 1817 742 1873 Mauritania
790 1818 1056 1889 Sitifensis
1110 1815 1315 1870 habeat.
1368 1813 1476 1870 Sed
1520 1814 1593 1867 ita
1642 1807 2024 1879 intelligendus

2135 1820 2455 1891 Polycarpus
2502 1820 2908 1876 Adrumetinus.
2958 1818 3115 1876 Circa
3151 1831 3389 1890 tempora
3416 1820 3681 1883 collationis

423 1922 507 1968 est
535 1912 638 1970 iste
665 1927 862 1978 canon,
894 1927 1001 1967 non
1024 1909 1179 1981 quasi
1210 1918 1320 1965 tum
1342 1908 1574 1979 primum
1606 1904 1896 1961 Primatem
1921 1901 2020 1956 lia-

424 2008 602 2064 buerit
633 2006 908 2077 provincia
945 2004 1219 2063 Sitifensis
1242 2043 1257 2071 ,
1291 2018 1413 2059 cum
1446 1999 1774 2057 contrarium
1810 2012 1875 2052 ex
1912 1995 2027 2051 dic-

425 2102 493 2157 tis
516 2109 703 2172 aperte
722 2112 967 2166 conStet;
1014 2099 1109 2155 sed
1154 2098 1259 2153 hoc
1304 2111 1468 2153 sensu
1509 2093 1655 2165 quod
1700 2099 1812 2147 tum
1864 2089 2029 2145 fuerit

425 2194 807 2250 confirmatum
836 2192 939 2264 ipsi
964 2193 1105 2248 istud
1128 2191 1268 2263 juris
1311 2188 1533 2245 concilii
1560 2187 1782 2243 decreto
1806 2226 1824 2252 ,
1866 2182 2029 2254 idque

431 2285 897 2341 consentientibus
942 2284 1214 2358 episcopis
1257 2280 1521 2339 Numidiae
1564 2279 1655 2352 qui
1700 2276 1809 2332 huc
1856 2290 2029 2346 usque

434 2379 888 2435 reclamavcrunt.
914 2378 1054 2435 Hinc
1080 2365 1222 2434 forte
1250 2377 1302 2432 in
1329 2374 1555 2445 epistola
1577 2371 1800 2428 concilii
1830 2369 2030 2426 Cabar-

435 2471 713 2539 sussitani,
774 2470 917 2541 quod
959 2485 1104 2526 anno
1132 2470 1239 2526 593
1287 2485 1318 2524 a
1350 2466 1645 2523 Donatistis
1691 2462 2032 2520 celebratum

429 2573 535 2631 est,
552 2563 711 2620 unius
731 2572 935 2620 tantum
958 2563 1291 2619 Mauritaniic
1316 2562 1374 2616 (it
1403 2559 1629 2626 mentio,
1654 2558 1758 2612 ita:
1791 2554 2032 2613 Sanctis-

430 2657 574 2711 simis
600 2656 849 2728 fratribus
901 2665 1053 2723 atque
1079 2656 1288 2726 collegis
1310 2670 1400 2725 per
1419 2653 1714 2707 universam
1753 2649 1987 2721 Africam
2010 2688 2027 2717 ,

430 2751 525 2804 hoc
554 2759 627 2804 est
658 2750 975 2821 provinciam
1003 2746 1473 2811 Proconsularent,
1505 2742 1840 2810 Numidiam,
1868 2740 2030 2797 Maus

432 2844 695 2907 ritaniam,
726 2841 1052 2913 Byzacenam
1067 2853 1112 2896 et
1130 2839 1385 2911 Tripolim
1416 2838 1727 2895 constitutis.
1769 2834 1900 2901 Sed,
1945 2834 2023 2894 uti

424 2935 539 3006 jam
566 2934 912 2991 observatum
940 2950 970 2989 a
1014 2933 1170 2989 nobis
1216 2944 1321 3000 est,
1345 2931 1575 2987 concilio
1625 2927 2032 2989 Catholicorum

430 3031 705 3092 auni59'l,
750 3045 814 3086 ac
862 3029 1075 3084 caeteris
1118 3027 1378 3097 deinceps
1426 3024 1716 3082 adfuerunt
1759 3020 2033 3083 Sitifensis

431 3123 765 3180 Mauritaniae
794 3123 979 3194 Legati
1006 3132 1279 3193 tamquam
1324 3118 1618 3191 provincia:
1665 3116 1935 3173 Africanae
1964 3114 2036 3171 ah

2088 1976 2097 1983 .
2128 1910 2568 1981 Carthaginensis
2612 1911 2877 1967 Mizonius
2902 1911 3183 1968 Zellensis.
3216 1912 3374 1969 Anno
3403 1913 3518 1973 M7.
3547 1911 3683 1967 Lato-

2127 2006 2269 2059 mius
2295 2004 2612 2059 'l‘cnitanus.
2647 2007 2807 2059 Anno
2845 2005 2972 2070 418,
3009 2003 3342 2061 Donatianus
3366 2003 3678 2073 Teleptensis.

2128 2099 2397 2170 Tempore
2428 2099 2683 2154 Hunerici
2723 2098 3151 2153 Nobasinnensis
3194 2098 3492 2169 episcopus.
3524 2096 3685 2152 Hauri-

2130 2192 2292 2247 tanite
2321 2190 2671 2247 Caesariensis
2696 2190 2906 2246 Primas
2932 2192 2984 2244 in
3006 2189 3299 2259 collatione
3316 2189 3681 2260 Carthaginensi

2130 2296 2215 2342 est
2257 2284 2519 2341 Martinus
2551 2283 2900 2339 'l‘aborensis.
2949 2281 3010 2338 1n
3063 2284 3310 2354 catalogo
3351 2281 3683 2352 episcoporum

2128 2377 2327 2433 Africae
2355 2377 2458 2433 sub
2490 2376 2758 2433 llunerico
2785 2375 3045 2432 Glorinus
3064 2376 3376 2439 Juncensis.
3398 2374 3685 2435 Mauritania

2130 2470 2406 2529 Sitifensis
2467 2485 2613 2526 anno
2664 2468 2775 2525 402
2844 2469 3087 2525 Nicetius
3139 2469 3494 2541 Metropoleos
3543 2470 3687 2526 civilis

2131 2568 2454 2638 episcOpus,
2487 2565 2582 2622 sed
2627 2566 2682 2620 in
2724 2564 3019 2621 collatione
3049 2563 3288 2619 Novatus
3319 2563 3546 2635 ejusdem
3568 2562 3686 2618 sedis

2132 2663 2418 2733 episcopus
2449 2660 2651 2716 nullam
2682 2660 2844 2715 habet
2882 2660 3299 2731 praerogativam
3319 2701 3335 2728 ,
3365 2670 3564 2716 etanno
3584 2658 3683 2722 408.

2133 2754 2342 2825 legatus
2368 2762 2451 2808 est
2478 2753 2698 2809 nomine
2724 2751 3016 2823 provinciae
3041 2769 3187 2821 suae,
3219 2767 3325 2808 non
3348 2754 3496 2824 igitur
3523 2766 3687 2823 presse

2134 2847 2350 2903 concilii
2377 2857 2433 2901 et
2460 2845 2689 2900 Primus.
2717 2844 2788 2899 At
2824 2853 3067 2915 tempore
3110 2844 3367 2903 lluncrici
3398 2846 3587 2900 Primus
3622 2852 3688 2899 est

2137 2940 2384 2995 Bullinus
2413 2938 2891 2995 Tantallumensis.
2928 2939 3006 2994 Ex
3049 2939 3250 3010 quibus
3276 2938 3485 2995 abunde
3514 2944 3691 2993 constat

2138 3032 2436 3090 Pritnatum
2458 3049 2553 3086 seu
2577 3031 3030 3101 Metropoliticum
3046 3031 3137 3103 jus
3156 3032 3213 3085 in
3235 3031 3411 3087 Africa
3440 3047 3537 3086 non
3558 3030 3691 3085 fuisse

2092 3143 2407 3203 _.annexum
2439 3126 2723 3197 Metropoli
2752 3126 2934 3189 civili,
2980 3127 3076 3183 sed
3121 3127 3431 3197 antiquitati
3457 3123 3688 3195 episcopi,

429 3219 550 3274 aliis
569 3218 820 3282 diversas,
846 3232 1113 3288 suumque
1143 3217 1437 3273 Primatem
1492 3213 1764 3269 habentis.
1813 3210 1988 3280 Quom
2057 3217 2105 3285 ρ
2134 3232 2188 3278 ει
2212 3224 2291 3277 δίο
2316 3221 2658 3293 Men-"polin,
2687 3219 3115 3277 ecclesiasticam
3144 3219 3317 3278 [υίεεθ
3344 3222 3520 3277 sedem
3545 3217 3692 3274 ωηίο.

429 3330 590 3387 quam
621 3326 800 3371 autem
838 3315 1120 3385 Tingitana
1157 3313 1428 3383 Hispania:
1465 3309 1607 3366 iuret
1633 3309 1917 3374 attributa,
1944 3315 2028 3362 at-

429 3423 536 3480 que
565 3409 708 3465 inter
739 3408 1046 3478 provincias
1069 3404 1270 3463 Africae
1290 3422 1398 3462 non
1425 3403 1658 3473 amplius
1682 3408 2023 3466 numeretur,

432 3503 487 3557 in
517 3502 635 3557 istis
661 3501 910 3556 conciliis
955 3509 1196 3556 attamen
1244 3499 1404 3569 hujus
1437 3495 1734 3569 provincia:
1792 3495 2033 3565 episcopi

433 3600 857 3654 accensebantur
882 3600 1157 3669 episcopis
1176 3598 1509 3653 Mauritaniae
1547 3593 1901 3652 Caesariensis
1926 3635 1941 3658 ,
1976 3601 2033 3648 ut

430 3700 645 3747 constat
665 3708 728 3746 ex
759 3691 955 3746 Notitia
983 3692 1376 3762 Episcoporum
1404 3689 1602 3746 Africa:
1633 3688 1735 3744 sub
1767 3686 2035 3743 llunerico

430 3782 675 3855 digesta,
728 3784 913 3855 inqua
957 3785 1256 3855 Tingitanae
1305 3784 1595 3854 provincia:
1637 3781 1882 3850 episcopi
1927 3779 2032 3835 sub

431 3876 753 3935 Cmsariensi
796 3878 1113 3935 Mauritania
1145 3889 1522 3933 recensentur.
1576 3877 1713 3933 Hinc
1738 3874 2037 3932 verisimile

434 3983 519 4028 est
542 3970 862 4043 Tingitanae
893 3972 1153 4027 ecclesias
1198 3986 1414 4041 semper
1444 3969 1510 4024 ad
1552 3970 1860 4026 Africanam
1915 3983 2039 4037 per-

437 4063 664 4120 tinuisse
708 4064 894 4120 :unde
949 4065 1002 4119 in
1057 4063 1289 4134 epistola
1346 4061 1527 4118 Siricil
1560 4061 1627 4116 ad
1681 4060 2036 4116 llimmcrium

434 4159 896 4215 Tarraconensem
931 4199 946 4226 ,
1002 4156 1385 4229 Hispaniarum
1454 4155 1749 4227 provinciae
1802 4152 2041 4224 quinque

432 4258 645 4306 tantum
677 4260 1099 4307 enumerantur:
1135 4250 1561 4306 Tarraconensis
1584 4290 1602 4319 ,
1651 4246 2040 4316 Carthaginem

434 4343 531 4407 sis,
567 4343 791 4411 Baetica,
818 4343 1116 4411 Lusitania,
1150 4346 1256 4420 25
1288 4355 1340 4399 et
1365 4343 1630 4410 Gallecia,
1665 4357 1765 4399 nec
1785 4341 2043 4398 ullaTinv

432 4435 630 4506 gitana!
664 4438 720 4489 fit
749 4437 972 4493 mentio.
1018 4438 1246 4494 Demnm
1269 4437 1607 4494 Justinianus
1636 4438 1929 4506 imperator
1952 4448 2040 4489 re-

437 4535 693 4599 cuperata
722 4528 902 4587 Africa
935 4545 1077 4587 anno
1121 4546 1247 4588 atrae
1304 4531 1543 4601 vulgaris
1583 4528 1690 4585 554
1719 4570 1735 4595 ,
1766 4526 2040 4583 (ὶθηειίιυο

2133 3331 2210 3371 ns
2236 3329 2498 3384 elllSCOpl.

2208 3408 2448 3477 ldipsnm
2490 3422 2596 3462 non
2648 3406 2880 3463 obscure
2926 3414 3155 3462 testatur
3200 3406 3554 3478 Augustinus,
3594 3416 3691 3458 cuin

2134 3504 2328 3571 qumrit
2366 3517 2397 3556 a
2440 3500 2730 3557 Profuturo
2759 3502 2919 3570 epist.
2948 3515 3129 3566 cxux,
3173 3517 3321 3556 nunc
3350 3514 3570 3563 xxxvm,
3597 3496 3692 3565 quis

2134 3595 2343 3667 Megalii
2374 3594 2711 3651 Calamensis
2740 3596 2791 3651 in
2822 3595 3063 3652 Primatu
3094 3610 3383 3652 successor
3410 3592 3692 3649 sit.Succes~

2136 3707 2304 3746 sarem
2338 3688 2601 3745 Primatus
2629 3693 2744 3764 ejus
2772 3706 2923 3746 nosse
2945 3691 3201 3754 nolumus,
3218 3701 3269 3745 et
3287 3705 3375 3760 ep.
3400 3701 3561 3753 cum,
3580 3695 3693 3739 nunc

2137 3801 2326 3842 ccxcnx
2355 3784 2421 3857 (si
2467 3795 2644 3841 tamen
2672 3785 2791 3856 ejus
2820 3796 2904 3841 est
2933 3785 3049 3841 haec
3098 3784 3333 3855 cpistola
3374 3798 3524 3856 quam
3568 3777 3693 3836 multi

2138 3878 2334 3934 eruditi
2380 3879 2430 3933 in
2480 3877 2701 3933 dubium
2730 3877 3010 3949 revocant)
3038 3878 3230 3934 scribit
3250 3877 3319 3933 ad
3342 3876 3653 3934 Ctelestinum
3676 3911 3691 3939 ,

2139 3971 2329 4029 Prisco
2356 3970 2650 4042 previncize
2679 3969 3034 4028 Caesariensis
3073 3970 3333 4041 episcopo
3373 3959 3693 4040 episcopalem

2140 4078 2263 4120 esse
2295 4065 2564 4125 relictum,
2597 4078 2659 4120 ea
2701 4073 2880 4119 tamen
2906 4061 3261 4131 conditione,
3294 4072 3354 4118 ut
3381 4062 3480 4133 ipsi
3502 4075 3593 4115 non
3617 4069 3695 4128 po-

2143 4167 2281 4214 teret
2306 4156 2483 4212 aditus
2508 4156 2574 4211 ad
2606 4156 2903 4211 Primatum
2949 4157 3087 4211 sicut
3117 4157 3375 4212 cteteris:
3405 4154 3610 4217 Clamet,
3632 4150 3698 4203 in—

2142 4252 2278 4323 quit,
2309 4250 2546 4316 Priscus,
2578 4251 2857 4323 provincite
2882 4247 3213 4306 Cmsariensis
3243 4252 3524 4323 episcopus,
3550 4253 3625 4301 aut
3647 4240 3701 4295 ad

2147 4344 2441 4399 Primatum
2485 4344 2630 4398 locus
2669 4344 2801 4398 sicut
2845 4345 3045 4399 caeteris
3074 4352 3121 4398 et
3163 4344 3294 4399 mihi
3334 4352 3498 4415 patere
3529 4337 3697 4396 debuit.

2144 4448 2232 4493 aut
2264 4437 2615 4508 Episcopatus
2641 4438 2770 4492 mihi
2796 4453 3060 4493 remanere
3091 4454 3192 4492 non
3224 4438 3419 4493 debuit.
3446 4433 3583 4491 Unde
3606 4431 3699 4484 luce

2146 4532 2350 4587 clarius
2378 4529 2603 4585 infertur
2629 4530 2927 4584 Primatmn
2959 4529 3213 4586 omnibus
3243 4528 3506 4586 Africanis
3528 4523 3700 4593 episco'

438 4624 588 4679 tione
613 4639 732 4687 sna,
765 4626 883 4692 quae
911 4635 1089 4681 exstat
1118 4627 1172 4680 in
1198 4626 1385 4683 codice
1405 4625 1602 4689 lnstit.,
1628 4624 1732 4695 leg.
1763 4624 1787 4678 l
1819 4623 1899 4679 tit.
1932 4621 2002 4677 27
2027 4661 2043 4690 ,
2074 4622 2124 4684 ι)
2152 4626 2233 4695 pis
2264 4624 2536 4696 patuisse,
2585 4638 2689 4679 nec
2734 4623 3021 4690 Metmpoli
3048 4624 3190 4679 civili
3231 4636 3494 4678 annexum
3536 4614 3697 4673 fuisse.

436 4721 579 4774 hanc
605 4720 882 4790 regionem
925 4720 977 4774 in
1031 4721 1318 4789 pristinum
1370 4730 1574 4775 statum
1604 4717 1843 4774 restituit
1885 4724 1943 4772 et
1986 4717 2041 4771 in

436 4827 530 4869 sex
556 4812 823 4869 diteceses
844 4812 1077 4883 partitus
1106 4824 1211 4877 est,
1246 4812 1607 4883 Tingitanum,
1634 4808 2041 4881 Carthaginem,

440 4905 756 4977 Byzacium,
790 4906 1078 4977 Tripolim,
1121 4904 1450 4974 Numidiam,
1478 4904 1851 4961 Mauritaniam
1875 4945 1891 4971 ,
1924 4900 2047 4972 qui-

444 4998 547 5053 bus
575 4998 882 5055 Sardiniam
907 4998 1125 5070 adjecit.

512 5088 591 5145 De
612 5089 928 5146 Primatibus
946 5090 1155 5161 Africis.
1184 5120 1251 5130 —
1271 5089 1570 5161 Unicuique
1592 5088 1892 5163 provinciae
1913 5104 2048 5146 suus

434 5194 552 5240 erat
584 5184 636 5238 in
673 5183 853 5239 Africa
880 5184 1121 5257 Primus,
1157 5199 1341 5239 verum
1388 5198 1493 5239 non
1539 5192 1595 5239 ut
1638 5184 1692 5238 in
1736 5184 1856 5239 aliis
1897 5183 2047 5240 orbis

434 5277 682 5352 partibus
715 5278 1114 5335 Ecclesiasticte
1159 5277 1484 5352 Melropoles
1523 5278 1915 5347 Metropolibus
1953 5293 2048 5332 nr-

442 5350 597 5428 bibus
640 5371 815 5428 affixas
842 5382 1030 5441 erant,
1063 5371 1161 5428 sed
1196 5372 1306 5427 illic
1347 5350 1471 5425 tota.
1506 5370 1905 5440 Metmpolitani
1937 5369 2053 5441 epi-

439 5467 592 5538 scopi
620 5468 913 5523 auctoritas
926 5467 1128 5523 seniori
1154 5467 1415 5538 episcopo
1441 5466 1732 5536 provincia:
1760 5465 2049 5522 defereba-

438 5570 548 5629 tur,
591 5564 634 5617 si
685 5562 1169 5634 Carthaginensem
1217 5560 1402 5618 sedem
1449 5560 1720 5632 excipias,
1771 5574 1892 5630 quae
1941 5574 2049 5614 non

442 5663 649 5711 tantum
707 5657 1001 5726 provincia:
1073 5656 1478 5727 proconsularis
1530 5665 1677 5709 certa
1735 5654 2051 5724 Metropolis

450 5756 600 5811 erat,
636 5750 731 5806 sed
758 5760 813 5807 et
857 5752 1021 5809 tntius
1047 5753 1249 5809 Africa:
1276 5751 1641 5810 Occidentalis
1667 5759 1845 5822 caput.
1877 5752 2051 5821 Atque

484 5837 611 5898 hinc
646 5857 751 5901 non
781 5845 1098 5905 dicebantur
1120 5849 1281 5923 vulgo
1321 5847 1755 5924 MetrOpolitani,
1809 5846 1906 5905 sed
1935 5845 2054 5903 Pri-

2145 4719 2578 4791 qnandoquidem
2606 4719 2963 4775 Caesariensis
2993 4721 3250 4785 antistes,
3275 4720 3366 4791 qui
3389 4711 3699 4783 Meti-opulens
3733 4723 3737 4726 '

2119 4810 2323 4872 'civilis
2351 4816 2639 4886 cpiscopus
2684 4824 2831 4883 erat,
2867 4830 2975 4870 non
3007 4815 3247 4883 privatur
3284 4814 3405 4885 jure
3438 4803 3701 4877 Metropoli

2148 4912 2254 4969 tico
2286 4911 2703 4978 Ecclesias‘tico,
2736 4910 2830 4967 sed
2874 4910 3051 4965 aditus
3096 4912 3144 4966 ei
3176 4909 3243 4964 ad
3268 4910 3358 4979 jus
3399 4897 3702 4973 Metropoliti-

2147 5020 2268 5061 cum
2301 5005 2694 5061 intercluditur.
2728 5005 2970 5071 Epistola
2991 5020 3189 5071 ccxvn,
3218 5020 3341 5073 qua:
3362 5016 3497 5058 nunc
3515 5004 3589 5054 est
3606 5006 3697 5053 ιιι»

2148 5109 2372 5155 excusat
2397 5113 2457 5156 se
2484 5098 2850 5171 Augustinus,
2889 5098 3034 5170 quod
3075 5098 3142 5153 ad
3173 5098 3457 5154 concilium
3480 5085 3701 5149 Numidit

2149 5202 2373 5250 vocatus
2419 5209 2450 5247 a
2484 5193 2782 5259 Victorino,
2830 5210 2937 5250 non
2988 5193 3230 5259 venerit,
3279 5207 3347 5248 eo
3394 5187 3527 5261 quod
3566 5192 3700 5238 senex

2150 5287 2457 5357 Xantippus
2487 5286 2845 5358 Tagosensis,
2889 5286 3096 5344 rectius
3122 5283 3478 5358 Tagorensis,
3529 5276 3699 5334 Prima-

2152 5388 2265 5437 tum
2298 5381 2399 5437 sibi
2429 5381 2765 5449 vindicaret;
2802 5380 3027 5453 proinde
3056 5392 3110 5437 et
3131 5381 3220 5453 jus
3259 5373 3574 5435 convocandi
3599 5381 3702 5423 con.

2150 5473 2284 5530 cilii.
2316 5472 2469 5541 Quod
2492 5476 2537 5529 si
2565 5472 2958 5544 Metropolitica
2975 5475 3097 5544 jura
3120 5471 3241 5529 urbi
3262 5470 3485 5527 fuissent
3501 5471 3699 5521 annexa.

2152 5568 2220 5623 de
2247 5568 2490 5623 Primatu
2519 5568 2662 5623 nullo
2687 5569 2951 5639 potuisset
2981 5568 3122 5625 inter
3149 5568 3429 5638 episcopos
3456 5573 3566 5615 esse
3583 5550 3701 5610 diﬂi'

2151 5660 2348 5725 cultas,
2371 5675 2494 5715 cum
2528 5659 2873 5716 manifestum
2903 5659 3065 5725 foret,
3095 5674 3214 5730 quae
3238 5658 3370 5714 urbs
3397 5662 3531 5711 esset
3553 5641 3705 5704 Numi‘

2152 5751 2258 5809 dim
2291 5752 2620 5822 Metropolis.
2653 5750 2725 5810 Ut
2751 5763 2930 5808 autem
2975 5752 3178 5825 liquido
3213 5758 3421 5812 constet
3445 5736 3706 5802 contentius

2161 5861 2286 5904 nem
2312 5853 2518 5904 tantum
2546 5844 2714 5905 fuisse
2734 5847 2804 5905 de
2822 5848 3147 5922 antiquitate
3167 5842 3425 5921 episcopi,
3446 5852 3544 5898 non
3561 5841 3707 5894 sum
