3898 6320
219 346 325 404 829

1378 340 1824 403 ϐΕΟϐΒΑΡΒΙΛ
1866 341 2092 402 δΑαιιΑ
2134 344 2428 402 ΑΡΒΙΟᾹΞ.

3418 345 3523 400 859

216 464 278 517 de
307 463 465 518 urbis
495 463 777 535 dignitate,
812 460 1144 519 consulenda
1173 468 1259 517 est
1282 460 1501 516 concilii
1530 457 1821 514 Milevitani
1852 461 1899 519 Α
1929 458 2248 530 cmterisque
2272 459 2365 530 qui
2387 462 2723 533 antiquiores
2745 469 2902 527 erant
2926 502 2941 529 ,
2969 459 3321 532 pra'positum
3352 478 3366 514 :
3401 460 3532 527 Qua:

214 557 336 611 anni
387 553 503 613 409
533 556 810 624 deﬁnitio,
852 556 938 610 cui
988 555 1103 626 ipse
1129 553 1433 624 Xantippus
1474 552 1661 607 aderat
1699 550 1821 605 Pri-

213 659 390 706 matus
420 650 691 706 Numidia:
729 650 852 722 jure
897 648 1118 713 fruens,
1153 658 1211 704 ut
1239 647 1424 703 videre
1449 655 1532 703 est
1573 660 1696 701 can.
1746 645 1818 702 55

213 743 429 801 concilii
480 744 639 815 vulgo
683 742 940 798 Africani.
991 741 1118 796 Haec
1164 749 1345 795 autem
1395 738 1640 794 definitio
1666 735 1816 807 ejus-

214 836 358 892 modi
386 847 498 901 est,
529 852 653 907 cap.
686 836 756 892 56
783 853 797 891 :
836 833 1042 890 Placuit
1067 844 1121 888 ut
1147 835 1449 903 quicumque
1485 832 1724 900 deinceps
1752 832 1817 885 ab

211 930 473 1000 episcapis
503 930 813 983 ordinantur
834 945 928 999 per
958 929 1247 997 provincias
1277 927 1583 998 Africanas,
1618 926 1817 979 litteras

211 1024 477 1091 accipiant
503 1022 565 1078 ab
596 1020 977 1077 ordinatoribus
1000 1022 1108 1075 suis
1129 1035 1284 1073 manu
1304 1035 1479 1073 eorum
1498 1018 1817 1087 conscriptas

211 1117 531 1175 continentes
572 1117 834 1170 consulem
879 1125 927 1170 et
957 1114 1119 1178 diem,
1167 1121 1226 1166 ut
1268 1113 1411 1166 nulla
1453 1110 1716 1165 altercatio
1752 1110 1818 1164 de

210 1209 581 1283 posterioribus
626 1210 706 1265 uel
743 1207 1085 1263 (interioribus
1113 1207 1333 1259 oriatur.
1369 1206 1447 1258 Ex
1491 1203 1574 1257 his
1613 1200 1813 1257 intelli-

208 1320 336 1376 gere
366 1312 456 1359 est
498 1312 663 1358 totam
695 1304 834 1359 inter
865 1304 1149 1373 episcopos
1177 1300 1460 1357 Africanos
1495 1298 1811 1370 dignitatem

207 1400 273 1453 ab
301 1399 635 1469 antiquitate
679 1398 1026 1467 episcopatus
1070 1395 1242 1451 fuisse
1284 1394 1605 1464 repetitam;
1640 1391 1812 1447 nulla-

208 1498 365 1545 tenus
392 1495 578 1544 auteni
606 1489 674 1544 ab
697 1488 848 1543 urbis
869 1487 1239 1559 magnitudine
1263 1498 1352 1541 aut
1374 1486 1656 1557 dignitate.
1680 1484 1816 1555 Spe-

204 1584 389 1640 ciatim
421 1598 554 1638 vero
587 1583 656 1638 de
695 1582 944 1638 Numidia
978 1582 1119 1637 idem
1150 1590 1365 1638 constat
1415 1596 1479 1637 ex
1510 1595 1720 1636 canone
1744 1580 1814 1637 55

205 1678 255 1733 in
277 1693 392 1750 quo
417 1687 683 1733 statutum
715 1686 830 1745 est,
862 1687 917 1732 ut
948 1678 1239 1744 matricula,
1264 1686 1313 1732 et
1341 1677 1592 1732 Archivus
1625 1675 1816 1731 Nunti-

205 1769 305 1824 diae
330 1771 481 1843 apud
507 1770 727 1841 primam
752 1771 925 1825 sedem
963 1770 1058 1834 sit,
1104 1780 1151 1824 et
1189 1770 1242 1823 in
1275 1768 1580 1840 Metropoli,
1616 1770 1670 1823 id
1706 1778 1809 1831 est,

1924 567 2036 618 res,
2076 552 2281 624 inquit,
2331 563 2377 608 et
2406 556 2525 610 aliis
2565 557 2822 632 injuriosa
2862 565 2934 611 est
2962 555 3117 616 satis.
3151 564 3198 610 et
3239 555 3367 609 mihi
3393 556 3527 611 invi-

1922 645 2070 701 diosa
2093 664 2111 701 :
2141 646 2301 719 idque
2333 648 2632 705 luculenter
2669 651 3022 707 conﬁrmatur
3068 650 3178 724 26
3202 667 3267 706 ex
3296 665 3418 707 can.
3448 650 3519 708 56
3552 694 3555 697 ρ

1919 738 2138 793 concilii
2164 738 2398 794 Africani
2432 758 2596 812 supra
2627 744 2818 799 relato.

1991 828 2411 905 Carthaginensis
2454 833 2712 890 Antistitis
2742 837 3116 908 praerogativae.
3145 866 3217 879 ——
3253 835 3522 892 Cmterum

1920 923 1989 977 ab
2020 923 2122 979 hac
2163 925 2279 997 lege
2307 939 2525 995 semper
2550 926 2906 995 escipiendus
2934 927 3378 999 CarthnginenSis
3427 942 3525 982 an-

1921 1020 2096 1084 tistes,
2122 1021 2211 1091 qui
2247 1022 2509 1076 universae
2539 1021 2737 1076 Africae
2764 1022 2973 1077 Primas
2997 1033 3113 1078 crat
3133 1033 3190 1079 et
3215 1024 3520 1090 Euarchus,
3606 1004 3615 1013 ’

1918 1128 2037 1180 seu,
2070 1123 2130 1169 ut
2166 1114 2235 1169 ita
2288 1114 2499 1185 loquar,
2537 1116 2873 1172 Patriarcba.
2919 1116 3018 1171 Diu
3059 1125 3186 1173 ante
3231 1118 3525 1189 ipsummet

1918 1209 2244 1283 Cyprianum
2278 1212 2603 1281 Agrippinus
2642 1212 2744 1268 hoc
2786 1213 2909 1281 jure
2952 1213 3248 1280 fruebatur,
3290 1216 3337 1270 is
3374 1215 3517 1269 enim

1917 1303 2245 1373 aCypriano
2288 1304 2620 1372 reliquorum
2670 1306 3053 1377 episcoporum
3109 1321 3307 1378 prmses
3354 1307 3521 1363 fuisse

1917 1396 2223 1451 insinuatur
2252 1410 2275 1450 :‘
2301 1395 2450 1463 Quod
2478 1399 2707 1467 quidem,
2737 1400 2931 1469 inquit,
2960 1416 3074 1454 cum
3102 1401 3297 1455 trieteris
3324 1401 3520 1473 cpisco-

1916 1492 1996 1564 pis
2024 1491 2109 1562 qui
2134 1491 2230 1546 illo
2262 1501 2488 1561 tempore
2507 1492 2562 1546 in
2583 1494 2848 1564 provincia
2874 1494 3053 1566 Africa
3075 1505 3119 1548 et
3143 1494 3395 1549 Numidia
3416 1492 3519 1548 Ec-

1918 1584 2126 1641 clesium
2158 1583 2249 1639 Dei
2274 1585 2651 1657 gubernabant,
2682 1590 2879 1640 statuit.

1988 1677 2225 1733 Maxima
2253 1693 2465 1748 quoque
2493 1677 2652 1743 hujus
2689 1679 2838 1734 sedis
2882 1678 3163 1750 privilegia
3206 1688 3260 1734 ct
3300 1678 3420 1749 jura
3464 1680 3519 1735 in

1919 1772 2161 1842 epistolis
2197 1772 2450 1844 Cypriani
2481 1772 2738 1828 elucent:
2772 1773 2852 1828 sic
2886 1789 2973 1844 ep.
3001 1789 3124 1840 xcv,
3158 1782 3326 1829 totam
3370 1771 3499 1828 Afri-

205 1862 572 1917 Constantina.
601 1850 740 1917 Ecce
762 1872 1005 1933 apertam
1030 1862 1435 1917 distinctionem
1456 1862 1814 1934 Metropoleus
1845 1865 1892 1925 Β
1920 1883 2035 1921 eam
2066 1867 2397 1938 provinciam
2426 1882 2575 1923 suam
2600 1876 2759 1922 vocat
2790 1886 2803 1922 :
2835 1868 3113 1937 Quoniam,
3145 1868 3338 1938 inquit,
3363 1868 3520 1923 latius

200 1955 464 2019 civilis,et
486 1952 917 2009 Ecclesiasticaa:
946 1963 1229 2024 propterea
1251 1962 1441 2009 auctor
1458 1954 1593 2008 Vitae
1614 1954 1672 2010 S.
1697 1954 1817 2009 Ful-

199 2048 395 2119 gentii,
429 2063 482 2102 c.
509 2046 604 2111 29,
637 2048 790 2102 testis
815 2058 916 2114 est,
955 2046 1295 2117 Fulgentium
1329 2047 1382 2102 iu
1412 2047 1645 2103 concilio
1677 2047 1811 2103 Jun-

201 2142 378 2208 censi,
402 2140 789 2207 Quodvultdeo
834 2141 886 2195 in
913 2141 1261 2197 cantentinnc
1298 2141 1366 2197 de
1405 2141 1643 2196 Pritnatu
1676 2158 1813 2212 prae-

201 2234 397 2300 latum,
427 2236 519 2303 jus
543 2250 698 2289 suum
734 2234 812 2289 illi
854 2246 1045 2304 postea
1068 2234 1324 2302 cessisse,
1352 2251 1460 2306 quo
1489 2236 1660 2292 relato
1688 2238 1816 2292 sub-

199 2327 283 2383 dit
324 2337 524 2382 auctor
565 2328 708 2384 iste:
745 2326 845 2383 Ubi
874 2338 997 2382 sunt
1022 2345 1158 2381 nunc
1202 2329 1284 2383 illi
1328 2328 1510 2399 quibus
1555 2329 1816 2383 mittendi

200 2436 357 2492 super
390 2430 603 2476 caeteros
642 2420 975 2476 dominentur
1013 2420 1259 2488 affectus,
1293 2422 1381 2492 qui
1422 2438 1476 2476 se
1519 2423 1673 2475 etiam
1708 2423 1815 2476 suis

202 2516 469 2588 prioribus
492 2524 828 2586 anteponunt,
860 2516 1086 2571 indebita
1117 2516 1216 2570 sibi
1247 2516 1511 2586 privilegia
1545 2516 1815 2570 vindican-

199 2612 319 2667 tes?
352 2611 493 2666 Ecce
520 2612 694 2666 beatus
726 2610 1038 2683 Fulgentius
1071 2627 1162 2665 nec
1209 2612 1485 2681 primatum
1520 2628 1669 2682 quem
1710 2627 1813 2667 me-

200 2708 346 2771 ruit,
377 2705 655 2776 defendere
682 2707 863 2760 voluit.
891 2706 1161 2761 Primatus
1201 2719 1332 2777 ergo
1361 2704 1503 2776 apud
1532 2705 1814 2761 Africanos

202 2800 498 2871 episcopos
519 2799 691 2870 ipsius
711 2799 983 2871 Fulgentii
1013 2807 1260 2870 tempore
1285 2799 1554 2869 prioribus
1579 2799 1815 2855 debeba-

201 2901 314 2960 tur,
348 2909 451 2949 nec
483 2894 578 2948 ulli
622 2893 739 2949 sedi
776 2908 1021 2949 annexus
1050 2902 1188 2949 erat.
1241 2895 1462 2947 Domum
1492 2893 1681 2949 Victor
1705 2894 1816 2949 Tn-

199 2987 806 3043 nouensisinchronico
819 2988 983 3043 refert
997 2987 1204 3053 Boetio,
1224 2985 1772 3059 Byzacenodefuncto
1792 3029 1807 3054 ,

201 3080 536 3137 Primasium
567 3080 981 3136 Adrumetinum
1010 3080 1343 3136 damnationi
1368 3082 1530 3135 trium
1556 3081 1815 3150 capitulo-

199 3189 325 3230 rum
348 3174 703 3230 eouscnsisse
730 3183 785 3227 ut
811 3173 1078 3244 primatus
1101 3173 1227 3245 jure
1255 3173 1545 3228 frueretur.
1579 3173 1677 3228 llic
1697 3187 1815 3228 mos

1916 1959 2037 2029 fusa
2078 1968 2150 2013 est
2182 1971 2357 2014 nostra
2390 1961 2698 2029 provincia,
2743 1960 2893 2014 habet
2944 1958 3246 2015 Numidiam
3291 1969 3338 2016 et
3387 1962 3521 2015 duas

1919 2049 2265 2106 Mauritanias
2289 2051 2386 2105 sibi
2414 2053 2748 2106 coluerentes.
2775 2051 2911 2107 liinc
2937 2067 3003 2108 ex
3031 2052 3298 2109 universis
3323 2051 3518 2107 Africae

1925 2144 2218 2213 provinciis
2245 2144 2571 2209 consulitur,
2605 2155 2655 2200 et
2688 2145 2982 2213 respondet
3005 2146 3171 2201 veluti
3195 2146 3519 2215 prmeipuam

1917 2235 2293 2291 auctoritatem
2322 2235 2550 2299 habens,
2580 2243 2642 2291 ut
2666 2236 2852 2293 videre
2873 2245 2954 2293 est
2976 2251 3061 2308 ep.
3085 2253 3202 2306 ιιι,
3234 2252 3346 2303 ιιι,
3377 2253 3507 2304 ιιι,

1918 2344 2065 2394 uxr,
2098 2344 2274 2384 Lxxm
2305 2339 2360 2383 et
2389 2330 2690 2398 praesertim
2722 2345 2843 2385 va.

1988 2420 2117 2475 Post
2148 2421 2265 2476 inec
2290 2428 2535 2491 tempora
2570 2421 2659 2477 illa
2700 2421 3136 2503 Carthaginensis
3162 2421 3402 2493 episcopi
3431 2420 3520 2476 di-

1916 2514 2095 2587 gnitas
2126 2530 2230 2570 non
2264 2515 2569 2581 imminuta,
2599 2523 2659 2569 ut
2683 2515 2869 2571 videre
2897 2524 2979 2571 est
3014 2532 3083 2572 ex
3115 2516 3368 2572 omnibus
3391 2531 3522 2572 con-

1916 2607 2055 2663 ciliis
2087 2605 2352 2662 Africanis
2377 2648 2391 2673 ,
2436 2621 2559 2677 quae
2600 2606 2668 2661 ad
2719 2606 2877 2676 hujus
2919 2606 3156 2681 episcopi
3205 2620 3395 2663 nutum
3425 2608 3523 2665 ile-

1916 2702 2069 2770 bant,
2100 2710 2155 2757 et
2179 2701 2378 2773 quibus
2405 2702 2514 2767 ille,
2547 2701 2676 2757 licet
2693 2703 2906 2758 caneris
2927 2703 3135 2773 junior,
3172 2702 3520 2773 prmsidehat,

1917 2809 1980 2849 ac
2005 2794 2246 2849 omnium
2279 2808 2397 2864 qum.
2422 2795 2770 2863 gerebantur,
2804 2803 2994 2850 auctor
3021 2803 3258 2867 ct-eaput
3283 2805 3401 2852 erat
3427 2813 3441 2850 :
3473 2796 3519 2851 si

1917 2903 2037 2959 qum
2064 2886 2366 2967 scribendae
2396 2896 2553 2942 erant
2581 2888 2825 2958 epistolze
2852 2904 2881 2943 a
2911 2889 3189 2958 conciliis,
3218 2904 3312 2946 eas
3350 2889 3524 2945 dicta-

1916 2982 2045 3048 bat;
2099 2982 2164 3037 iis
2213 2982 2453 3037 omnium
2501 2984 2724 3038 nomine
2772 2983 3194 3042 subscribebat:
3243 2984 3310 3039 ad
3363 2984 3524 3056 hujus

1917 3075 2078 3129 etiam
2106 3074 2396 3129 concilium
2427 3090 2495 3129 cx
2534 3075 2786 3130 omnibus
2814 3075 3012 3132 Africa:
3040 3077 3336 3147 provinciis
3360 3086 3417 3133 et
3435 3092 3526 3149 sy-

1919 3167 2076 3223 nodis
2105 3169 2513 3240 provocabatur,
2556 3178 2613 3224 ut
2651 3172 2853 3239 regula:
2888 3170 3284 3226 Eeclesiasticas
3312 3186 3409 3241 per
3445 3181 3526 3227 to-

201 3271 252 3324 in
282 3267 475 3323 Africa
510 3270 809 3336 permansit
845 3281 1015 3337 usque
1044 3266 1110 3321 ad
1158 3275 1399 3339 tempora
1428 3267 1673 3338 Gregorii
1701 3268 1813 3322 Ma-
1838 3258 1882 3323 C
1921 3272 2027 3317 tam
2053 3262 2289 3329 Africam
2316 3263 2753 3328 observarentur,
2782 3274 2947 3332 utque
2982 3262 3116 3318 fides
3155 3263 3360 3318 illibata
3400 3278 3519 3317 ser-

200 3363 317 3435 gni.
350 3362 488 3419 Nam
520 3363 564 3417 is
594 3362 687 3417 lib.
707 3379 749 3428 ι,
778 3363 939 3433 epist.
972 3378 1132 3427 Lxxv,
1157 3363 1223 3416 ad
1244 3363 1530 3433 episcopos
1548 3361 1812 3418 Numidia:

202 3457 393 3511 stituit
423 3472 436 3510 :
472 3454 541 3509 Ut
576 3455 789 3509 illorum
817 3454 1133 3508 consuetudo
1171 3455 1235 3508 de
1277 3454 1582 3524 primatibus
1623 3455 1814 3509 consti-

204 3547 443 3612 tuendis,
477 3547 774 3609 ueterisque
811 3545 1053 3619 capitulis
1082 3547 1291 3600 immota
1318 3556 1556 3611 maneat,
1589 3546 1813 3613 exceptis

202 3644 285 3696 his
313 3642 401 3712 qui
434 3657 503 3695 ea:
527 3639 813 3696 Donatistis
838 3641 907 3694 ad
935 3641 1289 3711 episcopatum
1321 3640 1621 3710 perueniunt
1639 3681 1653 3705 ,
1685 3656 1812 3708 quos

203 3733 419 3803 provehi
442 3734 514 3787 ad
538 3735 789 3804 primatus
825 3733 1125 3804 dignitatem
1161 3734 1319 3789 etiam
1361 3748 1477 3787 cum
1505 3731 1632 3786 ordo
1657 3732 1804 3786 cleri-

203 3844 386 3883 corum
416 3844 504 3882 eos
542 3828 611 3880 ad
638 3828 805 3882 locum
844 3827 1079 3883 eumdem
1107 3826 1305 3898 deferat
1326 3866 1341 3891 ,
1383 3827 1548 3881 modis
1576 3824 1813 3880 omnibus

203 3919 462 3992 prohibet.
490 3919 656 3990 igitur
683 3929 924 3990 tempore
944 3919 1191 3990 Gregorii
1220 3920 1365 3975 inter
1393 3918 1676 3975 Africanos
1698 3919 1815 3974 Pri-

203 4023 382 4069 matus
408 4027 519 4067 non
548 4021 669 4068 erat
696 4012 916 4067 sedibus
946 4027 1224 4076 annexus,
1254 4013 1349 4067 sed
1381 4029 1447 4067 eo
1479 4013 1813 4084 antiquiores

204 4119 403 4160 omnes
429 4106 672 4175 episcopi
701 4104 1174 4160 indiscriminatim
1201 4104 1546 4172 fruebantur,
1570 4105 1813 4177 exceptis

205 4196 268 4253 iis
314 4197 412 4268 qui
441 4194 659 4253 fuerant
689 4197 929 4252 haeretici
950 4239 965 4264 ,
1010 4211 1150 4268 quos
1183 4197 1252 4251 ab
1283 4195 1386 4252 hoc
1411 4196 1534 4267 jure
1563 4197 1814 4254 excidere

203 4291 315 4345 vult
333 4289 682 4360 Gregorius:
714 4290 1172 4361 quemadmodum
1198 4290 1328 4346 olim
1350 4292 1652 4363 Augustino
1675 4301 1837 4350 teste‘

203 4384 271 4438 ab
296 4398 368 4438 eo
397 4383 683 4439 exciderat
708 4383 949 4439 Priscus.

272 4478 423 4547 Quin
446 4479 612 4532 etiam
652 4479 705 4531 in
735 4478 1018 4532 Provincia
1046 4478 1415 4544 proconsulari
1444 4492 1689 4534 summus
1716 4479 1813 4535 ho-

204 4582 305 4623 nos
330 4569 639 4624 habebatur-
661 4570 952 4640 anthuiori
982 4571 1238 4642 episcopo
1256 4612 1271 4636 ,
1303 4571 1430 4626 licet
1452 4587 1574 4626 cum
1607 4586 1808 4643 prame-

1915 3365 2151 3421 varetur,
2177 3355 2492 3425 invigilahat
2516 3373 2529 3408 :
2553 3356 2698 3411 diem
2719 3356 2940 3410 Pascha:
2964 3356 3230 3410 universis
3251 3353 3521 3409 Africanis

1915 3451 2031 3521 ipse
2058 3450 2358 3513 nuntiabat,
2393 3461 2451 3505 ut
2479 3458 2693 3505 constat
2722 3464 2786 3503 ex
2820 3463 3026 3503 canone
3055 3450 3119 3505 5i
3150 3448 3354 3503 codicis
3379 3446 3524 3503 Alri-

1914 3545 2033 3600 cani
2067 3562 2079 3598 :
2115 3559 2223 3598 uno
2246 3545 2434 3607 verbo,
2464 3558 2651 3600 curam
2699 3558 2763 3598 ac
2806 3541 3227 3598 sollicitudinem
3278 3543 3518 3597 omnium

1915 3637 2277 3694 Ecclesiarum
2308 3635 2686 3691 Africanarum
2729 3638 2844 3705 ipse
2883 3634 3128 3706 gerebat.
3161 3633 3315 3691 Unde
3343 3634 3522 3690 Aure-

1915 3732 2021 3786 lius
2049 3731 2335 3801 episcopns
2363 3744 2484 3785 ean.
2518 3729 2591 3785 55
2618 3727 2741 3783 cod.
2775 3726 2944 3783 Afric.
2983 3727 3087 3795 ait,
3145 3743 3198 3782 se
3240 3728 3523 3783 multarum

1914 3822 2297 3888 Ecclesiarum,
2328 3833 2376 3877 et
2405 3823 2815 3877 ordinandorum
2841 3837 3020 3876 curam
3051 3822 3420 3878 sustinere.....
3456 3821 3525 3876 Et

1915 3928 2125 3990 postea,
2158 3926 2455 3972 cunctarum
2477 3933 2533 3972 se
2556 3917 2929 3981 Ecclesiarum,
2957 3915 3255 3987 dignatione
3274 3913 3392 3978 Dei,
3417 3914 3525 3967 sol-

1918 4013 2234 4068 licitudinem
2251 4013 2521 4076 sustinere;
2548 4018 2880 4086 quapropter
2897 4009 3215 4063 conceditur
3228 4008 3274 4061 ei
3296 4004 3493 4061 ibidem
3505 4045 3518 4071 ,

1914 4116 1973 4162 ut
2001 4107 2136 4161 unde
2163 4105 2343 4171 uellet,
2376 4114 2423 4159 et
2462 4103 2525 4159 de
2549 4106 2698 4178 cujus
2742 4104 2948 4158 nomine
2986 4101 3165 4171 fuisset
3205 4109 3516 4167 conuentus,

1916 4219 2010 4273 pro
2046 4201 2306 4257 desideria
2336 4204 2583 4274 cujusque
2613 4198 2856 4253 Ecclesia:
2896 4197 3159 4251 ordinaret
3198 4196 3515 4268 episwpum.

1916 4294 2054 4351 Hinc
2084 4294 2370 4351 tenebatur
2403 4291 2708 4363 provincias
2739 4305 2929 4345 omnes
2955 4288 3149 4344 Africae
3177 4287 3427 4352 visitare,
3462 4295 3523 4343 ut

1916 4389 2233 4460 intelligitur
2277 4403 2341 4442 ex
2388 4400 2596 4442 canone
2641 4384 2855 4441 ccucllii
2910 4383 3349 4455 Carthaginiensis
3392 4381 3523 4437 anni

1917 4482 2043 4549 597,
2076 4482 2130 4537 in
2178 4480 2302 4536 cod.
2342 4478 2622 4535 Canonum
2673 4478 2932 4533 Ecclesiae
2980 4476 3284 4539 Africanae.
3327 4491 3378 4532 c.
3427 4474 3518 4544 52,

1918 4576 2007 4631 ubi
2039 4574 2341 4629 Honoratus
2366 4585 2414 4628 et
2444 4572 2680 4629 Urbanus
2715 4572 2899 4643 Legati
2936 4571 3228 4643 provincia:
3262 4570 3520 4627 Maurita-

207 4665 363 4721 deret
389 4662 838 4736 Carthaginensis
858 4667 1149 4738 episcopus
1175 4670 1339 4722 totius
1362 4666 1558 4723 Africae
1587 4668 1807 4738 primas.
1837 4660 1890 4722 Ι)
1916 4668 2020 4725 nite
2046 4666 2319 4724 Sitifensis
2347 4669 2498 4722 aiunt
2538 4668 2594 4721 in
2638 4667 2858 4721 concilio
2912 4665 3237 4740 Hipponensi
3277 4667 3524 4722 constitu-

205 4758 292 4816 Sic
320 4761 378 4815 in
406 4760 641 4815 concilio
659 4758 1069 4832 Carthaginiensi
1104 4776 1171 4829 ιι,
1202 4761 1384 4816 Victor
1411 4761 1772 4817 Abderitanus
1791 4804 1806 4830 ,

206 4864 258 4909 et
282 4856 337 4909 in
366 4853 533 4909 tertio
557 4854 804 4923 ejusdem
833 4855 1073 4909 nominis
1106 4854 1392 4925 episcopus
1419 4854 1809 4925 Pupianensis,

205 4949 443 5013 ueteris,
475 4958 707 5019 excepto
733 4948 1179 5021 Carthaginiensi,
1207 4949 1572 5021 praeferuntur
1603 4969 1617 5006 :
1650 4961 1702 5005 et
1744 4950 1812 5007 de

207 5041 308 5098 hoc
332 5042 555 5098 Victore
584 5042 697 5097 haec
718 5043 793 5096 ait
838 5042 1159 5115 Epigonius,
1187 5057 1235 5098 c.
1264 5044 1335 5098 54
1356 5042 1478 5098 cod.
1505 5058 1626 5099 can.
1656 5043 1806 5100 Eccl.

204 5132 371 5191 Afris.
406 5153 418 5189 :
451 5134 632 5190 ritate”
656 5146 818 5205 pater,
849 5145 899 5191 et
918 5138 1031 5207 ipsa
1056 5139 1376 5206 promotione
1393 5138 1808 5211 antiquissimus,

205 5229 281 5282 uir
306 5228 607 5296 laudabilis,
641 5233 802 5300 frater
826 5240 875 5285 et
902 5232 1098 5302 collega
1126 5241 1302 5287 noster
1336 5230 1510 5287 Victor
1540 5234 1650 5287 uult
1677 5235 1812 5288 hanc

206 5322 501 5385 petitionem
523 5324 811 5394 generalem
838 5324 1071 5379 omnibus
1097 5325 1244 5396 ejﬁci.

276 5410 396 5468 Uno
421 5413 590 5468 verba
611 5412 667 5469 in
696 5413 873 5470 Africa
904 5424 1014 5471 tum
1048 5415 1240 5483 honor,
1265 5425 1377 5473 tum
1405 5418 1664 5489 dignitas,
1694 5429 1806 5476 tum

207 5503 369 5559 etiam
391 5505 516 5574 jura
539 5514 598 5563 et
618 5506 896 5579 privilegia
918 5508 1297 5579 episcoporum
1322 5509 1695 5568 tribuebantur
1712 5530 1811 5569 an-

209 5597 443 5666 tiquitati
483 5600 858 5671 episcopatus,
892 5618 1000 5659 non
1046 5614 1226 5659 autem
1270 5605 1525 5661 Ecclesiae
1555 5607 1642 5662 cui
1680 5623 1812 5679 prat-

208 5699 364 5746 orant
391 5692 663 5764 dignitati.
704 5694 763 5750 id
789 5703 1005 5751 constat
1030 5711 1097 5751 ex
1144 5696 1335 5764 dictis,
1372 5701 1643 5771 praecipue
1680 5717 1811 5759 vero

209 5800 278 5841 ex
305 5786 535 5857 epistola
560 5788 845 5857 Augustini
877 5790 968 5856 59,
1012 5792 1065 5847 in
1096 5807 1198 5864 qua
1232 5795 1477 5866 queritur
1502 5812 1563 5853 se
1595 5799 1812 5854 tertium

210 5881 584 5954 nominatum,
637 5885 727 5957 qui
781 5883 928 5944 haud
959 5886 1032 5943 ita
1081 5887 1292 5961 pridem
1337 5891 1626 5966 episcOpus
1675 5899 1808 5962 erat,

1916 4773 2023 4819 tum
2051 4780 2159 4817 esse
2185 4761 2417 4833 singulas
2443 4760 2732 4830 provincias
2758 4770 2982 4832 tempore
3006 4759 3214 4814 concilii
3236 4756 3522 4812 uisitandas

1915 4871 2023 4911 esse
2045 4871 2064 4910 :
2094 4863 2148 4911 et
2177 4863 2369 4926 rogant
2395 4848 2675 4909 Aurelium
2705 4862 2762 4907 ut
2795 4853 3036 4933 dignetur
3065 4853 3218 4906 etiam
3246 4850 3341 4904 hoc
3386 4866 3522 4905 anno

1915 4951 1995 5002 uel
2019 4948 2126 5005 alio
2161 4947 2532 5005 Mauritaniam
2565 4946 2880 5017 provinciam
2904 4944 3130 4998 visitare.
3179 4942 3386 5009 Quibus
3413 4943 3524 4996 Au—

1912 5044 2081 5102 relius
2112 5041 2389 5113 respondit
2421 5057 2435 5094 :
2464 5038 2610 5095 Tunc
2640 5039 2704 5095 de
2730 5038 2993 5110 provincia
3028 5035 3368 5101 Mauritania,
3401 5052 3524 5108 pra-

1915 5149 2091 5210 pterea
2110 5137 2244 5205 quod
2265 5137 2318 5191 in
2344 5135 2531 5204 finibus
2551 5135 2743 5204 Africae
2767 5134 2935 5207 posita
2953 5132 3041 5199 sit,
3065 5132 3196 5187 nihil
3216 5134 3486 5188 statuimus
3504 5172 3519 5199 ,

1913 5232 2167 5304 siquidem
2202 5231 2386 5286 uicina:
2425 5239 2542 5283 sunt
2584 5226 2868 5291 barbarica,
2902 5226 2992 5279 sed
3025 5234 3229 5295 prastet
3283 5223 3423 5280 Deus
3461 5233 3519 5278 ut

1913 5344 1977 5384 ea;
1997 5327 2282 5383 abundanti
2306 5342 2407 5380 non
2426 5324 2725 5398 pollicentes
2748 5323 2915 5377 venire
2937 5323 3189 5393 possimus
3209 5323 3278 5375 ad
3301 5331 3520 5376 uestram

1914 5423 2254 5496 prouinciam.
2301 5419 2542 5492 Cogitare
2581 5419 2716 5473 enim
2758 5418 2984 5484 debetis,
3020 5419 3237 5487 fratres,
3267 5417 3386 5485 quia
3424 5415 3522 5470 hoc

1914 5516 2036 5582 sibi,
2066 5524 2114 5568 et
2139 5512 2471 5587 Tripolitani,
2499 5524 2548 5568 et
2577 5511 2879 5584 Arzugitani
2905 5513 3092 5582 fratres
3120 5517 3396 5581 potuerunt
3416 5510 3524 5567 exi»

1916 5625 2050 5682 gere,
2086 5608 2131 5663 si
2159 5609 2293 5662 ratio
2324 5616 2601 5677 pateretur.

1992 5703 2089 5758 llic
2119 5701 2349 5757 fortasse
2372 5700 2528 5756 alicui
2556 5698 2737 5755 veniet
2767 5698 2819 5752 in
2849 5706 3082 5752 mentem
3114 5696 3231 5753 hate
3266 5698 3518 5769 quaestio,

1919 5806 2097 5853 utrum
2128 5794 2321 5853 melius
2346 5802 2403 5851 et
2427 5792 2841 5850 conveniendus
2864 5784 3259 5863 Metropolitica
3286 5791 3522 5865 dignitas

1919 5876 2249 5964 antiquitati,
2281 5904 2447 5964 quam
2468 5888 2589 5946 urbi
2614 5886 2776 5946 fuerit
2804 5885 2987 5956 allisa,
3018 5885 3086 5945 de
3109 5883 3370 5963 qua'quid
3395 5903 3523 5947 son-
