3898 6320
409 267 509 326 851

1756 272 2288 334 PROLEGOMENA.

3573 290 3660 350 83?.

408 389 571 457 tiam,
616 388 705 445 hic
755 387 883 444 mihi
926 387 1137 444 videtur
1183 388 1554 460 aperiendum.
1586 389 1796 449 Censeo
1840 406 2000 463 ergo,
2031 394 2081 454 Α
2180 393 2527 455 ΜΑωιιτΑκιΑ
2556 412 2840 455 ειτιρεκδιε
2891 398 3054 456 habet
3092 398 3162 454 ab
3190 407 3309 455 ortu
3353 400 3540 457 lineam
3583 405 3664 460 du-

408 483 562 540 salvo
591 481 822 539 aliorum
848 481 1075 553 judicio,
1098 480 1257 555 longe
1277 483 1448 540 satius
1473 499 1596 542 esse
1617 495 1675 541 ut
1695 486 2004 557 Metropoli-

411 575 518 634 tica
544 576 779 649 dignitas
807 576 926 632 urbi
964 592 1175 634 annexa
1205 578 1276 634 sit
1303 595 1462 650 quam
1500 582 1800 652 antiquitati
1825 596 2005 639 sacer-

407 669 543 726 dotii
576 688 590 725 :
620 686 743 726 cum
775 673 920 726 enim
948 671 1108 727 alicui
1136 672 1255 728 sedi
1286 673 1447 728 afﬁxa
1471 684 1577 740 est,
1604 675 1649 731 is
1669 675 1882 750 adeam
1906 675 2005 733 eli-

405 761 551 835 gitur
575 761 668 834 qui
713 761 842 818 huic
870 764 1118 835 dignitati
1161 767 1491 822 sustinenda:
1529 782 1627 836 par
1651 782 1770 824 esse
1811 772 2001 840 possit.

405 856 478 915 At
500 856 593 913 ubi
622 857 691 912 ad
737 872 929 913 omnes
975 857 1175 929 passim
1221 858 1554 930 antiquitatis
1588 860 1711 930 jure
1738 860 2001 929 defertur,

406 958 536 1006 tunc
556 948 623 1006 ad
645 948 825 1005 minus
852 948 1077 1005 idoneos
1109 950 1392 1022 pervenire
1418 961 1611 1022 potest.
1638 953 2000 1025 Praeterquam

404 1040 549 1114 quod
577 1053 832 1099 senectus
873 1043 1050 1099 minus
1079 1055 1201 1116 apta
1232 1053 1317 1100 est
1343 1045 1581 1100 ferendis
1611 1046 1919 1114 laboribus,
1949 1056 2005 1102 et

405 1139 502 1197 illo
532 1150 679 1195 caret
709 1138 873 1195 animi
902 1155 968 1195 ac
992 1140 1239 1210 corporis
1263 1140 1450 1212 vigore
1478 1140 1571 1211 qui
1604 1142 1653 1195 in
1687 1140 2001 1212 Metmpoli-

405 1241 534 1289 tano
566 1231 801 1288 maxime
842 1232 1205 1289 desideratur.
1239 1232 1422 1304 Itaque
1452 1233 1747 1304 prudenter
1783 1234 2004 1290 omnino

405 1324 724 1397 Gregorius,
756 1324 850 1381 lib.
878 1342 917 1390 ι.
947 1326 1106 1397 epist.
1143 1343 1315 1395 Lxxu,
1347 1328 1537 1382 scribit
1571 1327 1636 1383 ad
1666 1326 2002 1384 Gennadium

406 1419 697 1477 Patricium
719 1429 776 1477 et
803 1421 1105 1480 Exercitum
1127 1420 1347 1486 Afrith.
1377 1431 1435 1477 ut
1464 1419 1747 1477 Concilium
1776 1419 2008 1477 Cat/tolio

406 1530 582 1569 corum
608 1513 921 1583 admoneat,
950 1525 1006 1571 ut
1036 1516 1302 1587 primatem
1323 1533 1426 1571 non
1455 1533 1518 1572 ea:
1544 1518 1722 1572 ordine
1744 1518 1845 1573 loci
1867 1527 2007 1587 post-

405 1606 593 1680 positis
629 1607 744 1661 vitce
770 1608 963 1662 meritis
990 1608 1171 1680 faciat.
1215 1607 1469 1676 Quoniam
1514 1609 1656 1683 apud
1692 1608 1862 1664 Deum
1904 1628 2007 1666 non

404 1699 598 1773 gradus
621 1701 926 1773 elegantior,
954 1702 1045 1755 sed
1065 1703 1178 1758 uiue
1199 1704 1426 1759 melioris
1447 1705 1580 1758 actio
1601 1705 1967 1774 comprobatur
1988 1722 2007 1761 :

2106 497 2248 545 ctam
2266 491 2334 545 ab
2349 494 2631 565 Antpsagte
2649 492 2885 549 ﬂuminis
2907 494 3063 550 ostiis
3089 510 3274 551 versus
3300 494 3559 553 Meridiem
3582 514 3664 555 us-

2107 598 2211 654 que
2236 585 2301 639 ad
2326 584 2711 642 Maximianum
2740 587 3019 657 oppidum.

2177 672 2402 743 Adjacet
2428 675 2494 730 ad
2523 675 2872 733 Occidentem
2906 676 3147 733 Sitifensi
3172 677 3543 747 CESARIBNSIS,
3564 699 3666 753 quae

2106 779 2136 820 a
2168 766 2452 837 Tingitana
2498 768 2724 825 ﬂumine
2770 769 2938 825 Malva
2965 770 3310 842 distinguitur
3339 794 3352 826 :
3394 788 3421 827 a
3449 774 3665 833 Sitifensi

2106 857 2248 913 linea
2291 861 2447 915 ducta
2478 878 2507 916 a
2542 864 2913 931 promontorio
2956 863 3285 919 Occidentali
3324 864 3570 922 Numidici
3606 870 3670 924 si-

2108 967 2241 1019 nus,
2276 953 2365 1007 ubi
2397 955 2499 1008 sita
2543 965 2629 1010 est
2659 955 2787 1011 urbs
2812 955 2992 1013 Vabar
3022 973 3189 1026 usque
3212 957 3279 1012 ad
3308 959 3552 1028 oppidum
3579 960 3670 1015 Τυε

2106 1043 2280 1098 huuas
2303 1044 2520 1114 oblique
2550 1044 2603 1100 in
2634 1045 2911 1102 Orientem
2936 1049 3002 1102 ad
3026 1047 3226 1104 ﬂumen
3253 1048 3387 1105 Uzar
3412 1065 3567 1121 prope
3585 1050 3672 1106 Za-

2108 1136 2283 1190 ratha.
2315 1134 2586 1192 Sitifensis
2624 1148 2784 1208 caput
2827 1148 2911 1194 est
2952 1139 3078 1196 urbs
3108 1139 3309 1207 Sitifis,
3350 1143 3671 1200 Caesariensis

2107 1223 2249 1280 Julia
2281 1224 2547 1282 Czcsarea.

2182 1319 2539 1376 Msuntrsnm
2598 1337 2901 1378 TlNGl‘l‘ANJ-i
2961 1324 3195 1391 limites,
3246 1326 3469 1381 abortu
3521 1327 3671 1383 Malva

2110 1411 2305 1466 ﬂuvius
2332 1430 2344 1466 :
2387 1413 2453 1466 ab
2481 1429 2673 1470 occasu
2700 1430 2846 1471 mare
2866 1414 3193 1472 Atlanticum
3224 1436 3237 1471 :
3271 1433 3301 1472 a
3328 1420 3673 1488 Septentrione

2111 1502 2305 1557 fretum
2336 1504 2656 1560 Herculeum
2699 1515 2756 1562 et
2780 1524 2930 1564 mare
2960 1509 3413 1568 Mediterraneum
3442 1531 3454 1564 :
3482 1527 3509 1565 a
3538 1511 3676 1568 leri-

2111 1596 2199 1655 die
2246 1609 2459 1654 montes
2499 1600 2777 1657 Atlantici.
2809 1600 2996 1674 Tingis
3044 1603 3205 1675 hujus
3250 1605 3529 1674 provincia:
3568 1606 3675 1663 urbe

2113 1706 2405 1762 praecipua.

402 1791 517 1864 ipse
541 1806 657 1847 vero
687 1790 897 1848 Primus
922 1809 1024 1848 non
1051 1795 1265 1867 passim,
1292 1796 1424 1850 sicut
1448 1798 1605 1852 moris
1626 1807 1698 1851 est
1725 1814 1816 1868 per
1834 1799 2004 1867 villas,

2187 1782 2473 1841 Multitudo
2514 1787 2908 1859 episcoputuum
2952 1790 3009 1843 in
3048 1790 3253 1862 Africa.
3290 1821 3361 1832 —
3402 1791 3558 1847 Totus
3598 1790 3677 1847 ille

406 1882 497 1939 sed
523 1883 577 1938 in
609 1901 714 1939 una
747 1884 907 1954 juxta
954 1900 1129 1940 eorum
1174 1885 1468 1942 electionem
1516 1888 1716 1943 civitate
1762 1889 2003 1944 resideat.

406 1978 553 2035 Idem
602 1991 780 2036 tamen
826 1979 1095 2038 Africanis
1140 1983 1301 2051 epist.
1345 1999 1511 2049 Lxxv,
1553 1986 2006 2055 consuetudinem,

406 2087 524 2143 qua:
548 2072 681 2128 nihil
711 2082 885 2128 contra
914 2074 1069 2144 ﬁdem
1113 2072 1435 2129 Catholicam
1466 2093 1714 2150 usurpare
1746 2078 2008 2150 dignosci—

411 2173 519 2231 tur,
553 2164 817 2219 immotam
862 2181 1163 2236 permanere
1191 2168 1444 2235 concedit,
1474 2168 1578 2223 sive
1619 2170 1682 2225 de
1710 2172 2011 2243 primatibus

408 2258 799 2326 constituendis,
830 2267 936 2315 etc.

483 2348 555 2407 Ut
601 2358 659 2406 ut
703 2350 794 2419 sit,
844 2350 1124 2409 fruebatur
1147 2352 1592 2428 Carthaginensis
1625 2359 1852 2415 antistes
1904 2375 2011 2415 non

414 2452 624 2500 tantum
667 2446 891 2502 honoris
918 2446 1014 2504 sed
1042 2456 1099 2504 et
1125 2447 1402 2519 dignitatis
1431 2465 1494 2505 ac
1519 2452 1853 2509 auctoritatis
1874 2468 2011 2525 prae.

414 2539 658 2609 rogativa
684 2538 737 2593 iu
769 2540 1048 2596 universas
1072 2539 1268 2598 Africae
1292 2542 1621 2612 provincias,
1648 2559 1712 2601 ac
1733 2547 2015 2616 speciatim

418 2633 624 2703 primas
652 2642 767 2689 erat
792 2634 1085 2704 provincia:
1116 2636 1537 2704 proconsularis,
1568 2653 1688 2707 quae
1717 2640 1859 2696 inter
1884 2624 2017 2696 alias

417 2726 589 2796 prima
632 2726 977 2783 censebatur.
1028 2727 1155 2785 Haec
1204 2730 1342 2785 inter
1385 2731 1688 2801 provincias
1735 2731 2021 2791 Africanas

418 2818 594 2875 media
622 2819 892 2875 clauditur
919 2819 986 2875 ab
1000 2820 1132 2876 Ortu
1148 2821 1624 2896 etSeptentrioncl
1645 2827 1799 2897 elago
1810 2824 2017 2884 Africo.

419 2911 504 2968 Ab
543 2909 835 2969 Occidente
874 2913 1132 2969 dividitur
1176 2930 1206 2969 a
1258 2913 1513 2971 Numidia
1559 2918 1696 2974 linea
1745 2920 1905 2975 ducta
1953 2921 2022 2977 ab

417 3006 572 3062 ostiis
598 3006 870 3063 Rubricati
915 3008 1154 3065 ﬂuminis
1183 3009 1248 3063 ad
1282 3011 1518 3079 Mustim,
1554 3013 1642 3067 ubi
1675 3012 1894 3069 ﬂuvium
1923 3014 2025 3070 Ba-

419 3100 641 3169 gradam
668 3100 917 3174 attingit,
966 3110 1020 3158 et
1064 3102 1193 3158 inde
1234 3113 1383 3159 retro
1434 3120 1625 3177 versus
1672 3104 2023 3164 Occidentem

2112 1887 2317 1934 tractus
2340 1890 2394 1936 et
2422 1889 2710 1951 antequam
2745 1882 2999 1939 Romanis
3044 1894 3295 1953 pareret,
3326 1895 3379 1939 et
3412 1896 3577 1954 postea
3609 1886 3677 1939 in-

2112 1988 2368 2029 numeros
2416 1973 2529 2029 fere
2571 1976 2774 2030 incolas
2824 1974 3031 2032 habuit.
3086 1976 3141 2030 In
3184 1992 3258 2033 eo
3295 1978 3559 2042 civitates,
3597 1990 3677 2045 op.

2113 2064 2275 2136 pida,
2324 2064 2652 2136 municipia,
2702 2067 2965 2135 castella,
3016 2068 3163 2134 vici,
3220 2079 3336 2124 tum
3382 2068 3674 2140 indigetum,

2114 2168 2227 2214 tutu
2275 2158 2594 2214 colonorum
2646 2159 2699 2214 in
2750 2174 2945 2231 magno
2992 2175 3219 2217 numero
3267 2160 3448 2224 fuere.
3488 2168 3538 2215 et
3580 2168 3670 2213 tam

2115 2252 2217 2308 soli
2250 2251 2529 2308 fertilitate
2568 2267 2634 2308 ac
2674 2253 2882 2323 frugum
2923 2252 3171 2310 ubertate
3201 2270 3364 2326 quam
3394 2263 3674 2311 mercaturae

2119 2343 2226 2415 2')
2264 2343 2593 2400 commercio
2626 2344 2894 2414 praedives
2925 2345 3121 2401 estitit.
3163 2345 3303 2402 Hinc
3339 2355 3479 2401 tanta
3515 2342 3672 2400 Chris-

2119 2442 2391 2497 tianorum
2422 2445 2472 2498 in
2502 2442 2584 2498 his
2629 2443 2764 2499 locis
2804 2443 3125 2512 multitudo,
3166 2445 3237 2501 ad
3279 2460 3416 2517 quos
3446 2444 3676 2517 regendos

2121 2532 2374 2604 Episcopi
2420 2534 2634 2604 plurimi
2685 2546 2812 2595 sunt
2856 2537 3156 2605 constituti,
3197 2548 3254 2595 et
3297 2537 3508 2610 quidem
3545 2538 3676 2607 longe

2122 2626 2307 2697 plures
2334 2642 2398 2684 ac
2438 2627 2834 2699 frequentiores
2896 2646 3057 2701 quant
3106 2632 3160 2687 in
3213 2632 3536 2704 quibuslibet
3574 2632 3673 2685 aliis

2121 2722 2272 2779 orbis
2296 2722 2590 2779 Christiani
2621 2725 2883 2796 partibus.
2932 2724 3066 2780 Nam
3117 2727 3172 2782 in
3230 2726 3355 2794 his,
3394 2727 3608 2798 episcopi
3631 2727 3674 2781 in

2124 2815 2331 2888 magnis
2375 2825 2577 2871 tantum
2623 2817 2844 2874 urbibus
2874 2820 3129 2875 constitui
3154 2827 3561 2885 consueverant,
3586 2830 3674 2874 non

2122 2919 2304 2965 autem
2358 2912 2415 2965 in
2454 2912 2586 2967 vicis
2630 2923 2723 2967 aut
2754 2913 2899 2970 villis
2934 2924 2992 2969 et
3033 2914 3089 2969 in
3119 2915 3352 2971 modicis
3378 2915 3674 2979 civitatibus,

2124 3004 2270 3075 quod
2318 3006 2537 3061 concilii
2579 3007 2869 3063 Laudiceni
2915 3024 3126 3065 canone
3165 3010 3261 3075 57,
3294 3020 3349 3066 et
3386 3010 3679 3067 Sardicensis

2127 3111 2334 3153 eanoue
2356 3100 2411 3163 7,
2433 3108 2651 3155 cautum
2675 3110 2782 3157 est.
2805 3102 2875 3156 At
2906 3102 2991 3157 lex
3021 3103 3121 3157 ista
3154 3104 3208 3158 in
3240 3103 3423 3160 Africa
3448 3119 3544 3158 non
3562 3102 3676 3157 obti-

420 3191 581 3248 ducta
613 3193 680 3249 ad
710 3192 1065 3265 Narragaram
1088 3238 1103 3260 ,
1135 3207 1298 3268 atque
1344 3196 1470 3253 hinc
1499 3198 1568 3253 ad
1609 3200 1984 3258 Ammedemm
2005 3245 2020 3269 ,
2051 3193 2096 3257 C
2131 3193 2267 3259 nuit,
2302 3193 2390 3249 ubi
2441 3209 2547 3249 non
2582 3203 2787 3251 tantum
2826 3196 2879 3250 in
2929 3197 3135 3267 magnis
3165 3198 3492 3265 civitatibus,
3518 3197 3600 3253 sed
3634 3197 3677 3250 in

423 3285 512 3341 ubi
543 3303 758 3342 rursum
787 3287 1084 3360 Bagradam
1120 3287 1339 3346 ﬂuvium
1365 3291 1580 3363 attingit
1606 3305 1659 3348 et
1686 3302 1835 3350 secat
1855 3311 2027 3365 usque

388 3445 393 3449 ,
421 3379 488 3434 ad
516 3377 748 3450 Capsam
781 3382 1037 3452 oppidum
1085 3381 1351 3437 Numidia?
1388 3399 1578 3461 versus
1605 3384 1902 3444 Meridiem.
1941 3388 2026 3444 Ab

420 3471 641 3529 Oriente
663 3482 719 3528 ct
747 3473 969 3530 Meridie
999 3490 1028 3529 a
1058 3475 1332 3551 Byzacena
1367 3488 1653 3544 separatur
1683 3478 1823 3534 linea
1864 3480 2024 3536 ducta

423 3564 492 3621 ab
533 3564 686 3622 Uzita
730 3583 900 3639 usque
938 3569 1005 3624 ad
1050 3567 1275 3627 ﬂuvium
1324 3571 1645 3642 Bagradam.
1689 3572 1814 3630 Tria
1866 3575 2028 3632 habet

426 3655 824 3725 Promontoria,
850 3656 1150 3716 Candidum
1170 3704 1185 3729 ,
1215 3661 1481 3734 Apollinis
1516 3665 1809 3723 adversum
1838 3667 2026 3725 Sardi-

428 3747 554 3816 nite,
579 3756 635 3805 et
661 3749 911 3806 Mercurii
935 3752 1219 3807 adversum
1242 3754 1462 3822 Sicilia,
1488 3770 1609 3827 quae
1628 3756 1681 3812 iu
1710 3759 1876 3814 altum
1906 3775 2031 3831 pro.

425 3844 699 3899 currentia
730 3842 868 3899 duos
898 3844 1137 3901 efﬁciunt
1163 3846 1335 3901 sinus.

496 3935 756 4003 Nemnis,
774 3936 1126 3993 Numidarum
1149 3940 1275 3994 olim
1300 3955 1545 4011 regnum,
1568 3941 1866 3999 Masinissae
1882 3945 2029 4001 clara

428 4029 682 4096 nomine,
724 4028 1067 4102 Metagonitis
1098 4038 1243 4085 terra
1272 4046 1300 4084 a
1348 4029 1552 4087 Grtecis
1590 4033 1887 4103 appellata,
1918 4034 2031 4091 Nu-

429 4125 591 4181 mida:
619 4140 747 4180 vero
773 4139 869 4181 seu
898 4123 1168 4180 Nomades
1192 4140 1221 4179 a
1269 4125 1639 4196 permutandis
1669 4127 1878 4196 pabulis
1921 4128 2030 4184 Ma-

431 4218 569 4290 palia
596 4232 694 4273 sua
713 4259 729 4285 ,
762 4218 867 4276 hoc
897 4230 975 4272 est
995 4259 1013 4282 ,
1041 4216 1234 4273 domos
1266 4219 1521 4290 plaustris
1564 4219 2026 4278 circumferentes.

429 4310 514 4366 Ab
539 4309 761 4367 Oriente
791 4311 1002 4381 adjacet
1025 4312 1315 4384 provincia:
1338 4313 1728 4384 proconsulari,
1756 4327 1788 4367 a
1813 4330 1916 4387 qua
1941 4331 2033 4371 su-

431 4405 617 4477 perius
664 4404 932 4476 descripta
980 4406 1119 4461 linea
1164 4404 1533 4478 distinguitur.
1566 4407 1609 4463 Δ
1652 4406 2033 4476 Septentrioue

433 4498 567 4554 mari
605 4497 844 4555 alluitur.
877 4499 962 4557 Ab
991 4498 1282 4556 Occidente
1326 4500 1643 4557 terminatur
1684 4501 1828 4557 linea
1870 4502 2028 4559 ducta

2129 3284 2342 3340 cunctis
2372 3287 2587 3356 oppidis
2613 3302 2678 3342 ac
2712 3303 3119 3360 nonnumquam
3151 3291 3205 3345 in
3234 3291 3369 3346 vicis
3394 3301 3446 3345 et
3480 3289 3679 3346 castellis

2129 3375 2360 3431 ordinati
2401 3376 2651 3446 leguntur
2686 3380 2928 3450 episcopi
2971 3401 2985 3435 :
3022 3396 3184 3452 quam
3218 3382 3587 3453 episcopalium
3609 3394 3677 3435 se-

2128 3467 2277 3523 diutn
2306 3469 2709 3527 multitudinem
2747 3455 2920 3543 jama
2970 3474 3159 3543 primis
3190 3470 3682 3532 EcclesiaruutAfri-

2129 3578 2386 3620 canarum
2418 3565 2585 3621 initiis
2621 3568 2865 3622 exortam
2892 3569 3042 3622 auxit
3067 3566 3471 3625 Catholicornm
3509 3580 3565 3623 ac
3599 3566 3681 3620 Do-

2130 3661 2448 3714 natistarum
2470 3659 2765 3715 aeuunlatio.
2795 3660 2938 3715 Sane
2963 3676 3087 3716 cum
3106 3662 3158 3717 in
3181 3663 3470 3718 collatione
3493 3659 3680 3715 Cartha-

2127 3752 2337 3823 gineusi
2366 3751 2474 3808 diei
2505 3753 2557 3817 1.
2581 3768 2701 3824 cap.
2736 3752 2864 3821 181,
2887 3752 3112 3826 Alypius
3140 3755 3405 3813 Ecclesite
3428 3753 3680 3811 Catholica

2137 3846 2424 3917 episcopus
2452 3844 2823 3901 admonuith
2844 3847 3135 3902 nonnullos
3153 3862 3221 3902 ex
3243 3849 3507 3918 episcOpis
3532 3845 3676 3899 Dona-

2129 3936 2269 3991 tistis
2306 3936 2360 3990 in
2401 3937 2536 3992 villis
2569 3948 2613 3990 et
2640 3938 2695 3992 in
2747 3937 2925 4007 fundis
2977 3955 3087 3995 esse
3129 3942 3400 4011 episcopos
3437 3940 3678 3999 ordinem.

2130 4044 2231 4083 non
2253 4029 2307 4082 iu
2327 4028 2582 4099 aliquibus
2603 4028 2919 4094 civitatibus,
2954 4033 3181 4101 regessit
3209 4031 3319 4090 hoc
3343 4034 3508 4103 ipsum
3535 4030 3580 4083 in
3600 4026 3681 4081 Ca-

2133 4121 2365 4177 tholicos
2392 4121 2683 4178 Petilianus
2716 4122 2998 4181 Donatista
3034 4126 3291 4196 inquiens
3326 4145 3340 4180 :
3379 4126 3465 4183 Sic
3488 4125 3616 4180 etim
3638 4130 3681 4173 ιι

2131 4215 2319 4270 multos
2350 4216 2500 4269 habes
2553 4232 2643 4285 per
2693 4233 2868 4272 onmes
2909 4235 3063 4289 agros
3110 4220 3393 4288 dispersos.
3435 4218 3499 4273 Et
3529 4217 3575 4271 in
3602 4216 3681 4267 hac

2132 4307 2427 4363 collatione
2469 4307 2782 4379 frequenter
2813 4310 3065 4379 utrinque
3091 4310 3364 4382 objectum
3398 4320 3476 4368 est
3496 4308 3681 4380 Episco-

2133 4413 2230 4470 POS
2258 4399 2326 4456 de
2363 4415 2503 4456 novo
2536 4401 2588 4456 in
2623 4400 2806 4457 multis
2836 4399 2970 4458 locis
2995 4402 3065 4459 ab
3092 4413 3322 4475 utraque
3352 4414 3492 4475 parte
3513 4396 3681 4457 consti-

2135 4500 2298 4556 tutos,
2333 4503 2389 4549 ut
2420 4509 2645 4550 numero
2669 4494 2947 4552 vincerent
2969 4496 3339 4554 adversarios.
3368 4497 3484 4568 Ipse
3503 4494 3679 4564 Augus-

431 4592 501 4648 ab
528 4594 813 4663 Ampsaga:
842 4592 989 4649 ﬂuvii
1019 4594 1173 4650 ostiis
1203 4608 1393 4649 versus
1420 4594 1701 4650 meridiem
1749 4610 1920 4667 usque
1963 4595 2028 4650 ad
2058 4582 2112 4643 D
2136 4586 2281 4642 linus
2310 4600 2431 4642 cum
2464 4587 2744 4644 dimcesim
2773 4603 2925 4644 suam
2952 4589 3111 4645 nimis
3133 4599 3411 4647 emensam
3436 4602 3547 4644 esse
3567 4582 3683 4640 elis-

435 4684 819 4740 Masimianutn
848 4685 1127 4755 oppidum.
1168 4684 1251 4742 Ab
1278 4686 1480 4741 Austro
1508 4684 1672 4743 habet
1697 4685 1920 4759 Libyam
1953 4690 2036 4742 in-

436 4776 713 4833 terioretn.
764 4776 934 4847 llujus
982 4778 1276 4848 provinciae
1323 4777 1633 4850 Mctmpolis
1671 4779 1848 4835 civilis
1885 4777 2034 4835 Cirta

435 4870 671 4938 colonia,
703 4884 825 4942 quae
853 4868 1208 4927 Constantina
1239 4869 1382 4927 dicta
1411 4881 1494 4927 est
1531 4879 1588 4928 et
1614 4873 1909 4929 etiamnum
1953 4872 2036 4929 di-

436 4962 596 5017 citur.

509 5054 790 5110 BYZACBNA
849 5053 1122 5123 provincia
1190 5053 1490 5123 appellatur
1531 5054 1700 5125 Regio
1742 5055 2035 5113 fertilitatis

437 5147 674 5204 eximite.
706 5147 790 5201 Ab
815 5158 938 5201 ortu
981 5147 1143 5202 habet
1171 5146 1390 5201 ﬂuvium
1418 5147 1692 5203 Tritonem
1725 5167 1738 5203 :
1784 5151 1851 5205 ab
1879 5149 2034 5208 Occi-

437 5242 603 5299 dente
640 5240 946 5296 Numidiam
972 5239 1121 5310 juxta
1155 5239 1352 5294 lineam
1401 5240 1650 5308 superius
1680 5242 1979 5312 expositam
2007 5259 2030 5299 ι

436 5336 508 5392 ab
537 5337 735 5391 Austro
761 5332 985 5406 Libyam
1031 5331 1367 5388 interiorem.
1406 5331 1572 5403 Hujus
1602 5333 1730 5389 urbs
1762 5336 2030 5405 praecipua

440 5432 818 5490 Adrumetum.

508 5527 878 5584 Turonum
933 5524 1210 5597 provincia
1252 5538 1282 5578 a
1326 5521 1544 5579 ﬂumine
1570 5520 1792 5578 Tritone
1828 5532 1884 5579 et
1939 5522 2039 5577 mi-

439 5637 575 5679 nore
603 5620 748 5693 Syrti
776 5635 951 5691 usque
976 5619 1041 5674 ad
1072 5634 1221 5674 aram
1263 5616 1475 5674 Philoni
1505 5615 1814 5672 extenditur
1844 5635 1856 5669 :
1902 5618 2039 5673 mari

439 5714 662 5770 alluitur
686 5729 717 5769 a
761 5713 1142 5784 Septentrione
1172 5729 1186 5765 :
1218 5711 1287 5766 ab
1315 5709 1522 5768 Occasu
1555 5706 1777 5768 Tritone
1819 5708 2041 5767 ﬂumine

443 5804 625 5860 finitur
655 5819 670 5859 :
702 5819 741 5858 at
761 5802 988 5862 Meridie
1014 5803 1246 5862 desertis
1274 5800 1512 5873 Libycis.

2138 4678 2375 4744 timaret,
2406 4678 2461 4734 in
2490 4680 2712 4736 castello
2749 4680 3080 4749 Fussalensi,
3133 4685 3277 4754 quod
3301 4681 3371 4740 40
3398 4680 3609 4740 millibus
3628 4675 3683 4729 ab

2139 4773 2388 4846 Hippone
2427 4776 2576 4846 regio
2601 4776 2868 4841 distabat,
2899 4779 3212 4849 episcopum
3243 4778 3578 4837 ordinandum
3602 4786 3687 4828 ea-

2138 4872 2296 4934 ravit,
2330 4881 2388 4925 ut
2416 4871 2569 4928 docet
2599 4887 2689 4944 ep.
2720 4887 2899 4929 ccut.
2942 4872 3049 4929 Sed
3089 4890 3158 4931 ne
3185 4875 3312 4931 inde
3339 4874 3500 4930 turba:
3522 4878 3572 4927 et
3589 4867 3679 4922 dis-

2137 4965 2422 5022 sensiones
2466 4977 2840 5034 nascerentur,
2894 4967 3185 5024 concilium
3229 4969 3621 5034 Carthaginem
3650 4972 3679 5013 tt

2140 5060 2329 5116 statuit
2349 5076 2469 5116 can.
2500 5061 2535 5118 5
2561 5103 2577 5128 ,
2608 5072 2664 5116 ut
2693 5061 2929 5119 diteceses
2967 5078 3082 5133 quae
3118 5078 3398 5132 numquam
3436 5058 3678 5114 Itabe

2140 5154 2425 5225 episcopos,
2453 5169 2555 5207 non
2582 5152 2801 5207 habeant
2827 5169 2846 5208 :
2868 5163 2914 5210 et
2943 5153 3038 5209 illa
3067 5155 3295 5210 diaecesis
3313 5168 3424 5222 qua
3444 5144 3679 5220 aliqu

2141 5244 2355 5310 habuit,
2383 5245 2567 5299 habeat
2593 5246 2982 5314 proprium.....
3019 5246 3087 5301 Et
3115 5249 3160 5301 si
3187 5245 3449 5302 accedente
3472 5253 3675 5310 temporc.

2140 5350 2394 5393 crescente
2430 5337 2534 5409 [ide
2567 5338 2796 5409 populus
2825 5337 2925 5393 Dei
2963 5340 3338 5411 multiplicatus
3364 5329 3680 5392 desideraverit

2144 5431 2418 5501 proprium
2462 5430 2649 5487 habere
2666 5444 2915 5488 rectorem
2938 5474 2955 5498 ,
2998 5438 3109 5507 ejus
3138 5435 3367 5489 uidelicet
3394 5432 3619 5487 uoluntate
3636 5421 3679 5473 is

2141 5527 2292 5596 cujus
2326 5534 2575 5595 potestate
2600 5537 2675 5581 est
2700 5526 2930 5583 ditccesis
2955 5528 3261 5590 constituta,
3306 5526 3476 5580 habent
3516 5518 3673 5587 cpisco-

2141 5634 2286 5688 pum.
2312 5615 2429 5673 Non
2452 5625 2598 5674 vetat
2627 5619 2725 5673 ista
2758 5619 2843 5675 lex
2868 5635 2937 5676 ne
2959 5628 3235 5677 crescente
3257 5610 3677 5675 numeroiideiium

2146 5723 2318 5765 novus
2362 5710 2708 5781 episcopatus
2745 5708 3019 5781 erigatur,
3072 5711 3166 5767 sed
3206 5725 3276 5766 ne
3323 5708 3375 5763 id
3407 5704 3493 5761 ﬁat
3517 5700 3683 5757 nisis:

2141 5810 2408 5862 consensu
2452 5808 2508 5857 et
2557 5801 2833 5859 voluntate
2871 5800 3111 5874 episcOpi
3157 5801 3223 5859 ad
3264 5798 3414 5869 θυίυὸ
3442 5786 3676 5854 diocesi!!!
