  <div class='ocr_page' id='page_1' title='image "/cluster/home/n/w/nwhite01/storage/ocr_20150623/11/hvd.32044015471287/422.png"; bbox 0 0 3788 6318; ppageno 0'>
   <div class='ocr_carea' id='block_1_1' title="bbox 42 275 3299 352">
    <p class='ocr_par' dir='ltr' id='par_1_1' title="bbox 42 275 3299 352">
     <span class='ocr_line' id='line_1_1' title="bbox 42 275 3299 352; baseline -0.009 -1"><span class='ocrx_word' id='word_1_1' title='bbox 42 296 139 352; x_wconf 71' lang='lat' dir='ltr'><strong><em>sss</em></strong></span> <span class='ocrx_word' id='word_1_2' title='bbox 1137 280 1582 340; x_wconf 79' lang='lat' dir='ltr'><strong><em>GEOGRAPHIA</em></strong></span> <span class='ocrx_word' id='word_1_3' title='bbox 1621 278 1846 336; x_wconf 67' lang='lat' dir='ltr'><strong><em>saeua</em></strong></span> <span class='ocrx_word' id='word_1_4' title='bbox 1884 275 2182 334; x_wconf 66' lang='lat' dir='ltr'><strong><em>AFRICAS.</em></strong></span> <span class='ocrx_word' id='word_1_5' title='bbox 3191 276 3299 336; x_wconf 63' lang='grc' dir='ltr'><strong><em>εει</em></strong></span> 
     </span>
    </p>
   </div>
   <div class='ocr_carea' id='block_1_2' title="bbox 46 390 3300 480">
    <p class='ocr_par' dir='ltr' id='par_1_2' title="bbox 46 390 3300 480">
     <span class='ocr_line' id='line_1_2' title="bbox 46 390 3300 480; baseline -0.004 -19"><span class='ocrx_word' id='word_1_6' title='bbox 46 403 320 480; x_wconf 80' lang='lat' dir='ltr'><strong><em>pcrliucbal</em></strong></span> <span class='ocrx_word' id='word_1_7' title='bbox 356 400 501 455; x_wconf 89' lang='lat' dir='ltr'><strong><em>locus</em></strong></span> <span class='ocrx_word' id='word_1_8' title='bbox 533 398 624 468; x_wconf 85' lang='lat' dir='ltr'><strong><em>qui</em></strong></span> <span class='ocrx_word' id='word_1_9' title='bbox 662 398 727 453; x_wconf 89' lang='lat' dir='ltr'><strong><em>ad</em></strong></span> <span class='ocrx_word' id='word_1_10' title='bbox 756 397 900 454; x_wconf 85' lang='lat' dir='ltr'><strong><em>sedis</em></strong></span> <span class='ocrx_word' id='word_1_11' title='bbox 929 397 1249 468; x_wconf 81' lang='lat' dir='ltr'><strong><em>episcopalis</em></strong></span> <span class='ocrx_word' id='word_1_12' title='bbox 1279 398 1593 468; x_wconf 73' lang='lat' dir='ltr'><strong><em>dignitatem</em></strong></span> <span class='ocrx_word' id='word_1_13' title='bbox 1621 397 1670 458; x_wconf 75' lang='grc' dir='ltr'><strong>Α</strong></span> <span class='ocrx_word' id='word_1_14' title='bbox 1700 395 1835 449; x_wconf 90' lang='lat' dir='ltr'><strong><em>enim</em></strong></span> <span class='ocrx_word' id='word_1_15' title='bbox 1882 395 1928 449; x_wconf 93' lang='lat' dir='ltr'><strong><em>si</em></strong></span> <span class='ocrx_word' id='word_1_16' title='bbox 1973 392 2296 460; x_wconf 74' lang='lat' dir='ltr'><strong><em>concesserit,</em></strong></span> <span class='ocrx_word' id='word_1_17' title='bbox 2327 400 2380 445; x_wconf 90' lang='lat' dir='ltr'><strong><em>ut</em></strong></span> <span class='ocrx_word' id='word_1_18' title='bbox 2408 392 2585 447; x_wconf 78' lang='lat' dir='ltr'><strong><em>eodeni</em></strong></span> <span class='ocrx_word' id='word_1_19' title='bbox 2622 390 2853 448; x_wconf 79' lang='lat' dir='ltr'><strong><em>diwcesis</em></strong></span> <span class='ocrx_word' id='word_1_20' title='bbox 2880 392 3133 465; x_wconf 86' lang='lat' dir='ltr'><strong><em>permissa</em></strong></span> <span class='ocrx_word' id='word_1_21' title='bbox 3176 410 3300 461; x_wconf 86' lang='lat' dir='ltr'><strong><em>pro-</em></strong></span> 
     </span>
    </p>
   </div>
   <div class='ocr_carea' id='block_1_3' title="bbox 45 484 3327 562">
    <p class='ocr_par' dir='ltr' id='par_1_3' title="bbox 45 484 3327 562">
     <span class='ocr_line' id='line_1_3' title="bbox 45 484 3327 562; baseline -0.004 -10"><span class='ocrx_word' id='word_1_22' title='bbox 45 502 284 557; x_wconf 77' lang='lat' dir='ltr'><strong><em>evehitur.</em></strong></span> <span class='ocrx_word' id='word_1_23' title='bbox 311 492 366 550; x_wconf 83' lang='lat' dir='ltr'><strong><em>In</em></strong></span> <span class='ocrx_word' id='word_1_24' title='bbox 395 491 626 547; x_wconf 88' lang='lat' dir='ltr'><strong><em>concilio</em></strong></span> <span class='ocrx_word' id='word_1_25' title='bbox 672 492 1080 562; x_wconf 62' lang='lat' dir='ltr'><strong><em>Carthaginiensi</em></strong></span> <span class='ocrx_word' id='word_1_26' title='bbox 1127 492 1253 544; x_wconf 77' lang='lat' dir='ltr'><strong><em>anni</em></strong></span> <span class='ocrx_word' id='word_1_27' title='bbox 1317 491 1455 557; x_wconf 65' lang='lat' dir='ltr'><strong><em>A97,</em></strong></span> <span class='ocrx_word' id='word_1_28' title='bbox 1506 506 1596 544; x_wconf 80' lang='lat' dir='ltr'><strong><em>cn-</em></strong></span> <span class='ocrx_word' id='word_1_29' title='bbox 1703 486 1869 554; x_wconf 82' lang='lat' dir='ltr'><strong><em>prium</em></strong></span> <span class='ocrx_word' id='word_1_30' title='bbox 1902 494 2096 538; x_wconf 88' lang='lat' dir='ltr'><strong><em>tantum</em></strong></span> <span class='ocrx_word' id='word_1_31' title='bbox 2135 485 2431 556; x_wconf 78' lang='lat' dir='ltr'><strong><em>episcopum</em></strong></span> <span class='ocrx_word' id='word_1_32' title='bbox 2465 484 2665 549; x_wconf 81' lang='lat' dir='ltr'><strong><em>habeat,</em></strong></span> <span class='ocrx_word' id='word_1_33' title='bbox 2689 494 2898 540; x_wconf 80' lang='lat' dir='ltr'><strong><em>eceteras</em></strong></span> <span class='ocrx_word' id='word_1_34' title='bbox 2927 484 3023 541; x_wconf 89' lang='lat' dir='ltr'><strong><em>sibi</em></strong></span> <span class='ocrx_word' id='word_1_35' title='bbox 3059 501 3163 540; x_wconf 88' lang='lat' dir='ltr'><strong><em>non</em></strong></span> <span class='ocrx_word' id='word_1_36' title='bbox 3213 488 3327 540; x_wconf 87' lang='lat' dir='ltr'><strong><em>vin-</em></strong></span> 
     </span>
    </p>
   </div>
   <div class='ocr_carea' id='block_1_4' title="bbox 45 576 3301 654">
    <p class='ocr_par' dir='ltr' id='par_1_4' title="bbox 45 576 3301 654">
     <span class='ocr_line' id='line_1_4' title="bbox 45 576 3301 654; baseline -0.005 -6"><span class='ocrx_word' id='word_1_37' title='bbox 45 605 170 648; x_wconf 84' lang='lat' dir='ltr'><strong><em>none</em></strong></span> <span class='ocrx_word' id='word_1_38' title='bbox 189 588 254 645; x_wconf 72' lang='grc' dir='ltr'>ὃὸ</span> <span class='ocrx_word' id='word_1_39' title='bbox 274 583 400 641; x_wconf 85' lang='lat' dir='ltr'><strong><em>Cod.</em></strong></span> <span class='ocrx_word' id='word_1_40' title='bbox 420 581 586 639; x_wconf 79' lang='lat' dir='ltr'><strong><em>Alric.</em></strong></span> <span class='ocrx_word' id='word_1_41' title='bbox 615 592 944 654; x_wconf 73' lang='lat' dir='ltr'><strong><em>conquestus</em></strong></span> <span class='ocrx_word' id='word_1_42' title='bbox 970 591 1056 638; x_wconf 83' lang='lat' dir='ltr'><strong><em>est</em></strong></span> <span class='ocrx_word' id='word_1_43' title='bbox 1087 582 1379 654; x_wconf 85' lang='lat' dir='ltr'><strong><em>Epigonins</em></strong></span> <span class='ocrx_word' id='word_1_44' title='bbox 1405 600 1418 635; x_wconf 89' lang='lat'><strong>:</strong></span> <span class='ocrx_word' id='word_1_45' title='bbox 1448 582 1600 649; x_wconf 83' lang='lat' dir='ltr'><strong><em>Quod</em></strong></span> <span class='ocrx_word' id='word_1_46' title='bbox 1702 576 1835 631; x_wconf 81' lang='lat' dir='ltr'><strong><em>dicet</em></strong></span> <span class='ocrx_word' id='word_1_47' title='bbox 1860 576 2097 631; x_wconf 71' lang='lat' dir='ltr'><strong><em>dimceses</em></strong></span> <span class='ocrx_word' id='word_1_48' title='bbox 2118 619 2133 642; x_wconf 91' lang='lat'><strong><em>,</em></strong></span> <span class='ocrx_word' id='word_1_49' title='bbox 2164 578 2285 647; x_wconf 97' lang='lat' dir='ltr'><strong><em>quia</em></strong></span> <span class='ocrx_word' id='word_1_50' title='bbox 2311 587 2547 648; x_wconf 78' lang='lat' dir='ltr'><strong><em>exempta</em></strong></span> <span class='ocrx_word' id='word_1_51' title='bbox 2595 578 2658 632; x_wconf 91' lang='lat' dir='ltr'><strong><em>de</em></strong></span> <span class='ocrx_word' id='word_1_52' title='bbox 2698 582 2840 649; x_wconf 83' lang='lat' dir='ltr'><strong><em>fasce</em></strong></span> <span class='ocrx_word' id='word_1_53' title='bbox 2868 580 3152 635; x_wconf 83' lang='lat' dir='ltr'><strong><em>multarunt</em></strong></span> <span class='ocrx_word' id='word_1_54' title='bbox 3186 579 3301 634; x_wconf 85' lang='lat' dir='ltr'><strong><em>sola</em></strong></span> 
     </span>
    </p>
   </div>
   <div class='ocr_carea' id='block_1_5' title="bbox 44 671 3300 755">
    <p class='ocr_par' dir='ltr' id='par_1_5' title="bbox 44 671 3300 755">
     <span class='ocr_line' id='line_1_5' title="bbox 44 671 3300 755; baseline -0.002 -20"><span class='ocrx_word' id='word_1_55' title='bbox 44 680 251 755; x_wconf 79' lang='lat' dir='ltr'><strong><em>quamvis</em></strong></span> <span class='ocrx_word' id='word_1_56' title='bbox 276 676 444 730; x_wconf 88' lang='lat' dir='ltr'><strong><em>multis</em></strong></span> <span class='ocrx_word' id='word_1_57' title='bbox 480 675 534 727; x_wconf 92' lang='lat' dir='ltr'><strong><em>in</em></strong></span> <span class='ocrx_word' id='word_1_58' title='bbox 580 674 814 729; x_wconf 84' lang='lat' dir='ltr'><strong><em>conciliis</em></strong></span> <span class='ocrx_word' id='word_1_59' title='bbox 840 685 1085 730; x_wconf 77' lang='lat' dir='ltr'><strong><em>statutum</em></strong></span> <span class='ocrx_word' id='word_1_60' title='bbox 1113 676 1270 744; x_wconf 89' lang='lat' dir='ltr'><strong><em>fuerit</em></strong></span> <span class='ocrx_word' id='word_1_61' title='bbox 1303 691 1334 728; x_wconf 92' lang='lat' dir='ltr'><strong><em>a</em></strong></span> <span class='ocrx_word' id='word_1_62' title='bbox 1360 684 1488 729; x_wconf 79' lang='lat' dir='ltr'><strong><em>ctetu</em></strong></span> <span class='ocrx_word' id='word_1_63' title='bbox 1513 691 1599 728; x_wconf 82' lang='lat' dir='ltr'><strong><em>sa-</em></strong></span> <span class='ocrx_word' id='word_1_64' title='bbox 1702 673 1887 727; x_wconf 88' lang='lat' dir='ltr'><strong><em>meruit</em></strong></span> <span class='ocrx_word' id='word_1_65' title='bbox 1934 671 2179 726; x_wconf 81' lang='lat' dir='ltr'><strong><em>honorem</em></strong></span> <span class='ocrx_word' id='word_1_66' title='bbox 2222 672 2542 745; x_wconf 89' lang='lat' dir='ltr'><strong><em>episcopatus</em></strong></span> <span class='ocrx_word' id='word_1_67' title='bbox 2577 674 2852 745; x_wconf 89' lang='lat' dir='ltr'><strong><em>suscipere.</em></strong></span> <span class='ocrx_word' id='word_1_68' title='bbox 2902 673 3146 729; x_wconf 78' lang='lat' dir='ltr'><strong><em>Aurelius</em></strong></span> <span class='ocrx_word' id='word_1_69' title='bbox 3186 676 3300 739; x_wconf 78' lang='lat' dir='ltr'><strong><em>epi-</em></strong></span> 
     </span>
    </p>
   </div>
   <div class='ocr_carea' id='block_1_6' title="bbox 46 763 3301 839">
    <p class='ocr_par' dir='ltr' id='par_1_6' title="bbox 46 763 3301 839">
     <span class='ocr_line' id='line_1_6' title="bbox 46 763 3301 839; baseline -0.003 -10"><span class='ocrx_word' id='word_1_70' title='bbox 46 771 288 836; x_wconf 87' lang='lat' dir='ltr'><strong><em>cerdotali,</em></strong></span> <span class='ocrx_word' id='word_1_71' title='bbox 310 778 365 823; x_wconf 85' lang='lat' dir='ltr'><strong><em>ut</em></strong></span> <span class='ocrx_word' id='word_1_72' title='bbox 388 766 557 838; x_wconf 79' lang='lat' dir='ltr'><strong><em>plebes</em></strong></span> <span class='ocrx_word' id='word_1_73' title='bbox 581 783 696 839; x_wconf 72' lang='lat' dir='ltr'><strong><em>qua:</em></strong></span> <span class='ocrx_word' id='word_1_74' title='bbox 720 769 774 821; x_wconf 90' lang='lat' dir='ltr'><strong><em>in</em></strong></span> <span class='ocrx_word' id='word_1_75' title='bbox 803 767 1101 823; x_wconf 70' lang='lat' dir='ltr'><strong><em>diceesibus</em></strong></span> <span class='ocrx_word' id='word_1_76' title='bbox 1145 767 1208 820; x_wconf 89' lang='lat' dir='ltr'><strong><em>ab</em></strong></span> <span class='ocrx_word' id='word_1_77' title='bbox 1235 768 1488 838; x_wconf 78' lang='lat' dir='ltr'><strong><em>episcOpis</em></strong></span> <span class='ocrx_word' id='word_1_78' title='bbox 1516 783 1602 823; x_wconf 84' lang='lat' dir='ltr'><strong><em>re-</em></strong></span> <span class='ocrx_word' id='word_1_79' title='bbox 1703 781 1888 838; x_wconf 82' lang='lat' dir='ltr'><strong><em>scapus</em></strong></span> <span class='ocrx_word' id='word_1_80' title='bbox 1907 764 2039 821; x_wconf 78' lang='lat' dir='ltr'><strong><em>dixit</em></strong></span> <span class='ocrx_word' id='word_1_81' title='bbox 2065 781 2084 820; x_wconf 90' lang='lat'><strong><em>:</em></strong></span> <span class='ocrx_word' id='word_1_82' title='bbox 2105 763 2227 820; x_wconf 89' lang='lat' dir='ltr'><strong><em>Non</em></strong></span> <span class='ocrx_word' id='word_1_83' title='bbox 2256 763 2434 820; x_wconf 86' lang='lat' dir='ltr'><strong><em>dubito</em></strong></span> <span class='ocrx_word' id='word_1_84' title='bbox 2460 766 2699 821; x_wconf 88' lang='lat' dir='ltr'><strong><em>charitati</em></strong></span> <span class='ocrx_word' id='word_1_85' title='bbox 2725 776 2903 820; x_wconf 70' lang='lat' dir='ltr'><strong><em>vestrae</em></strong></span> <span class='ocrx_word' id='word_1_86' title='bbox 2926 768 3157 821; x_wconf 86' lang='lat' dir='ltr'><strong><em>omnium</em></strong></span> <span class='ocrx_word' id='word_1_87' title='bbox 3186 766 3301 839; x_wconf 86' lang='lat' dir='ltr'><strong><em>pla-</em></strong></span> 
     </span>
    </p>
   </div>
   <div class='ocr_carea' id='block_1_7' title="bbox 47 858 3306 932">
    <p class='ocr_par' dir='ltr' id='par_1_7' title="bbox 47 858 3306 932">
     <span class='ocr_line' id='line_1_7' title="bbox 47 858 3306 932; baseline -0.002 -12"><span class='ocrx_word' id='word_1_88' title='bbox 47 867 274 930; x_wconf 85' lang='lat' dir='ltr'><strong><em>tincntur,</em></strong></span> <span class='ocrx_word' id='word_1_89' title='bbox 302 876 412 932; x_wconf 69' lang='lat' dir='ltr'><strong><em>quae</em></strong></span> <span class='ocrx_word' id='word_1_90' title='bbox 434 862 699 931; x_wconf 73' lang='lat' dir='ltr'><strong><em>episcopos</em></strong></span> <span class='ocrx_word' id='word_1_91' title='bbox 732 876 1008 928; x_wconf 79' lang='lat' dir='ltr'><strong><em>numquam</em></strong></span> <span class='ocrx_word' id='word_1_92' title='bbox 1054 859 1372 925; x_wconf 83' lang='lat' dir='ltr'><strong><em>habuerunt,</em></strong></span> <span class='ocrx_word' id='word_1_93' title='bbox 1402 858 1606 913; x_wconf 82' lang='lat' dir='ltr'><strong><em>nonnisi</em></strong></span> <span class='ocrx_word' id='word_1_94' title='bbox 1712 872 1848 924; x_wconf 88' lang='lat' dir='ltr'><strong><em>cere,</em></strong></span> <span class='ocrx_word' id='word_1_95' title='bbox 1899 875 2032 925; x_wconf 90' lang='lat' dir='ltr'><strong><em>eum,</em></strong></span> <span class='ocrx_word' id='word_1_96' title='bbox 2077 858 2167 926; x_wconf 86' lang='lat' dir='ltr'><strong><em>qui</em></strong></span> <span class='ocrx_word' id='word_1_97' title='bbox 2212 858 2264 911; x_wconf 91' lang='lat' dir='ltr'><strong><em>in</em></strong></span> <span class='ocrx_word' id='word_1_98' title='bbox 2308 858 2510 913; x_wconf 74' lang='lat' dir='ltr'><strong><em>dioecesi</em></strong></span> <span class='ocrx_word' id='word_1_99' title='bbox 2556 858 2863 912; x_wconf 84' lang='lat' dir='ltr'><strong><em>concedente</em></strong></span> <span class='ocrx_word' id='word_1_100' title='bbox 2900 858 3163 930; x_wconf 86' lang='lat' dir='ltr'><strong><em>episcopo,</em></strong></span> <span class='ocrx_word' id='word_1_101' title='bbox 3217 858 3306 929; x_wconf 85' lang='lat' dir='ltr'><strong><em>qui</em></strong></span> 
     </span>
    </p>
   </div>
   <div class='ocr_carea' id='block_1_8' title="bbox 47 948 3309 1028">
    <p class='ocr_par' dir='ltr' id='par_1_8' title="bbox 47 948 3309 1028">
     <span class='ocr_line' id='line_1_8' title="bbox 47 948 3309 1028; baseline -0.004 -13"><span class='ocrx_word' id='word_1_102' title='bbox 47 976 147 1015; x_wconf 86' lang='lat' dir='ltr'><strong><em>cum</em></strong></span> <span class='ocrx_word' id='word_1_103' title='bbox 183 959 431 1013; x_wconf 86' lang='lat' dir='ltr'><strong><em>voluntate</em></strong></span> <span class='ocrx_word' id='word_1_104' title='bbox 468 957 580 1028; x_wconf 82' lang='lat' dir='ltr'><strong><em>ejus</em></strong></span> <span class='ocrx_word' id='word_1_105' title='bbox 607 954 837 1025; x_wconf 80' lang='lat' dir='ltr'><strong><em>episcopi</em></strong></span> <span class='ocrx_word' id='word_1_106' title='bbox 880 972 910 1006; x_wconf 93' lang='lat' dir='ltr'><strong><em>a</em></strong></span> <span class='ocrx_word' id='word_1_107' title='bbox 952 970 1055 1024; x_wconf 86' lang='lat' dir='ltr'><strong><em>quo</em></strong></span> <span class='ocrx_word' id='word_1_108' title='bbox 1081 961 1336 1019; x_wconf 88' lang='lat' dir='ltr'><strong><em>tenentur,</em></strong></span> <span class='ocrx_word' id='word_1_109' title='bbox 1368 953 1607 1024; x_wconf 85' lang='lat' dir='ltr'><strong><em>proprios</em></strong></span> <span class='ocrx_word' id='word_1_110' title='bbox 1708 950 1972 1005; x_wconf 86' lang='lat' dir='ltr'><strong><em>matricem</em></strong></span> <span class='ocrx_word' id='word_1_111' title='bbox 2018 951 2200 1015; x_wconf 78' lang='lat' dir='ltr'><strong><em>tenuit,</em></strong></span> <span class='ocrx_word' id='word_1_112' title='bbox 2244 949 2410 1003; x_wconf 91' lang='lat' dir='ltr'><strong><em>solam</em></strong></span> <span class='ocrx_word' id='word_1_113' title='bbox 2447 948 2678 1005; x_wconf 87' lang='lat' dir='ltr'><strong><em>eamdem</em></strong></span> <span class='ocrx_word' id='word_1_114' title='bbox 2723 949 2942 1003; x_wconf 85' lang='lat' dir='ltr'><strong><em>retinere</em></strong></span> <span class='ocrx_word' id='word_1_115' title='bbox 2992 949 3204 1021; x_wconf 84' lang='lat' dir='ltr'><strong><em>plebem,</em></strong></span> <span class='ocrx_word' id='word_1_116' title='bbox 3252 948 3309 1003; x_wconf 89' lang='lat' dir='ltr'><strong><em>in</em></strong></span> 
     </span>
    </p>
   </div>
   <div class='ocr_carea' id='block_1_9' title="bbox 48 1040 3304 1126">
    <p class='ocr_par' dir='ltr' id='par_1_9' title="bbox 48 1040 3304 1126">
     <span class='ocr_line' id='line_1_9' title="bbox 48 1040 3304 1126; baseline -0.004 -16"><span class='ocrx_word' id='word_1_117' title='bbox 48 1054 273 1126; x_wconf 86' lang='lat' dir='ltr'><strong><em>accipiant</em></strong></span> <span class='ocrx_word' id='word_1_118' title='bbox 315 1058 530 1104; x_wconf 88' lang='lat' dir='ltr'><strong><em>rectores</em></strong></span> <span class='ocrx_word' id='word_1_119' title='bbox 569 1050 858 1120; x_wconf 80' lang='lat' dir='ltr'><strong><em>episcopos.</em></strong></span> <span class='ocrx_word' id='word_1_120' title='bbox 899 1046 1135 1101; x_wconf 86' lang='lat' dir='ltr'><strong><em>Attamen</em></strong></span> <span class='ocrx_word' id='word_1_121' title='bbox 1172 1045 1411 1100; x_wconf 79' lang='lat' dir='ltr'><strong><em>nonnulli</em></strong></span> <span class='ocrx_word' id='word_1_122' title='bbox 1439 1045 1609 1100; x_wconf 84' lang='lat' dir='ltr'><strong><em>donti-</em></strong></span> <span class='ocrx_word' id='word_1_123' title='bbox 1709 1062 1810 1113; x_wconf 89' lang='lat' dir='ltr'><strong><em>qua</em></strong></span> <span class='ocrx_word' id='word_1_124' title='bbox 1838 1046 2009 1116; x_wconf 88' lang='lat' dir='ltr'><strong><em>fuerat</em></strong></span> <span class='ocrx_word' id='word_1_125' title='bbox 2037 1044 2325 1099; x_wconf 87' lang='lat' dir='ltr'><strong><em>ordinatus.</em></strong></span> <span class='ocrx_word' id='word_1_126' title='bbox 2377 1040 2634 1110; x_wconf 82' lang='lat' dir='ltr'><strong><em>Quoniam</em></strong></span> <span class='ocrx_word' id='word_1_127' title='bbox 2683 1043 2839 1114; x_wconf 90' lang='lat' dir='ltr'><strong><em>igitur</em></strong></span> <span class='ocrx_word' id='word_1_128' title='bbox 2884 1045 3125 1126; x_wconf 73' lang='lat' dir='ltr'><strong><em>universa</em></strong></span> <span class='ocrx_word' id='word_1_129' title='bbox 3165 1042 3304 1098; x_wconf 86' lang='lat' dir='ltr'><strong><em>arbi-</em></strong></span> 
     </span>
    </p>
   </div>
   <div class='ocr_carea' id='block_1_10' title="bbox 48 1120 3303 1217">
    <p class='ocr_par' dir='ltr' id='par_1_10' title="bbox 48 1120 3303 1217">
     <span class='ocr_line' id='line_1_10' title="bbox 48 1120 3303 1217; baseline -0.002 -16"><span class='ocrx_word' id='word_1_130' title='bbox 48 1120 155 1203; x_wconf 75' lang='lat' dir='ltr'><strong><em>tratu</em></strong></span> <span class='ocrx_word' id='word_1_131' title='bbox 179 1142 391 1217; x_wconf 86' lang='lat' dir='ltr'><strong><em>quodam</em></strong></span> <span class='ocrx_word' id='word_1_132' title='bbox 413 1141 597 1212; x_wconf 82' lang='lat' dir='ltr'><strong><em>adepto</em></strong></span> <span class='ocrx_word' id='word_1_133' title='bbox 628 1141 1034 1195; x_wconf 82' lang='lat' dir='ltr'><strong><em>communionem</em></strong></span> <span class='ocrx_word' id='word_1_134' title='bbox 1060 1144 1280 1210; x_wconf 84' lang='lat' dir='ltr'><strong><em>fratrum</em></strong></span> <span class='ocrx_word' id='word_1_135' title='bbox 1309 1128 1607 1203; x_wconf 78' lang='lat' dir='ltr'><strong><em>abhorrent,</em></strong></span> <span class='ocrx_word' id='word_1_136' title='bbox 1712 1149 1821 1194; x_wconf 91' lang='lat' dir='ltr'><strong><em>tror</em></strong></span> <span class='ocrx_word' id='word_1_137' title='bbox 1848 1139 2008 1211; x_wconf 87' lang='lat' dir='ltr'><strong><em>fuisse</em></strong></span> <span class='ocrx_word' id='word_1_138' title='bbox 2038 1148 2261 1195; x_wconf 86' lang='lat' dir='ltr'><strong><em>tractata</em></strong></span> <span class='ocrx_word' id='word_1_139' title='bbox 2278 1180 2294 1205; x_wconf 89' lang='lat'><strong><em>,</em></strong></span> <span class='ocrx_word' id='word_1_140' title='bbox 2327 1139 2372 1193; x_wconf 92' lang='lat' dir='ltr'><strong><em>si</em></strong></span> <span class='ocrx_word' id='word_1_141' title='bbox 2397 1138 2570 1193; x_wconf 89' lang='lat' dir='ltr'><strong><em>omnia</em></strong></span> <span class='ocrx_word' id='word_1_142' title='bbox 2596 1154 2710 1191; x_wconf 89' lang='lat' dir='ltr'><strong><em>cum</em></strong></span> <span class='ocrx_word' id='word_1_143' title='bbox 2739 1120 3103 1193; x_wconf 57' lang='lat' dir='ltr'><strong><em>animtfvestro</em></strong></span> <span class='ocrx_word' id='word_1_144' title='bbox 3128 1155 3303 1194; x_wconf 63' lang='lat' dir='ltr'><strong><em>convev</em></strong></span> 
     </span>
    </p>
   </div>
   <div class='ocr_carea' id='block_1_11' title="bbox 49 1230 3313 1306">
    <p class='ocr_par' dir='ltr' id='par_1_11' title="bbox 49 1230 3313 1306">
     <span class='ocr_line' id='line_1_11' title="bbox 49 1230 3313 1306; baseline -0.002 -12"><span class='ocrx_word' id='word_1_145' title='bbox 49 1239 116 1295; x_wconf 75' lang='lat' dir='ltr'><strong><em>vel</em></strong></span> <span class='ocrx_word' id='word_1_146' title='bbox 134 1246 273 1304; x_wconf 82' lang='lat' dir='ltr'><strong><em>certe,</em></strong></span> <span class='ocrx_word' id='word_1_147' title='bbox 307 1252 418 1290; x_wconf 88' lang='lat' dir='ltr'><strong><em>cum</em></strong></span> <span class='ocrx_word' id='word_1_148' title='bbox 444 1234 707 1306; x_wconf 78' lang='lat' dir='ltr'><strong><em>depravati</em></strong></span> <span class='ocrx_word' id='word_1_149' title='bbox 742 1234 954 1303; x_wconf 86' lang='lat' dir='ltr'><strong><em>fuerint,</em></strong></span> <span class='ocrx_word' id='word_1_150' title='bbox 981 1234 1126 1305; x_wconf 85' lang='lat' dir='ltr'><strong><em>quasi</em></strong></span> <span class='ocrx_word' id='word_1_151' title='bbox 1156 1233 1210 1287; x_wconf 91' lang='lat' dir='ltr'><strong><em>in</em></strong></span> <span class='ocrx_word' id='word_1_152' title='bbox 1238 1231 1461 1301; x_wconf 89' lang='lat' dir='ltr'><strong><em>quadam</em></strong></span> <span class='ocrx_word' id='word_1_153' title='bbox 1496 1248 1611 1285; x_wconf 87' lang='lat' dir='ltr'><strong><em>arce</em></strong></span> <span class='ocrx_word' id='word_1_154' title='bbox 1713 1245 1929 1300; x_wconf 89' lang='lat' dir='ltr'><strong><em>nerunt,</em></strong></span> <span class='ocrx_word' id='word_1_155' title='bbox 1951 1250 2185 1288; x_wconf 88' lang='lat' dir='ltr'><strong><em>sermone</em></strong></span> <span class='ocrx_word' id='word_1_156' title='bbox 2213 1245 2377 1288; x_wconf 85' lang='lat' dir='ltr'><strong><em>vestro</em></strong></span> <span class='ocrx_word' id='word_1_157' title='bbox 2413 1242 2598 1287; x_wconf 87' lang='lat' dir='ltr'><strong><em>cuncta</em></strong></span> <span class='ocrx_word' id='word_1_158' title='bbox 2624 1230 2882 1286; x_wconf 89' lang='lat' dir='ltr'><strong><em>roborate.</em></strong></span> <span class='ocrx_word' id='word_1_159' title='bbox 2932 1231 3170 1288; x_wconf 69' lang='lat' dir='ltr'><strong><em>Universi</em></strong></span> <span class='ocrx_word' id='word_1_160' title='bbox 3205 1232 3313 1303; x_wconf 89' lang='lat' dir='ltr'><strong><em>epi-</em></strong></span> 
     </span>
    </p>
   </div>
   <div class='ocr_carea' id='block_1_12' title="bbox 48 1324 3316 1405">
    <p class='ocr_par' dir='ltr' id='par_1_12' title="bbox 48 1324 3316 1405">
     <span class='ocr_line' id='line_1_12' title="bbox 48 1324 3316 1405; baseline -0.003 -18"><span class='ocrx_word' id='word_1_161' title='bbox 48 1331 292 1405; x_wconf 84' lang='lat' dir='ltr'><strong><em>tyraunica</em></strong></span> <span class='ocrx_word' id='word_1_162' title='bbox 319 1327 413 1381; x_wconf 85' lang='lat' dir='ltr'><strong><em>sibi</em></strong></span> <span class='ocrx_word' id='word_1_163' title='bbox 438 1327 755 1381; x_wconf 87' lang='lat' dir='ltr'><strong><em>dominatum</em></strong></span> <span class='ocrx_word' id='word_1_164' title='bbox 803 1327 1086 1389; x_wconf 80' lang='lat' dir='ltr'><strong><em>vindicant,</em></strong></span> <span class='ocrx_word' id='word_1_165' title='bbox 1120 1336 1167 1380; x_wconf 90' lang='lat' dir='ltr'><strong><em>et</em></strong></span> <span class='ocrx_word' id='word_1_166' title='bbox 1203 1325 1388 1380; x_wconf 89' lang='lat' dir='ltr'><strong><em>tumidi</em></strong></span> <span class='ocrx_word' id='word_1_167' title='bbox 1420 1340 1480 1378; x_wconf 86' lang='lat' dir='ltr'><strong><em>ac</em></strong></span> <span class='ocrx_word' id='word_1_168' title='bbox 1510 1332 1612 1378; x_wconf 85' lang='lat' dir='ltr'><strong><em>sto-</em></strong></span> <span class='ocrx_word' id='word_1_169' title='bbox 1715 1328 1860 1399; x_wconf 82' lang='lat' dir='ltr'><strong><em>scopi</em></strong></span> <span class='ocrx_word' id='word_1_170' title='bbox 1886 1327 2128 1382; x_wconf 67' lang='lat' dir='ltr'><strong><em>dixerunt</em></strong></span> <span class='ocrx_word' id='word_1_171' title='bbox 2158 1343 2177 1382; x_wconf 91' lang='lat'><strong><em>:</em></strong></span> <span class='ocrx_word' id='word_1_172' title='bbox 2204 1325 2391 1382; x_wconf 83' lang='lat' dir='ltr'><strong><em>Omnia</em></strong></span> <span class='ocrx_word' id='word_1_173' title='bbox 2432 1326 2579 1381; x_wconf 88' lang='lat' dir='ltr'><strong><em>nobis</em></strong></span> <span class='ocrx_word' id='word_1_174' title='bbox 2624 1326 2731 1381; x_wconf 75' lang='lat' dir='ltr'><strong><em>lucc</em></strong></span> <span class='ocrx_word' id='word_1_175' title='bbox 2759 1328 3100 1399; x_wconf 88' lang='lat' dir='ltr'><strong><em>placuerunt,</em></strong></span> <span class='ocrx_word' id='word_1_176' title='bbox 3133 1335 3178 1381; x_wconf 89' lang='lat' dir='ltr'><strong><em>et</em></strong></span> <span class='ocrx_word' id='word_1_177' title='bbox 3204 1324 3316 1381; x_wconf 70' lang='lat' dir='ltr'><strong><em>haec</em></strong></span> 
     </span>
    </p>
   </div>
   <div class='ocr_carea' id='block_1_13' title="bbox 50 1417 3315 1491">
    <p class='ocr_par' dir='ltr' id='par_1_13' title="bbox 50 1417 3315 1491">
     <span class='ocr_line' id='line_1_13' title="bbox 50 1417 3315 1491; baseline -0.002 -11"><span class='ocrx_word' id='word_1_178' title='bbox 50 1424 133 1481; x_wconf 86' lang='lat' dir='ltr'><strong><em>lidi</em></strong></span> <span class='ocrx_word' id='word_1_179' title='bbox 156 1422 386 1478; x_wconf 85' lang='lat' dir='ltr'><strong><em>adversus</em></strong></span> <span class='ocrx_word' id='word_1_180' title='bbox 414 1420 712 1491; x_wconf 79' lang='lat' dir='ltr'><strong><em>episcOpum</em></strong></span> <span class='ocrx_word' id='word_1_181' title='bbox 747 1435 868 1474; x_wconf 90' lang='lat' dir='ltr'><strong><em>suas</em></strong></span> <span class='ocrx_word' id='word_1_182' title='bbox 902 1420 1118 1474; x_wconf 85' lang='lat' dir='ltr'><strong><em>cervices</em></strong></span> <span class='ocrx_word' id='word_1_183' title='bbox 1146 1418 1374 1490; x_wconf 87' lang='lat' dir='ltr'><strong><em>erigunt,</em></strong></span> <span class='ocrx_word' id='word_1_184' title='bbox 1396 1417 1473 1473; x_wconf 85' lang='lat' dir='ltr'><strong><em>vel</em></strong></span> <span class='ocrx_word' id='word_1_185' title='bbox 1493 1433 1616 1471; x_wconf 90' lang='lat' dir='ltr'><strong><em>con-</em></strong></span> <span class='ocrx_word' id='word_1_186' title='bbox 1717 1429 1893 1474; x_wconf 86' lang='lat' dir='ltr'><strong><em>nostra</em></strong></span> <span class='ocrx_word' id='word_1_187' title='bbox 1933 1419 2306 1491; x_wconf 82' lang='lat' dir='ltr'><strong><em>subscriptione</em></strong></span> <span class='ocrx_word' id='word_1_188' title='bbox 2355 1419 2673 1489; x_wconf 83' lang='lat' dir='ltr'><strong><em>firmavimus</em></strong></span> <span class='ocrx_word' id='word_1_189' title='bbox 2698 1461 2714 1485; x_wconf 92' lang='lat'><strong><em>,</em></strong></span> <span class='ocrx_word' id='word_1_190' title='bbox 2778 1428 2827 1472; x_wconf 88' lang='lat' dir='ltr'><strong><em>et</em></strong></span> <span class='ocrx_word' id='word_1_191' title='bbox 2880 1418 3315 1490; x_wconf 85' lang='lat' dir='ltr'><strong><em>subscripserunt.</em></strong></span> 
     </span>
    </p>
   </div>
   <div class='ocr_carea' id='block_1_14' title="bbox 50 1510 3315 1588">
    <p class='ocr_par' dir='ltr' id='par_1_14' title="bbox 50 1510 3315 1588">
     <span class='ocr_line' id='line_1_14' title="bbox 50 1510 3315 1588; baseline -0.001 -16"><span class='ocrx_word' id='word_1_192' title='bbox 50 1518 177 1573; x_wconf 81' lang='lat' dir='ltr'><strong><em>viciis</em></strong></span> <span class='ocrx_word' id='word_1_193' title='bbox 202 1513 297 1570; x_wconf 82' lang='lat' dir='ltr'><strong><em>sibi</em></strong></span> <span class='ocrx_word' id='word_1_194' title='bbox 320 1512 683 1567; x_wconf 83' lang='lat' dir='ltr'><strong><em>concinnantes</em></strong></span> <span class='ocrx_word' id='word_1_195' title='bbox 713 1510 940 1579; x_wconf 81' lang='lat' dir='ltr'><strong><em>plebem,</em></strong></span> <span class='ocrx_word' id='word_1_196' title='bbox 970 1513 1048 1567; x_wconf 81' lang='lat' dir='ltr'><strong><em>vel</em></strong></span> <span class='ocrx_word' id='word_1_197' title='bbox 1090 1527 1337 1581; x_wconf 84' lang='lat' dir='ltr'><strong><em>persuasu</em></strong></span> <span class='ocrx_word' id='word_1_198' title='bbox 1388 1511 1616 1582; x_wconf 89' lang='lat' dir='ltr'><strong><em>maligno</em></strong></span> <span class='ocrx_word' id='word_1_199' title='bbox 1719 1514 1959 1569; x_wconf 77' lang='lat' dir='ltr'><strong><em>Aurelius</em></strong></span> <span class='ocrx_word' id='word_1_200' title='bbox 1994 1516 2264 1588; x_wconf 88' lang='lat' dir='ltr'><strong><em>episcopus</em></strong></span> <span class='ocrx_word' id='word_1_201' title='bbox 2304 1513 2551 1570; x_wconf 74' lang='lat' dir='ltr'><strong><em>Ecclesia:</em></strong></span> <span class='ocrx_word' id='word_1_202' title='bbox 2593 1513 3011 1586; x_wconf 87' lang='lat' dir='ltr'><strong><em>Carthaginensis</em></strong></span> <span class='ocrx_word' id='word_1_203' title='bbox 3061 1514 3178 1569; x_wconf 90' lang='lat' dir='ltr'><strong><em>huic</em></strong></span> <span class='ocrx_word' id='word_1_204' title='bbox 3223 1514 3315 1570; x_wconf 64' lang='lat' dir='ltr'><strong><em>deo</em></strong></span> 
     </span>
    </p>
   </div>
   <div class='ocr_carea' id='block_1_15' title="bbox 50 1605 3319 1683">
    <p class='ocr_par' dir='ltr' id='par_1_15' title="bbox 50 1605 3319 1683">
     <span class='ocr_line' id='line_1_15' title="bbox 50 1605 3319 1683; baseline -0.001 -16"><span class='ocrx_word' id='word_1_205' title='bbox 50 1624 90 1667; x_wconf 89' lang='lat' dir='ltr'><strong><em>et</em></strong></span> <span class='ocrx_word' id='word_1_206' title='bbox 108 1613 277 1667; x_wconf 86' lang='lat' dir='ltr'><strong><em>illicito</em></strong></span> <span class='ocrx_word' id='word_1_207' title='bbox 310 1614 485 1683; x_wconf 85' lang='lat' dir='ltr'><strong><em>favore</em></strong></span> <span class='ocrx_word' id='word_1_208' title='bbox 523 1611 725 1664; x_wconf 86' lang='lat' dir='ltr'><strong><em>eosdem</em></strong></span> <span class='ocrx_word' id='word_1_209' title='bbox 762 1609 938 1662; x_wconf 79' lang='lat' dir='ltr'><strong><em>volunt</em></strong></span> <span class='ocrx_word' id='word_1_210' title='bbox 967 1607 1061 1663; x_wconf 86' lang='lat' dir='ltr'><strong><em>sibi</em></strong></span> <span class='ocrx_word' id='word_1_211' title='bbox 1088 1608 1339 1663; x_wconf 78' lang='lat' dir='ltr'><strong><em>collocare</em></strong></span> <span class='ocrx_word' id='word_1_212' title='bbox 1372 1614 1613 1662; x_wconf 89' lang='lat' dir='ltr'><strong><em>rectores.</em></strong></span> <span class='ocrx_word' id='word_1_213' title='bbox 1718 1616 1854 1661; x_wconf 89' lang='lat' dir='ltr'><strong><em>creto</em></strong></span> <span class='ocrx_word' id='word_1_214' title='bbox 1876 1608 2132 1673; x_wconf 87' lang='lat' dir='ltr'><strong><em>consensi,</em></strong></span> <span class='ocrx_word' id='word_1_215' title='bbox 2162 1617 2207 1661; x_wconf 91' lang='lat' dir='ltr'><strong><em>et</em></strong></span> <span class='ocrx_word' id='word_1_216' title='bbox 2232 1606 2469 1676; x_wconf 84' lang='lat' dir='ltr'><strong><em>prtelecto</em></strong></span> <span class='ocrx_word' id='word_1_217' title='bbox 2491 1605 2790 1679; x_wconf 83' lang='lat' dir='ltr'><strong><em>subscripsi,</em></strong></span> <span class='ocrx_word' id='word_1_218' title='bbox 2814 1605 3053 1662; x_wconf 88' lang='lat' dir='ltr'><strong><em>similiter</em></strong></span> <span class='ocrx_word' id='word_1_219' title='bbox 3076 1616 3122 1662; x_wconf 91' lang='lat' dir='ltr'><strong><em>et</em></strong></span> <span class='ocrx_word' id='word_1_220' title='bbox 3147 1606 3319 1663; x_wconf 70' lang='lat' dir='ltr'><strong><em>elateri</em></strong></span> 
     </span>
    </p>
   </div>
   <div class='ocr_carea' id='block_1_16' title="bbox 53 1699 2412 1776">
    <p class='ocr_par' dir='ltr' id='par_1_16' title="bbox 53 1699 2412 1776">
     <span class='ocr_line' id='line_1_16' title="bbox 53 1699 2412 1776; baseline -0.003 -17"><span class='ocrx_word' id='word_1_221' title='bbox 53 1705 185 1770; x_wconf 73' lang='lat' dir='ltr'><strong><em>Quod</em></strong></span> <span class='ocrx_word' id='word_1_222' title='bbox 209 1704 406 1776; x_wconf 86' lang='lat' dir='ltr'><strong><em>quidem</em></strong></span> <span class='ocrx_word' id='word_1_223' title='bbox 447 1703 645 1772; x_wconf 85' lang='lat' dir='ltr'><strong><em>insigne</em></strong></span> <span class='ocrx_word' id='word_1_224' title='bbox 687 1702 869 1756; x_wconf 87' lang='lat' dir='ltr'><strong><em>mentis</em></strong></span> <span class='ocrx_word' id='word_1_225' title='bbox 904 1711 1006 1755; x_wconf 76' lang='lat' dir='ltr'><strong><em>tute</em></strong></span> <span class='ocrx_word' id='word_1_226' title='bbox 1033 1710 1261 1755; x_wconf 89' lang='lat' dir='ltr'><strong><em>tenemus</em></strong></span> <span class='ocrx_word' id='word_1_227' title='bbox 1298 1708 1501 1763; x_wconf 82' lang='lat' dir='ltr'><strong><em>votum,</em></strong></span> <span class='ocrx_word' id='word_1_228' title='bbox 1533 1699 1616 1751; x_wconf 87' lang='lat' dir='ltr'><strong><em>in-</em></strong></span> <span class='ocrx_word' id='word_1_229' title='bbox 1722 1700 1956 1769; x_wconf 87' lang='lat' dir='ltr'><strong><em>episcopi</em></strong></span> <span class='ocrx_word' id='word_1_230' title='bbox 1982 1700 2412 1771; x_wconf 84' lang='lat' dir='ltr'><strong><em>subscripserunt.</em></strong></span> 
     </span>
    </p>
   </div>
   <div class='ocr_carea' id='block_1_17' title="bbox 52 1788 1548 1869">
    <p class='ocr_par' dir='ltr' id='par_1_17' title="bbox 52 1788 1548 1869">
     <span class='ocr_line' id='line_1_17' title="bbox 52 1788 1548 1869; baseline -0.003 -23"><span class='ocrx_word' id='word_1_231' title='bbox 52 1798 180 1869; x_wconf 85' lang='lat' dir='ltr'><strong><em>quit,</em></strong></span> <span class='ocrx_word' id='word_1_232' title='bbox 207 1798 361 1867; x_wconf 79' lang='lat' dir='ltr'><strong><em>frater</em></strong></span> <span class='ocrx_word' id='word_1_233' title='bbox 400 1794 640 1865; x_wconf 84' lang='lat' dir='ltr'><strong><em>religiose</em></strong></span> <span class='ocrx_word' id='word_1_234' title='bbox 669 1793 870 1859; x_wconf 82' lang='lat' dir='ltr'><strong><em>Aureli,</em></strong></span> <span class='ocrx_word' id='word_1_235' title='bbox 901 1792 988 1859; x_wconf 86' lang='lat' dir='ltr'><strong><em>qui</em></strong></span> <span class='ocrx_word' id='word_1_236' title='bbox 1013 1794 1123 1845; x_wconf 77' lang='lat' dir='ltr'><strong><em>hate</em></strong></span> <span class='ocrx_word' id='word_1_237' title='bbox 1148 1806 1285 1858; x_wconf 74' lang='lat' dir='ltr'><strong><em>stupe</em></strong></span> <span class='ocrx_word' id='word_1_238' title='bbox 1319 1788 1548 1861; x_wconf 79' lang='lat' dir='ltr'><strong><em>Oppressi</em></strong></span> 
     </span>
    </p>
   </div>
   <div class='ocr_carea' id='block_1_18' title="bbox 1829 1788 3325 1869">
    <p class='ocr_par' dir='ltr' id='par_1_18' title="bbox 1829 1794 3325 1869">
     <span class='ocr_line' id='line_1_18' title="bbox 1829 1794 3325 1869; baseline 0 -17"><span class='ocrx_word' id='word_1_239' title='bbox 1829 1796 1876 1852; x_wconf 71' lang='grc' dir='ltr'><strong>ιι</strong></span> <span class='ocrx_word' id='word_1_240' title='bbox 1910 1796 2069 1852; x_wconf 89' lang='lat' dir='ltr'><strong><em>dictis</em></strong></span> <span class='ocrx_word' id='word_1_241' title='bbox 2098 1796 2206 1853; x_wconf 91' lang='lat' dir='ltr'><strong><em>duo</em></strong></span> <span class='ocrx_word' id='word_1_242' title='bbox 2224 1798 2572 1869; x_wconf 89' lang='lat' dir='ltr'><strong><em>colliguntur.</em></strong></span> <span class='ocrx_word' id='word_1_243' title='bbox 2598 1795 2837 1853; x_wconf 89' lang='lat' dir='ltr'><strong><em>Primum</em></strong></span> <span class='ocrx_word' id='word_1_244' title='bbox 2888 1796 2940 1853; x_wconf 90' lang='lat' dir='ltr'><strong><em>in</em></strong></span> <span class='ocrx_word' id='word_1_245' title='bbox 2980 1794 3161 1853; x_wconf 81' lang='lat' dir='ltr'><strong><em>Africa</em></strong></span> <span class='ocrx_word' id='word_1_246' title='bbox 3209 1797 3325 1867; x_wconf 82' lang='lat' dir='ltr'><strong><em>cpi-</em></strong></span> 
     </span>
    </p>
   </div>
   <div class='ocr_carea' id='block_1_19' title="bbox 53 1881 1549 1962">
    <p class='ocr_par' dir='ltr' id='par_1_19' title="bbox 53 1884 1549 1958">
     <span class='ocr_line' id='line_1_19' title="bbox 53 1884 1549 1958; baseline -0.007 -13"><span class='ocrx_word' id='word_1_247' title='bbox 53 1906 140 1945; x_wconf 84' lang='lat' dir='ltr'><strong><em>non</em></strong></span> <span class='ocrx_word' id='word_1_248' title='bbox 164 1888 381 1943; x_wconf 77' lang='lat' dir='ltr'><strong><em>curando</em></strong></span> <span class='ocrx_word' id='word_1_249' title='bbox 410 1887 539 1941; x_wconf 87' lang='lat' dir='ltr'><strong><em>tales</em></strong></span> <span class='ocrx_word' id='word_1_250' title='bbox 568 1886 828 1958; x_wconf 84' lang='lat' dir='ltr'><strong><em>petitores,</em></strong></span> <span class='ocrx_word' id='word_1_251' title='bbox 870 1884 960 1939; x_wconf 88' lang='lat' dir='ltr'><strong><em>sed</em></strong></span> <span class='ocrx_word' id='word_1_252' title='bbox 998 1896 1208 1955; x_wconf 88' lang='lat' dir='ltr'><strong><em>propter</em></strong></span> <span class='ocrx_word' id='word_1_253' title='bbox 1236 1898 1410 1937; x_wconf 89' lang='lat' dir='ltr'><strong><em>eorum</em></strong></span> <span class='ocrx_word' id='word_1_254' title='bbox 1454 1897 1549 1935; x_wconf 77' lang='lat' dir='ltr'><strong><em>mat</em></strong></span> 
     </span>
    </p>
   </div>
   <div class='ocr_carea' id='block_1_20' title="bbox 1833 1881 3329 1962">
    <p class='ocr_par' dir='ltr' id='par_1_20' title="bbox 1833 1890 3329 1962">
     <span class='ocr_line' id='line_1_20' title="bbox 1833 1890 3329 1962; baseline 0 -15"><span class='ocrx_word' id='word_1_255' title='bbox 1833 1908 1916 1960; x_wconf 70' lang='lat' dir='ltr'><strong><em>pos</em></strong></span> <span class='ocrx_word' id='word_1_256' title='bbox 1928 1893 2249 1949; x_wconf 86' lang='lat' dir='ltr'><strong><em>constitutos</em></strong></span> <span class='ocrx_word' id='word_1_257' title='bbox 2275 1892 2439 1948; x_wconf 88' lang='lat' dir='ltr'><strong><em>fuisse</em></strong></span> <span class='ocrx_word' id='word_1_258' title='bbox 2465 1908 2573 1947; x_wconf 87' lang='lat' dir='ltr'><strong><em>non</em></strong></span> <span class='ocrx_word' id='word_1_259' title='bbox 2596 1901 2802 1948; x_wconf 86' lang='lat' dir='ltr'><strong><em>tantum</em></strong></span> <span class='ocrx_word' id='word_1_260' title='bbox 2826 1892 2877 1947; x_wconf 90' lang='lat' dir='ltr'><strong><em>in</em></strong></span> <span class='ocrx_word' id='word_1_261' title='bbox 2902 1890 3111 1962; x_wconf 85' lang='lat' dir='ltr'><strong><em>magnis</em></strong></span> <span class='ocrx_word' id='word_1_262' title='bbox 3136 1890 3329 1947; x_wconf 66' lang='lat' dir='ltr'><strong><em>civitao</em></strong></span> 
     </span>
    </p>
   </div>
   <div class='ocr_carea' id='block_1_21' title="bbox 52 1975 1548 2058">
    <p class='ocr_par' dir='ltr' id='par_1_21' title="bbox 52 1975 1548 2051">
     <span class='ocr_line' id='line_1_21' title="bbox 52 1975 1548 2051; baseline -0.005 -16"><span class='ocrx_word' id='word_1_263' title='bbox 52 1981 313 2051; x_wconf 82' lang='lat' dir='ltr'><strong><em>cogitatus,</em></strong></span> <span class='ocrx_word' id='word_1_264' title='bbox 351 1988 398 2032; x_wconf 89' lang='lat' dir='ltr'><strong><em>et</em></strong></span> <span class='ocrx_word' id='word_1_265' title='bbox 435 1993 590 2049; x_wconf 81' lang='lat' dir='ltr'><strong><em>prave</em></strong></span> <span class='ocrx_word' id='word_1_266' title='bbox 630 1978 930 2032; x_wconf 84' lang='lat' dir='ltr'><strong><em>continuata</em></strong></span> <span class='ocrx_word' id='word_1_267' title='bbox 959 1975 1178 2030; x_wconf 86' lang='lat' dir='ltr'><strong><em>consilia</em></strong></span> <span class='ocrx_word' id='word_1_268' title='bbox 1205 1975 1303 2029; x_wconf 87' lang='lat' dir='ltr'><strong><em>hoc</em></strong></span> <span class='ocrx_word' id='word_1_269' title='bbox 1327 1975 1474 2038; x_wconf 86' lang='lat' dir='ltr'><strong><em>dico,</em></strong></span> <span class='ocrx_word' id='word_1_270' title='bbox 1519 1989 1548 2027; x_wconf 90' lang='lat' dir='ltr'><strong><em>n</em></strong></span> 
     </span>
    </p>
   </div>
   <div class='ocr_carea' id='block_1_22' title="bbox 1832 1975 3328 2058">
    <p class='ocr_par' dir='ltr' id='par_1_22' title="bbox 1832 1985 3328 2058">
     <span class='ocr_line' id='line_1_22' title="bbox 1832 1985 3328 2058; baseline 0.001 -15"><span class='ocrx_word' id='word_1_271' title='bbox 1832 2003 1889 2052; x_wconf 85' lang='lat' dir='ltr'><strong><em>Is,</em></strong></span> <span class='ocrx_word' id='word_1_272' title='bbox 1916 1987 2010 2043; x_wconf 87' lang='lat' dir='ltr'><strong><em>sed</em></strong></span> <span class='ocrx_word' id='word_1_273' title='bbox 2042 1987 2094 2041; x_wconf 91' lang='lat' dir='ltr'><strong><em>in</em></strong></span> <span class='ocrx_word' id='word_1_274' title='bbox 2126 1986 2382 2043; x_wconf 89' lang='lat' dir='ltr'><strong><em>omnibus</em></strong></span> <span class='ocrx_word' id='word_1_275' title='bbox 2416 1985 2662 2057; x_wconf 82' lang='lat' dir='ltr'><strong><em>oppidis,</em></strong></span> <span class='ocrx_word' id='word_1_276' title='bbox 2697 1990 2805 2041; x_wconf 87' lang='lat' dir='ltr'><strong><em>imo</em></strong></span> <span class='ocrx_word' id='word_1_277' title='bbox 2832 1995 2886 2042; x_wconf 81' lang='lat' dir='ltr'><strong><em>ct</em></strong></span> <span class='ocrx_word' id='word_1_278' title='bbox 2922 1987 2976 2042; x_wconf 91' lang='lat' dir='ltr'><strong><em>in</em></strong></span> <span class='ocrx_word' id='word_1_279' title='bbox 3005 1986 3142 2043; x_wconf 84' lang='lat' dir='ltr'><strong><em>vicis</em></strong></span> <span class='ocrx_word' id='word_1_280' title='bbox 3165 1996 3328 2058; x_wconf 84' lang='lat' dir='ltr'><strong><em>atque</em></strong></span> 
     </span>
    </p>
   </div>
   <div class='ocr_carea' id='block_1_23' title="bbox 53 2065 1549 2152">
    <p class='ocr_par' dir='ltr' id='par_1_23' title="bbox 53 2065 1547 2142">
     <span class='ocr_line' id='line_1_23' title="bbox 53 2065 1547 2142; baseline -0.007 -13"><span class='ocrx_word' id='word_1_281' title='bbox 53 2073 214 2129; x_wconf 80' lang='lat' dir='ltr'><strong><em>debere</em></strong></span> <span class='ocrx_word' id='word_1_282' title='bbox 254 2080 505 2127; x_wconf 85' lang='lat' dir='ltr'><strong><em>rectorem</em></strong></span> <span class='ocrx_word' id='word_1_283' title='bbox 541 2071 773 2142; x_wconf 90' lang='lat' dir='ltr'><strong><em>accipere</em></strong></span> <span class='ocrx_word' id='word_1_284' title='bbox 799 2085 913 2125; x_wconf 88' lang='lat' dir='ltr'><strong><em>eam</em></strong></span> <span class='ocrx_word' id='word_1_285' title='bbox 943 2068 1172 2139; x_wconf 89' lang='lat' dir='ltr'><strong><em>plebem,</em></strong></span> <span class='ocrx_word' id='word_1_286' title='bbox 1203 2083 1319 2138; x_wconf 72' lang='lat' dir='ltr'><strong><em>qua:</em></strong></span> <span class='ocrx_word' id='word_1_287' title='bbox 1344 2067 1396 2121; x_wconf 90' lang='lat' dir='ltr'><strong><em>in</em></strong></span> <span class='ocrx_word' id='word_1_288' title='bbox 1418 2065 1547 2121; x_wconf 76' lang='lat' dir='ltr'><strong><em>diaec</em></strong></span> 
     </span>
    </p>
   </div>
   <div class='ocr_carea' id='block_1_24' title="bbox 1832 2065 3328 2152">
    <p class='ocr_par' dir='ltr' id='par_1_24' title="bbox 1832 2080 3328 2152">
     <span class='ocr_line' id='line_1_24' title="bbox 1832 2080 3328 2152; baseline 0.003 -19"><span class='ocrx_word' id='word_1_289' title='bbox 1832 2080 1984 2136; x_wconf 73' lang='lat' dir='ltr'><strong><em>tellis.</em></strong></span> <span class='ocrx_word' id='word_1_290' title='bbox 2013 2080 2279 2146; x_wconf 85' lang='lat' dir='ltr'><strong><em>Alterum,</em></strong></span> <span class='ocrx_word' id='word_1_291' title='bbox 2312 2080 2467 2137; x_wconf 89' lang='lat' dir='ltr'><strong><em>facile</em></strong></span> <span class='ocrx_word' id='word_1_292' title='bbox 2499 2094 2668 2137; x_wconf 82' lang='lat' dir='ltr'><strong><em>novos</em></strong></span> <span class='ocrx_word' id='word_1_293' title='bbox 2715 2080 3062 2152; x_wconf 81' lang='lat' dir='ltr'><strong><em>episcopatus</em></strong></span> <span class='ocrx_word' id='word_1_294' title='bbox 3114 2092 3328 2138; x_wconf 87' lang='lat' dir='ltr'><strong><em>erectos</em></strong></span> 
     </span>
    </p>
   </div>
   <div class='ocr_carea' id='block_1_25' title="bbox 52 2161 1548 2241">
    <p class='ocr_par' dir='ltr' id='par_1_25' title="bbox 52 2161 1548 2238">
     <span class='ocr_line' id='line_1_25' title="bbox 52 2161 1548 2238; baseline -0.005 -19"><span class='ocrx_word' id='word_1_295' title='bbox 52 2181 231 2234; x_wconf 83' lang='lat' dir='ltr'><strong><em>semper</em></strong></span> <span class='ocrx_word' id='word_1_296' title='bbox 268 2163 554 2238; x_wconf 77' lang='lat' dir='ltr'><strong><em>subjacuit,</em></strong></span> <span class='ocrx_word' id='word_1_297' title='bbox 585 2179 677 2217; x_wconf 83' lang='lat' dir='ltr'><strong><em>nec</em></strong></span> <span class='ocrx_word' id='word_1_298' title='bbox 722 2179 962 2232; x_wconf 82' lang='lat' dir='ltr'><strong><em>umquam</em></strong></span> <span class='ocrx_word' id='word_1_299' title='bbox 1016 2163 1284 2233; x_wconf 88' lang='lat' dir='ltr'><strong><em>proprium</em></strong></span> <span class='ocrx_word' id='word_1_300' title='bbox 1331 2161 1548 2232; x_wconf 83' lang='lat' dir='ltr'><strong><em>episcopt</em></strong></span> 
     </span>
    </p>
   </div>
   <div class='ocr_carea' id='block_1_26' title="bbox 1831 2161 3327 2241">
    <p class='ocr_par' dir='ltr' id='par_1_26' title="bbox 1831 2172 3327 2241">
     <span class='ocr_line' id='line_1_26' title="bbox 1831 2172 3327 2241; baseline 0.001 -13"><span class='ocrx_word' id='word_1_301' title='bbox 1831 2173 2065 2230; x_wconf 80' lang='lat' dir='ltr'><strong><em>diversis</em></strong></span> <span class='ocrx_word' id='word_1_302' title='bbox 2108 2173 2245 2230; x_wconf 90' lang='lat' dir='ltr'><strong><em>locis</em></strong></span> <span class='ocrx_word' id='word_1_303' title='bbox 2287 2184 2570 2230; x_wconf 79' lang='lat' dir='ltr'><strong><em>crescente</em></strong></span> <span class='ocrx_word' id='word_1_304' title='bbox 2600 2189 2828 2230; x_wconf 84' lang='lat' dir='ltr'><strong><em>numero</em></strong></span> <span class='ocrx_word' id='word_1_305' title='bbox 2870 2173 3131 2241; x_wconf 79' lang='lat' dir='ltr'><strong><em>fidelium,</em></strong></span> <span class='ocrx_word' id='word_1_306' title='bbox 3161 2172 3327 2230; x_wconf 90' lang='lat' dir='ltr'><strong><em>modo</em></strong></span> 
     </span>
    </p>
   </div>
   <div class='ocr_carea' id='block_1_27' title="bbox 53 2251 1549 2341">
    <p class='ocr_par' dir='ltr' id='par_1_27' title="bbox 53 2251 1546 2328">
     <span class='ocr_line' id='line_1_27' title="bbox 53 2251 1546 2328; baseline -0.003 -19"><span class='ocrx_word' id='word_1_307' title='bbox 53 2257 229 2312; x_wconf 79' lang='lat' dir='ltr'><strong><em>habuit.</em></strong></span> <span class='ocrx_word' id='word_1_308' title='bbox 255 2258 586 2328; x_wconf 82' lang='lat' dir='ltr'><strong><em>Quapropter</em></strong></span> <span class='ocrx_word' id='word_1_309' title='bbox 602 2257 649 2310; x_wconf 83' lang='lat' dir='ltr'><strong><em>si</em></strong></span> <span class='ocrx_word' id='word_1_310' title='bbox 674 2256 910 2310; x_wconf 86' lang='lat' dir='ltr'><strong><em>universo</em></strong></span> <span class='ocrx_word' id='word_1_311' title='bbox 927 2255 1250 2310; x_wconf 88' lang='lat' dir='ltr'><strong><em>sanctissimo</em></strong></span> <span class='ocrx_word' id='word_1_312' title='bbox 1275 2254 1425 2307; x_wconf 69' lang='lat' dir='ltr'><strong><em>coetui</em></strong></span> <span class='ocrx_word' id='word_1_313' title='bbox 1458 2251 1546 2324; x_wconf 71' lang='lat' dir='ltr'><strong><em>plt:</em></strong></span> 
     </span>
    </p>
   </div>
   <div class='ocr_carea' id='block_1_28' title="bbox 1834 2251 3330 2341">
    <p class='ocr_par' dir='ltr' id='par_1_28' title="bbox 1834 2267 3330 2341">
     <span class='ocr_line' id='line_1_28' title="bbox 1834 2267 3330 2341; baseline 0 -16"><span class='ocrx_word' id='word_1_314' title='bbox 1834 2268 2065 2325; x_wconf 87' lang='lat' dir='ltr'><strong><em>sentiret</em></strong></span> <span class='ocrx_word' id='word_1_315' title='bbox 2106 2267 2395 2339; x_wconf 88' lang='lat' dir='ltr'><strong><em>episcopus</em></strong></span> <span class='ocrx_word' id='word_1_316' title='bbox 2424 2267 2489 2323; x_wconf 90' lang='lat' dir='ltr'><strong><em>ad</em></strong></span> <span class='ocrx_word' id='word_1_317' title='bbox 2520 2267 2676 2338; x_wconf 87' lang='lat' dir='ltr'><strong><em>cujus</em></strong></span> <span class='ocrx_word' id='word_1_318' title='bbox 2702 2267 2982 2327; x_wconf 59' lang='lat' dir='ltr'><strong><em>dioecesim</em></strong></span> <span class='ocrx_word' id='word_1_319' title='bbox 3016 2268 3169 2324; x_wconf 90' lang='lat' dir='ltr'><strong><em>locus</em></strong></span> <span class='ocrx_word' id='word_1_320' title='bbox 3198 2284 3330 2341; x_wconf 85' lang='lat' dir='ltr'><strong><em>pcr-</em></strong></span> 
     </span>
    </p>
   </div>
   <div class='ocr_carea' id='block_1_29' title="bbox 55 2343 1551 2433">
    <p class='ocr_par' dir='ltr' id='par_1_29' title="bbox 55 2346 1549 2421">
     <span class='ocr_line' id='line_1_29' title="bbox 55 2346 1549 2421; baseline -0.005 -15"><span class='ocrx_word' id='word_1_321' title='bbox 55 2351 167 2417; x_wconf 85' lang='lat' dir='ltr'><strong><em>hoc,</em></strong></span> <span class='ocrx_word' id='word_1_322' title='bbox 187 2352 318 2420; x_wconf 81' lang='lat' dir='ltr'><strong><em>quod</em></strong></span> <span class='ocrx_word' id='word_1_323' title='bbox 339 2358 640 2421; x_wconf 82' lang='lat' dir='ltr'><strong><em>prosecutus</em></strong></span> <span class='ocrx_word' id='word_1_324' title='bbox 669 2364 783 2402; x_wconf 85' lang='lat' dir='ltr'><strong><em>sum</em></strong></span> <span class='ocrx_word' id='word_1_325' title='bbox 806 2389 821 2414; x_wconf 92' lang='lat'><strong><em>,</em></strong></span> <span class='ocrx_word' id='word_1_326' title='bbox 862 2348 1208 2419; x_wconf 81' lang='lat' dir='ltr'><strong><em>confirmetur.</em></strong></span> <span class='ocrx_word' id='word_1_327' title='bbox 1233 2346 1473 2400; x_wconf 79' lang='lat' dir='ltr'><strong><em>Aurelius</em></strong></span> <span class='ocrx_word' id='word_1_328' title='bbox 1520 2360 1549 2399; x_wconf 89' lang='lat' dir='ltr'><strong><em>e</em></strong></span> 
     </span>
    </p>
   </div>
   <div class='ocr_carea' id='block_1_30' title="bbox 1829 2343 3325 2433">
    <p class='ocr_par' dir='ltr' id='par_1_30' title="bbox 1829 2359 3325 2433">
     <span class='ocr_line' id='line_1_30' title="bbox 1829 2359 3325 2433; baseline 0.001 -17"><span class='ocrx_word' id='word_1_329' title='bbox 1829 2362 1957 2418; x_wconf 73' lang='lat' dir='ltr'><strong><em>:bat.</em></strong></span> <span class='ocrx_word' id='word_1_330' title='bbox 1983 2359 2120 2417; x_wconf 83' lang='lat' dir='ltr'><strong><em>Hinc</em></strong></span> <span class='ocrx_word' id='word_1_331' title='bbox 2142 2372 2288 2416; x_wconf 88' lang='lat' dir='ltr'><strong><em>tanta</em></strong></span> <span class='ocrx_word' id='word_1_332' title='bbox 2320 2361 2703 2433; x_wconf 80' lang='lat' dir='ltr'><strong><em>episcOpnrum</em></strong></span> <span class='ocrx_word' id='word_1_333' title='bbox 2728 2364 2780 2416; x_wconf 88' lang='lat' dir='ltr'><strong><em>in</em></strong></span> <span class='ocrx_word' id='word_1_334' title='bbox 2805 2360 2984 2417; x_wconf 86' lang='lat' dir='ltr'><strong><em>Africa</em></strong></span> <span class='ocrx_word' id='word_1_335' title='bbox 3010 2360 3325 2418; x_wconf 83' lang='lat' dir='ltr'><strong><em>multitudo.</em></strong></span> 
     </span>
    </p>
   </div>
   <div class='ocr_carea' id='block_1_31' title="bbox 54 2439 1550 2525">
    <p class='ocr_par' dir='ltr' id='par_1_31' title="bbox 54 2439 1550 2514">
     <span class='ocr_line' id='line_1_31' title="bbox 54 2439 1550 2514; baseline -0.005 -17"><span class='ocrx_word' id='word_1_336' title='bbox 54 2459 224 2514; x_wconf 87' lang='lat' dir='ltr'><strong><em>scapus</em></strong></span> <span class='ocrx_word' id='word_1_337' title='bbox 263 2444 412 2498; x_wconf 72' lang='lat' dir='ltr'><strong><em>dixit.</em></strong></span> <span class='ocrx_word' id='word_1_338' title='bbox 460 2440 696 2509; x_wconf 81' lang='lat' dir='ltr'><strong><em>Fratris,</em></strong></span> <span class='ocrx_word' id='word_1_339' title='bbox 725 2452 771 2496; x_wconf 90' lang='lat' dir='ltr'><strong><em>et</em></strong></span> <span class='ocrx_word' id='word_1_340' title='bbox 797 2440 1169 2495; x_wconf 81' lang='lat' dir='ltr'><strong><em>consacerdatis</em></strong></span> <span class='ocrx_word' id='word_1_341' title='bbox 1202 2439 1364 2494; x_wconf 86' lang='lat' dir='ltr'><strong><em>nostri</em></strong></span> <span class='ocrx_word' id='word_1_342' title='bbox 1391 2454 1550 2508; x_wconf 79' lang='lat' dir='ltr'><strong><em>proset</em></strong></span> 
     </span>
    </p>
   </div>
   <div class='ocr_carea' id='block_1_32' title="bbox 1838 2439 3334 2525">
    <p class='ocr_par' dir='ltr' id='par_1_32' title="bbox 1838 2452 3334 2525">
     <span class='ocr_line' id='line_1_32' title="bbox 1838 2452 3334 2525; baseline 0.003 -17"><span class='ocrx_word' id='word_1_343' title='bbox 1838 2453 2042 2525; x_wconf 59' lang='lat' dir='ltr'><strong><em>quidem</em></strong></span> <span class='ocrx_word' id='word_1_344' title='bbox 2076 2452 2300 2509; x_wconf 86' lang='lat' dir='ltr'><strong><em>secundi</em></strong></span> <span class='ocrx_word' id='word_1_345' title='bbox 2328 2454 2513 2509; x_wconf 78' lang='lat' dir='ltr'><strong><em>szcculi</em></strong></span> <span class='ocrx_word' id='word_1_346' title='bbox 2548 2455 2702 2509; x_wconf 88' lang='lat' dir='ltr'><strong><em>initio</em></strong></span> <span class='ocrx_word' id='word_1_347' title='bbox 2734 2455 3065 2525; x_wconf 77' lang='lat' dir='ltr'><strong><em>Agrippiuus</em></strong></span> <span class='ocrx_word' id='word_1_348' title='bbox 3104 2454 3334 2512; x_wconf 84' lang='lat' dir='ltr'><strong><em>Cartha—</em></strong></span> 
     </span>
    </p>
   </div>
   <div class='ocr_carea' id='block_1_33' title="bbox 56 2535 1552 2620">
    <p class='ocr_par' dir='ltr' id='par_1_33' title="bbox 56 2535 1552 2605">
     <span class='ocr_line' id='line_1_33' title="bbox 56 2535 1552 2605; baseline -0.004 -14"><span class='ocrx_word' id='word_1_349' title='bbox 56 2538 168 2591; x_wconf 85' lang='lat' dir='ltr'><strong><em>tioni</em></strong></span> <span class='ocrx_word' id='word_1_350' title='bbox 199 2554 298 2594; x_wconf 79' lang='lat' dir='ltr'><strong><em>non</em></strong></span> <span class='ocrx_word' id='word_1_351' title='bbox 337 2537 530 2593; x_wconf 83' lang='lat' dir='ltr'><strong><em>obsisto</em></strong></span> <span class='ocrx_word' id='word_1_352' title='bbox 558 2554 579 2592; x_wconf 87' lang='lat'><strong><em>:</em></strong></span> <span class='ocrx_word' id='word_1_353' title='bbox 603 2538 690 2593; x_wconf 86' lang='lat' dir='ltr'><strong><em>sed</em></strong></span> <span class='ocrx_word' id='word_1_354' title='bbox 719 2538 817 2590; x_wconf 92' lang='lat' dir='ltr'><strong><em>hoc</em></strong></span> <span class='ocrx_word' id='word_1_355' title='bbox 850 2552 929 2589; x_wconf 90' lang='lat' dir='ltr'><strong><em>me</em></strong></span> <span class='ocrx_word' id='word_1_356' title='bbox 947 2545 996 2590; x_wconf 88' lang='lat' dir='ltr'><strong><em>et</em></strong></span> <span class='ocrx_word' id='word_1_357' title='bbox 1025 2535 1235 2605; x_wconf 76' lang='lat' dir='ltr'><strong><em>fecisse,</em></strong></span> <span class='ocrx_word' id='word_1_358' title='bbox 1288 2543 1337 2588; x_wconf 90' lang='lat' dir='ltr'><strong><em>et</em></strong></span> <span class='ocrx_word' id='word_1_359' title='bbox 1374 2536 1552 2604; x_wconf 61' lang='lat' dir='ltr'><strong><em>facturi</em></strong></span> 
     </span>
    </p>
   </div>
   <div class='ocr_carea' id='block_1_34' title="bbox 1837 2535 3333 2620">
    <p class='ocr_par' dir='ltr' id='par_1_34' title="bbox 1837 2545 3333 2620">
     <span class='ocr_line' id='line_1_34' title="bbox 1837 2545 3333 2620; baseline 0.001 -18"><span class='ocrx_word' id='word_1_360' title='bbox 1837 2546 1973 2602; x_wconf 72' lang='lat' dir='ltr'><strong><em>ensis</em></strong></span> <span class='ocrx_word' id='word_1_361' title='bbox 2013 2546 2301 2615; x_wconf 84' lang='lat' dir='ltr'><strong><em>episcopus</em></strong></span> <span class='ocrx_word' id='word_1_362' title='bbox 2328 2545 2617 2601; x_wconf 90' lang='lat' dir='ltr'><strong><em>concilium</em></strong></span> <span class='ocrx_word' id='word_1_363' title='bbox 2648 2546 2836 2602; x_wconf 88' lang='lat' dir='ltr'><strong><em>habuit</em></strong></span> <span class='ocrx_word' id='word_1_364' title='bbox 2865 2546 3175 2618; x_wconf 85' lang='lat' dir='ltr'><strong><em>Carthagini</em></strong></span> <span class='ocrx_word' id='word_1_365' title='bbox 3215 2552 3333 2620; x_wconf 89' lang='lat' dir='ltr'><strong><em>plu-</em></strong></span> 
     </span>
    </p>
   </div>
   <div class='ocr_carea' id='block_1_35' title="bbox 57 2624 1553 2712">
    <p class='ocr_par' dir='ltr' id='par_1_35' title="bbox 57 2624 1553 2702">
     <span class='ocr_line' id='line_1_35' title="bbox 57 2624 1553 2702; baseline -0.006 -17"><span class='ocrx_word' id='word_1_366' title='bbox 57 2646 153 2685; x_wconf 84' lang='lat' dir='ltr'><strong><em>esse</em></strong></span> <span class='ocrx_word' id='word_1_367' title='bbox 171 2631 405 2702; x_wconf 75' lang='lat' dir='ltr'><strong><em>proﬁteor</em></strong></span> <span class='ocrx_word' id='word_1_368' title='bbox 426 2632 568 2684; x_wconf 87' lang='lat' dir='ltr'><strong><em>circa</em></strong></span> <span class='ocrx_word' id='word_1_369' title='bbox 590 2646 674 2683; x_wconf 89' lang='lat' dir='ltr'><strong><em>eos</em></strong></span> <span class='ocrx_word' id='word_1_370' title='bbox 696 2645 841 2691; x_wconf 83' lang='lat' dir='ltr'><strong><em>sane,</em></strong></span> <span class='ocrx_word' id='word_1_371' title='bbox 865 2629 955 2699; x_wconf 89' lang='lat' dir='ltr'><strong><em>qui</em></strong></span> <span class='ocrx_word' id='word_1_372' title='bbox 980 2627 1171 2698; x_wconf 88' lang='lat' dir='ltr'><strong><em>fuerint</em></strong></span> <span class='ocrx_word' id='word_1_373' title='bbox 1199 2624 1497 2689; x_wconf 80' lang='lat' dir='ltr'><strong><em>concordes,</em></strong></span> <span class='ocrx_word' id='word_1_374' title='bbox 1526 2639 1553 2676; x_wconf 82' lang='grc' dir='ltr'><em>η</em></span> 
     </span>
    </p>
   </div>
   <div class='ocr_carea' id='block_1_36' title="bbox 1839 2624 3335 2712">
    <p class='ocr_par' dir='ltr' id='par_1_36' title="bbox 1839 2637 3335 2712">
     <span class='ocr_line' id='line_1_36' title="bbox 1839 2637 3335 2712; baseline -0.001 -19"><span class='ocrx_word' id='word_1_375' title='bbox 1839 2654 1983 2694; x_wconf 89' lang='lat' dir='ltr'><strong><em>orum</em></strong></span> <span class='ocrx_word' id='word_1_376' title='bbox 2014 2639 2373 2710; x_wconf 81' lang='lat' dir='ltr'><strong><em>episcOporum</em></strong></span> <span class='ocrx_word' id='word_1_377' title='bbox 2402 2653 2467 2693; x_wconf 76' lang='lat' dir='ltr'><strong><em>ea:</em></strong></span> <span class='ocrx_word' id='word_1_378' title='bbox 2493 2638 2674 2712; x_wconf 83' lang='lat' dir='ltr'><strong><em>Africa</em></strong></span> <span class='ocrx_word' id='word_1_379' title='bbox 2702 2648 2750 2693; x_wconf 93' lang='lat' dir='ltr'><strong><em>et</em></strong></span> <span class='ocrx_word' id='word_1_380' title='bbox 2787 2637 3040 2694; x_wconf 87' lang='lat' dir='ltr'><strong><em>Numidia</em></strong></span> <span class='ocrx_word' id='word_1_381' title='bbox 3072 2656 3092 2694; x_wconf 91' lang='lat'><em>:</em></span> <span class='ocrx_word' id='word_1_382' title='bbox 3135 2648 3193 2695; x_wconf 90' lang='lat' dir='ltr'><strong><em>ut</em></strong></span> <span class='ocrx_word' id='word_1_383' title='bbox 3230 2640 3335 2712; x_wconf 82' lang='lat' dir='ltr'><strong><em>Cy-</em></strong></span> 
     </span>
    </p>
   </div>
   <div class='ocr_carea' id='block_1_37' title="bbox 56 2719 1552 2803">
    <p class='ocr_par' dir='ltr' id='par_1_37' title="bbox 56 2719 1552 2792">
     <span class='ocr_line' id='line_1_37' title="bbox 56 2719 1552 2792; baseline -0.003 -17"><span class='ocrx_word' id='word_1_384' title='bbox 56 2724 205 2777; x_wconf 82' lang='lat' dir='ltr'><strong><em>solum</em></strong></span> <span class='ocrx_word' id='word_1_385' title='bbox 225 2724 361 2779; x_wconf 87' lang='lat' dir='ltr'><strong><em>circa</em></strong></span> <span class='ocrx_word' id='word_1_386' title='bbox 391 2721 684 2779; x_wconf 84' lang='lat' dir='ltr'><strong><em>Ecclesium</em></strong></span> <span class='ocrx_word' id='word_1_387' title='bbox 705 2721 1176 2792; x_wconf 72' lang='lat' dir='ltr'><strong><em>Carthaginensem,</em></strong></span> <span class='ocrx_word' id='word_1_388' title='bbox 1207 2719 1296 2774; x_wconf 89' lang='lat' dir='ltr'><strong><em>sed</em></strong></span> <span class='ocrx_word' id='word_1_389' title='bbox 1324 2720 1461 2773; x_wconf 89' lang='lat' dir='ltr'><strong><em>circa</em></strong></span> <span class='ocrx_word' id='word_1_390' title='bbox 1485 2733 1552 2772; x_wconf 83' lang='lat' dir='ltr'><strong><em>on</em></strong></span> 
     </span>
    </p>
   </div>
   <div class='ocr_carea' id='block_1_38' title="bbox 1842 2719 3338 2803">
    <p class='ocr_par' dir='ltr' id='par_1_38' title="bbox 1842 2731 3338 2803">
     <span class='ocr_line' id='line_1_38' title="bbox 1842 2731 3338 2803; baseline 0.001 -16"><span class='ocrx_word' id='word_1_391' title='bbox 1842 2746 1959 2788; x_wconf 89' lang='lat' dir='ltr'><strong><em>mus</em></strong></span> <span class='ocrx_word' id='word_1_392' title='bbox 2008 2733 2061 2788; x_wconf 88' lang='lat' dir='ltr'><strong><em>in</em></strong></span> <span class='ocrx_word' id='word_1_393' title='bbox 2108 2732 2353 2803; x_wconf 87' lang='lat' dir='ltr'><strong><em>epistolis</em></strong></span> <span class='ocrx_word' id='word_1_394' title='bbox 2405 2731 2505 2798; x_wconf 80' lang='grc'><strong><em>71,</em></strong></span> <span class='ocrx_word' id='word_1_395' title='bbox 2536 2731 2603 2786; x_wconf 89' lang='lat' dir='ltr'><strong><em>ad</em></strong></span> <span class='ocrx_word' id='word_1_396' title='bbox 2656 2731 2912 2800; x_wconf 83' lang='lat' dir='ltr'><strong><em>Quintum</em></strong></span> <span class='ocrx_word' id='word_1_397' title='bbox 2939 2742 2994 2788; x_wconf 88' lang='lat' dir='ltr'><strong><em>et</em></strong></span> <span class='ocrx_word' id='word_1_398' title='bbox 3022 2732 3121 2801; x_wconf 80' lang='lat'><strong><em>75,</em></strong></span> <span class='ocrx_word' id='word_1_399' title='bbox 3152 2732 3219 2788; x_wconf 84' lang='lat' dir='ltr'><strong><em>ad</em></strong></span> <span class='ocrx_word' id='word_1_400' title='bbox 3242 2732 3338 2789; x_wconf 81' lang='lat' dir='ltr'><strong><em>lu-</em></strong></span> 
     </span>
    </p>
   </div>
   <div class='ocr_carea' id='block_1_39' title="bbox 57 2809 1553 2895">
    <p class='ocr_par' dir='ltr' id='par_1_39' title="bbox 57 2809 1552 2883">
     <span class='ocr_line' id='line_1_39' title="bbox 57 2809 1552 2883; baseline -0.005 -13"><span class='ocrx_word' id='word_1_401' title='bbox 57 2816 354 2874; x_wconf 85' lang='lat' dir='ltr'><strong><em>sacerdotale</em></strong></span> <span class='ocrx_word' id='word_1_402' title='bbox 405 2817 737 2872; x_wconf 81' lang='lat' dir='ltr'><strong><em>consortium.</em></strong></span> <span class='ocrx_word' id='word_1_403' title='bbox 797 2815 932 2870; x_wconf 89' lang='lat' dir='ltr'><strong><em>Sunt</em></strong></span> <span class='ocrx_word' id='word_1_404' title='bbox 958 2814 1092 2868; x_wconf 87' lang='lat' dir='ltr'><strong><em>enim</em></strong></span> <span class='ocrx_word' id='word_1_405' title='bbox 1138 2809 1368 2883; x_wconf 85' lang='lat' dir='ltr'><strong><em>plerique</em></strong></span> <span class='ocrx_word' id='word_1_406' title='bbox 1430 2826 1552 2864; x_wconf 88' lang='lat' dir='ltr'><strong><em>cons</em></strong></span> 
     </span>
    </p>
   </div>
   <div class='ocr_carea' id='block_1_40' title="bbox 1842 2809 3338 2895">
    <p class='ocr_par' dir='ltr' id='par_1_40' title="bbox 1842 2821 3338 2895">
     <span class='ocr_line' id='line_1_40' title="bbox 1842 2821 3338 2895; baseline 0.002 -17"><span class='ocrx_word' id='word_1_407' title='bbox 1842 2838 1988 2879; x_wconf 87' lang='lat' dir='ltr'><strong><em>mum</em></strong></span> <span class='ocrx_word' id='word_1_408' title='bbox 2018 2833 2267 2879; x_wconf 85' lang='lat' dir='ltr'><strong><em>testatur.</em></strong></span> <span class='ocrx_word' id='word_1_409' title='bbox 2298 2821 2591 2879; x_wconf 88' lang='lat' dir='ltr'><strong><em>Nnmerum</em></strong></span> <span class='ocrx_word' id='word_1_410' title='bbox 2626 2838 2732 2879; x_wconf 91' lang='lat' dir='ltr'><strong><em>non</em></strong></span> <span class='ocrx_word' id='word_1_411' title='bbox 2762 2822 3040 2895; x_wconf 80' lang='lat' dir='ltr'><strong><em>exprimit.</em></strong></span> <span class='ocrx_word' id='word_1_412' title='bbox 3074 2826 3143 2880; x_wconf 86' lang='lat' dir='ltr'><strong><em>At</em></strong></span> <span class='ocrx_word' id='word_1_413' title='bbox 3174 2839 3338 2883; x_wconf 81' lang='lat' dir='ltr'><strong><em>sanc-</em></strong></span> 
     </span>
    </p>
   </div>
   <div class='ocr_carea' id='block_1_41' title="bbox 57 2902 1553 2986">
    <p class='ocr_par' dir='ltr' id='par_1_41' title="bbox 57 2904 1529 2981">
     <span class='ocr_line' id='line_1_41' title="bbox 57 2904 1529 2981; baseline -0.003 -20"><span class='ocrx_word' id='word_1_414' title='bbox 57 2919 211 2964; x_wconf 86' lang='lat' dir='ltr'><strong><em>rantes</em></strong></span> <span class='ocrx_word' id='word_1_415' title='bbox 251 2927 364 2965; x_wconf 89' lang='lat' dir='ltr'><strong><em>cum</em></strong></span> <span class='ocrx_word' id='word_1_416' title='bbox 404 2909 639 2979; x_wconf 87' lang='lat' dir='ltr'><strong><em>plebibus</em></strong></span> <span class='ocrx_word' id='word_1_417' title='bbox 671 2908 929 2981; x_wconf 89' lang='lat' dir='ltr'><strong><em>propriis,</em></strong></span> <span class='ocrx_word' id='word_1_418' title='bbox 975 2923 1103 2979; x_wconf 87' lang='lat' dir='ltr'><strong><em>quas</em></strong></span> <span class='ocrx_word' id='word_1_419' title='bbox 1133 2904 1418 2977; x_wconf 71' lang='lat' dir='ltr'><strong><em>decipiunt,</em></strong></span> <span class='ocrx_word' id='word_1_420' title='bbox 1475 2914 1529 2957; x_wconf 90' lang='lat' dir='ltr'><strong><em>ut</em></strong></span> 
     </span>
    </p>
   </div>
   <div class='ocr_carea' id='block_1_42' title="bbox 1841 2902 3337 2986">
    <p class='ocr_par' dir='ltr' id='par_1_42' title="bbox 1855 2914 3337 2986">
     <span class='ocr_line' id='line_1_42' title="bbox 1855 2914 3337 2986; baseline -0.001 -13"><span class='ocrx_word' id='word_1_421' title='bbox 1855 2915 2190 2986; x_wconf 75' lang='lat' dir='ltr'><strong><em>Augustinus</em></strong></span> <span class='ocrx_word' id='word_1_422' title='bbox 2208 2916 2302 2971; x_wconf 89' lang='lat' dir='ltr'><strong><em>lib.</em></strong></span> <span class='ocrx_word' id='word_1_423' title='bbox 2332 2915 2401 2971; x_wconf 87' lang='lat' dir='ltr'><strong><em>de</em></strong></span> <span class='ocrx_word' id='word_1_424' title='bbox 2425 2916 2584 2971; x_wconf 89' lang='lat' dir='ltr'><strong><em>unico</em></strong></span> <span class='ocrx_word' id='word_1_425' title='bbox 2604 2914 2880 2985; x_wconf 85' lang='lat' dir='ltr'><strong><em>Baptismo</em></strong></span> <span class='ocrx_word' id='word_1_426' title='bbox 2901 2926 3088 2972; x_wconf 89' lang='lat' dir='ltr'><strong><em>contra</em></strong></span> <span class='ocrx_word' id='word_1_427' title='bbox 3117 2915 3337 2974; x_wconf 73' lang='lat' dir='ltr'><strong><em>Petilia~</em></strong></span> 
     </span>
    </p>
   </div>
   <div class='ocr_carea' id='block_1_43' title="bbox 57 2998 1553 3078">
    <p class='ocr_par' dir='ltr' id='par_1_43' title="bbox 57 2998 1553 3076">
     <span class='ocr_line' id='line_1_43' title="bbox 57 2998 1553 3076; baseline -0.004 -20"><span class='ocrx_word' id='word_1_428' title='bbox 57 3012 181 3057; x_wconf 74' lang='lat' dir='ltr'><strong><em>ctum</em></strong></span> <span class='ocrx_word' id='word_1_429' title='bbox 203 3012 304 3071; x_wconf 91' lang='lat' dir='ltr'><strong><em>est,</em></strong></span> <span class='ocrx_word' id='word_1_430' title='bbox 360 3020 540 3060; x_wconf 84' lang='lat' dir='ltr'><strong><em>earum</em></strong></span> <span class='ocrx_word' id='word_1_431' title='bbox 569 3004 849 3076; x_wconf 88' lang='lat' dir='ltr'><strong><em>scalpentes</em></strong></span> <span class='ocrx_word' id='word_1_432' title='bbox 883 3017 1032 3056; x_wconf 84' lang='lat' dir='ltr'><strong><em>aures</em></strong></span> <span class='ocrx_word' id='word_1_433' title='bbox 1050 3043 1065 3066; x_wconf 90' lang='lat'><strong><em>,</em></strong></span> <span class='ocrx_word' id='word_1_434' title='bbox 1098 2999 1273 3055; x_wconf 89' lang='lat' dir='ltr'><strong><em>blandi</em></strong></span> <span class='ocrx_word' id='word_1_435' title='bbox 1301 3000 1368 3053; x_wconf 93' lang='lat' dir='ltr'><strong><em>ad</em></strong></span> <span class='ocrx_word' id='word_1_436' title='bbox 1392 2998 1553 3053; x_wconf 47' lang='lat' dir='ltr'><strong><em>seduci</em></strong></span> 
     </span>
    </p>
   </div>
   <div class='ocr_carea' id='block_1_44' title="bbox 1844 2998 3340 3078">
    <p class='ocr_par' dir='ltr' id='par_1_44' title="bbox 1844 3006 3340 3078">
     <span class='ocr_line' id='line_1_44' title="bbox 1844 3006 3340 3078; baseline 0.003 -17"><span class='ocrx_word' id='word_1_437' title='bbox 1844 3024 1892 3074; x_wconf 76' lang='grc' dir='ltr'><strong><em>η,</em></strong></span> <span class='ocrx_word' id='word_1_438' title='bbox 1914 3006 2249 3078; x_wconf 79' lang='lat' dir='ltr'><strong><em>septuaginta</em></strong></span> <span class='ocrx_word' id='word_1_439' title='bbox 2278 3007 2445 3063; x_wconf 83' lang='lat' dir='ltr'><strong><em>fuisse</em></strong></span> <span class='ocrx_word' id='word_1_440' title='bbox 2463 3007 2641 3062; x_wconf 87' lang='lat' dir='ltr'><strong><em>innuit</em></strong></span> <span class='ocrx_word' id='word_1_441' title='bbox 2662 3008 2744 3063; x_wconf 85' lang='lat' dir='ltr'><strong><em>his</em></strong></span> <span class='ocrx_word' id='word_1_442' title='bbox 2770 3008 2953 3065; x_wconf 84' lang='lat' dir='ltr'><strong><em>verbis</em></strong></span> <span class='ocrx_word' id='word_1_443' title='bbox 2986 3026 3000 3063; x_wconf 89' lang='lat'><strong>:</strong></span> <span class='ocrx_word' id='word_1_444' title='bbox 3036 3007 3178 3064; x_wconf 81' lang='lat' dir='ltr'><strong><em>Nam</em></strong></span> <span class='ocrx_word' id='word_1_445' title='bbox 3208 3008 3340 3065; x_wconf 87' lang='lat' dir='ltr'><strong><em>illud</em></strong></span> 
     </span>
    </p>
   </div>
   <div class='ocr_carea' id='block_1_45' title="bbox 60 3092 1556 3174">
    <p class='ocr_par' dir='ltr' id='par_1_45' title="bbox 60 3092 1556 3163">
     <span class='ocr_line' id='line_1_45' title="bbox 60 3092 1556 3163; baseline 0 -17"><span class='ocrx_word' id='word_1_446' title='bbox 60 3094 201 3163; x_wconf 80' lang='lat' dir='ltr'><strong><em>dum,</em></strong></span> <span class='ocrx_word' id='word_1_447' title='bbox 223 3098 415 3153; x_wconf 75' lang='lat' dir='ltr'><strong><em>vitiosa:</em></strong></span> <span class='ocrx_word' id='word_1_448' title='bbox 436 3097 553 3153; x_wconf 67' lang='lat' dir='ltr'><strong><em>vitae</em></strong></span> <span class='ocrx_word' id='word_1_449' title='bbox 578 3095 812 3151; x_wconf 83' lang='lat' dir='ltr'><strong><em>homines</em></strong></span> <span class='ocrx_word' id='word_1_450' title='bbox 836 3138 851 3163; x_wconf 91' lang='lat'><strong><em>,</em></strong></span> <span class='ocrx_word' id='word_1_451' title='bbox 878 3095 958 3150; x_wconf 85' lang='lat' dir='ltr'><strong><em>vel</em></strong></span> <span class='ocrx_word' id='word_1_452' title='bbox 982 3104 1115 3148; x_wconf 86' lang='lat' dir='ltr'><strong><em>certe</em></strong></span> <span class='ocrx_word' id='word_1_453' title='bbox 1154 3094 1323 3163; x_wconf 82' lang='lat' dir='ltr'><strong><em>inﬂati</em></strong></span> <span class='ocrx_word' id='word_1_454' title='bbox 1342 3136 1354 3158; x_wconf 88' lang='lat'><strong><em>,</em></strong></span> <span class='ocrx_word' id='word_1_455' title='bbox 1388 3101 1436 3147; x_wconf 87' lang='lat' dir='ltr'><strong><em>et</em></strong></span> <span class='ocrx_word' id='word_1_456' title='bbox 1460 3092 1521 3146; x_wconf 87' lang='lat' dir='ltr'><strong><em>ab</em></strong></span> <span class='ocrx_word' id='word_1_457' title='bbox 1545 3095 1556 3145; x_wconf 85' lang='lat' dir='ltr'><strong><em>l</em></strong></span> 
     </span>
    </p>
   </div>
   <div class='ocr_carea' id='block_1_46' title="bbox 1841 3092 3337 3174">
    <p class='ocr_par' dir='ltr' id='par_1_46' title="bbox 1845 3098 3337 3174">
     <span class='ocr_line' id='line_1_46' title="bbox 1845 3098 3337 3174; baseline 0.003 -20"><span class='ocrx_word' id='word_1_458' title='bbox 1845 3101 1878 3154; x_wconf 93' lang='lat' dir='ltr'><strong><em>d</em></strong></span> <span class='ocrx_word' id='word_1_459' title='bbox 1905 3100 2144 3173; x_wconf 87' lang='lat' dir='ltr'><strong><em>adjungit</em></strong></span> <span class='ocrx_word' id='word_1_460' title='bbox 2165 3099 2230 3155; x_wconf 89' lang='lat' dir='ltr'><strong><em>de</em></strong></span> <span class='ocrx_word' id='word_1_461' title='bbox 2252 3101 2493 3174; x_wconf 80' lang='lat' dir='ltr'><strong><em>episcOpo</em></strong></span> <span class='ocrx_word' id='word_1_462' title='bbox 2514 3098 2909 3172; x_wconf 86' lang='lat' dir='ltr'><strong><em>Carthaginensi</em></strong></span> <span class='ocrx_word' id='word_1_463' title='bbox 2938 3102 3246 3174; x_wconf 76' lang='lat' dir='ltr'><strong><em>Agrippino,</em></strong></span> <span class='ocrx_word' id='word_1_464' title='bbox 3273 3102 3337 3157; x_wconf 88' lang='lat' dir='ltr'><strong><em>de</em></strong></span> 
     </span>
    </p>
   </div>
   <div class='ocr_carea' id='block_1_47' title="bbox 60 3187 3343 3267">
    <p class='ocr_par' dir='ltr' id='par_1_47' title="bbox 60 3187 3343 3267">
     <span class='ocr_line' id='line_1_47' title="bbox 60 3187 3343 3267; baseline 0.003 -26"><span class='ocrx_word' id='word_1_465' title='bbox 60 3191 296 3246; x_wconf 71' lang='lat' dir='ltr'><strong><em>coruortio</em></strong></span> <span class='ocrx_word' id='word_1_466' title='bbox 335 3191 597 3261; x_wconf 85' lang='lat' dir='ltr'><strong><em>separati,</em></strong></span> <span class='ocrx_word' id='word_1_467' title='bbox 621 3190 711 3263; x_wconf 88' lang='lat' dir='ltr'><strong><em>qui</em></strong></span> <span class='ocrx_word' id='word_1_468' title='bbox 740 3198 921 3261; x_wconf 87' lang='lat' dir='ltr'><strong><em>putant</em></strong></span> <span class='ocrx_word' id='word_1_469' title='bbox 964 3190 1186 3256; x_wconf 69' lang='lat' dir='ltr'><strong><em>propriae</em></strong></span> <span class='ocrx_word' id='word_1_470' title='bbox 1212 3188 1343 3260; x_wconf 90' lang='lat' dir='ltr'><strong><em>plebi</em></strong></span> <span class='ocrx_word' id='word_1_471' title='bbox 1374 3187 1635 3242; x_wconf 82' lang='lat' dir='ltr'><strong><em>incuban-</em></strong></span> <span class='ocrx_word' id='word_1_472' title='bbox 1663 3198 1709 3263; x_wconf 70' lang='grc' dir='ltr'>ο</span> <span class='ocrx_word' id='word_1_473' title='bbox 1741 3191 1935 3263; x_wconf 79' lang='lat' dir='ltr'><strong><em>inclyte</em></strong></span> <span class='ocrx_word' id='word_1_474' title='bbox 1957 3203 2181 3263; x_wconf 88' lang='lat' dir='ltr'><strong><em>martyre</em></strong></span> <span class='ocrx_word' id='word_1_475' title='bbox 2201 3189 2496 3263; x_wconf 80' lang='lat' dir='ltr'><strong><em>Cypriano,</em></strong></span> <span class='ocrx_word' id='word_1_476' title='bbox 2528 3193 2593 3246; x_wconf 88' lang='lat' dir='ltr'><strong><em>de</em></strong></span> <span class='ocrx_word' id='word_1_477' title='bbox 2632 3194 2958 3267; x_wconf 85' lang='lat' dir='ltr'><strong><em>septuaginta</em></strong></span> <span class='ocrx_word' id='word_1_478' title='bbox 2999 3193 3343 3251; x_wconf 72' lang='lat' dir='ltr'><strong><em>Praecessori-</em></strong></span> 
     </span>
    </p>
   </div>
   <div class='ocr_carea' id='block_1_48' title="bbox 61 3281 3340 3357">
    <p class='ocr_par' dir='ltr' id='par_1_48' title="bbox 61 3281 3340 3357">
     <span class='ocr_line' id='line_1_48' title="bbox 61 3281 3340 3357; baseline 0.002 -22"><span class='ocrx_word' id='word_1_479' title='bbox 61 3282 190 3349; x_wconf 85' lang='lat' dir='ltr'><strong><em>dum,</em></strong></span> <span class='ocrx_word' id='word_1_480' title='bbox 227 3294 273 3340; x_wconf 90' lang='lat' dir='ltr'><strong><em>et</em></strong></span> <span class='ocrx_word' id='word_1_481' title='bbox 301 3302 685 3356; x_wconf 83' lang='lat' dir='ltr'><strong><em>nonnumquam</em></strong></span> <span class='ocrx_word' id='word_1_482' title='bbox 713 3285 943 3339; x_wconf 86' lang='lat' dir='ltr'><strong><em>conventi</em></strong></span> <span class='ocrx_word' id='word_1_483' title='bbox 964 3283 1033 3337; x_wconf 90' lang='lat' dir='ltr'><strong><em>ad</em></strong></span> <span class='ocrx_word' id='word_1_484' title='bbox 1053 3282 1326 3337; x_wconf 83' lang='lat' dir='ltr'><strong><em>concilium</em></strong></span> <span class='ocrx_word' id='word_1_485' title='bbox 1348 3282 1519 3338; x_wconf 83' lang='lat' dir='ltr'><strong><em>venire</em></strong></span> <span class='ocrx_word' id='word_1_486' title='bbox 1547 3281 1637 3335; x_wconf 90' lang='lat' dir='ltr'><strong><em>de-</em></strong></span> <span class='ocrx_word' id='word_1_487' title='bbox 1745 3285 1838 3339; x_wconf 88' lang='lat' dir='ltr'><strong><em>bus</em></strong></span> <span class='ocrx_word' id='word_1_488' title='bbox 1867 3283 2144 3357; x_wconf 78' lang='lat' dir='ltr'><strong><em>Cypriani,</em></strong></span> <span class='ocrx_word' id='word_1_489' title='bbox 2172 3285 2292 3354; x_wconf 89' lang='lat' dir='ltr'><strong><em>quia</em></strong></span> <span class='ocrx_word' id='word_1_490' title='bbox 2321 3285 2417 3340; x_wconf 90' lang='lat' dir='ltr'><strong><em>hoc</em></strong></span> <span class='ocrx_word' id='word_1_491' title='bbox 2449 3288 2677 3357; x_wconf 88' lang='lat' dir='ltr'><strong><em>fecerunt</em></strong></span> <span class='ocrx_word' id='word_1_492' title='bbox 2717 3295 2765 3341; x_wconf 89' lang='lat' dir='ltr'><strong><em>ct</em></strong></span> <span class='ocrx_word' id='word_1_493' title='bbox 2805 3287 2922 3356; x_wconf 87' lang='lat' dir='ltr'><strong><em>fieri</em></strong></span> <span class='ocrx_word' id='word_1_494' title='bbox 2962 3297 3340 3357; x_wconf 66' lang='lat' dir='ltr'><strong><em>praeceperunt.</em></strong></span> 
     </span>
    </p>
   </div>
   <div class='ocr_carea' id='block_1_49' title="bbox 62 3376 3341 3450">
    <p class='ocr_par' dir='ltr' id='par_1_49' title="bbox 62 3376 3341 3450">
     <span class='ocr_line' id='line_1_49' title="bbox 62 3376 3341 3450; baseline 0.002 -21"><span class='ocrx_word' id='word_1_495' title='bbox 62 3385 258 3433; x_wconf 85' lang='lat' dir='ltr'><strong><em>trectanl</em></strong></span> <span class='ocrx_word' id='word_1_496' title='bbox 285 3394 425 3435; x_wconf 83' lang='lat' dir='ltr'><strong><em>.‘sua</em></strong></span> <span class='ocrx_word' id='word_1_497' title='bbox 468 3382 600 3450; x_wconf 87' lang='lat' dir='ltr'><strong><em>forte</em></strong></span> <span class='ocrx_word' id='word_1_498' title='bbox 664 3395 728 3432; x_wconf 91' lang='lat' dir='ltr'><strong><em>ne</em></strong></span> <span class='ocrx_word' id='word_1_499' title='bbox 769 3377 1056 3449; x_wconf 75' lang='lat' dir='ltr'><strong><em>prodantur</em></strong></span> <span class='ocrx_word' id='word_1_500' title='bbox 1104 3376 1302 3447; x_wconf 88' lang='lat' dir='ltr'><strong><em>flagitia</em></strong></span> <span class='ocrx_word' id='word_1_501' title='bbox 1344 3384 1637 3430; x_wconf 87' lang='lat' dir='ltr'><strong><em>metuentes.</em></strong></span> <span class='ocrx_word' id='word_1_502' title='bbox 1744 3377 1856 3433; x_wconf 88' lang='lat' dir='ltr'><strong><em>Sub</em></strong></span> <span class='ocrx_word' id='word_1_503' title='bbox 1887 3378 2092 3432; x_wconf 87' lang='lat' dir='ltr'><strong><em>Donato</em></strong></span> <span class='ocrx_word' id='word_1_504' title='bbox 2121 3377 2374 3450; x_wconf 87' lang='lat' dir='ltr'><strong><em>Cypriani</em></strong></span> <span class='ocrx_word' id='word_1_505' title='bbox 2422 3386 2764 3434; x_wconf 83' lang='lat' dir='ltr'><strong><em>antecessore</em></strong></span> <span class='ocrx_word' id='word_1_506' title='bbox 2805 3377 2857 3434; x_wconf 84' lang='lat' dir='ltr'><strong><em>in</em></strong></span> <span class='ocrx_word' id='word_1_507' title='bbox 2905 3379 3139 3435; x_wconf 88' lang='lat' dir='ltr'><strong><em>concilio</em></strong></span> <span class='ocrx_word' id='word_1_508' title='bbox 3170 3395 3341 3437; x_wconf 89' lang='lat' dir='ltr'><strong><em>noua-</em></strong></span> 
     </span>
    </p>
   </div>
   <div class='ocr_carea' id='block_1_50' title="bbox 61 3469 3346 3543">
    <p class='ocr_par' dir='ltr' id='par_1_50' title="bbox 61 3469 3346 3543">
     <span class='ocr_line' id='line_1_50' title="bbox 61 3469 3346 3543; baseline 0.003 -21"><span class='ocrx_word' id='word_1_509' title='bbox 61 3469 199 3537; x_wconf 91' lang='lat' dir='ltr'><strong><em>Dico,</em></strong></span> <span class='ocrx_word' id='word_1_510' title='bbox 244 3472 291 3527; x_wconf 91' lang='lat' dir='ltr'><strong><em>si</em></strong></span> <span class='ocrx_word' id='word_1_511' title='bbox 318 3473 517 3543; x_wconf 88' lang='lat' dir='ltr'><strong><em>placet,</em></strong></span> <span class='ocrx_word' id='word_1_512' title='bbox 559 3472 701 3525; x_wconf 89' lang='lat' dir='ltr'><strong><em>circa</em></strong></span> <span class='ocrx_word' id='word_1_513' title='bbox 739 3471 867 3537; x_wconf 87' lang='lat' dir='ltr'><strong><em>hos,</em></strong></span> <span class='ocrx_word' id='word_1_514' title='bbox 904 3485 1006 3524; x_wconf 86' lang='lat' dir='ltr'><strong><em>non</em></strong></span> <span class='ocrx_word' id='word_1_515' title='bbox 1033 3478 1229 3524; x_wconf 85' lang='lat' dir='ltr'><strong><em>tantum</em></strong></span> <span class='ocrx_word' id='word_1_516' title='bbox 1268 3469 1505 3524; x_wconf 77' lang='lat' dir='ltr'><strong><em>diaeceses</em></strong></span> <span class='ocrx_word' id='word_1_517' title='bbox 1541 3483 1642 3522; x_wconf 89' lang='lat' dir='ltr'><strong><em>non</em></strong></span> <span class='ocrx_word' id='word_1_518' title='bbox 1745 3469 1891 3541; x_wconf 84' lang='lat' dir='ltr'><strong><em>ginta</em></strong></span> <span class='ocrx_word' id='word_1_519' title='bbox 1935 3469 2315 3539; x_wconf 85' lang='lat' dir='ltr'><strong><em>episc0pnrum</em></strong></span> <span class='ocrx_word' id='word_1_520' title='bbox 2366 3469 2655 3525; x_wconf 87' lang='lat' dir='ltr'><strong><em>damnatus</em></strong></span> <span class='ocrx_word' id='word_1_521' title='bbox 2700 3471 2956 3528; x_wconf 85' lang='lat' dir='ltr'><strong><em>Privatus</em></strong></span> <span class='ocrx_word' id='word_1_522' title='bbox 3004 3472 3346 3531; x_wconf 80' lang='lat' dir='ltr'><strong><em>Lambesita—</em></strong></span> 
     </span>
    </p>
   </div>
   <div class='ocr_carea' id='block_1_51' title="bbox 63 3559 3349 3640">
    <p class='ocr_par' dir='ltr' id='par_1_51' title="bbox 63 3559 3349 3640">
     <span class='ocr_line' id='line_1_51' title="bbox 63 3559 3349 3640; baseline 0.002 -24"><span class='ocrx_word' id='word_1_523' title='bbox 63 3579 161 3618; x_wconf 84' lang='lat' dir='ltr'><strong><em>esse</em></strong></span> <span class='ocrx_word' id='word_1_524' title='bbox 180 3567 481 3630; x_wconf 78' lang='lat' dir='ltr'><strong><em>servandas,</em></strong></span> <span class='ocrx_word' id='word_1_525' title='bbox 536 3579 710 3620; x_wconf 78' lang='lat' dir='ltr'><strong><em>verum</em></strong></span> <span class='ocrx_word' id='word_1_526' title='bbox 745 3575 793 3618; x_wconf 90' lang='lat' dir='ltr'><strong><em>et</em></strong></span> <span class='ocrx_word' id='word_1_527' title='bbox 822 3562 887 3618; x_wconf 90' lang='lat' dir='ltr'><strong><em>de</em></strong></span> <span class='ocrx_word' id='word_1_528' title='bbox 913 3564 1125 3634; x_wconf 87' lang='lat' dir='ltr'><strong><em>propria</em></strong></span> <span class='ocrx_word' id='word_1_529' title='bbox 1148 3563 1380 3629; x_wconf 85' lang='lat' dir='ltr'><strong><em>ecclesia,</em></strong></span> <span class='ocrx_word' id='word_1_530' title='bbox 1405 3559 1644 3631; x_wconf 66' lang='lat' dir='ltr'><strong><em>quasillis</em></strong></span> <span class='ocrx_word' id='word_1_531' title='bbox 1748 3576 1869 3626; x_wconf 88' lang='lat' dir='ltr'><strong><em>nus,</em></strong></span> <span class='ocrx_word' id='word_1_532' title='bbox 1898 3572 1959 3615; x_wconf 86' lang='lat' dir='ltr'><strong><em>ut</em></strong></span> <span class='ocrx_word' id='word_1_533' title='bbox 1992 3560 2294 3633; x_wconf 84' lang='lat' dir='ltr'><strong><em>Cyprianus</em></strong></span> <span class='ocrx_word' id='word_1_534' title='bbox 2328 3562 2480 3617; x_wconf 88' lang='lat' dir='ltr'><strong><em>testis</em></strong></span> <span class='ocrx_word' id='word_1_535' title='bbox 2508 3573 2591 3619; x_wconf 88' lang='lat' dir='ltr'><strong><em>est</em></strong></span> <span class='ocrx_word' id='word_1_536' title='bbox 2616 3563 2778 3634; x_wconf 85' lang='lat' dir='ltr'><strong><em>epist.</em></strong></span> <span class='ocrx_word' id='word_1_537' title='bbox 2809 3564 2899 3621; x_wconf 82' lang='lat'><strong><em>59.</em></strong></span> <span class='ocrx_word' id='word_1_538' title='bbox 2935 3563 3048 3621; x_wconf 87' lang='lat' dir='ltr'><strong><em>Sub</em></strong></span> <span class='ocrx_word' id='word_1_539' title='bbox 3073 3563 3349 3640; x_wconf 83' lang='lat' dir='ltr'><strong><em>Cypriauo</em></strong></span> 
     </span>
    </p>
   </div>
   <div class='ocr_carea' id='block_1_52' title="bbox 64 3652 3353 3729">
    <p class='ocr_par' dir='ltr' id='par_1_52' title="bbox 64 3652 3353 3729">
     <span class='ocr_line' id='line_1_52' title="bbox 64 3652 3353 3729; baseline 0.004 -22"><span class='ocrx_word' id='word_1_540' title='bbox 64 3656 185 3711; x_wconf 86' lang='lat' dir='ltr'><strong><em>male</em></strong></span> <span class='ocrx_word' id='word_1_541' title='bbox 210 3660 416 3729; x_wconf 79' lang='lat' dir='ltr'><strong><em>faverit,</em></strong></span> <span class='ocrx_word' id='word_1_542' title='bbox 446 3658 740 3713; x_wconf 78' lang='lat' dir='ltr'><strong><em>omnimodo</em></strong></span> <span class='ocrx_word' id='word_1_543' title='bbox 770 3656 1105 3711; x_wconf 87' lang='lat' dir='ltr'><strong><em>adnitendum</em></strong></span> <span class='ocrx_word' id='word_1_544' title='bbox 1132 3666 1186 3709; x_wconf 90' lang='lat' dir='ltr'><strong><em>ut</em></strong></span> <span class='ocrx_word' id='word_1_545' title='bbox 1214 3656 1371 3709; x_wconf 89' lang='lat' dir='ltr'><strong><em>etiam</em></strong></span> <span class='ocrx_word' id='word_1_546' title='bbox 1410 3652 1659 3708; x_wconf 60' lang='lat' dir='ltr'><strong><em>auctorio’</em></strong></span> <span class='ocrx_word' id='word_1_547' title='bbox 1749 3656 1849 3710; x_wconf 83' lang='lat' dir='ltr'><strong><em>tria</em></strong></span> <span class='ocrx_word' id='word_1_548' title='bbox 1875 3654 2049 3710; x_wconf 84' lang='lat' dir='ltr'><strong><em>habita</em></strong></span> <span class='ocrx_word' id='word_1_549' title='bbox 2071 3665 2195 3710; x_wconf 91' lang='lat' dir='ltr'><strong><em>sunt</em></strong></span> <span class='ocrx_word' id='word_1_550' title='bbox 2217 3654 2445 3711; x_wconf 88' lang='lat' dir='ltr'><strong><em>concilia</em></strong></span> <span class='ocrx_word' id='word_1_551' title='bbox 2475 3671 2764 3712; x_wconf 79' lang='lat' dir='ltr'><strong><em>numerosa</em></strong></span> <span class='ocrx_word' id='word_1_552' title='bbox 2787 3657 2855 3713; x_wconf 83' lang='lat' dir='ltr'><strong><em>de</em></strong></span> <span class='ocrx_word' id='word_1_553' title='bbox 2877 3658 3147 3728; x_wconf 85' lang='lat' dir='ltr'><strong><em>baptismo</em></strong></span> <span class='ocrx_word' id='word_1_554' title='bbox 3169 3659 3353 3720; x_wconf 72' lang='lat' dir='ltr'><strong><em>litura-</em></strong></span> 
     </span>
    </p>
   </div>
   <div class='ocr_carea' id='block_1_53' title="bbox 63 3745 3352 3823">
    <p class='ocr_par' dir='ltr' id='par_1_53' title="bbox 63 3745 3352 3823">
     <span class='ocr_line' id='line_1_53' title="bbox 63 3745 3352 3823; baseline 0.003 -24"><span class='ocrx_word' id='word_1_555' title='bbox 63 3757 159 3803; x_wconf 83' lang='lat' dir='ltr'><strong><em>tute</em></strong></span> <span class='ocrx_word' id='word_1_556' title='bbox 188 3750 391 3821; x_wconf 88' lang='lat' dir='ltr'><strong><em>publica</em></strong></span> <span class='ocrx_word' id='word_1_557' title='bbox 434 3750 757 3817; x_wconf 68' lang='lat' dir='ltr'><strong><em>reficiantur,</em></strong></span> <span class='ocrx_word' id='word_1_558' title='bbox 790 3760 942 3821; x_wconf 78' lang='lat' dir='ltr'><strong><em>atque</em></strong></span> <span class='ocrx_word' id='word_1_559' title='bbox 984 3751 1049 3803; x_wconf 88' lang='lat' dir='ltr'><strong><em>ab</em></strong></span> <span class='ocrx_word' id='word_1_560' title='bbox 1097 3749 1226 3817; x_wconf 88' lang='lat' dir='ltr'><strong><em>ipsis</em></strong></span> <span class='ocrx_word' id='word_1_561' title='bbox 1274 3745 1646 3820; x_wconf 87' lang='lat' dir='ltr'><strong><em>principalibus</em></strong></span> <span class='ocrx_word' id='word_1_562' title='bbox 1750 3747 1999 3802; x_wconf 84' lang='lat' dir='ltr'><strong><em>ticorum.</em></strong></span> <span class='ocrx_word' id='word_1_563' title='bbox 2030 3747 2085 3801; x_wconf 91' lang='lat' dir='ltr'><strong><em>lu</em></strong></span> <span class='ocrx_word' id='word_1_564' title='bbox 2116 3746 2325 3802; x_wconf 87' lang='lat' dir='ltr'><strong><em>duobus</em></strong></span> <span class='ocrx_word' id='word_1_565' title='bbox 2360 3746 2582 3804; x_wconf 69' lang='lat' dir='ltr'><strong><em>adfuere</em></strong></span> <span class='ocrx_word' id='word_1_566' title='bbox 2608 3750 2951 3821; x_wconf 75' lang='lat' dir='ltr'><strong><em>septuaginta</em></strong></span> <span class='ocrx_word' id='word_1_567' title='bbox 2983 3753 3251 3823; x_wconf 87' lang='lat' dir='ltr'><strong><em>episcopi,</em></strong></span> <span class='ocrx_word' id='word_1_568' title='bbox 3291 3761 3352 3811; x_wconf 88' lang='lat' dir='ltr'><strong><em>ut</em></strong></span> 
     </span>
    </p>
   </div>
   <div class='ocr_carea' id='block_1_54' title="bbox 63 3837 3352 3915">
    <p class='ocr_par' dir='ltr' id='par_1_54' title="bbox 63 3837 3352 3915">
     <span class='ocr_line' id='line_1_54' title="bbox 63 3837 3352 3915; baseline 0.003 -21"><span class='ocrx_word' id='word_1_569' title='bbox 63 3842 304 3899; x_wconf 82' lang='lat' dir='ltr'><strong><em>cathedris</em></strong></span> <span class='ocrx_word' id='word_1_570' title='bbox 332 3854 710 3900; x_wconf 79' lang='lat' dir='ltr'><strong><em>removeantur.</em></strong></span> <span class='ocrx_word' id='word_1_571' title='bbox 743 3843 957 3915; x_wconf 82' lang='lat' dir='ltr'><strong><em>Oportet</em></strong></span> <span class='ocrx_word' id='word_1_572' title='bbox 991 3842 1124 3897; x_wconf 86' lang='lat' dir='ltr'><strong><em>enim</em></strong></span> <span class='ocrx_word' id='word_1_573' title='bbox 1142 3880 1160 3910; x_wconf 79' lang='lat'><strong><em>,</em></strong></span> <span class='ocrx_word' id='word_1_574' title='bbox 1192 3850 1245 3895; x_wconf 79' lang='lat' dir='ltr'><strong><em>ut</em></strong></span> <span class='ocrx_word' id='word_1_575' title='bbox 1273 3840 1362 3912; x_wconf 86' lang='lat' dir='ltr'><strong><em>qui</em></strong></span> <span class='ocrx_word' id='word_1_576' title='bbox 1396 3837 1648 3895; x_wconf 76' lang='lat' dir='ltr'><strong><em>universis</em></strong></span> <span class='ocrx_word' id='word_1_577' title='bbox 1749 3850 1978 3894; x_wconf 81' lang='lat' dir='ltr'><strong><em>testatur</em></strong></span> <span class='ocrx_word' id='word_1_578' title='bbox 2002 3855 2092 3910; x_wconf 87' lang='lat' dir='ltr'><strong><em>ep.</em></strong></span> <span class='ocrx_word' id='word_1_579' title='bbox 2116 3839 2182 3895; x_wconf 89' lang='lat' dir='ltr'><strong><em>ad</em></strong></span> <span class='ocrx_word' id='word_1_580' title='bbox 2211 3839 2556 3911; x_wconf 85' lang='lat' dir='ltr'><strong><em>Jubaianum,</em></strong></span> <span class='ocrx_word' id='word_1_581' title='bbox 2581 3851 2635 3898; x_wconf 87' lang='lat' dir='ltr'><strong><em>et</em></strong></span> <span class='ocrx_word' id='word_1_582' title='bbox 2662 3842 2715 3898; x_wconf 90' lang='lat' dir='ltr'><strong><em>in</em></strong></span> <span class='ocrx_word' id='word_1_583' title='bbox 2741 3844 2905 3901; x_wconf 86' lang='lat' dir='ltr'><strong><em>tertio</em></strong></span> <span class='ocrx_word' id='word_1_584' title='bbox 2936 3845 3248 3904; x_wconf 84' lang='lat' dir='ltr'><strong><em>interfuisse</em></strong></span> <span class='ocrx_word' id='word_1_585' title='bbox 3274 3848 3352 3905; x_wconf 85' lang='lat' dir='ltr'><strong><em>le-</em></strong></span> 
     </span>
    </p>
   </div>
   <div class='ocr_carea' id='block_1_55' title="bbox 70 3932 3351 4010">
    <p class='ocr_par' dir='ltr' id='par_1_55' title="bbox 70 3932 3351 4010">
     <span class='ocr_line' id='line_1_55' title="bbox 70 3932 3351 4010; baseline 0.003 -22"><span class='ocrx_word' id='word_1_586' title='bbox 70 3937 332 4005; x_wconf 86' lang='lat' dir='ltr'><strong><em>fratribus,</em></strong></span> <span class='ocrx_word' id='word_1_587' title='bbox 367 3954 432 3992; x_wconf 91' lang='lat' dir='ltr'><strong><em>ac</em></strong></span> <span class='ocrx_word' id='word_1_588' title='bbox 459 3948 561 3993; x_wconf 90' lang='lat' dir='ltr'><strong><em>toto</em></strong></span> <span class='ocrx_word' id='word_1_589' title='bbox 590 3937 810 3992; x_wconf 88' lang='lat' dir='ltr'><strong><em>concilia</em></strong></span> <span class='ocrx_word' id='word_1_590' title='bbox 832 3937 1109 3999; x_wconf 69' lang='lat' dir='ltr'><strong><em>inhaeserit,</em></strong></span> <span class='ocrx_word' id='word_1_591' title='bbox 1170 3950 1271 3989; x_wconf 87' lang='lat' dir='ltr'><strong><em>non</em></strong></span> <span class='ocrx_word' id='word_1_592' title='bbox 1311 3933 1474 3989; x_wconf 92' lang='lat' dir='ltr'><strong><em>solum</em></strong></span> <span class='ocrx_word' id='word_1_593' title='bbox 1502 3948 1650 3985; x_wconf 82' lang='lat' dir='ltr'><strong><em>suam</em></strong></span> <span class='ocrx_word' id='word_1_594' title='bbox 1748 3943 1945 4003; x_wconf 87' lang='lat' dir='ltr'><strong><em>guntur</em></strong></span> <span class='ocrx_word' id='word_1_595' title='bbox 1977 3932 2251 4004; x_wconf 78' lang='lat' dir='ltr'><strong><em>octoginta</em></strong></span> <span class='ocrx_word' id='word_1_596' title='bbox 2283 3945 2491 4005; x_wconf 81' lang='lat' dir='ltr'><strong><em>septem</em></strong></span> <span class='ocrx_word' id='word_1_597' title='bbox 2518 3978 2533 4001; x_wconf 91' lang='lat'><strong><em>,</em></strong></span> <span class='ocrx_word' id='word_1_598' title='bbox 2568 3943 2769 4007; x_wconf 80' lang='lat' dir='ltr'><strong><em>pra-ter</em></strong></span> <span class='ocrx_word' id='word_1_599' title='bbox 2810 3953 2947 4009; x_wconf 89' lang='lat' dir='ltr'><strong><em>quos</em></strong></span> <span class='ocrx_word' id='word_1_600' title='bbox 2975 3937 3135 4010; x_wconf 84' lang='lat' dir='ltr'><strong><em>longe</em></strong></span> <span class='ocrx_word' id='word_1_601' title='bbox 3164 3939 3351 4010; x_wconf 85' lang='lat' dir='ltr'><strong><em>plures</em></strong></span> 
     </span>
    </p>
   </div>
   <div class='ocr_carea' id='block_1_56' title="bbox 58 4024 3353 4104">
    <p class='ocr_par' dir='ltr' id='par_1_56' title="bbox 58 4024 3353 4104">
     <span class='ocr_line' id='line_1_56' title="bbox 58 4024 3353 4104; baseline 0.002 -20"><span class='ocrx_word' id='word_1_602' title='bbox 58 4032 169 4100; x_wconf 86' lang='lat' dir='ltr'><strong><em>jure</em></strong></span> <span class='ocrx_word' id='word_1_603' title='bbox 192 4031 421 4104; x_wconf 76' lang='lat' dir='ltr'><strong><em>integro,</em></strong></span> <span class='ocrx_word' id='word_1_604' title='bbox 448 4031 540 4088; x_wconf 89' lang='lat' dir='ltr'><strong><em>sed</em></strong></span> <span class='ocrx_word' id='word_1_605' title='bbox 573 4041 622 4086; x_wconf 90' lang='lat' dir='ltr'><strong><em>et</em></strong></span> <span class='ocrx_word' id='word_1_606' title='bbox 664 4030 904 4087; x_wconf 73' lang='lat' dir='ltr'><strong><em>diceeeses</em></strong></span> <span class='ocrx_word' id='word_1_607' title='bbox 934 4029 1213 4099; x_wconf 75' lang='lat' dir='ltr'><strong><em>possideat.</em></strong></span> <span class='ocrx_word' id='word_1_608' title='bbox 1267 4028 1334 4081; x_wconf 80' lang='lat' dir='ltr'><strong><em>At</em></strong></span> <span class='ocrx_word' id='word_1_609' title='bbox 1377 4042 1492 4081; x_wconf 90' lang='lat' dir='ltr'><strong><em>vero</em></strong></span> <span class='ocrx_word' id='word_1_610' title='bbox 1516 4066 1532 4093; x_wconf 97' lang='lat'><strong><em>,</em></strong></span> <span class='ocrx_word' id='word_1_611' title='bbox 1562 4024 1648 4093; x_wconf 89' lang='lat' dir='ltr'><strong><em>qui</em></strong></span> <span class='ocrx_word' id='word_1_612' title='bbox 1750 4025 1988 4083; x_wconf 77' lang='lat' dir='ltr'><strong><em>abfuisse</em></strong></span> <span class='ocrx_word' id='word_1_613' title='bbox 2020 4026 2315 4083; x_wconf 52' lang='lat' dir='ltr'><strong><em>verisimile</em></strong></span> <span class='ocrx_word' id='word_1_614' title='bbox 2349 4037 2457 4084; x_wconf 87' lang='lat' dir='ltr'><strong><em>est.</em></strong></span> <span class='ocrx_word' id='word_1_615' title='bbox 2487 4028 2559 4083; x_wconf 81' lang='lat' dir='ltr'><strong><em>At</em></strong></span> <span class='ocrx_word' id='word_1_616' title='bbox 2603 4027 2713 4086; x_wconf 88' lang='lat' dir='ltr'><strong><em>duo</em></strong></span> <span class='ocrx_word' id='word_1_617' title='bbox 2757 4041 2884 4087; x_wconf 88' lang='lat' dir='ltr'><strong><em>sunt</em></strong></span> <span class='ocrx_word' id='word_1_618' title='bbox 2917 4042 3266 4090; x_wconf 81' lang='lat' dir='ltr'><strong><em>monumenta</em></strong></span> <span class='ocrx_word' id='word_1_619' title='bbox 3318 4048 3353 4091; x_wconf 82' lang='lat' dir='ltr'><strong><em>e</em></strong></span> 
     </span>
    </p>
   </div>
   <div class='ocr_carea' id='block_1_57' title="bbox 67 4121 3354 4198">
    <p class='ocr_par' dir='ltr' id='par_1_57' title="bbox 67 4121 3354 4198">
     <span class='ocr_line' id='line_1_57' title="bbox 67 4121 3354 4198; baseline 0.003 -24"><span class='ocrx_word' id='word_1_620' title='bbox 67 4122 253 4178; x_wconf 73' lang='lat' dir='ltr'><strong><em>sibimet</em></strong></span> <span class='ocrx_word' id='word_1_621' title='bbox 282 4136 465 4194; x_wconf 83' lang='lat' dir='ltr'><strong><em>putant</em></strong></span> <span class='ocrx_word' id='word_1_622' title='bbox 498 4125 671 4196; x_wconf 87' lang='lat' dir='ltr'><strong><em>plebes</em></strong></span> <span class='ocrx_word' id='word_1_623' title='bbox 694 4141 815 4180; x_wconf 86' lang='lat' dir='ltr'><strong><em>suas</em></strong></span> <span class='ocrx_word' id='word_1_624' title='bbox 850 4124 1093 4194; x_wconf 71' lang='lat' dir='ltr'><strong><em>sufficere,</em></strong></span> <span class='ocrx_word' id='word_1_625' title='bbox 1122 4126 1351 4193; x_wconf 84' lang='lat' dir='ltr'><strong><em>fraterna</em></strong></span> <span class='ocrx_word' id='word_1_626' title='bbox 1380 4121 1651 4175; x_wconf 79' lang='lat' dir='ltr'><strong><em>dilectione</em></strong></span> <span class='ocrx_word' id='word_1_627' title='bbox 1751 4123 1944 4196; x_wconf 88' lang='lat' dir='ltr'><strong><em>quibus</em></strong></span> <span class='ocrx_word' id='word_1_628' title='bbox 1973 4138 2230 4179; x_wconf 88' lang='lat' dir='ltr'><strong><em>numerus</em></strong></span> <span class='ocrx_word' id='word_1_629' title='bbox 2258 4124 2640 4197; x_wconf 77' lang='lat' dir='ltr'><strong><em>episcOpornm</em></strong></span> <span class='ocrx_word' id='word_1_630' title='bbox 2680 4125 2877 4182; x_wconf 77' lang='lat' dir='ltr'><strong><em>Africa:</em></strong></span> <span class='ocrx_word' id='word_1_631' title='bbox 2913 4137 3066 4183; x_wconf 87' lang='lat' dir='ltr'><strong><em>certo</em></strong></span> <span class='ocrx_word' id='word_1_632' title='bbox 3107 4128 3223 4186; x_wconf 88' lang='lat' dir='ltr'><strong><em>erui</em></strong></span> <span class='ocrx_word' id='word_1_633' title='bbox 3252 4143 3354 4198; x_wconf 88' lang='lat' dir='ltr'><strong><em>po-</em></strong></span> 
     </span>
    </p>
   </div>
   <div class='ocr_carea' id='block_1_58' title="bbox 68 4211 1564 4294">
    <p class='ocr_par' dir='ltr' id='par_1_58' title="bbox 68 4212 1564 4287">
     <span class='ocr_line' id='line_1_58' title="bbox 68 4212 1564 4287; baseline -0.001 -20"><span class='ocrx_word' id='word_1_634' title='bbox 68 4226 366 4287; x_wconf 86' lang='lat' dir='ltr'><strong><em>contcmpta,</em></strong></span> <span class='ocrx_word' id='word_1_635' title='bbox 400 4236 504 4273; x_wconf 89' lang='lat' dir='ltr'><strong><em>non</em></strong></span> <span class='ocrx_word' id='word_1_636' title='bbox 536 4226 733 4273; x_wconf 88' lang='lat' dir='ltr'><strong><em>tantum</em></strong></span> <span class='ocrx_word' id='word_1_637' title='bbox 761 4216 997 4272; x_wconf 73' lang='lat' dir='ltr'><strong><em>dicuceses</em></strong></span> <span class='ocrx_word' id='word_1_638' title='bbox 1027 4217 1286 4280; x_wconf 87' lang='lat' dir='ltr'><strong><em>amittant,</em></strong></span> <span class='ocrx_word' id='word_1_639' title='bbox 1317 4213 1407 4269; x_wconf 89' lang='lat' dir='ltr'><strong><em>sed</em></strong></span> <span class='ocrx_word' id='word_1_640' title='bbox 1432 4223 1487 4267; x_wconf 85' lang='lat' dir='ltr'><strong><em>ut</em></strong></span> <span class='ocrx_word' id='word_1_641' title='bbox 1518 4212 1564 4266; x_wconf 82' lang='lat' dir='ltr'><strong><em>di</em></strong></span> 
     </span>
    </p>
   </div>
   <div class='ocr_carea' id='block_1_59' title="bbox 1859 4211 3355 4294">
    <p class='ocr_par' dir='ltr' id='par_1_59' title="bbox 1864 4216 3355 4294">
     <span class='ocr_line' id='line_1_59' title="bbox 1864 4216 3355 4294; baseline 0.005 -24"><span class='ocrx_word' id='word_1_642' title='bbox 1864 4257 1877 4270; x_wconf 93' lang='lat'><strong><em>.</em></strong></span> <span class='ocrx_word' id='word_1_643' title='bbox 1906 4217 2144 4272; x_wconf 86' lang='lat' dir='ltr'><strong><em>Primum</em></strong></span> <span class='ocrx_word' id='word_1_644' title='bbox 2167 4226 2249 4273; x_wconf 88' lang='lat' dir='ltr'><strong><em>est</em></strong></span> <span class='ocrx_word' id='word_1_645' title='bbox 2271 4217 2491 4273; x_wconf 87' lang='lat' dir='ltr'><strong><em>collatio</em></strong></span> <span class='ocrx_word' id='word_1_646' title='bbox 2520 4216 2996 4290; x_wconf 84' lang='lat' dir='ltr'><strong><em>Carthagineusis,</em></strong></span> <span class='ocrx_word' id='word_1_647' title='bbox 3031 4221 3083 4276; x_wconf 91' lang='lat' dir='ltr'><strong><em>in</em></strong></span> <span class='ocrx_word' id='word_1_648' title='bbox 3114 4237 3217 4294; x_wconf 84' lang='lat' dir='ltr'><strong><em>qua</em></strong></span> <span class='ocrx_word' id='word_1_649' title='bbox 3251 4220 3355 4277; x_wconf 86' lang='lat' dir='ltr'><strong><em>Ca-</em></strong></span> 
     </span>
    </p>
   </div>
   <div class='ocr_carea' id='block_1_60' title="bbox 68 4307 3359 4387">
    <p class='ocr_par' dir='ltr' id='par_1_60' title="bbox 68 4307 3359 4387">
     <span class='ocr_line' id='line_1_60' title="bbox 68 4307 3359 4387; baseline 0.003 -23"><span class='ocrx_word' id='word_1_650' title='bbox 68 4312 208 4365; x_wconf 78' lang='lat' dir='ltr'><strong><em>etiam</em></strong></span> <span class='ocrx_word' id='word_1_651' title='bbox 237 4314 461 4386; x_wconf 79' lang='lat' dir='ltr'><strong><em>propriis</em></strong></span> <span class='ocrx_word' id='word_1_652' title='bbox 484 4314 694 4386; x_wconf 87' lang='lat' dir='ltr'><strong><em>publica</em></strong></span> <span class='ocrx_word' id='word_1_653' title='bbox 732 4320 941 4366; x_wconf 90' lang='lat' dir='ltr'><strong><em>careant</em></strong></span> <span class='ocrx_word' id='word_1_654' title='bbox 976 4310 1304 4376; x_wconf 84' lang='lat' dir='ltr'><strong><em>auctoritate,</em></strong></span> <span class='ocrx_word' id='word_1_655' title='bbox 1336 4318 1390 4363; x_wconf 88' lang='lat' dir='ltr'><strong><em>ut</em></strong></span> <span class='ocrx_word' id='word_1_656' title='bbox 1416 4307 1646 4363; x_wconf 87' lang='lat' dir='ltr'><strong><em>rebelles.</em></strong></span> <span class='ocrx_word' id='word_1_657' title='bbox 1755 4310 1938 4365; x_wconf 77' lang='lat' dir='ltr'><strong><em>lliOllCl</em></strong></span> <span class='ocrx_word' id='word_1_658' title='bbox 1970 4307 2049 4365; x_wconf 90' lang='lat' dir='ltr'><strong><em>sic</em></strong></span> <span class='ocrx_word' id='word_1_659' title='bbox 2090 4324 2281 4365; x_wconf 88' lang='lat' dir='ltr'><strong><em>eorum</em></strong></span> <span class='ocrx_word' id='word_1_660' title='bbox 2328 4325 2613 4366; x_wconf 80' lang='lat' dir='ltr'><strong><em>tuunerum</em></strong></span> <span class='ocrx_word' id='word_1_661' title='bbox 2650 4311 2877 4366; x_wconf 87' lang='lat' dir='ltr'><strong><em>ineunt:</em></strong></span> <span class='ocrx_word' id='word_1_662' title='bbox 2911 4312 3359 4387; x_wconf 86' lang='lat' dir='ltr'><strong><em>subscripserunt</em></strong></span> 
     </span>
    </p>
   </div>
   <div class='ocr_carea' id='block_1_61' title="bbox 72 4400 3360 4477">
    <p class='ocr_par' dir='ltr' id='par_1_61' title="bbox 72 4400 3360 4477">
     <span class='ocr_line' id='line_1_61' title="bbox 72 4400 3360 4477; baseline 0.003 -21"><span class='ocrx_word' id='word_1_663' title='bbox 72 4401 359 4461; x_wconf 78' lang='lat' dir='ltr'><strong><em>Honoratus</em></strong></span> <span class='ocrx_word' id='word_1_664' title='bbox 381 4417 432 4462; x_wconf 90' lang='lat' dir='ltr'><strong><em>et</em></strong></span> <span class='ocrx_word' id='word_1_665' title='bbox 458 4405 700 4462; x_wconf 84' lang='lat' dir='ltr'><strong><em>Urbanus</em></strong></span> <span class='ocrx_word' id='word_1_666' title='bbox 739 4403 963 4477; x_wconf 82' lang='lat' dir='ltr'><strong><em>episcopi</em></strong></span> <span class='ocrx_word' id='word_1_667' title='bbox 988 4404 1254 4457; x_wconf 74' lang='lat' dir='ltr'><strong><em>dixerunt.</em></strong></span> <span class='ocrx_word' id='word_1_668' title='bbox 1282 4400 1502 4456; x_wconf 89' lang='lat' dir='ltr'><strong><em>Summa</em></strong></span> <span class='ocrx_word' id='word_1_669' title='bbox 1532 4413 1654 4472; x_wconf 89' lang='lat' dir='ltr'><strong><em>pro-</em></strong></span> <span class='ocrx_word' id='word_1_670' title='bbox 1756 4400 2009 4457; x_wconf 86' lang='lat' dir='ltr'><strong><em>mandato</em></strong></span> <span class='ocrx_word' id='word_1_671' title='bbox 2056 4402 2298 4473; x_wconf 88' lang='lat' dir='ltr'><strong><em>episcopi</em></strong></span> <span class='ocrx_word' id='word_1_672' title='bbox 2338 4402 2556 4457; x_wconf 87' lang='lat' dir='ltr'><strong><em>ducenti</em></strong></span> <span class='ocrx_word' id='word_1_673' title='bbox 2604 4403 2879 4475; x_wconf 75' lang='lat' dir='ltr'><strong><em>sexaginta</em></strong></span> <span class='ocrx_word' id='word_1_674' title='bbox 2934 4421 3068 4474; x_wconf 83' lang='lat' dir='ltr'><strong><em>sex,</em></strong></span> <span class='ocrx_word' id='word_1_675' title='bbox 3128 4405 3360 4465; x_wconf 82' lang='lat' dir='ltr'><strong><em>aderant</em></strong></span> 
     </span>
    </p>
   </div>
   <div class='ocr_carea' id='block_1_62' title="bbox 71 4491 3361 4571">
    <p class='ocr_par' dir='ltr' id='par_1_62' title="bbox 71 4491 3361 4571">
     <span class='ocr_line' id='line_1_62' title="bbox 71 4491 3361 4571; baseline 0.001 -21"><span class='ocrx_word' id='word_1_676' title='bbox 71 4499 185 4555; x_wconf 85' lang='lat' dir='ltr'><strong><em>visio</em></strong></span> <span class='ocrx_word' id='word_1_677' title='bbox 221 4502 510 4556; x_wconf 80' lang='lat' dir='ltr'><strong><em>sanctitatis</em></strong></span> <span class='ocrx_word' id='word_1_678' title='bbox 540 4512 643 4556; x_wconf 79' lang='lat' dir='ltr'><strong><em>tua:</em></strong></span> <span class='ocrx_word' id='word_1_679' title='bbox 682 4500 891 4555; x_wconf 70' lang='lat' dir='ltr'><strong><em>cohaesit</em></strong></span> <span class='ocrx_word' id='word_1_680' title='bbox 926 4496 1179 4552; x_wconf 87' lang='lat' dir='ltr'><strong><em>mentibus</em></strong></span> <span class='ocrx_word' id='word_1_681' title='bbox 1205 4493 1565 4566; x_wconf 85' lang='lat' dir='ltr'><strong><em>singulorum,</em></strong></span> <span class='ocrx_word' id='word_1_682' title='bbox 1606 4499 1653 4546; x_wconf 90' lang='lat' dir='ltr'><strong><em>et</em></strong></span> <span class='ocrx_word' id='word_1_683' title='bbox 1759 4499 2056 4563; x_wconf 69' lang='lat' dir='ltr'><strong><em>prtescntcs</em></strong></span> <span class='ocrx_word' id='word_1_684' title='bbox 2082 4491 2305 4564; x_wconf 86' lang='lat' dir='ltr'><strong><em>viginti;</em></strong></span> <span class='ocrx_word' id='word_1_685' title='bbox 2338 4492 2530 4549; x_wconf 84' lang='lat' dir='ltr'><strong><em>abesse</em></strong></span> <span class='ocrx_word' id='word_1_686' title='bbox 2578 4492 2834 4550; x_wconf 88' lang='lat' dir='ltr'><strong><em>dicuntur</em></strong></span> <span class='ocrx_word' id='word_1_687' title='bbox 2876 4505 3102 4553; x_wconf 82' lang='lat' dir='ltr'><strong><em>centum</em></strong></span> <span class='ocrx_word' id='word_1_688' title='bbox 3156 4499 3267 4571; x_wconf 69' lang='lat'><strong><em>28</em></strong></span> <span class='ocrx_word' id='word_1_689' title='bbox 3303 4508 3361 4557; x_wconf 83' lang='lat' dir='ltr'><strong><em>et</em></strong></span> 
     </span>
    </p>
   </div>
   <div class='ocr_carea' id='block_1_63' title="bbox 71 4584 3360 4665">
    <p class='ocr_par' dir='ltr' id='par_1_63' title="bbox 71 4584 3360 4665">
     <span class='ocr_line' id='line_1_63' title="bbox 71 4584 3360 4665; baseline 0 -19"><span class='ocrx_word' id='word_1_690' title='bbox 71 4601 207 4659; x_wconf 82' lang='lat' dir='ltr'><strong><em>puto,</em></strong></span> <span class='ocrx_word' id='word_1_691' title='bbox 232 4594 460 4648; x_wconf 85' lang='lat' dir='ltr'><strong><em>omnium</em></strong></span> <span class='ocrx_word' id='word_1_692' title='bbox 484 4593 813 4665; x_wconf 86' lang='lat' dir='ltr'><strong><em>responsione</em></strong></span> <span class='ocrx_word' id='word_1_693' title='bbox 833 4607 893 4645; x_wconf 92' lang='lat' dir='ltr'><strong><em>ea</em></strong></span> <span class='ocrx_word' id='word_1_694' title='bbox 911 4603 1027 4661; x_wconf 74' lang='lat' dir='ltr'><strong><em>quae</em></strong></span> <span class='ocrx_word' id='word_1_695' title='bbox 1051 4586 1290 4659; x_wconf 84' lang='lat' dir='ltr'><strong><em>prosequi</em></strong></span> <span class='ocrx_word' id='word_1_696' title='bbox 1315 4585 1556 4656; x_wconf 87' lang='lat' dir='ltr'><strong><em>dignatus</em></strong></span> <span class='ocrx_word' id='word_1_697' title='bbox 1576 4600 1649 4652; x_wconf 91' lang='lat' dir='ltr'><strong><em>es,</em></strong></span> <span class='ocrx_word' id='word_1_698' title='bbox 1678 4593 1733 4654; x_wconf 83' lang='lat' dir='ltr'><strong>D</strong></span> <span class='ocrx_word' id='word_1_699' title='bbox 1758 4584 1971 4655; x_wconf 77' lang='lat' dir='ltr'><strong><em>viginti,</em></strong></span> <span class='ocrx_word' id='word_1_700' title='bbox 2004 4599 2068 4640; x_wconf 87' lang='lat' dir='ltr'><strong><em>ac</em></strong></span> <span class='ocrx_word' id='word_1_701' title='bbox 2090 4585 2325 4641; x_wconf 84' lang='lat' dir='ltr'><strong><em>viduatae</em></strong></span> <span class='ocrx_word' id='word_1_702' title='bbox 2352 4594 2614 4655; x_wconf 63' lang='lat' dir='ltr'><strong><em>praeterea</em></strong></span> <span class='ocrx_word' id='word_1_703' title='bbox 2644 4585 2903 4644; x_wconf 65' lang='lat' dir='ltr'><strong><em>Ecclesiae</em></strong></span> <span class='ocrx_word' id='word_1_704' title='bbox 2925 4591 3202 4663; x_wconf 80' lang='lat' dir='ltr'><strong><em>sexaginta</em></strong></span> <span class='ocrx_word' id='word_1_705' title='bbox 3226 4608 3360 4664; x_wconf 83' lang='lat' dir='ltr'><strong><em>qua-</em></strong></span> 
     </span>
    </p>
   </div>
   <div class='ocr_carea' id='block_1_64' title="bbox 73 4679 1653 4757">
    <p class='ocr_par' dir='ltr' id='par_1_64' title="bbox 73 4679 1653 4757">
     <span class='ocr_line' id='line_1_64' title="bbox 73 4679 1653 4757; baseline -0.003 -22"><span class='ocrx_word' id='word_1_706' title='bbox 73 4684 372 4740; x_wconf 85' lang='lat' dir='ltr'><strong><em>roboranda.</em></strong></span> <span class='ocrx_word' id='word_1_707' title='bbox 408 4686 646 4743; x_wconf 84' lang='lat' dir='ltr'><strong><em>Universi</em></strong></span> <span class='ocrx_word' id='word_1_708' title='bbox 674 4685 903 4757; x_wconf 89' lang='lat' dir='ltr'><strong><em>episcopi</em></strong></span> <span class='ocrx_word' id='word_1_709' title='bbox 932 4684 1208 4750; x_wconf 72' lang='lat' dir='ltr'><strong><em>dixerunt,</em></strong></span> <span class='ocrx_word' id='word_1_710' title='bbox 1238 4681 1436 4754; x_wconf 89' lang='lat' dir='ltr'><strong><em>placet,</em></strong></span> <span class='ocrx_word' id='word_1_711' title='bbox 1469 4679 1653 4749; x_wconf 81' lang='lat' dir='ltr'><strong><em>placet.</em></strong></span> 
     </span>
    </p>
   </div>
   <div class='ocr_carea' id='block_1_65' title="bbox 73 4771 1661 4835">
    <p class='ocr_par' dir='ltr' id='par_1_65' title="bbox 73 4771 1661 4835">
     <span class='ocr_line' id='line_1_65' title="bbox 73 4771 1661 4835; baseline -0.005 -4"><span class='ocrx_word' id='word_1_712' title='bbox 73 4775 138 4831; x_wconf 81' lang='lat' dir='ltr'><strong><em>Et</em></strong></span> <span class='ocrx_word' id='word_1_713' title='bbox 160 4776 356 4834; x_wconf 76' lang='lat' dir='ltr'><strong><em>iterum</em></strong></span> <span class='ocrx_word' id='word_1_714' title='bbox 388 4779 443 4835; x_wconf 87' lang='lat' dir='ltr'><strong><em>in</em></strong></span> <span class='ocrx_word' id='word_1_715' title='bbox 471 4778 661 4835; x_wconf 85' lang='lat' dir='ltr'><strong><em>eodem</em></strong></span> <span class='ocrx_word' id='word_1_716' title='bbox 692 4777 936 4834; x_wconf 85' lang='lat' dir='ltr'><strong><em>Concilio</em></strong></span> <span class='ocrx_word' id='word_1_717' title='bbox 964 4791 1085 4831; x_wconf 84' lang='lat' dir='ltr'><strong><em>can.</em></strong></span> <span class='ocrx_word' id='word_1_718' title='bbox 1113 4773 1182 4830; x_wconf 69' lang='lat'><strong>56</strong></span> <span class='ocrx_word' id='word_1_719' title='bbox 1225 4790 1237 4828; x_wconf 91' lang='lat'><strong>:</strong></span> <span class='ocrx_word' id='word_1_720' title='bbox 1285 4771 1581 4826; x_wconf 85' lang='lat' dir='ltr'><strong><em>Honoratus</em></strong></span> <span class='ocrx_word' id='word_1_721' title='bbox 1611 4778 1661 4824; x_wconf 90' lang='lat' dir='ltr'><strong><em>et</em></strong></span> 
     </span>
    </p>
   </div>
   <div class='ocr_carea' id='block_1_66' title="bbox 79 4865 1661 4944">
    <p class='ocr_par' dir='ltr' id='par_1_66' title="bbox 79 4865 1661 4944">
     <span class='ocr_line' id='line_1_66' title="bbox 79 4865 1661 4944; baseline -0.003 -22"><span class='ocrx_word' id='word_1_722' title='bbox 79 4868 307 4928; x_wconf 87' lang='lat' dir='ltr'><strong><em>Urbanus</em></strong></span> <span class='ocrx_word' id='word_1_723' title='bbox 332 4872 559 4944; x_wconf 84' lang='lat' dir='ltr'><strong><em>episcopi</em></strong></span> <span class='ocrx_word' id='word_1_724' title='bbox 588 4872 845 4927; x_wconf 71' lang='lat' dir='ltr'><strong><em>dixerunt.</em></strong></span> <span class='ocrx_word' id='word_1_725' title='bbox 877 4870 1179 4924; x_wconf 78' lang='lat' dir='ltr'><strong><em>Audiuimus</em></strong></span> <span class='ocrx_word' id='word_1_726' title='bbox 1207 4865 1574 4930; x_wconf 88' lang='lat' dir='ltr'><strong><em>constitutum,</em></strong></span> <span class='ocrx_word' id='word_1_727' title='bbox 1606 4872 1661 4917; x_wconf 88' lang='lat' dir='ltr'><strong><em>ut</em></strong></span> 
     </span>
    </p>
   </div>
   <div class='ocr_carea' id='block_1_67' title="bbox 75 4957 1665 5036">
    <p class='ocr_par' dir='ltr' id='par_1_67' title="bbox 75 4957 1665 5036">
     <span class='ocr_line' id='line_1_67' title="bbox 75 4957 1665 5036; baseline -0.003 -20"><span class='ocrx_word' id='word_1_728' title='bbox 75 4962 306 5022; x_wconf 72' lang='lat' dir='ltr'><strong><em>dicacem</em></strong></span> <span class='ocrx_word' id='word_1_729' title='bbox 330 4984 434 5024; x_wconf 87' lang='lat' dir='ltr'><strong><em>non</em></strong></span> <span class='ocrx_word' id='word_1_730' title='bbox 459 4977 754 5023; x_wconf 80' lang='lat' dir='ltr'><strong><em>mereantur</em></strong></span> <span class='ocrx_word' id='word_1_731' title='bbox 779 4964 1047 5036; x_wconf 75' lang='lat' dir='ltr'><strong><em>episcOpos</em></strong></span> <span class='ocrx_word' id='word_1_732' title='bbox 1083 4962 1312 5035; x_wconf 88' lang='lat' dir='ltr'><strong><em>accipere</em></strong></span> <span class='ocrx_word' id='word_1_733' title='bbox 1334 5000 1349 5024; x_wconf 91' lang='lat'><strong><em>,</em></strong></span> <span class='ocrx_word' id='word_1_734' title='bbox 1396 4957 1500 5013; x_wconf 90' lang='lat' dir='ltr'><strong><em>nisi</em></strong></span> <span class='ocrx_word' id='word_1_735' title='bbox 1542 4973 1665 5012; x_wconf 91' lang='lat' dir='ltr'><strong><em>con-</em></strong></span> 
     </span>
    </p>
   </div>
   <div class='ocr_carea' id='block_1_68' title="bbox 73 5050 1665 5132">
    <p class='ocr_par' dir='ltr' id='par_1_68' title="bbox 73 5050 1665 5132">
     <span class='ocr_line' id='line_1_68' title="bbox 73 5050 1665 5132; baseline -0.003 -25"><span class='ocrx_word' id='word_1_736' title='bbox 73 5071 214 5110; x_wconf 78' lang='lat' dir='ltr'><strong><em>sensu</em></strong></span> <span class='ocrx_word' id='word_1_737' title='bbox 243 5061 378 5131; x_wconf 84' lang='lat' dir='ltr'><strong><em>ejus,</em></strong></span> <span class='ocrx_word' id='word_1_738' title='bbox 399 5061 492 5116; x_wconf 79' lang='lat' dir='ltr'><strong><em>sub</em></strong></span> <span class='ocrx_word' id='word_1_739' title='bbox 512 5078 612 5132; x_wconf 89' lang='lat' dir='ltr'><strong><em>quo</em></strong></span> <span class='ocrx_word' id='word_1_740' title='bbox 634 5062 836 5132; x_wconf 85' lang='lat' dir='ltr'><strong><em>fuerant</em></strong></span> <span class='ocrx_word' id='word_1_741' title='bbox 864 5056 1175 5120; x_wconf 64' lang='lat' dir='ltr'><strong><em>constitutae,</em></strong></span> <span class='ocrx_word' id='word_1_742' title='bbox 1198 5054 1289 5109; x_wconf 90' lang='lat' dir='ltr'><strong><em>sed</em></strong></span> <span class='ocrx_word' id='word_1_743' title='bbox 1316 5054 1372 5108; x_wconf 87' lang='lat' dir='ltr'><strong><em>in</em></strong></span> <span class='ocrx_word' id='word_1_744' title='bbox 1399 5050 1665 5122; x_wconf 86' lang='lat' dir='ltr'><strong><em>provincia</em></strong></span> 
     </span>
    </p>
   </div>
   <div class='ocr_carea' id='block_1_69' title="bbox 77 5143 1664 5226">
    <p class='ocr_par' dir='ltr' id='par_1_69' title="bbox 77 5143 1664 5226">
     <span class='ocr_line' id='line_1_69' title="bbox 77 5143 1664 5226; baseline -0.003 -26"><span class='ocrx_word' id='word_1_745' title='bbox 77 5161 245 5206; x_wconf 77' lang='lat' dir='ltr'><strong><em>nostra</em></strong></span> <span class='ocrx_word' id='word_1_746' title='bbox 271 5170 388 5210; x_wconf 88' lang='lat' dir='ltr'><strong><em>cum</em></strong></span> <span class='ocrx_word' id='word_1_747' title='bbox 413 5156 574 5225; x_wconf 88' lang='lat' dir='ltr'><strong><em>aliqui</em></strong></span> <span class='ocrx_word' id='word_1_748' title='bbox 600 5158 734 5226; x_wconf 91' lang='lat' dir='ltr'><strong><em>forte</em></strong></span> <span class='ocrx_word' id='word_1_749' title='bbox 762 5153 817 5207; x_wconf 91' lang='lat' dir='ltr'><strong><em>in</em></strong></span> <span class='ocrx_word' id='word_1_750' title='bbox 848 5151 1081 5218; x_wconf 66' lang='lat' dir='ltr'><strong><em>diccesi,</em></strong></span> <span class='ocrx_word' id='word_1_751' title='bbox 1113 5146 1416 5204; x_wconf 88' lang='lat' dir='ltr'><strong><em>concedente</em></strong></span> <span class='ocrx_word' id='word_1_752' title='bbox 1452 5161 1511 5200; x_wconf 91' lang='lat' dir='ltr'><strong><em>eo</em></strong></span> <span class='ocrx_word' id='word_1_753' title='bbox 1549 5143 1664 5213; x_wconf 83' lang='lat' dir='ltr'><strong><em>epi-</em></strong></span> 
     </span>
    </p>
   </div>
   <div class='ocr_carea' id='block_1_70' title="bbox 76 5236 1668 5320">
    <p class='ocr_par' dir='ltr' id='par_1_70' title="bbox 76 5236 1668 5320">
     <span class='ocr_line' id='line_1_70' title="bbox 76 5236 1668 5320; baseline -0.002 -27"><span class='ocrx_word' id='word_1_754' title='bbox 76 5256 224 5311; x_wconf 83' lang='lat' dir='ltr'><strong><em>scopo</em></strong></span> <span class='ocrx_word' id='word_1_755' title='bbox 247 5285 262 5310; x_wconf 89' lang='lat'><strong><em>,</em></strong></span> <span class='ocrx_word' id='word_1_756' title='bbox 288 5246 346 5300; x_wconf 90' lang='lat' dir='ltr'><strong><em>in</em></strong></span> <span class='ocrx_word' id='word_1_757' title='bbox 372 5251 518 5320; x_wconf 83' lang='lat' dir='ltr'><strong><em>cujus</em></strong></span> <span class='ocrx_word' id='word_1_758' title='bbox 557 5254 807 5317; x_wconf 85' lang='lat' dir='ltr'><strong><em>potestate</em></strong></span> <span class='ocrx_word' id='word_1_759' title='bbox 854 5248 1061 5316; x_wconf 81' lang='lat' dir='ltr'><strong><em>fuerant</em></strong></span> <span class='ocrx_word' id='word_1_760' title='bbox 1104 5242 1414 5307; x_wconf 68' lang='lat' dir='ltr'><strong><em>constitutae,</em></strong></span> <span class='ocrx_word' id='word_1_761' title='bbox 1439 5236 1668 5293; x_wconf 89' lang='lat' dir='ltr'><strong><em>ordinati</em></strong></span> 
     </span>
    </p>
   </div>
   <div class='ocr_carea' id='block_1_71' title="bbox 77 5331 1662 5411">
    <p class='ocr_par' dir='ltr' id='par_1_71' title="bbox 77 5331 1662 5411">
     <span class='ocr_line' id='line_1_71' title="bbox 77 5331 1662 5411; baseline -0.003 -22"><span class='ocrx_word' id='word_1_762' title='bbox 77 5347 187 5391; x_wconf 88' lang='lat' dir='ltr'><strong><em>sunt</em></strong></span> <span class='ocrx_word' id='word_1_763' title='bbox 238 5339 500 5411; x_wconf 84' lang='lat' dir='ltr'><strong><em>episcopi,</em></strong></span> <span class='ocrx_word' id='word_1_764' title='bbox 545 5341 702 5396; x_wconf 80' lang='lat' dir='ltr'><strong><em>etiarn</em></strong></span> <span class='ocrx_word' id='word_1_765' title='bbox 741 5339 978 5393; x_wconf 72' lang='lat' dir='ltr'><strong><em>diwceses</em></strong></span> <span class='ocrx_word' id='word_1_766' title='bbox 1022 5336 1117 5391; x_wconf 87' lang='lat' dir='ltr'><strong><em>sibi</em></strong></span> <span class='ocrx_word' id='word_1_767' title='bbox 1163 5334 1457 5402; x_wconf 83' lang='lat' dir='ltr'><strong><em>vindicant,</em></strong></span> <span class='ocrx_word' id='word_1_768' title='bbox 1490 5331 1587 5387; x_wconf 86' lang='lat' dir='ltr'><strong><em>hoc</em></strong></span> <span class='ocrx_word' id='word_1_769' title='bbox 1611 5338 1662 5385; x_wconf 88' lang='lat' dir='ltr'><strong><em>et</em></strong></span> 
     </span>
    </p>
   </div>
   <div class='ocr_carea' id='block_1_72' title="bbox 77 5425 1663 5503">
    <p class='ocr_par' dir='ltr' id='par_1_72' title="bbox 77 5425 1663 5503">
     <span class='ocr_line' id='line_1_72' title="bbox 77 5425 1663 5503; baseline -0.001 -23"><span class='ocrx_word' id='word_1_770' title='bbox 77 5430 262 5500; x_wconf 83' lang='lat' dir='ltr'><strong><em>corrigi</em></strong></span> <span class='ocrx_word' id='word_1_771' title='bbox 287 5431 551 5488; x_wconf 84' lang='lat' dir='ltr'><strong><em>charitutis</em></strong></span> <span class='ocrx_word' id='word_1_772' title='bbox 587 5441 766 5487; x_wconf 70' lang='lat' dir='ltr'><strong><em>vestrm</em></strong></span> <span class='ocrx_word' id='word_1_773' title='bbox 799 5429 1039 5503; x_wconf 85' lang='lat' dir='ltr'><strong><em>judicio,</em></strong></span> <span class='ocrx_word' id='word_1_774' title='bbox 1073 5436 1121 5482; x_wconf 88' lang='lat' dir='ltr'><strong><em>et</em></strong></span> <span class='ocrx_word' id='word_1_775' title='bbox 1147 5426 1363 5482; x_wconf 84' lang='lat' dir='ltr'><strong><em>inhiberi</em></strong></span> <span class='ocrx_word' id='word_1_776' title='bbox 1393 5425 1457 5480; x_wconf 89' lang='lat' dir='ltr'><strong><em>de</em></strong></span> <span class='ocrx_word' id='word_1_777' title='bbox 1483 5433 1663 5479; x_wconf 77' lang='lat' dir='ltr'><strong><em>ctetero</em></strong></span> 
     </span>
    </p>
   </div>
   <div class='ocr_carea' id='block_1_73' title="bbox 82 5516 1664 5598">
    <p class='ocr_par' dir='ltr' id='par_1_73' title="bbox 82 5516 1664 5598">
     <span class='ocr_line' id='line_1_73' title="bbox 82 5516 1664 5598; baseline -0.002 -24"><span class='ocrx_word' id='word_1_778' title='bbox 82 5520 238 5577; x_wconf 84' lang='lat' dir='ltr'><strong><em>debet.</em></strong></span> <span class='ocrx_word' id='word_1_779' title='bbox 291 5526 573 5598; x_wconf 79' lang='lat' dir='ltr'><strong><em>Epigonius</em></strong></span> <span class='ocrx_word' id='word_1_780' title='bbox 621 5526 890 5596; x_wconf 87' lang='lat' dir='ltr'><strong><em>episcopus</em></strong></span> <span class='ocrx_word' id='word_1_781' title='bbox 940 5522 1092 5576; x_wconf 67' lang='lat' dir='ltr'><strong><em>dixit.</em></strong></span> <span class='ocrx_word' id='word_1_782' title='bbox 1140 5520 1373 5593; x_wconf 84' lang='lat' dir='ltr'><strong><em>Singulis</em></strong></span> <span class='ocrx_word' id='word_1_783' title='bbox 1417 5516 1664 5591; x_wconf 88' lang='lat' dir='ltr'><strong><em>episcopis</em></strong></span> 
     </span>
    </p>
   </div>
   <div class='ocr_carea' id='block_1_74' title="bbox 81 5614 1665 5693">
    <p class='ocr_par' dir='ltr' id='par_1_74' title="bbox 81 5614 1665 5693">
     <span class='ocr_line' id='line_1_74' title="bbox 81 5614 1665 5693; baseline 0 -25"><span class='ocrx_word' id='word_1_784' title='bbox 81 5628 335 5675; x_wconf 80' lang='lat' dir='ltr'><strong><em>servatum</em></strong></span> <span class='ocrx_word' id='word_1_785' title='bbox 360 5631 433 5677; x_wconf 85' lang='lat' dir='ltr'><strong><em>est</em></strong></span> <span class='ocrx_word' id='word_1_786' title='bbox 467 5620 605 5693; x_wconf 89' lang='lat' dir='ltr'><strong><em>quod</em></strong></span> <span class='ocrx_word' id='word_1_787' title='bbox 653 5621 865 5675; x_wconf 87' lang='lat' dir='ltr'><strong><em>decebat</em></strong></span> <span class='ocrx_word' id='word_1_788' title='bbox 901 5638 915 5673; x_wconf 87' lang='lat'><strong>:</strong></span> <span class='ocrx_word' id='word_1_789' title='bbox 957 5628 1012 5672; x_wconf 87' lang='lat' dir='ltr'><strong><em>ut</em></strong></span> <span class='ocrx_word' id='word_1_790' title='bbox 1054 5634 1121 5673; x_wconf 77' lang='lat' dir='ltr'><strong><em>ea:</em></strong></span> <span class='ocrx_word' id='word_1_791' title='bbox 1167 5634 1334 5674; x_wconf 86' lang='lat' dir='ltr'><strong><em>massa</em></strong></span> <span class='ocrx_word' id='word_1_792' title='bbox 1375 5614 1665 5673; x_wconf 69' lang='lat' dir='ltr'><strong><em>dioecesium</em></strong></span> 
     </span>
    </p>
   </div>
   <div class='ocr_carea' id='block_1_75' title="bbox 86 5710 1665 5785">
    <p class='ocr_par' dir='ltr' id='par_1_75' title="bbox 86 5710 1665 5785">
     <span class='ocr_line' id='line_1_75' title="bbox 86 5710 1665 5785; baseline 0.001 -24"><span class='ocrx_word' id='word_1_793' title='bbox 86 5710 229 5767; x_wconf 88' lang='lat' dir='ltr'><strong><em>nulla</em></strong></span> <span class='ocrx_word' id='word_1_794' title='bbox 267 5725 578 5785; x_wconf 82' lang='lat' dir='ltr'><strong><em>carperetur,</em></strong></span> <span class='ocrx_word' id='word_1_795' title='bbox 623 5723 679 5769; x_wconf 90' lang='lat' dir='ltr'><strong><em>ut</em></strong></span> <span class='ocrx_word' id='word_1_796' title='bbox 721 5713 989 5783; x_wconf 86' lang='lat' dir='ltr'><strong><em>proprium</em></strong></span> <span class='ocrx_word' id='word_1_797' title='bbox 1040 5712 1329 5783; x_wconf 76' lang='lat' dir='ltr'><strong><em>episcOpum</em></strong></span> <span class='ocrx_word' id='word_1_798' title='bbox 1382 5710 1665 5775; x_wconf 86' lang='lat' dir='ltr'><strong><em>habuisset,</em></strong></span> 
     </span>
    </p>
   </div>
   <div class='ocr_carea' id='block_1_76' title="bbox 88 5799 1670 5873">
    <p class='ocr_par' dir='ltr' id='par_1_76' title="bbox 88 5799 1670 5873">
     <span class='ocr_line' id='line_1_76' title="bbox 88 5799 1670 5873; baseline -0.002 -15"><span class='ocrx_word' id='word_1_799' title='bbox 88 5804 185 5859; x_wconf 86' lang='lat' dir='ltr'><strong><em>nisi</em></strong></span> <span class='ocrx_word' id='word_1_800' title='bbox 212 5806 324 5873; x_wconf 87' lang='lat' dir='ltr'><strong><em>ipse</em></strong></span> <span class='ocrx_word' id='word_1_801' title='bbox 349 5824 643 5863; x_wconf 83' lang='lat' dir='ltr'><strong><em>consensum</em></strong></span> <span class='ocrx_word' id='word_1_802' title='bbox 690 5804 1005 5862; x_wconf 79' lang='lat' dir='ltr'><strong><em>adhibuisset</em></strong></span> <span class='ocrx_word' id='word_1_803' title='bbox 1053 5802 1379 5858; x_wconf 83' lang='lat' dir='ltr'><strong><em>concedendi.</em></strong></span> <span class='ocrx_word' id='word_1_804' title='bbox 1435 5799 1670 5869; x_wconf 77' lang='lat' dir='ltr'><strong><em>Sufﬁciat</em></strong></span> 
     </span>
    </p>
   </div>
   <div class='ocr_carea' id='block_1_77' title="bbox 1764 4677 3362 4757">
    <p class='ocr_par' dir='ltr' id='par_1_77' title="bbox 1764 4677 3362 4757">
     <span class='ocr_line' id='line_1_77' title="bbox 1764 4677 3362 4757; baseline 0.008 -25"><span class='ocrx_word' id='word_1_805' title='bbox 1764 4686 1918 4744; x_wconf 90' lang='lat' dir='ltr'><strong><em>tuor;</em></strong></span> <span class='ocrx_word' id='word_1_806' title='bbox 1955 4693 2023 4733; x_wconf 79' lang='lat' dir='ltr'><strong><em>ex</em></strong></span> <span class='ocrx_word' id='word_1_807' title='bbox 2066 4677 2265 4750; x_wconf 89' lang='lat' dir='ltr'><strong><em>quibus</em></strong></span> <span class='ocrx_word' id='word_1_808' title='bbox 2294 4680 2508 4751; x_wconf 84' lang='lat' dir='ltr'><strong><em>exurgit</em></strong></span> <span class='ocrx_word' id='word_1_809' title='bbox 2548 4695 2804 4736; x_wconf 88' lang='lat' dir='ltr'><strong><em>numerus</em></strong></span> <span class='ocrx_word' id='word_1_810' title='bbox 2839 4683 3362 4757; x_wconf 72' lang='lat' dir='ltr'><strong><em>quadringentorum</em></strong></span> 
     </span>
    </p>
   </div>
   <div class='ocr_carea' id='block_1_78' title="bbox 1762 4770 3360 4844">
    <p class='ocr_par' dir='ltr' id='par_1_78' title="bbox 1762 4770 3360 4844">
     <span class='ocr_line' id='line_1_78' title="bbox 1762 4770 3360 4844; baseline 0.007 -19"><span class='ocrx_word' id='word_1_811' title='bbox 1762 4770 2106 4843; x_wconf 84' lang='lat' dir='ltr'><strong><em>septuaginta</em></strong></span> <span class='ocrx_word' id='word_1_812' title='bbox 2138 4770 2347 4827; x_wconf 82' lang='lat' dir='ltr'><strong><em>sediutn</em></strong></span> <span class='ocrx_word' id='word_1_813' title='bbox 2377 4773 2763 4844; x_wconf 80' lang='lat' dir='ltr'><strong><em>episcopalium</em></strong></span> <span class='ocrx_word' id='word_1_814' title='bbox 2798 4774 2852 4831; x_wconf 91' lang='lat' dir='ltr'><strong><em>in</em></strong></span> <span class='ocrx_word' id='word_1_815' title='bbox 2884 4775 3091 4834; x_wconf 79' lang='lat' dir='ltr'><strong><em>Africa.</em></strong></span> <span class='ocrx_word' id='word_1_816' title='bbox 3114 4778 3360 4836; x_wconf 81' lang='lat' dir='ltr'><strong><em>Alterum</em></strong></span> 
     </span>
    </p>
   </div>
   <div class='ocr_carea' id='block_1_79' title="bbox 1767 4864 3364 4944">
    <p class='ocr_par' dir='ltr' id='par_1_79' title="bbox 1767 4864 3364 4944">
     <span class='ocr_line' id='line_1_79' title="bbox 1767 4864 3364 4944; baseline 0.007 -25"><span class='ocrx_word' id='word_1_817' title='bbox 1767 4872 1853 4919; x_wconf 87' lang='lat' dir='ltr'><strong><em>est</em></strong></span> <span class='ocrx_word' id='word_1_818' title='bbox 1878 4864 2067 4920; x_wconf 83' lang='lat' dir='ltr'><strong><em>notitia</em></strong></span> <span class='ocrx_word' id='word_1_819' title='bbox 2092 4864 2469 4935; x_wconf 81' lang='lat' dir='ltr'><strong><em>episcOporum</em></strong></span> <span class='ocrx_word' id='word_1_820' title='bbox 2497 4864 2749 4924; x_wconf 83' lang='lat' dir='ltr'><strong><em>Afrorum</em></strong></span> <span class='ocrx_word' id='word_1_821' title='bbox 2776 4869 2878 4926; x_wconf 89' lang='lat' dir='ltr'><strong><em>sub</em></strong></span> <span class='ocrx_word' id='word_1_822' title='bbox 2902 4869 3192 4936; x_wconf 86' lang='lat' dir='ltr'><strong><em>llunerico,</em></strong></span> <span class='ocrx_word' id='word_1_823' title='bbox 3239 4885 3364 4944; x_wconf 79' lang='lat' dir='ltr'><strong><em>qua:</em></strong></span> 
     </span>
    </p>
   </div>
   <div class='ocr_carea' id='block_1_80' title="bbox 1769 4959 3362 5036">
    <p class='ocr_par' dir='ltr' id='par_1_80' title="bbox 1769 4959 3362 5036">
     <span class='ocr_line' id='line_1_80' title="bbox 1769 4959 3362 5036; baseline 0.006 -23"><span class='ocrx_word' id='word_1_824' title='bbox 1769 4966 2017 5014; x_wconf 74' lang='lat' dir='ltr'><strong><em>numerat</em></strong></span> <span class='ocrx_word' id='word_1_825' title='bbox 2072 4959 2362 5031; x_wconf 88' lang='lat' dir='ltr'><strong><em>episcopos</em></strong></span> <span class='ocrx_word' id='word_1_826' title='bbox 2416 4960 2842 5033; x_wconf 82' lang='lat' dir='ltr'><strong><em>quadringentos</em></strong></span> <span class='ocrx_word' id='word_1_827' title='bbox 2898 4963 3178 5035; x_wconf 79' lang='lat' dir='ltr'><strong><em>sexaginta</em></strong></span> <span class='ocrx_word' id='word_1_828' title='bbox 3235 4979 3362 5036; x_wconf 78' lang='lat' dir='ltr'><strong><em>sex,</em></strong></span> 
     </span>
    </p>
   </div>
   <div class='ocr_carea' id='block_1_81' title="bbox 1766 5051 3368 5129">
    <p class='ocr_par' dir='ltr' id='par_1_81' title="bbox 1766 5051 3368 5129">
     <span class='ocr_line' id='line_1_81' title="bbox 1766 5051 3368 5129; baseline 0.008 -25"><span class='ocrx_word' id='word_1_829' title='bbox 1766 5051 1960 5120; x_wconf 84' lang='lat' dir='ltr'><strong><em>quibus</em></strong></span> <span class='ocrx_word' id='word_1_830' title='bbox 1982 5052 2026 5106; x_wconf 90' lang='lat' dir='ltr'><strong><em>si</em></strong></span> <span class='ocrx_word' id='word_1_831' title='bbox 2055 5062 2179 5109; x_wconf 91' lang='lat' dir='ltr'><strong><em>octo</em></strong></span> <span class='ocrx_word' id='word_1_832' title='bbox 2205 5051 2392 5108; x_wconf 85' lang='lat' dir='ltr'><strong><em>demas</em></strong></span> <span class='ocrx_word' id='word_1_833' title='bbox 2413 5052 2682 5111; x_wconf 68' lang='lat' dir='ltr'><strong><em>Sardiniae</em></strong></span> <span class='ocrx_word' id='word_1_834' title='bbox 2709 5055 3020 5129; x_wconf 86' lang='lat' dir='ltr'><strong><em>episcopos,</em></strong></span> <span class='ocrx_word' id='word_1_835' title='bbox 3043 5058 3225 5115; x_wconf 74' lang='lat' dir='ltr'><strong><em>ctctcri</em></strong></span> <span class='ocrx_word' id='word_1_836' title='bbox 3246 5073 3368 5117; x_wconf 83' lang='lat' dir='ltr'><strong><em>om-</em></strong></span> 
     </span>
    </p>
   </div>
   <div class='ocr_carea' id='block_1_82' title="bbox 1768 5142 2555 5217">
    <p class='ocr_par' dir='ltr' id='par_1_82' title="bbox 1768 5142 2555 5217">
     <span class='ocr_line' id='line_1_82' title="bbox 1768 5142 2555 5217; baseline 0.001 -17"><span class='ocrx_word' id='word_1_837' title='bbox 1768 5160 1863 5200; x_wconf 84' lang='lat' dir='ltr'><strong><em>nes</em></strong></span> <span class='ocrx_word' id='word_1_838' title='bbox 1895 5144 1962 5201; x_wconf 90' lang='lat' dir='ltr'><strong><em>ad</em></strong></span> <span class='ocrx_word' id='word_1_839' title='bbox 1991 5142 2229 5200; x_wconf 82' lang='lat' dir='ltr'><strong><em>Africam</em></strong></span> <span class='ocrx_word' id='word_1_840' title='bbox 2259 5145 2555 5217; x_wconf 86' lang='lat' dir='ltr'><strong><em>pertinent.</em></strong></span> 
     </span>
    </p>
   </div>
   <div class='ocr_carea' id='block_1_83' title="bbox 1838 5230 3370 5312">
    <p class='ocr_par' dir='ltr' id='par_1_83' title="bbox 1838 5230 3370 5312">
     <span class='ocr_line' id='line_1_83' title="bbox 1838 5230 3370 5312; baseline 0.003 -19"><span class='ocrx_word' id='word_1_841' title='bbox 1838 5237 1967 5293; x_wconf 86' lang='lat' dir='ltr'><strong><em>Post</em></strong></span> <span class='ocrx_word' id='word_1_842' title='bbox 2017 5247 2398 5309; x_wconf 80' lang='lat' dir='ltr'><strong><em>recuperatam</em></strong></span> <span class='ocrx_word' id='word_1_843' title='bbox 2438 5253 2469 5294; x_wconf 90' lang='lat' dir='ltr'><strong><em>a</em></strong></span> <span class='ocrx_word' id='word_1_844' title='bbox 2508 5230 2817 5297; x_wconf 72' lang='lat' dir='ltr'><strong><em>Iustiniano</em></strong></span> <span class='ocrx_word' id='word_1_845' title='bbox 2871 5242 3200 5312; x_wconf 85' lang='lat' dir='ltr'><strong><em>imperatore</em></strong></span> <span class='ocrx_word' id='word_1_846' title='bbox 3228 5243 3370 5298; x_wconf 76' lang='lat' dir='ltr'><strong><em>Afri-</em></strong></span> 
     </span>
    </p>
   </div>
   <div class='ocr_carea' id='block_1_84' title="bbox 1767 5330 3366 5401">
    <p class='ocr_par' dir='ltr' id='par_1_84' title="bbox 1767 5330 3366 5401">
     <span class='ocr_line' id='line_1_84' title="bbox 1767 5330 3366 5401; baseline 0.001 -14"><span class='ocrx_word' id='word_1_847' title='bbox 1767 5346 1910 5397; x_wconf 81' lang='lat' dir='ltr'><strong><em>cam,</em></strong></span> <span class='ocrx_word' id='word_1_848' title='bbox 1934 5330 2236 5400; x_wconf 81' lang='lat' dir='ltr'><strong><em>Reparatus</em></strong></span> <span class='ocrx_word' id='word_1_849' title='bbox 2266 5331 2553 5387; x_wconf 89' lang='lat' dir='ltr'><strong><em>concilium</em></strong></span> <span class='ocrx_word' id='word_1_850' title='bbox 2587 5332 2775 5388; x_wconf 85' lang='lat' dir='ltr'><strong><em>habuit</em></strong></span> <span class='ocrx_word' id='word_1_851' title='bbox 2810 5334 3118 5391; x_wconf 85' lang='lat' dir='ltr'><strong><em>universale</em></strong></span> <span class='ocrx_word' id='word_1_852' title='bbox 3147 5332 3366 5401; x_wconf 63' lang='lat' dir='ltr'><strong><em>Africa),</em></strong></span> 
     </span>
    </p>
   </div>
   <div class='ocr_carea' id='block_1_85' title="bbox 1770 5414 3374 5497">
    <p class='ocr_par' dir='ltr' id='par_1_85' title="bbox 1770 5414 3374 5497">
     <span class='ocr_line' id='line_1_85' title="bbox 1770 5414 3374 5497; baseline 0 -15"><span class='ocrx_word' id='word_1_853' title='bbox 1770 5426 1824 5482; x_wconf 91' lang='lat' dir='ltr'><strong><em>in</em></strong></span> <span class='ocrx_word' id='word_1_854' title='bbox 1850 5441 1959 5497; x_wconf 91' lang='lat' dir='ltr'><strong><em>quo</em></strong></span> <span class='ocrx_word' id='word_1_855' title='bbox 1983 5425 2280 5481; x_wconf 77' lang='lat' dir='ltr'><strong><em>adfuerunt</em></strong></span> <span class='ocrx_word' id='word_1_856' title='bbox 2316 5423 2555 5495; x_wconf 88' lang='lat' dir='ltr'><strong><em>episcopi</em></strong></span> <span class='ocrx_word' id='word_1_857' title='bbox 2583 5414 2727 5493; x_wconf 70' lang='lat'><strong><em>217,</em></strong></span> <span class='ocrx_word' id='word_1_858' title='bbox 2757 5426 2901 5496; x_wconf 91' lang='lat' dir='ltr'><strong><em>quod</em></strong></span> <span class='ocrx_word' id='word_1_859' title='bbox 2940 5435 3260 5496; x_wconf 84' lang='lat' dir='ltr'><strong><em>argumento</em></strong></span> <span class='ocrx_word' id='word_1_860' title='bbox 3286 5436 3374 5482; x_wconf 85' lang='lat' dir='ltr'><strong><em>est</em></strong></span> 
     </span>
    </p>
   </div>
   <div class='ocr_carea' id='block_1_86' title="bbox 1770 5516 3374 5589">
    <p class='ocr_par' dir='ltr' id='par_1_86' title="bbox 1770 5516 3374 5589">
     <span class='ocr_line' id='line_1_86' title="bbox 1770 5516 3374 5589; baseline 0.001 -14"><span class='ocrx_word' id='word_1_861' title='bbox 1770 5533 1836 5575; x_wconf 81' lang='lat' dir='ltr'><strong><em>ex</em></strong></span> <span class='ocrx_word' id='word_1_862' title='bbox 1864 5516 2069 5588; x_wconf 82' lang='lat' dir='ltr'><strong><em>ingenti</em></strong></span> <span class='ocrx_word' id='word_1_863' title='bbox 2100 5517 2199 5573; x_wconf 85' lang='lat' dir='ltr'><strong><em>illo</em></strong></span> <span class='ocrx_word' id='word_1_864' title='bbox 2219 5516 2633 5589; x_wconf 86' lang='lat' dir='ltr'><strong><em>episcopatuum</em></strong></span> <span class='ocrx_word' id='word_1_865' title='bbox 2676 5533 2905 5573; x_wconf 87' lang='lat' dir='ltr'><strong><em>numero</em></strong></span> <span class='ocrx_word' id='word_1_866' title='bbox 2925 5559 2939 5583; x_wconf 88' lang='lat'><strong><em>,</em></strong></span> <span class='ocrx_word' id='word_1_867' title='bbox 2966 5519 3169 5575; x_wconf 90' lang='lat' dir='ltr'><strong><em>multos</em></strong></span> <span class='ocrx_word' id='word_1_868' title='bbox 3194 5517 3374 5576; x_wconf 85' lang='lat' dir='ltr'><strong><em>adhuc</em></strong></span> 
     </span>
    </p>
   </div>
   <div class='ocr_carea' id='block_1_87' title="bbox 1772 5609 3374 5683">
    <p class='ocr_par' dir='ltr' id='par_1_87' title="bbox 1772 5609 3374 5683">
     <span class='ocr_line' id='line_1_87' title="bbox 1772 5609 3374 5683; baseline 0.001 -14"><span class='ocrx_word' id='word_1_869' title='bbox 1772 5630 1837 5669; x_wconf 81' lang='lat' dir='ltr'><strong><em>ex</em></strong></span> <span class='ocrx_word' id='word_1_870' title='bbox 1867 5612 1973 5668; x_wconf 83' lang='lat' dir='ltr'><strong><em>hoc</em></strong></span> <span class='ocrx_word' id='word_1_871' title='bbox 2001 5622 2250 5683; x_wconf 88' lang='lat' dir='ltr'><strong><em>tempore</em></strong></span> <span class='ocrx_word' id='word_1_872' title='bbox 2276 5609 2633 5681; x_wconf 83' lang='lat' dir='ltr'><strong><em>superfuisse.</em></strong></span> <span class='ocrx_word' id='word_1_873' title='bbox 2655 5609 2714 5665; x_wconf 88' lang='lat' dir='ltr'><strong><em>In</em></strong></span> <span class='ocrx_word' id='word_1_874' title='bbox 2757 5610 2990 5667; x_wconf 90' lang='lat' dir='ltr'><strong><em>concilio</em></strong></span> <span class='ocrx_word' id='word_1_875' title='bbox 3015 5611 3374 5670; x_wconf 86' lang='lat' dir='ltr'><strong><em>Lateranensi</em></strong></span> 
     </span>
    </p>
   </div>
   <div class='ocr_carea' id='block_1_88' title="bbox 1774 5700 3376 5775">
    <p class='ocr_par' dir='ltr' id='par_1_88' title="bbox 1774 5700 3376 5775">
     <span class='ocr_line' id='line_1_88' title="bbox 1774 5700 3376 5775; baseline 0 -12"><span class='ocrx_word' id='word_1_876' title='bbox 1774 5706 1876 5763; x_wconf 89' lang='lat' dir='ltr'><strong><em>sub</em></strong></span> <span class='ocrx_word' id='word_1_877' title='bbox 1924 5703 2157 5761; x_wconf 67' lang='grc' dir='ltr'><strong><em>Μεινιίηο</em></strong></span> <span class='ocrx_word' id='word_1_878' title='bbox 2204 5702 2447 5773; x_wconf 60' lang='lat' dir='ltr'><strong><em>epistolae</em></strong></span> <span class='ocrx_word' id='word_1_879' title='bbox 2494 5702 2767 5772; x_wconf 74' lang='lat' dir='ltr'><strong><em>synodica:</em></strong></span> <span class='ocrx_word' id='word_1_880' title='bbox 2818 5700 3038 5760; x_wconf 85' lang='lat' dir='ltr'><strong><em>Patrum</em></strong></span> <span class='ocrx_word' id='word_1_881' title='bbox 3080 5701 3376 5775; x_wconf 72' lang='lat' dir='ltr'><strong><em>provincia:</em></strong></span> 
     </span>
    </p>
   </div>
   <div class='ocr_carea' id='block_1_89' title="bbox 1779 5796 3382 5872">
    <p class='ocr_par' dir='ltr' id='par_1_89' title="bbox 1779 5796 3382 5872">
     <span class='ocr_line' id='line_1_89' title="bbox 1779 5796 3382 5872; baseline -0.001 -16"><span class='ocrx_word' id='word_1_882' title='bbox 1779 5799 2196 5871; x_wconf 81' lang='lat' dir='ltr'><strong><em>proconsularis</em></strong></span> <span class='ocrx_word' id='word_1_883' title='bbox 2217 5796 2658 5868; x_wconf 79' lang='lat' dir='ltr'><strong><em>subscripserunt</em></strong></span> <span class='ocrx_word' id='word_1_884' title='bbox 2673 5797 2885 5869; x_wconf 86' lang='lat' dir='ltr'><strong><em>epicopi</em></strong></span> <span class='ocrx_word' id='word_1_885' title='bbox 2907 5797 2976 5857; x_wconf 85' lang='lat'><strong>69</strong></span> <span class='ocrx_word' id='word_1_886' title='bbox 3027 5812 3099 5859; x_wconf 69' lang='lat' dir='ltr'><strong><em>ex</em></strong></span> <span class='ocrx_word' id='word_1_887' title='bbox 3121 5796 3228 5859; x_wconf 78' lang='lat' dir='ltr'><strong><em>ista</em></strong></span> <span class='ocrx_word' id='word_1_888' title='bbox 3250 5812 3382 5872; x_wconf 86' lang='lat' dir='ltr'><strong><em>pro-</em></strong></span> 
     </span>
    </p>
   </div>
  </div>
