3898 6320
372 920 383 927 1
470 855 718 925 epistolis
755 854 1051 925 colligitur,
1096 855 1399 919 prmsertim
1444 853 1481 907 l.
1513 866 1569 907 Ill
1593 892 1608 919 ,
1636 866 1726 921 ep.
1755 850 1842 917 t9,
1873 850 2073 920 scripta

466 259 577 328 θ’υὲ
1959 254 2058 321 Pnt

2168 258 2489 324 mouens.
3609 268 3688 343 tis

471 385 642 441 vincia
675 402 691 441 :
719 393 775 442 et
810 385 1212 458 Byzacenorum
1240 384 1485 455 epistola!
1532 382 1808 456 synodica:
1844 381 1914 437 46
1948 382 2064 451 epi-
2094 380 2150 443 Α
2174 374 2418 440 ηόειτιιηι
2471 384 2717 439 numeris
2767 384 3020 442 ominibus
3072 386 3366 445 absolutum
3394 402 3443 449 et
3467 403 3691 457 error-ilius

469 481 640 552 scopi.
671 480 741 535 At
787 479 975 549 ejectis
1002 494 1070 534 ex
1118 464 1295 534 Africa
1338 478 1599 535 Romanis
1630 493 1725 548 per
1746 477 2069 544 Saracenos,
2174 489 2405 531 vacuum
2460 476 2725 532 audemus
2763 477 3055 535 afﬁrmare.
3111 482 3318 537 Scimus
3345 480 3486 555 quam
3511 503 3723 559 pronum'

473 574 783 629 tristissima
822 572 922 628 fuit
952 572 1214 629 Ecclesia:
1252 571 1523 628 Africana:
1572 572 1760 635 facies,
1809 580 1864 627 et
1914 570 2071 641 pauci
2175 569 2244 623 sit
2273 580 2328 625 et
2357 570 2512 626 facile
2541 571 2592 627 in
2625 569 2711 627 his
2734 572 2897 628 rebus
2926 573 3070 641 labi,
3103 575 3264 630 etiam
3292 579 3693 643 tirisdocdssimis

472 666 765 737 admodum
792 666 844 721 in
873 681 936 721 ea
968 665 1187 722 fuerunt
1214 666 1490 737 episcopi;
1514 665 1589 719 ita
1614 673 1673 719 ut
1698 662 1946 734 Gregorii
1980 661 2071 717 VII
2174 671 2229 717 et
2274 663 2327 717 in
2381 665 2546 720 rebus
2593 665 2905 736 lnujusmodi
2935 667 3332 725 verSatissimis.
3365 672 3591 745 Exemplo
3618 674 3697 734 erit

473 771 720 831 tempore
768 761 859 815 vix
902 769 1013 815 tres
1039 760 1292 816 habuerit
1329 762 1642 830 episc0pos,
1690 768 1747 813 ut
1788 773 1854 813 ex
1912 757 2074 826 hujus
2177 754 2275 809 viri
2307 756 2662 813 eruditissimi
2696 758 2960 815 Holstenii
2989 759 3041 815 in
3070 758 3171 817 hoc
3197 765 3403 833 negotio
3426 764 3702 840 lapsus,qtni

2176 847 2317 904 inter
2346 851 2696 921 episcopatus
2725 853 2923 908 Africa!
2956 856 3210 909 numerat
3242 852 3699 929 Vicum-nnigratem:

2186 940 2373 1008 Vicus,
2410 945 2613 1015 inquit,
2649 944 2847 1017 Nigras
2886 949 2940 1000 in
2974 948 3234 1003 territorio
3282 949 3486 1022 Vagensi
3523 950 3701 1008 Vici-ai-

2178 1037 2341 1107 gratis
2365 1038 2635 1110 episcopus
2665 1038 2964 1107 Gennddio;
2992 1040 3071 1097 De
3107 1040 3386 1099 illustribus
3415 1044 3704 1119 Scriptoribtts

2178 1144 2225 1184 c.
2249 1128 2533 1187 75.Atinic
2564 1133 2987 1205 Iegiturlegique
3013 1134 3179 1191 debet
3221 1152 3234 1191 :
3287 1136 3531 1210 Asclepinu
3555 1140 3600 1195 int
3630 1140 3707 1195 Vd-

2178 1223 2322 1295 gensl
2358 1225 2481 1293 (seu
2526 1222 2776 1298 Baiensi)
2820 1227 3079 1281 territbrn'o
3122 1226 3220 1283 uiri
3250 1244 3346 1281 non
3401 1228 3585 1300 grandis
3609 1230 3707 1301 Epi-

2179 1328 2383 1386 scopas.
2417 1314 2470 1372 Si
2500 1317 2593 1387 qnni
2622 1328 2750 1372 mss.
2783 1319 3001 1374 codices
3028 1319 3189 1376 aliter
3214 1320 3455 1383 habeant.
3486 1334 3533 1376 ut
3557 1323 3707 1379 obser-

2183 1414 2305 1473 vat,
2350 1409 2645 1463 mendosos
2688 1423 2809 1465 esse
2836 1420 2999 1466 nemo
3028 1427 3134 1466 non
3168 1411 3328 1467 videt.
3358 1413 3478 1479 Quis
3495 1414 3614 1468 enim
3640 1428 3710 1469 au-

2179 1497 2315 1553 divit
2354 1498 2665 1571 bnnjusmodi
2702 1514 2896 1557 nomen
2944 1498 3486 1578 Vicus-nigras?Erat
3509 1506 3709 1577 equidem

473 963 616 1002 anno
648 945 812 1013 1076,
857 949 946 1002 ubi
994 949 1070 1000 ait
1109 946 1426 1017 pervenisse
1452 943 1519 999 ad
1557 958 1717 999 aures
1743 957 1870 999 suas
1896 959 1912 997 :
1936 942 2073 1011 quod

473 1038 655 1110 Africa
677 1055 793 1111 qua
821 1055 945 1109 pars
966 1039 1151 1093 orandi
1180 1054 1291 1094 esse
1322 1037 1532 1097 dicitur.
1563 1024 1776 1111 quicque
1802 1038 1955 1089 etiam
1980 1050 2077 1088 an-

476 1133 717 1203 tiquitus,-
738 1120 934 1203 vigﬂt'te
949 1131 1018 1185 ibi
1040 1128 1448 1195 Christianitate,
1471 1129 1697 1183 maximo
1719 1128 2075 1200 episcoporum

474 1237 687 1278 numero
713 1222 1006 1295 regebatur,
1042 1222 1110 1277 ad
1138 1233 1339 1280 tantum
1366 1222 1655 1295 periculum
1685 1220 1972 1286 devenerit,
2019 1228 2075 1273 ut

479 1315 532 1369 in
562 1315 853 1371 ordinando
884 1318 1127 1387 episcopo
1157 1325 1257 1371 tres
1299 1332 1401 1370 non
1441 1316 1622 1369 habeat
1645 1315 1933 1385 episcopos.
1966 1314 2072 1368 lbi-

478 1408 600 1465 dem
631 1410 728 1477 ait,
756 1424 815 1466 se
840 1424 1014 1481 nuper
1044 1425 1261 1465 manum
1295 1409 1455 1465 alicui
1492 1400 1838 1480 imposuisse,
1868 1408 1959 1479 qui
1986 1422 2071 1463 se-

474 1503 682 1559 cundus
724 1512 870 1560 esset
906 1504 1223 1574 episcopus;
1254 1512 1456 1559 etcum
1501 1504 1714 1559 tertiunn
1756 1501 2073 1577 expostula-

473 1605 593 1653 rent
641 1606 701 1652 ut
748 1612 846 1669 per
896 1613 997 1654 eos
1042 1598 1134 1652 alii
1183 1598 1427 1653 ordinari
1481 1608 1738 1667 possent,
1784 1596 1978 1652 scribit
2022 1596 2075 1650 in
2183 1590 2233 1644 ill
2276 1592 2452 1646 Africa
2491 1592 2650 1647 sedes
2693 1592 3029 1666 Nigrensinm
3062 1600 3352 1666 maiorum;
3386 1598 3472 1653 sed
3511 1594 3711 1652 Vicus-tti-

471 1703 559 1759 ep.
586 1704 689 1756 xx,
717 1689 785 1744 ad
810 1689 1015 1745 clerunn
1047 1700 1101 1747 et
1132 1691 1391 1761 p0pulum
1422 1690 1858 1760 Hipponiensem,
1888 1696 1941 1744 et
1962 1703 2073 1753 xxr,
2182 1697 2303 1752 gras
2335 1692 2639 1739 nnnonnstrum
2663 1695 2747 1739 est
2775 1698 2831 1742 et
2858 1685 3200 1758 figmentum.
3232 1689 3307 1744 lta
3328 1692 3482 1745 etiam
3510 1689 3714 1744 fluentem-

470 1779 541 1835 ad
570 1783 695 1836 Azir
717 1796 899 1853 regem
926 1781 1260 1838 Mauritaniae
1279 1825 1297 1851 ,
1325 1783 1667 1840 Servandum
1696 1783 2073 1854 presbyterum
2106 1777 2151 1838 B
2178 1774 2257 1826 sai
2287 1773 2518 1843 positunnn
2540 1791 2638 1846 pro
2663 1788 2696 1830 α
2720 1776 3057 1849 Senemsatn’s,
3089 1790 3146 1836 ut
3168 1780 3397 1837 feliciter
3418 1782 3619 1837 restituit
3637 1781 3715 1835 Bn-

472 1876 540 1930 ad
569 1890 629 1932 se
658 1892 728 1933 ex
758 1877 941 1933 Africa
965 1881 1190 1933 missum
1222 1879 1287 1934 ad
1313 1893 1504 1935 eorum
1533 1892 1725 1949 preces
1753 1879 2058 1949 episcopun

2179 1866 2373 1933 luzius;
2408 1868 2868 1928 Feticianentensis
2896 1889 2996 1945 pro
3034 1872 3291 1930 Feliciant
3341 1874 3615 1942 Utineltsis;
3640 1872 3715 1928 Vi-

468 1982 594 2025 esse
620 1979 1023 2025 consecratum,
2178 1962 2344 2016 censis
2368 1975 2467 2033 pro
2504 1962 2766 2033 Vinensis,
2815 1970 2872 2022 et
2923 1968 3025 2023 alia
3064 1968 3235 2024 multa
3270 1978 3389 2041 qua:
3410 1967 3594 2025 referre
3626 1967 3716 2023 lon-

542 2061 651 2118 Sed
678 2073 737 2119 ut
761 2064 827 2118 ad
861 2064 1040 2120 felicia
1079 2064 1171 2121 illa
1201 2063 1473 2120 Africana
1517 2062 1776 2119 Ecclesia:
1829 2070 2074 2131 tempora
2176 2070 2304 2128 gum
2338 2065 2503 2114 esset.
3641 2078 3647 2085 ι

469 2153 794 2221 redeamus,
840 2171 941 2212 nos
990 2172 1058 2212 ex
1106 2157 1385 2229 veteribus
1435 2158 1807 2212 monnumentis
1851 2157 2073 2212 nonnnina
2249 2150 2358 2206 Sed
2389 2160 2677 2224 antequam
2719 2154 3053 2226 singulorum
3080 2155 3487 2228 episcopatuum
3516 2154 3717 2211 nuntiam

472 2257 827 2303 sexentorum
862 2251 1151 2321 nonnaginta
1183 2251 1597 2322 episcOpatuum
1633 2251 1684 2305 inn
1716 2249 1896 2305 Africa
1924 2251 2073 2305 erni-
2177 2244 2551 2315 exlnibeatnus,
2577 2247 2647 2303 de
2668 2248 3114 2322 Carthaginiensis
3137 2249 3288 2307 urbis
3311 2249 3511 2306 fortuna
3538 2256 3587 2305 et
3614 2247 3717 2312 Sim,

472 2354 593 2396 unus
618 2358 633 2398 :
664 2343 715 2396 in
753 2344 1033 2412 provincia
1070 2346 1446 2415 proconsulari
1475 2346 1685 2401 scilicet
1712 2345 1836 2412 l36,
1867 2346 1920 2399 in
1953 2344 2068 2400 Nu-
2176 2354 2387 2396 necnon
2410 2341 2477 2397 de
2498 2342 2661 2414 hujus
2680 2344 2922 2401 Ecclesia
2955 2354 3011 2400 et
3042 2345 3319 2417 episcopis
3343 2358 3498 2417 pauca
3526 2342 3718 2416 premit-

470 2432 633 2488 nnidia
665 2434 801 2503 155,
856 2438 907 2490 inn
948 2436 1226 2508 Byzacena
1262 2437 1388 2504 l35,
1430 2438 1483 2493 in
1536 2437 1854 2493 Mauritania
1887 2437 2069 2493 Caesa-
2180 2440 2295 2489 tere
2325 2449 2507 2504 opera:
2535 2437 2768 2506 pretium
2797 2453 2919 2493 esse
2939 2436 3217 2495 duximus.

472 2526 640 2581 riennsi
679 2538 735 2584 et
780 2528 1067 2600 Tingitana
1103 2530 1364 2587 totidem:
1391 2534 1443 2586 in
1470 2532 1712 2589 Sitifeusi
1742 2533 1835 2597 46,
1870 2534 1921 2586 in
1953 2531 2075 2587 Tri-
2255 2528 2489 2583 Historia
2511 2529 2656 2585 urbis
2678 2530 3120 2604 Carthaginiensis.
3151 2562 3224 2574 —-
3245 2531 3547 2598 CARTIIAGO,
3568 2531 3611 2584 in
3628 2542 3720 2600 pro-

479 2620 716 2690 politana
742 2623 797 2689 5,
830 2624 1053 2680 incerta:
1080 2624 1373 2695 provinciae
1401 2623 1491 2692 78,
1534 2641 1599 2681 ex
1626 2626 1825 2695 quibus
1858 2624 2075 2697 exurgit
2178 2624 2356 2676 vincia
2384 2624 2759 2692 proconsulari
2791 2627 2994 2680 notitiae
3019 2627 3214 2682 nunt.l
3237 2626 3466 2694 ,Grtccis
3486 2621 3721 2701 summa»

470 2730 730 2771 numerus
758 2716 883 2773 690.
923 2717 1075 2773 Sicut
1103 2729 1284 2773 autem
1316 2732 1508 2772 omnes
1537 2720 1881 2789 episcopales
1911 2719 2073 2773 sedes
2179 2718 2307 2773 tnrbs
2335 2719 2649 2784 notissima,
2678 2734 2837 2791 quam
2886 2722 3121 2777 alterum
3180 2730 3306 2792 post
3354 2718 3563 2775 Romam
3606 2717 3720 2772 urbis

474 2809 670 2865 Africa:
706 2812 791 2866 lnis
819 2812 1204 2881 comprehendi
1254 2812 1528 2868 afﬁrmare
1573 2827 1680 2867 nnonn
1722 2828 1967 2883 possum,
1995 2813 2083 2871 ita.
2179 2817 2447 2867 terrarum
2476 2814 2642 2868 decus
2663 2815 2905 2883 appellat
2929 2814 3150 2870 Solinus
3170 2802 3496 2887 PolylniStor.
3521 2817 3558 2868 Α
3580 2808 3721 2883 Tyriis

475 2920 575 2960 nec
616 2905 791 2960 ausim
845 2921 1093 2962 asserere
1124 2910 1238 2961 haec
1267 2908 1447 2961 omnia
1498 2908 1612 2961 loca
1644 2922 1755 2961 uno
1780 2920 1846 2961 ex
1880 2906 2070 2962 eodem
2176 2904 2449 2959 conditam
2481 2920 2604 2961 esse
2634 2908 2968 2963 conveniunt
2993 2922 3205 2974 onnnnes,
3237 2906 3335 2962 sed
3362 2909 3498 2963 circa
3522 2903 3722 2979 conditq-

474 3005 721 3070 tempore
767 3000 927 3054 simul
975 3001 1132 3057 sedes
1175 3002 1515 3073 episcopales
1548 3002 1736 3069 fuisse,
1767 3002 1861 3058 sed
1889 3002 2069 3057 nullus
2177 3011 2297 3050 rum
2331 3012 2525 3053 nomen
2556 3008 2610 3053 et
2636 2995 2848 3070 tempus
2874 3015 2979 3071 quo
3010 2998 3228 3055 condita
3258 3008 3343 3056 est
3371 3002 3565 3055 variant
3589 2997 3723 3066 scrip-

468 3103 555 3150 est
580 3108 646 3149 ex
678 3096 742 3150 iis
769 3096 859 3167 qnni
890 3111 997 3151 non
1020 3096 1315 3168 aliquando
1340 3100 1656 3168 episcOpum
1701 3097 1980 3165 habuerit,
2013 3105 2072 3152 ut
2177 3101 2341 3159 tores,
2373 3103 2430 3147 ut
2460 3092 2699 3150 advertit
2736 3095 3039 3165 Appianus.
3083 3090 3124 3150 Α
3158 3093 3305 3151 Zoro
3335 3105 3389 3152 et
3416 3090 3717 3150 Carchedonne

464 3202 532 3244 ex
574 3190 940 3245 monumentis
968 3191 1370 3246 Ecclesiastieis
1395 3190 1685 3261 colligitur.
1721 3191 2057 3261 Quamquam
2095 3176 2142 3241 C
2174 3187 2448 3241 conditam
2485 3190 2734 3244 scribunt
2784 3188 3047 3245 Philistus
3087 3191 3230 3260 apud
3287 3189 3588 3256 Eusebium,
3625 3180 3721 3241 Ste-

466 3293 647 3339 autem
680 3284 1062 3355 plerarumque
1107 3286 1315 3341 sedium
1363 3286 1750 3357 episcopalium
1790 3287 2066 3357 provincia
2176 3279 2388 3346 pilanus
2415 3279 2484 3334 de
2511 3279 2755 3347 urbibus,
2787 3293 2841 3336 et
2868 3281 3167 3353 Appianus.
3203 3281 3435 3339 Romani
3460 3280 3512 3338 et
3536 3280 3724 3335 Cartha-

466 3376 683 3433 detecta
708 3376 891 3447 fuerit,
915 3378 1074 3449 longe
1100 3380 1278 3434 minor
1299 3389 1384 3434 est
1413 3390 1673 3434 numerus
1702 3394 1911 3446 earum,
1936 3394 2069 3450 qua.
2171 3373 2428 3441 ginenses
2456 3389 2483 3427 a
2518 3374 2722 3430 Dtdone
2760 3376 2989 3431 muliere
3021 3376 3166 3447 Tyro
3213 3376 3477 3446 profecta.
3508 3372 3601 3428 Alli
3621 3370 3723 3427 Car-

467 3487 587 3527 rum
620 3481 801 3529 certus
831 3475 967 3528 sinus
1004 3475 1056 3529 in
1090 3475 1294 3530 Tabula
1328 3473 1704 3546 geographica
1732 3477 1908 3545 potui:
1934 3476 2069 3530 πιδεί-
2174 3465 2446 3534 thaginetn
2482 3481 2591 3521 non
2618 3482 2725 3523 uno
2748 3478 2997 3539 teunpore
3020 3468 3306 3524 conditam
3331 3469 3648 3523 arbitrantur.
3675 3462 3723 3516 Et

460 3563 635 3633 gnari.
671 3563 803 3619 Nam
830 3565 940 3622 257
967 3566 1345 3621 tantummodo
1391 3568 1639 3623 locornnm
1674 3569 2058 3636 episcolnalium

2173 3557 2407 3625 priorennn
2420 3560 2636 3629 quidem
2652 3562 2835 3616 sedem
2851 3560 3018 3617 fuisse
3030 3560 3385 3640 deaav,qua-
3398 3574 3569 3617 eorum
3581 3559 3723 3625 lingua

465 3656 794 3726 positionem
846 3670 1049 3713 certam
1095 3659 1509 3730 deprehendere
1553 3662 1730 3732 potuit
1761 3668 1953 3716 auctor
1981 3671 2058 3716 ta«

2172 3649 2344 3705 Βίωνα
2369 3652 2672 3720 dieelnatur,
2704 3656 2809 3709 hoc
2836 3662 2941 3719 est,
2976 3670 3092 3709 arx.
3123 3654 3182 3711 ld
3207 3657 3357 3711 enim
3386 3651 3627 3724 significat
3645 3660 3722 3703 vox

467 3748 609 3803 bula:
630 3749 980 3819 quantumvis
1005 3764 1169 3821 sagax
1195 3762 1243 3806 et
1281 3754 1331 3806 inn
1371 3752 1454 3807 his
1486 3752 1647 3808 rebus
1674 3765 1919 3809 versatus
1954 3773 1968 3809 :
1993 3768 2058 3809 ex

2172 3741 2273 3797 ista
2304 3745 2444 3815 apnnd
2475 3744 2762 3801 Phoenices
2792 3757 2847 3801 et
2877 3744 3169 3815 Rubra-os,
3203 3749 3300 3818 qui
3347 3747 3501 3802 unius
3517 3740 3725 3799 erantin-

468 3843 536 3899 iis
583 3853 821 3911 exstant,
868 3845 921 3899 in
968 3845 1344 3901 Proconnsulari
1383 3847 1472 3910 52,
1502 3846 1555 3901 in
1596 3846 1846 3903 Numidia
1874 3849 1935 3903 7t
1963 3891 1976 3913 ,
2010 3848 2063 3903 in
2172 3838 2288 3905 bii,
2345 3838 2611 3895 Ηθίπηίεο
2684 3843 2866 3908 mi
2927 3841 3069 3911 quod
3144 3856 3291 3896 ηυηο
3362 3837 3725 3911 ΡΓυιιυιιῐίθωῑιδ

466 3935 748 4008 Byzacena
777 3936 841 3993 51
869 3978 883 4003 ,
926 3936 980 3992 in
1012 3939 1333 3992 Mauritania
1361 3939 1685 3995 Camn-tonsi
1718 3941 1808 4005 51,
1844 3940 1895 3995 in
1937 3940 2067 3997 sui-
2170 3930 2377 3987 Botsra.
2406 3935 2767 3989 Posteriorem
2800 3950 2929 3990 vero
2959 3936 3148 3990 urbem
3171 3935 3377 3991 dictam
3408 3947 3525 3990 es~e
3545 3926 3726 3987 Cat-tha-

463 4028 605 4086 fensi
632 4031 728 4099 46,
761 4031 1115 4102 Tripolitanae
1152 4046 1285 4088 vero
1319 4033 1560 4103 quinque
1587 4033 1748 4089 urbes
1779 4035 2065 4105 episcnpa-
2169 4028 2349 4096 sinent
2396 4042 2425 4081 a
2464 4028 2632 4084 verbo
2686 4028 2890 4097 pariter
2940 4028 3223 4086 Phoenicio
3277 4024 3722 4086 Kartha-Chadtta.

464 4124 545 4180 les
574 4134 736 4179 notae.
766 4124 945 4195 Atque
981 4134 1038 4178 ut
1065 4124 1239 4179 lector
1272 4126 1455 4180 statim
1484 4125 1770 4196 intelligat,
1825 4140 1945 4196 qua:
1973 4142 2061 4182 se-
2170 4120 2311 4188 quod
2338 4121 2587 4177 Νεάπολιν
2610 4135 2707 4176 seu
2732 4119 2936 4176 Novam
2965 4122 3141 4176 urbem
3168 4121 3465 4192 significat,
3497 4129 3548 4174 ut
3572 4114 3725 4171 distiu-

462 4217 563 4273 des
585 4217 848 4273 innabula
878 4220 1067 4273 locata:
1089 4218 1220 4287 sint,
1245 4233 1323 4274 ea:
1345 4219 1669 4274 aster-iscum
1701 4219 1899 4275 habent
1927 4234 2064 4290 μναῖ-
2168 4220 2423 4281 gueretur
2443 4230 2473 4267 a
2504 4214 2675 4270 veteri
2704 4216 2838 4272 urbe
2860 4259 2872 4281 ,
2905 4230 3025 4288 qua:
3062 4219 3304 4287 ipsorum
3342 4216 3516 4285 lingua
3543 4209 3726 4279 Καδμεῖα

467 4310 653 4375 fixum,
683 4326 751 4365 ne
781 4310 978 4366 frustra
1009 4311 1218 4367 laboret
1246 4312 1298 4366 in
1330 4310 1704 4383 perquirendis
1734 4311 1797 4368 iis
1827 4318 1957 4383 quae
1981 4312 2063 4367 lo-
2167 4305 2467 4362 dicebatur.
2503 4308 2580 4364 De
2613 4318 2857 4379 tempore
2893 4316 3002 4379 quo
3041 4310 3260 4365 condita
3297 4321 3415 4373 est,
3448 4310 3571 4362 mira
3594 4304 3724 4359 etiam

469 4419 591 4473 cum
615 4419 770 4459 suum
799 4404 853 4459 in
886 4407 1061 4461 tabula
1093 4423 1200 4461 nnonn
1233 4406 1453 4462 habent.
1821 4393 1827 4397 ’
2166 4402 2489 4469 scriptorunn
2517 4400 2771 4456 varietas.
2804 4402 2939 4457 Tres
2966 4400 3110 4457 circa
3135 4400 3256 4472 ejus
3276 4394 3727 4473 cpnnchamopinio-

534 4498 803 4555 Caeterum
835 4501 995 4573 lonnge
1026 4501 1287 4572 majorem
1327 4514 1489 4572 quam
1527 4501 1561 4555 ii
1593 4502 1683 4573 qui
1707 4510 1832 4555 ante
1869 4512 1967 4555 nos
1997 4516 2058 4555 ea
2167 4510 2263 4551 nnes
2304 4496 2473 4552 refert
2504 4493 2775 4552 Eusebius
2807 4497 2863 4551 in
2892 4496 3165 4553 Chronico
3197 4515 3210 4550 :
3246 4499 3477 4567 primam
3529 4486 3723 4551 PhiliSﬁ.

463 4591 531 4648 de
576 4607 635 4648 re
675 4595 1011 4664 scripserunt
1057 4596 1463 4665 episcbpatuum
1498 4595 1728 4665 singulis
1766 4593 2061 4665 provinciis
2093 4600 2139 4665 ι)
2168 4590 2257 4660 qui
2290 4606 2408 4645 eam
2442 4602 2661 4646 revocat
2689 4590 2755 4645 ad
2785 4606 3073 4646 numerum
3099 4588 3468 4646 Ensebianum
3498 4586 3620 4653 808,
3647 4584 3727 4637 hoc

458 4687 851 4758 assignatorum
902 4703 1185 4743 numerum
1237 4689 1539 4744 invenimus
1578 4699 1601 4742 :'
1634 4689 1790 4760 longe
1823 4687 2054 4758 pluriunn
2163 4695 2247 4739 est
2274 4685 2342 4740 27
2372 4684 2530 4741 annis
2563 4695 2687 4741 ante
2718 4686 2936 4756 'l‘rojann
2968 4678 3241 4740 conditam
3294 4684 3582 4741 secundum
3606 4691 3727 4733 cum‘

459 4780 623 4837 etiam
668 4781 830 4834 situm
884 4781 1245 4849 deprehendit
1286 4791 1342 4837 et
1380 4783 1582 4837 notavit
1612 4792 1801 4837 auctor
1833 4782 2052 4837 tabulne.
2162 4776 2284 4835 deun
2320 4778 2635 4835 Eusebium.
2673 4778 2816 4835 Idem
2856 4776 3124 4834 Eusebius
3152 4776 3220 4833 ad
3248 4794 3451 4835 annum
3475 4776 3591 4842 9H,
3620 4771 3729 4827 Cat-

459 4870 655 4927 Multus
704 4885 922 4927 errores
971 4872 1312 4938 sustulimus,
1356 4872 1714 4944 Episcopatus
1764 4874 1948 4943 plures
2001 4875 2053 4929 in
2163 4870 2433 4943 tlnaginem
2482 4872 2755 4927 conditam
2800 4887 2924 4928 esse
2977 4874 3054 4928 ait
3106 4864 3251 4929 anno
3313 4884 3436 4945 post
3474 4869 3727 4940 Troianum

458 4981 623 5020 unum
660 4976 977 5037 compactos
1001 4966 1305 5032 divisimus,
1338 4968 1589 5022 eumdem
1619 4967 1814 5038 smpius
1849 4969 1949 5023 sub
1971 4967 2055 5022 di-
2163 4955 2361 5023 bellum
2405 4966 2523 5023 ηδε
2561 4968 2794 5024 Demum
2829 4968 2895 5024 ad
2925 4970 3129 5024 nntium
3166 4968 3305 5025 1167
3331 4970 3729 5034 ohservatquos-

456 5059 626 5113 versis
652 5061 964 5114 nominibus
992 5059 1315 5131 repetitum,
1346 5062 1516 5116 unum
1545 5061 1646 5115 sub
1676 5078 1805 5117 vero
1830 5063 2053 5119 nomine
2160 5060 2283 5115 dam
2331 5060 2431 5116 hac
2478 5068 2638 5116 aetate
2684 5058 2958 5116 conditam
2999 5058 3319 5116 existimare
3357 5054 3725 5127 Carthaginem.

454 5151 636 5206 sortiri
685 5153 862 5208 locum
901 5153 1187 5222 jussimus,
1239 5152 1518 5209 subdititizn
1572 5154 1793 5213 nomina
1839 5157 2070 5212 sustuli--
2160 5170 2262 5225 qua
2297 5155 2348 5209 in
2377 5155 2649 5210 sentenntia
2678 5161 2764 5210 est
2805 5154 3019 5224 Trogus
3064 5153 3361 5223 Pompeius
3408 5146 3730 5225 quiCartbal-

453 5261 607 5313 mus,
637 5247 899 5303 mendosa
923 5256 1017 5302 annt
1049 5254 1333 5319 perperam
1378 5250 1576 5319 scripta
1614 5250 2046 5308 emenndavinnus.

454 5342 727 5413 Quantum
757 5352 937 5398 autem
969 5342 1021 5397 in
1055 5342 1139 5397 Itis
1163 5340 1575 5413 perfecerinnns,
1610 5345 1876 5416 intelliget
1902 5332 2048 5417 quis-

449 5440 571 5509 quis
620 5437 850 5493 voluerit
899 5438 1148 5492 notitiam
1204 5443 1445 5491 nostram
1497 5444 1620 5491 cunn
1656 5437 1832 5493 Caroli
1888 5454 1919 5494 a
1982 5438 2039 5496 S.

447 5532 619 5589 Paulo
651 5532 837 5588 nnotitia
864 5544 1201 5600 comparare.
1227 5527 1405 5583 Nolim
1426 5529 1587 5599 hujus
1612 5530 1711 5584 viri
1740 5530 2041 5587 eruditioni

447 5635 503 5682 et
540 5626 707 5683 labori
741 5626 1029 5696 qundquam
1062 5624 1364 5680 detractum
1400 5641 1413 5678 :
1444 5632 1501 5678 at
1547 5622 1823 5681 affirmare
1872 5629 2044 5682 ausim

448 5717 501 5771 inn
543 5719 659 5789 ejus
682 5720 868 5774 notitia
900 5724 957 5774 et
981 5710 1163 5774 tabula
1190 5716 1476 5789 plusquam
1506 5716 1775 5773 ducentos
1800 5724 1924 5775 esSe
1954 5735 2044 5774 er-

450 5822 605 5865 rores
632 5811 687 5865 tn
712 5822 855 5879 quos
876 5810 983 5866 non
1028 5808 1377 5881 impegimus.
1421 5807 1533 5867 Nec
1581 5817 1868 5881 propterea
1910 5822 2047 5884 opus

2158 5224 2339 5319 ginem
2368 5251 2642 5305 conditam
2674 5251 2748 5304 ait
2797 5248 2869 5305 ’75
2896 5250 3053 5304 annis
3081 5244 3205 5304 ante
3233 5248 3464 5322 primam
3488 5224 3730 5319 (llyn'npia-

2160 5343 2317 5408 dem.
2346 5344 2487 5416 quod
2519 5360 2642 5399 cum
2681 5345 2783 5400 lnoc
2818 5360 2961 5399 anno
2989 5345 3286 5398 concurrit.
3322 5344 3393 5400 At
3427 5338 3629 5398 Didonis
3656 5330 3729 5389 ad-

2152 5450 2346 5497 ventus
2376 5459 2441 5496 ex
2464 5441 2748 5496 annalibus
2774 5439 3178 5495 Phoeniciorum
3207 5439 3387 5510 colligi
3415 5424 3728 5506 potest;n3lﬁ

2152 5533 2220 5588 ab
2252 5535 2404 5589 initio
2431 5536 2593 5590 Ironui
2617 5534 2904 5607 Tyriorum
2931 5534 3070 5604 regis
3090 5581 3106 5605 ,
3144 5536 3299 5603 cujus
3333 5547 3477 5587 anno
3511 5528 3590 5590 il,
3619 5535 3731 5579 tenn-

2153 5627 2296 5698 pluin
2329 5626 2737 5686 Salounonnicum
2766 5637 3008 5687 erectum
3042 5632 3210 5687 fnnisse
3239 5630 3461 5683 constat
3495 5638 3557 5679 ex
3583 5614 3729 5676 sacris

2152 5718 2375 5787 litteris,
2402 5714 2469 5776 ad
2498 5730 2699 5778 annuum
2730 5723 3019 5794 septimum
3048 5716 3420 5798 Pygmalionis
3468 5724 3571 5789 quo
3616 5707 3730 5766 Dido

2156 5816 2207 5871 iu
2234 5814 2455 5888 Libyam
2485 5814 2746 5890 profugit,
2790 5817 3066 5877 ﬂuxerunt
3096 5818 3246 5901 .annni
3295 5812 3422 5872 l‘58.
3475 5798 3733 5869 concurrit
