3898 6320
211 282 297 353 83,
1330 263 1776 342 ascensurus
1815 275 2044 338 saeua
2084 281 2388 343 aratum.

3358 273 3464 350 8:8

208 416 357 464 autem
387 413 546 457 annus
575 399 834 470 septimus
878 397 1244 472 Pygmalionis
1295 413 1438 453 anno
1465 395 1599 453 582i
1660 409 1754 465 pe»
1781 398 1828 460 Α
1859 395 2070 464 penitus
2098 398 2375 467 concidit,
2413 393 2736 473 fortunaque
2773 403 2889 474 ejus
2921 404 2972 459 in
3005 404 3193 460 urbem
3225 405 3460 461 vicinam

209 496 323 554 riodi
359 494 568 550 Jt‘tliana:
622 493 713 562 qui
767 491 1038 547 incideret
1090 493 1143 545 in
1216 507 1415 545 annum
1485 480 1778 546 Eusebia-'

207 606 312 647 num
341 587 486 650 1124,
512 595 629 656 post
650 585 922 641 conditam
957 579 1174 664 Trojam
1206 584 1333 650 290,
1366 597 1394 638 a
1424 583 1586 654 jactis
1615 592 1749 638 tem-

207 687 265 757 pli
309 679 615 738 Salomonici
665 677 1026 734 fundamentis
1070 677 1193 741 127,
1237 693 1356 749 qua:
1407 677 1753 734 verisimilior

203 779 292 852 29
313 787 385 832 est
407 773 628 831 conditu:
650 773 988 843 Carthaginis
1013 771 1248 843 epocha:
1276 787 1304 824 a
1335 787 1438 842 qua
1467 787 1573 826 non
1593 772 1752 841 Iunge

205 870 377 927 recedit
397 867 674 938 Joscphus,
700 870 788 939 qui
819 866 1194 937 Carthaginetn
1219 880 1249 919 a
1271 864 1449 936 Tyriis
1472 863 1748 919 c0nditatn

202 968 262 1023 ait
299 966 437 1021 anuis
481 963 579 1019 “5
626 972 744 1034 post
786 963 1043 1032 templum
1092 961 1518 1018 Salomonieum.
1591 958 1750 1012 Stetit

203 1060 358 1116 istitzcc
378 1056 495 1112 urbs
517 1056 702 1112 Romae
727 1057 919 1112 romula
950 1071 1044 1126 per
1065 1069 1236 1110 annos
1256 1051 1384 1117 848,
1415 1052 1588 1108 donec
1617 1045 1751 1107 Cor-

204 1157 322 1213 nelio
343 1155 559 1211 Lentulo
586 1164 641 1212 et
671 1154 836 1210 Lucio
862 1153 1120 1209 Mummio
1147 1150 1302 1208 Coss.
1334 1149 1546 1221 penitus
1573 1165 1601 1203 a
1629 1146 1748 1204 Sci-

202 1252 336 1323 pione
368 1250 534 1306 deleta
579 1259 662 1305 est
705 1257 867 1319 atque
909 1249 1158 1316 incensa,
1204 1261 1346 1301 anno
1380 1244 1525 1300 urbis
1563 1244 1750 1298 Romae

199 1344 301 1413 608,
328 1343 519 1416 periodi
541 1342 771 1408 Iuliana:
798 1341 940 1398 4568
960 1384 973 1406 ,
1010 1340 1283 1411 iacuitque
1311 1340 1551 1396 desolata
1578 1354 1640 1393 ac
1669 1336 1752 1392 di-

199 1448 293 1494 ruta
317 1455 400 1508 per
426 1451 595 1492 annos
619 1436 710 1492 2‘2.
736 1437 895 1491 Anno
918 1445 1097 1489 autem
1129 1433 1482 1488 desolationis
1503 1429 1599 1496 25,
1629 1446 1747 1484 cum

195 1535 407 1590 consules
438 1531 617 1587 Roma:
646 1541 828 1586 essent
863 1527 927 1596 Q.
961 1528 1204 1583 Caicilius
1243 1525 1486 1582 Metellus
1514 1522 1750 1578 Balearic

194 1640 271 1684 cus
293 1637 339 1682 et
361 1625 420 1682 Τ.
453 1626 682 1693 Quintus
707 1623 1034 1689 Flaminius,
1075 1635 1106 1674 a
1137 1619 1395 1675 Romanis
1415 1616 1627 1673 colonia
1654 1617 1751 1671 ist-

193 1719 277 1776 huc
301 1719 510 1776 deducta
540 1719 638 1774 fuit
666 1731 887 1774 auctore
923 1716 981 1771 C.
1014 1713 1340 1784 Sempmnio
1375 1711 1621 1767 Graccho
1651 1709 1746 1762 tri-

1857 483 2118 543 Tmtetem
2146 492 2418 562 migravit.
2445 493 2640 550 Clades
2664 497 2752 550 illa
2782 499 2979 553 accidit
3001 498 3301 566 imperante
3323 501 3464 555 Con-

1855 583 2094 639 stantino
2126 586 2398 653 Pagonato
2430 590 2552 644 terte
2583 590 2819 662 vulgatis
2848 607 2996 646 anno
3022 591 3150 648 585.

1929 678 2082 744 Quod
2125 689 2335 748 spectat
2374 681 2440 737 ad
2478 682 2641 739 sittnn
2675 685 3052 756 Carthaginis,
3095 689 3172 742 sic
3210 703 3333 743 eum
3361 687 3459 744 de-

1854 770 2042 826 scribit
2067 771 2328 844 Polybius
2355 775 2450 831 lilt.
2483 793 2500 832 1
2527 795 2540 831 :
2578 778 2712 833 Urbs
2734 796 2954 849 namque
2977 780 3086 834 harc
3113 780 3372 853 Carthago
3400 784 3455 838 in

1852 863 2021 917 sinum
2047 865 2316 935 quemdam
2339 885 2523 938 prona,
2560 872 2942 942 peninsutthue
2965 874 3038 926 ad
3053 874 3277 944 ﬁgurant
3303 891 3455 929 acce-

1853 955 2005 1022 dens,
2035 958 2154 1011 hinc
2181 962 2335 1026 mari,
2381 962 2498 1017 inde
2523 962 2638 1018 lactt
2667 981 2892 1019 ntaxtma
2923 969 3004 1020 sui
3031 977 3176 1039 parte
3207 969 3456 1041 cingitur.

1853 1045 2083 1104 Isthmus
2113 1092 2126 1113 ,
2174 1069 2273 1122 quo
2314 1055 2508 1126 Africa:
2539 1060 2804 1131 jungitur,
2849 1070 2985 1130 patet
3029 1059 3082 1114 in
3136 1063 3462 1117 latitudinem

1853 1141 2022 1196 studia
2066 1159 2195 1200 xxv.
2242 1146 2457 1218 Sitaque
2494 1160 2567 1204 est
2608 1152 2661 1205 in
2701 1154 2858 1215 huius
2895 1141 3078 1222 spati?
3103 1155 3277 1224 latere,
3322 1157 3462 1226 quod

1853 1237 2010 1305 vergit
2049 1236 2118 1289 ad
2152 1254 2310 1296 mare.
2357 1239 2522 1298 Utica.
2548 1246 2749 1299 modico
2791 1248 2854 1300 ab
2895 1247 3016 1301 urbe
3051 1248 3319 1303 intervallo
3353 1267 3370 1303 :
3403 1250 3457 1304 in

1852 1327 2016 1383 altero
2045 1333 2327 1387 secundant
2359 1335 2532 1390 lacum
2569 1349 2643 1392 est
2680 1337 2872 1394 Tunes.
2921 1341 3005 1395 Ad
3041 1358 3157 1410 qua:
3202 1343 3302 1396 duo
3340 1343 3454 1398 loca

1853 1437 1968 1475 cum
2007 1429 2308 1481 mercenarii
2342 1425 2517 1485 castra
2549 1434 2916 1503 admovissent,
2948 1443 2994 1497 et
3031 1436 3458 1506 Carthaginenses

1853 1531 1884 1571 α
1909 1529 2091 1572 caetera
2119 1522 2324 1592 regione
2356 1524 2729 1594 exclusissent,
2761 1527 2861 1598 ipsi
2882 1529 2998 1600 jam
3027 1529 3328 1602 Carthagini
3353 1532 3456 1585 iut-

1855 1611 2110 1667 minebant
2136 1629 2153 1667 :
2180 1631 2242 1667 ac
2268 1615 2419 1670 modo
2451 1617 2700 1684 interdiu,
2733 1621 2885 1674 modo
2910 1634 3062 1675 noctu
3083 1620 3151 1675 ad
3176 1639 3348 1676 muros
3372 1641 3462 1676 ac-

1854 1707 2086 1763 cedentes
2115 1722 2247 1764 metu
2274 1721 2319 1766 et
2349 1714 2691 1785 trepidatione
2720 1720 2945 1772 maxima
2971 1727 3106 1773 intus
3134 1721 3307 1773 omnia
3336 1719 3461 1773 mis-

192 1812 309 1868 buno
330 1810 488 1882 plebis
510 1855 524 1878 ,
559 1823 719 1881 atque
748 1813 817 1865 ita
846 1809 1102 1880 Oppidum
1129 1822 1194 1862 eo
1228 1806 1332 1860 loci
1362 1804 1743 1872 instauratum,
1779 1801 1825 1865 Β
1851 1799 2050 1856 ceb’ant.
2085 1803 2230 1859 Idem
2256 1806 2512 1879 Polybius
2534 1811 2698 1880 paulo
2725 1824 2844 1880 post
2875 1813 2953 1868 sic
2973 1816 3071 1878 ait,
3099 1814 3164 1869 de
3189 1813 3457 1870 Amilrare

189 1907 254 1962 cui
275 1905 502 1962 Junonia‘:
532 1911 729 1960 nomen
760 1905 940 1959 datum
969 1945 982 1965 ,
1022 1901 1118 1957 sed
1143 1901 1400 1971 auspiciis
1433 1916 1537 1953 non
1569 1895 1744 1952 felici-

1850 1891 1986 1950 duce
2020 1895 2285 1965 loquens:
2331 1898 2518 1956 Cervix
2554 1903 2680 1969 illa,
2715 1921 2830 1973 qua:
2857 1905 3060 1973 Africae
3099 1905 3469 1977 Carthaginem

188 1999 268 2054 bus
302 2009 348 2054 et
381 1998 523 2054 nullo
551 1997 781 2052 fortunae
808 2010 1084 2052 successu.
1119 1997 1186 2049 At
1223 2008 1361 2048 anno
1390 2003 1508 2063 post
1530 1992 1761 2066 desola~'
1841 1986 2043 2058 juuxit,
2069 1991 2225 2044 colles
2252 1997 2478 2048 terrenos
2509 1995 2562 2049 in
2598 1996 2712 2067 ipsa
2743 1999 3106 2052 commissione
3142 2000 3291 2054 habet
3323 1997 3471 2071 diffi-

185 2092 401 2148 lationem
432 2090 550 2156 102,
580 2101 688 2162 quo
709 2089 770 2146 C.
796 2089 969 2146 Julius
993 2087 1176 2144 Ctesar
1203 2104 1231 2141 ν
1256 2087 1442 2142 consul
1477 2083 1662 2140 Romae
1687 2087 1742 2140 in

185 2185 305 2241 curia
345 2185 508 2242 mestis
554 2185 686 2248 fuit,
727 2187 844 2254 ipso
882 2185 984 2239 hoc
1021 2182 1235 2238 Caesare
1275 2187 1494 2235 auctore
1536 2180 1745 2247 majore

181 2281 306 2351 cupia
329 2280 638 2336 colonorum
665 2279 855 2334 eodem
887 2279 1083 2340 missa,
1121 2276 1451 2332 felicioribus
1483 2274 1744 2345 auspiciis

184 2376 348 2431 mtenia
374 2374 568 2430 refecta
588 2417 606 2447 ,
639 2375 770 2429 urbs
814 2372 1058 2428 aediliciis
1091 2371 1427 2441 frequentius
1453 2369 1663 2424 exculta
1692 2375 1746 2424 et

182 2469 454 2538 papalosior
484 2467 646 2533 facta,
682 2467 1070 2537 pristinumque
1101 2481 1294 2520 nomen
1324 2462 1666 2533 Carthaginis
1693 2464 1742 2516 ei

181 2559 434 2625 redditum,
458 2576 578 2615 cum
608 2559 923 2614 decurreret
951 2544 1132 2613 annus
1155 2556 1305 2613 urbis
1338 2557 1523 2610 Reum
1551 2555 1742 2608 calidi-

181 2661 232 2708 t:e
251 2653 362 2719 8l0,
386 2666 714 2709 concurrens
737 2668 858 2708 cum
887 2667 1028 2706 anno
1054 2653 1227 2721 primo
1249 2650 1586 2722 Olympiadis
1616 2646 1740 2704 184.

179 2747 214 2800 Α
237 2763 322 2816 qua
351 2748 738 2803 instauratione
779 2746 917 2803 adeo
946 2760 1161 2802 rursum
1191 2744 1401 2800 fortuna
1436 2745 1607 2799 crevit
1631 2786 1644 2810 ,
1687 2753 1744 2798 ut.

179 2837 401 2906 proximis
429 2839 647 2895 sarculis
675 2839 951 2902 insecutis,
975 2846 1198 2893 crateras
1226 2837 1421 2892 Africae
1445 2837 1607 2892 ttrbes
1629 2852 1744 2890 am-

178 2929 424 3000 plitudine,
455 2933 770 3004 splendore,
805 2933 998 3004 opibus
1025 2931 1382 3001 superaverit,
1413 2944 1513 2985 nec
1536 2941 1741 2984 tantum

177 3023 429 3091 provinciis
459 3025 881 3095 proconsularis,
915 3023 1008 3079 sed
1030 3024 1192 3078 etiam
1233 3022 1396 3077 totius
1423 3021 1620 3077 Africa:
1649 3037 1744 3077 ca-

177 3128 253 3185 put
280 3117 444 3173 fuerit.
483 3119 596 3173 lum
626 3127 676 3174 cl
706 3133 825 3172 cum
857 3117 1183 3173 AleXandria
1211 3115 1431 3187 rEgypti
1470 3126 1522 3169 et
1548 3116 1742 3172 Antio-

177 3208 275 3263 chia
297 3210 458 3282 Syria:
476 3213 546 3267 de
576 3213 748 3281 primo
771 3211 886 3266 loco
909 3211 1049 3266 inter
1072 3225 1262 3264 omnes
1282 3208 1493 3278 imperii
1516 3209 1744 3264 Rommi

177 3294 309 3358 urbés
331 3304 685 3360 contenderit.
721 3305 797 3360 De
839 3305 996 3374 hujus
1023 3305 1172 3358 urbis
1202 3315 1328 3359 tunc
1374 3304 1634 3374 temporis
1664 3301 1746 3357 di-

174 3397 346 3464 gnitate
375 3406 424 3452 et
454 3397 700 3467 potentia
725 3398 940 3467 egregie
964 3411 1059 3466 pro
1082 3411 1180 3451 suo
1210 3411 1359 3451 more
1386 3397 1744 3451 disserentem

175 3487 419 3545 audiamus
446 3491 761 3547 Salvianum
791 3491 881 3546 lib.
922 3505 1025 3558 VII,
1067 3491 1134 3544 de
1170 3490 1578 3546 Gubernatiune
1624 3490 1739 3545 Dei.

179 3579 503 3652 Unctantum,
534 3585 731 3655 inquit,
781 3586 1136 3640 universarum
1187 3584 1298 3638 illic
1328 3585 1403 3654 (in
1428 3583 1631 3657 Africa)
1655 3597 1750 3638 ur-’

175 3675 290 3730 bium
312 3678 533 3748 principe
563 3687 617 3732 et
640 3680 788 3746 quasi
812 3687 974 3733 matre
997 3688 1272 3733 cantentus
1299 3695 1431 3732 sum.
1473 3676 1579 3732 Illa
1602 3678 1751 3732 scili—'

174 3780 236 3824 cet
257 3771 491 3827 Romanis
520 3772 730 3828 arcibus
751 3790 951 3843 semper
975 3773 1184 3837 a’mula,
1218 3774 1377 3827 armis
1407 3773 1668 3843 quondam
1695 3779 1749 3827 et

175 3861 459 3933 fortitudine,
495 3877 611 3937 post
655 3867 932 3936 splendore
967 3875 1013 3920 et
1043 3867 1330 3938 dignitate:
1361 3863 1744 3936 Carthagineu-

173 3971 258 4012 sem
274 3960 378 4015 dico
397 3973 444 4016 et
473 3962 591 4016 urbi
620 3962 795 4017 Romae
820 3962 1043 4016 maxime
1064 3962 1433 4024 adversariam,
1459 3972 1507 4016 et
1530 3963 1580 4015 in
1603 3959 1748 4029 Afri-

174 4063 278 4103 cano
304 4052 416 4108 orbe
449 4054 601 4120 quasi
632 4052 890 4124 Romam:
929 4069 1046 4124 qua:
1067 4054 1307 4108 universa
1339 4055 1540 4123 penitus
1565 4053 1749 4125 quibus

175 4141 216 4195 in
238 4153 330 4199 toto
361 4149 550 4202 mundo
583 4148 860 4218 disciplina
894 4147 1190 4219 reipublicaz
1226 4149 1302 4201 vel
1334 4157 1642 4218 procuratur
1671 4149 1747 4202 vel

173 4239 337 4305 regitur
362 4242 412 4294 in
435 4257 489 4295 se
513 4241 710 4295 habuit.
741 4241 862 4296 Illic
887 4242 1020 4296 enim
1050 4244 1222 4296 omnia
1249 4242 1545 4314 ofﬁciorum
1574 4242 1748 4314 publi-

173 4343 321 4386 corum
347 4334 712 4400 instrumenta,
746 4335 851 4390 illic
876 4337 1066 4389 artium
1088 4335 1380 4390 liberalium
1401 4336 1611 4400 scholaz,
1637 4336 1747 4390 illic

174 4423 570 4496 philosophorum
601 4428 828 4500 officina:
849 4469 864 4495 ,
898 4440 1079 4483 cuncta
1107 4429 1320 4498 denique
1347 4428 1425 4482 vel
1451 4430 1746 4500 linguarum

172 4523 410 4587 gymnasia
438 4522 517 4576 vel
541 4539 781 4577 mar-um:
809 4523 918 4577 illic
942 4539 1142 4592 quoque
1171 4523 1324 4577 etiam
1352 4523 1517 4592 capite
1547 4524 1740 4576 milita-

1851 2080 1975 2135 ciles
2005 2091 2055 2135 et
2095 2083 2325 2138 arduos:
2369 2085 2520 2155 inque
2555 2086 2637 2143 Itis
2671 2102 2782 2146 arte
2811 2091 3022 2145 munita:
3063 2099 3179 2146 sunt
3207 2093 3300 2147 via:
3323 2134 3339 2159 ,
3375 2109 3467 2161 per

1848 2189 1975 2242 qutts
2019 2175 2071 2228 in
2111 2177 2374 2245 regionem
2414 2189 2554 2250 patet
2587 2185 2858 2238 transitus.
2900 2183 3030 2236 Tum
3069 2195 3238 2237 autem
3279 2181 3460 2238 Matho

1850 2262 1969 2336 (hic
1997 2267 2226 2322 hostium
2253 2269 2362 2323 duo:
2399 2271 2541 2343 erat)
2578 2275 2754 2328 omnia
2788 2275 2920 2329 bello
2952 2284 3242 2344 opportuna
3269 2275 3383 2329 loca
3413 2276 3470 2330 in

1850 2359 1954 2414 illis
1977 2363 2193 2415 collibus
2212 2364 2416 2432 firmata
2437 2367 2695 2435 pra’sidiis
2720 2370 3064 2423 custodiebat.
3093 2370 3172 2422 Ad
3195 2367 3326 2433 ha’c,
3353 2385 3469 2422 cum

1853 2451 2033 2508 Macar
2073 2456 2266 2524 ﬂuvius
2307 2457 2433 2512 locis
2476 2460 2741 2514 nonnullis
2780 2461 3018 2516 similiter
3058 2462 3332 2515 transitum
3369 2463 3468 2514 im-

1849 2549 2021 2620 pediat
2049 2550 2140 2616 iis,
2170 2552 2257 2620 qui
2283 2567 2346 2606 ex
2376 2553 2500 2607 urbe
2528 2553 2579 2607 in
2611 2555 2876 2625 regionem
2909 2553 3141 2620 tendunt,
3173 2572 3232 2608 ac
3265 2561 3472 2625 prapter

1849 2658 2102 2711 aquarum
2152 2645 2356 2715 copiam
2389 2647 2519 2700 vado
2551 2656 2606 2700 ut
2645 2649 2931 2719 plurimum
2968 2647 3179 2702 transiri
3223 2657 3462 2719 nequeat,

1849 2733 2029 2789 Matho
2059 2747 2262 2809 ponteut
2291 2739 2335 2792 ei
2367 2741 2506 2792 muni
2533 2741 2855 2809 impositum,
2890 2742 2977 2810 qui
3001 2749 3076 2794 est
3116 2741 3316 2807 unicus,
3351 2753 3466 2792 ma-

1850 2845 1956 2900 gna
1985 2831 2252 2900 diligentia
2283 2832 2538 2900 tuebatur,
2569 2831 2694 2888 urbe
2720 2835 2876 2887 etiam
2902 2833 2970 2885 ad
2996 2831 3145 2886 illuni
3167 2841 3461 2887 exstructa:

1849 2939 1912 2976 ea:
1941 2940 2038 2994 quo
2063 2924 2235 2994 fiebat,
2270 2934 2325 2978 ut
2361 2939 2462 2980 non
2491 2927 2659 2980 solum
2683 2927 2942 2982 exercitus
2981 2927 3033 2980 in
3073 2929 3329 2996 regionem
3362 2925 3463 2978 dtt-‘

1847 3030 1961 3069 cere
1980 3032 2082 3070 non
2111 3026 2340 3085 possent,
2370 3017 2460 3072 sed
2485 3028 2540 3072 ut
2568 3037 2631 3074 ne
2660 3020 2860 3093 singuli
2881 3020 3087 3089 quidem
3112 3019 3308 3074 hostem
3334 3017 3467 3086 e/I'u-

1848 3119 2045 3179 gerent,
2079 3113 2165 3176 qui
2192 3113 2412 3166 transire
2439 3122 2774 3170 conarentur.
2822 3113 2953 3170 Haec
2994 3115 3222 3168 Amilcar
3262 3115 3463 3182 videns,

1775 3199 1820 3264 C
1851 3213 1952 3259 etc.
2002 3204 2146 3259 idem
2181 3205 2437 3276 Polybius
2466 3207 2606 3263 libro
2635 3210 2828 3264 eodem
2863 3209 2984 3263 belli
3019 3209 3180 3279 hujus
3220 3208 3464 3277 ejusdem

1853 3312 2046 3352 causas
2075 3307 2130 3354 et
2169 3300 2319 3354 initia
2351 3314 2632 3370 exponens
2672 3301 2744 3355 de
2774 3300 2982 3355 Tuncte
3011 3301 3214 3369 oppido
3244 3299 3473 3354 Cartha-

1849 3390 1958 3459 gini
2003 3391 2181 3445 vieino
2218 3391 2296 3446 sic
2328 3393 2438 3445 ait:
2488 3391 2803 3446 Mercenarii
2843 3394 2922 3446 ira
2948 3393 3180 3447 succensi
3220 3391 3472 3446 adversus

1849 3481 2300 3554 Carthaginenses,
2344 3484 2522 3555 infesti
2553 3486 2622 3539 ad
2652 3485 2830 3539 urbem
2865 3485 3107 3552 feruntur
3131 3525 3145 3552 ,
3189 3496 3234 3538 et
3266 3485 3477 3554 quinde-

1849 3579 1949 3632 cim
1972 3578 2134 3632 millia
2164 3595 2407 3648 passuum
2451 3580 2513 3632 ab
2545 3597 2606 3633 ea
2639 3577 2831 3632 Tunete
2862 3592 3033 3633 casura
3062 3590 3280 3648 ponunt.
3314 3577 3477 3633 Erant

1851 3669 1904 3723 hi
1931 3688 2090 3740 supra
2131 3671 2309 3743 viginti
2347 3670 2530 3725 millia.
2576 3669 2710 3724 Tum
2745 3673 2951 3724 demum
2987 3669 3479 3742 Carthagincnsibas

1849 3781 1993 3819 error
2022 3782 2146 3818 suns
2170 3763 2231 3818 ob
2259 3765 2436 3821 oculos
2467 3765 2761 3831 observari,
2797 3782 2913 3818 cum
2940 3763 3074 3819 nihil
3113 3781 3197 3819 eos
3231 3782 3344 3819 sera
3370 3781 3478 3836 pose

1852 3859 2064 3913 nitentia
2091 3858 2315 3924 iuvabat.
2365 3858 2433 3914 Et
2476 3869 2600 3929 post
2635 3875 2804 3930 pauca
2836 3868 3136 3927 memorat,
3165 3859 3469 3917 Gesconcm

1852 3951 2044 4008 ducem
2074 3953 2142 4008 ad
2187 3953 2482 4024 placandos
2515 3955 2738 4010 eosdem
2776 3955 2875 4008 hos
2921 3954 3089 4009 iratos
3119 3953 3322 4010 milites
3350 3972 3475 4012 eum

1851 4051 2083 4118 pecunia
2111 4066 2174 4103 ex
2209 4047 2341 4104 urbe
2379 4048 2713 4119 Carthagine
2743 4048 2967 4102 missum
2996 4088 3011 4114 ,
3053 4048 3468 4119 profectumque

1851 4145 1986 4197 mari
2014 4141 2278 4198 Tunctem
2309 4144 2628 4213 appulisse:
2667 4143 2755 4197 ubi
2786 4143 2946 4196 verba
2972 4140 3155 4197 Grmca
3187 4157 3307 4196 cum
3342 4141 3469 4197 aliis

1848 4234 1925 4290 sic
1969 4236 2198 4291 habent:
2232 4234 2293 4314 Ὀ.
2320 4238 2525 4293 Γέσκων
2567 4234 2985 4312 παραγενόμενος
3031 4238 3164 4292 κατὰ
3211 4237 3466 4292 θάλατταν

1849 4331 1980 4403 μετά
2001 4338 2101 4387 τῶν
2133 4333 2446 4404 χρημάτων,
2472 4335 2558 4387 καὶ
2583 4331 2960 4408 προσπλεύσας
2981 4331 3111 4409 πρὸς
3136 4331 3220 4385 τὸν
3245 4333 3466 4397 Τύνητα,

1849 4425 1905 4479 τὸ
1933 4427 2021 4498 μὲν
2040 4432 2246 4501 πρῶτον
2275 4425 2548 4496 λαμϐάνων
2579 4427 2703 4486 τοὺς
2731 4425 3003 4497 ἡγεμόνας,
3046 4433 3153 4479 etc.
3187 4426 3318 4491 Qua:
3347 4440 3472 4479 ver-

1849 4517 1914 4571 ba
1946 4517 2254 4587 significare
2286 4519 2574 4584 videntur,
2613 4534 2712 4587 per
2750 4533 2900 4572 mare
2945 4519 3186 4587 navigari
3226 4519 3467 4587 potuisse

173 4627 237 4666 res
257 4625 298 4668 et
325 4629 556 4689 regentes
583 4618 823 4672 militiam
853 4630 1155 4688 potestates.
1189 4618 1296 4672 illic
1327 4617 1490 4672 honor
1519 4635 1739 4687 procon-
1774 4604 1828 4665 D
1853 4622 1907 4666 et
1951 4613 2147 4686 appelli
2197 4613 2484 4669 Tunetcm.
2538 4613 2810 4667 Judicium
2855 4611 3044 4665 lectori
3092 4612 3359 4682 relinquo.
3406 4611 3471 4668 Et

174 4707 356 4773 solaris,
396 4711 507 4766 illic
547 4712 879 4780 quotidianus
907 4712 1072 4781 judex
1107 4721 1151 4765 et
1188 4722 1372 4777 rector,
1407 4707 1655 4781 quantum
1678 4712 1746 4766 ad

174 4815 329 4855 nomen
354 4803 563 4871 quidem
595 4804 908 4876 proconsul,
963 4805 1052 4859 sed
1087 4815 1333 4875 quantum
1373 4805 1442 4858 ad
1469 4807 1748 4874 potentiam

173 4896 361 4948 consul:
402 4895 512 4950 illic
556 4897 772 4966 denique
816 4913 988 4951 outnes
1031 4914 1200 4950 rerum
1236 4897 1655 4965 dispensatores,
1704 4907 1751 4952 et

174 4981 435 5050 differentes
466 4988 602 5043 inter
629 5006 682 5044 se
713 4999 815 5042 tam
857 4989 1020 5059 gradu
1060 5006 1214 5056 quam
1250 4991 1496 5044 vocabulo
1527 4990 1755 5062 dignita—

176 5083 264 5143 tes,
292 5083 516 5135 omnium
537 5125 550 5149 ,
584 5091 641 5135 ut
670 5083 742 5136 ita
768 5083 968 5149 dicam,
1011 5083 1300 5153 platearum
1328 5094 1376 5138 et
1407 5084 1754 5154 compitorum

174 5183 532 5238 procuratores,
567 5181 749 5229 cuncta
772 5178 930 5245 ferme
958 5184 1002 5228 et
1025 5175 1135 5229 loca
1156 5175 1315 5242 urbis,
1340 5185 1387 5230 et
1407 5176 1632 5230 membra
1658 5194 1752 5244 po-

178 5263 274 5329 puli
306 5266 664 5340 gubernaiites.
705 5268 812 5324 Sed
865 5269 1291 5339 irrtnnpentibus
1323 5270 1374 5323 in
1403 5269 1579 5324 Africa
1609 5269 1752 5324 Van-

175 5352 293 5411 dalis
331 5377 358 5412 a
387 5359 689 5417 Genserieo
729 5377 870 5416 anno
909 5360 1047 5429 459,
1103 5363 1167 5418 19
1208 5361 1459 5418 Octobris
1489 5371 1647 5431 capta
1700 5369 1755 5416 et

176 5460 410 5518 occupata
443 5467 552 5520 est,
582 5470 645 5512 ac
669 5457 720 5510 in
747 5465 1018 5528 potestate
1040 5454 1407 5512 Vandalorum
1439 5472 1627 5526 regum
1653 5454 1755 5511 fuit

177 5556 258 5609 per
371 5564 571 5615 annos,
597 5561 715 5620 post
743 5565 880 5621 quos
910 5565 938 5603 a
965 5550 1226 5606 Belisario
1257 5558 1577 5618 recuperata
1609 5565 1754 5606 anno

178 5637 267 5693 534
293 5641 470 5698 Africa
501 5687 515 5710 ,
543 5643 984 5716 Carthaginensis
1022 5645 1215 5701 civitas
1245 5645 1472 5716 imperio
1503 5647 1755 5700 restituta

177 5743 266 5787 est.
293 5734 520 5792 Demum
550 5752 670 5794 cum
695 5755 792 5811 per
812 5753 985 5794 annos
1011 5738 1230 5795 circiter
1264 5738 1367 5794 17'2
1392 5735 1668 5804 stetisset,
1698 5737 1754 5792 in

180 5829 482 5893 potestatem
515 5829 907 5890 Saracenorum
943 5833 1130 5903 venit,
1176 5841 1396 5905 totaque
1432 5831 1544 5891 fere
1578 5831 1758 5890 diruta

1856 4721 2069 4760 rursum
2102 4706 2238 4761 idem
2276 4706 2414 4760 libro
2453 4721 2586 4760 xxv:
2632 4703 2806 4759 Tunes
2847 4701 3162 4774 Carthagine
3193 4705 3335 4760 abest
3362 4715 3473 4759 sta-

1857 4798 1944 4852 dia
1973 4799 2119 4866 quasi
2146 4813 2282 4853 cxx.
2319 4796 2493 4852 Locus
2514 4813 2631 4852 cum
2658 4795 2897 4866 operibus
2927 4807 3036 4851 tum
3060 4807 3240 4868 suapte
3261 4809 3466 4864 natura,

1859 4893 1992 4946 sicut
2012 4896 2127 4965 jam
2154 4905 2274 4948 ante
2303 4893 2649 4958 ostendimus,
2697 4905 2853 4956 tutus,
2893 4895 3077 4963 quique
3102 4910 3166 4947 ex
3195 4894 3334 4947 omni
3366 4898 3474 4965 fere

1858 4994 2004 5055 parte
2049 4982 2380 5058 Carthaginis
2432 4996 2596 5055 potest
2641 4986 2892 5056 conspici.
2949 4983 3211 5041 Euntdem
3257 4986 3473 5059 Polybii

1859 5078 2034 5133 locum
2060 5078 2243 5134 Livius
2273 5081 2325 5133 in
2357 5079 2641 5136 historiam
2669 5096 2820 5135 suam
2851 5079 3188 5136 transferens
3216 5083 3294 5136 sic
3328 5082 3472 5137 seri-'-

1857 5169 1969 5224 bit:
2002 5169 2182 5240 Scipio
2211 5187 2424 5244 gravem
2441 5175 2556 5246 jam
2586 5173 2768 5245 spoliis
2796 5173 3069 5227 multarunt
3094 5174 3299 5228 urbium
3323 5191 3472 5230 exer-

1859 5263 2013 5318 citum
2046 5265 2252 5321 trahens
2276 5309 2289 5328 .
2324 5267 2542 5338 captivis
2568 5268 2775 5338 aliaque
2809 5265 2985 5337 praeda
3013 5269 3068 5322 in
3099 5279 3268 5323 vetera
3299 5277 3470 5322 castra

1859 5359 1943 5414 ad'
1957 5359 2160 5415 Uticam
2189 5361 2386 5427 missis,
2419 5363 2535 5433 jam
2574 5363 2626 5415 in
2664 5361 3028 5433 Carthaginem
3067 5363 3291 5416 intentus
3316 5367 3470 5414 occa-4

1861 5464 1949 5526 pat
1980 5455 2216 5510 relictum
2242 5459 2368 5526 fuga
2394 5456 2664 5510 custodum
2695 5454 2944 5511 TUNBTA.
2975 5453 3127 5509 Abest
3155 5455 3216 5509 ab
3245 5452 3470 5508 Cartha:

1863 5548 1982 5618 giue
2016 5549 2287 5603 duodecim
2330 5548 2498 5603 millia
2523 5554 2684 5620 ferme
2727 5567 2994 5614 passuum,
3049 5544 3192 5602 locus
3216 5559 3320 5602 tum
3349 5557 3472 5622 ope;

1863 5639 2025 5708 ribus,
2058 5653 2164 5699 tum
2193 5654 2380 5712 suapte
2420 5653 2606 5696 natura
2643 5650 2782 5696 tutus
2807 5658 2825 5706 ;
2854 5651 2902 5696 et
2939 5640 3026 5711 qui
3065 5641 3128 5694 ab
3161 5639 3475 5712 Carthagine

1864 5738 2115 5810 conspici,
2156 5748 2206 5795 et
2243 5737 2468 5810 prwbere
2494 5737 2606 5808 ipse
2640 5746 2987 5808 prospectum,
3033 5746 3137 5789 tant
3179 5731 3248 5790 ad
3273 5736 3469 5793 urbem.

1865 5843 1973 5890 tum
1995 5835 2066 5891 ad
2089 5834 2468 5906 circumfusum
2491 5847 2634 5888 mare
2657 5831 2774 5888 urbi
2801 5839 2986 5902 posset.
3018 5829 3218 5889 Decad.
3243 5846 3322 5903 ut,
3345 5831 3384 5888 l.
3415 5847 3474 5902 ι,
