3898 6320
458 238 565 297 859

1904 229 2060 288 PRO]

2168 229 2440 286 LOMENA.
3611 239 3691 297 840

457 354 656 411 Strabo
679 348 1120 422 Geograpborum
1144 387 1158 410 ,
1189 360 1416 418 quorum
1439 346 1637 416 scripti
1666 347 1732 401 ad
1764 362 1860 400 nos
1884 361 2058 402 vene-
2089 351 2133 409 Α
2166 345 2517 416 fundamentis
2544 360 2650 400 xxx
2677 345 2887 418 pedum,
2920 347 3141 419 singula:
3170 350 3570 420 contignationum
3596 372 3696 425 qua.

459 461 542 512 re,
584 445 1013 514 antiquissimus,
1055 443 1122 495 de
1163 439 1507 510 Carthaginis
1546 440 1650 493 situ
1699 439 1776 493 sic
1825 440 2056 494 scribit:

459 539 753 596 CABTBAGO
794 538 845 590 in
887 536 1162 607 peninsula
1199 533 1422 606 quadam
1457 537 1620 607 jacet,
1663 551 1775 602 quia
1814 534 2059 587 ambitum

459 631 608 686 habet
629 630 913 685 stadiorum
942 643 1109 683 CCCLX
1146 643 1290 681 muro
1326 627 1570 690 cinctum,
1613 627 1763 697 cujus
1789 627 2059 697 sexaginta

457 724 744 780 stadiorum
785 721 1157 793 longitudinem
1202 720 1390 774 collum
1427 731 1663 785 occupat,
1707 719 1844 789 quod
1871 736 1902 772 a
1930 719 2063 772 mari

459 817 529 869 ad
557 831 697 869 mare
734 815 972 885 pertinet,
1015 814 1099 867 ubi
1145 810 1630 883 Carthagincnsium
1665 812 1922 882 elephanti
1951 822 2054 865 sta-

463 906 584 962 bula
608 907 898 971 habebant,
927 915 972 960 et
1009 906 1151 959 locus
1182 903 1533 972 amplissimus
1560 913 1652 959 est.
1685 901 1751 957 In
1773 903 1941 957 media
1974 920 2061 956 ur-

462 1001 522 1056 be
551 1018 648 1056 arx
675 1001 794 1073 fuit,
835 1015 989 1069 quam
1031 997 1250 1069 Byrsam
1285 1006 1549 1062 vocarunt,
1577 997 1910 1066 supercilium
1939 996 2063 1050 satis

459 1104 722 1155 erectum,
770 1094 961 1150 circum
1015 1093 1154 1145 circa
1201 1091 1525 1154 habitatum,
1576 1090 1631 1143 in
1685 1093 1834 1162 cujus
1883 1093 2062 1143 vertice

457 1184 758 1256 Aisculapii
805 1185 1052 1254 templum
1085 1193 1212 1247 erat,
1251 1184 1388 1254 quod
1428 1182 1724 1237 Asdrubalis
1752 1198 1882 1237 uxor
1911 1193 2064 1249 capta

459 1281 583 1334 urbe
617 1297 788 1334 secum
815 1279 1173 1333 concremavit.
1206 1277 1326 1330 Arci
1355 1287 1532 1343 portus
1561 1275 1846 1347 subjacent,
1888 1282 1935 1328 et
1965 1271 2064 1329 Co-

461 1372 587 1429 thon
615 1389 773 1442 parva
809 1372 980 1427 insula
1019 1388 1082 1424 ac
1117 1369 1342 1424 rotunda
1379 1366 1579 1435 Euripo
1615 1366 1958 1431 circumdata,
1994 1364 2062 1419 ad

462 1465 613 1536 cujus
652 1474 920 1533 utramque
956 1473 1153 1534 partem
1193 1471 1310 1515 sunt
1349 1462 1402 1514 in
1444 1462 1614 1515 orbem
1654 1460 1879 1513 navalia.
1924 1457 2056 1512 Eam

462 1560 636 1614 urbem
662 1557 801 1612 Dido
829 1557 1058 1611 condidit
1097 1555 1231 1628 Tyro
1255 1597 1269 1620 ,
1311 1554 1506 1608 colonis
1533 1570 1589 1608 eo
1619 1553 1886 1617 adductis,
1916 1567 2058 1623 .pro-

465 1655 621 1722 fectu.
653 1650 721 1705 Et
759 1651 885 1705 adeo
925 1650 1050 1704 bene
1079 1649 1226 1703 cessit
1254 1647 1361 1702 hate
1392 1645 1565 1702 Paznis
1597 1645 1817 1711 colonia,
1850 1657 1956 1700 etc.
1987 1645 2057 1700 Et

2168 447 2304 489 tuor.
2351 437 2489 490 Muri
2518 455 2632 492 vero
2662 438 2731 491 ad
2754 439 3030 493 secundam
3058 443 3465 515 contignationem
3484 449 3696 521 pertinge-

2167 527 2307 584 bant.
2338 529 2503 584 Erant
2529 541 2698 584 autem
2727 533 2969 602 fornicati
2999 543 3046 587 ct
3081 552 3294 602 capaces
3319 537 3365 590 in
3396 542 3698 610 quoruminﬁ-

2164 639 2246 674 ma
2268 633 2413 694 parte
2438 639 2533 679 CCC
2560 624 2814 692 elephanti
2837 625 3256 692 stabulabantur,
3290 629 3530 700 adjunctis
3552 632 3692 701 pabuli

2165 717 2558 788 promptuariis.
2594 715 2847 789 Superius
2873 728 3016 773 erant
3044 729 3259 790 quatuor
3280 721 3482 774 millium
3501 738 3699 792 equorum

2164 810 2363 864 stabula
2385 827 2502 863 cum
2527 811 2704 864 hordei
2725 814 3004 882 penuariis.
3045 812 3284 866 Virorum
3309 830 3492 884 quoque
3511 816 3700 870 diverso-

2166 905 2267 969 ria,
2308 922 2376 959 xx
2424 906 2642 959 millium
2683 907 2927 978 peditum,
2985 917 3205 974 quatuor
3253 909 3460 962 millium
3500 910 3700 977 equitum.

2165 997 2360 1054 Tantus
2381 1011 2662 1071 apparatus
2683 1001 2892 1056 bellicus
2922 1002 3243 1056 ordinarium
3270 1004 3432 1056 locum
3459 1005 3640 1059 habebat
3665 1007 3703 1060 in

2165 1093 2290 1146 solis
2321 1094 2589 1148 manibus.
2623 1095 2854 1166 Angulus
2885 1107 3055 1149 autem
3080 1138 3094 1156 ,
3133 1096 3222 1167 qui
3245 1096 3306 1149 ab
3333 1097 3422 1149 hoc
3449 1113 3580 1151 muro
3605 1115 3706 1166 pra:-

2169 1193 2244 1238 ter
2265 1186 2455 1239 dictam
2491 1187 2716 1257 linguam
2740 1187 2808 1239 ad
2835 1196 3012 1255 portus
3034 1188 3348 1257 ﬂectebatur,
3371 1193 3500 1243 solus
3525 1200 3618 1243 erat
3637 1191 3705 1245 tle-

2167 1275 2282 1330 bilis
2307 1287 2354 1331 et
2394 1278 2626 1342 humilis,
2678 1278 2932 1348 neglectus
2964 1296 2995 1331 a
3031 1279 3305 1348 principio.
3355 1279 3422 1333 Hi
3461 1292 3616 1351 portus
3651 1283 3706 1335 sic

2167 1380 2310 1423 erant
2339 1371 2604 1440 dispositi,
2637 1381 2692 1424 ut
2728 1371 2988 1442 navigatio
3018 1381 3144 1425 esset
3186 1389 3249 1426 ea:
3275 1372 3376 1426 alia
3400 1373 3448 1425 in
3476 1374 3644 1440 alium,
3670 1387 3706 1428 et

2164 1463 2228 1516 ab
2268 1464 2372 1517 alto
2413 1481 2570 1518 unum
2613 1481 2878 1518 commune
2913 1482 2968 1518 os
3015 1466 3216 1533 patebat
3250 1464 3407 1519 latum
3444 1467 3577 1536 pedes
3611 1485 3707 1533 tu,

2167 1557 2305 1626 quod
2333 1558 2667 1612 claudebatur
2705 1560 2896 1614 catenis
2929 1560 3126 1630 ferreis.
3172 1559 3380 1615 Primus
3409 1571 3568 1631 portus
3590 1580 3710 1634 nego-

2165 1653 2406 1708 tiatorum
2432 1663 2563 1715 erat,
2593 1663 2639 1707 et
2666 1656 2716 1707 in
2748 1671 2805 1709 eo
2833 1655 3058 1708 tabernae
3085 1655 3135 1707 in
3160 1665 3431 1708 nautarum
3453 1672 3586 1710 usum
3605 1658 3711 1710 mul-

462 1761 587 1802 mox
610 1763 622 1799 :
651 1743 849 1812 Quibus
871 1744 1049 1816 apibus
1071 1743 1175 1808 usi,
1200 1740 1627 1813 Carthaginenses
1647 1740 1858 1808 scilicet,
1889 1740 2060 1795 urbem

2171 1756 2235 1800 ta:
2271 1748 2402 1802 varii
2438 1749 2660 1818 generis.
2707 1747 2978 1802 lnterioris
3006 1765 3122 1802 vero
3165 1759 3346 1819 portus
3385 1749 3435 1802 in
3465 1747 3612 1802 medio
3638 1749 3713 1818 fuit

462 1855 610 1895 suam
658 1837 839 1894 Romae
881 1837 1121 1893 aemulam
1159 1840 1342 1908 fecere,
1384 1845 1434 1891 et
1481 1837 1578 1888 tria
1622 1835 1846 1888 maxima
1889 1844 2068 1888 contra

463 1930 729 1987 Romanos
775 1931 908 1986 bella
967 1947 1185 2002 gessere.
1247 1926 1737 2001 Carthaginensium
1785 1928 2066 1998 potentiam

463 2029 688 2082 maxime
711 2041 775 2080 ea:
804 2025 984 2080 ultinto
1015 2041 1189 2079 eorum
1227 2023 1358 2077 bello
1388 2024 1644 2079 aestimare
1676 2027 1840 2092 possis
1863 2063 1876 2088 ,
1907 2039 2007 2091 quo
2035 2037 2067 2075 a

466 2119 714 2192 Scipione
743 2117 1033 2173 Aimiliano
1062 2117 1162 2190 ipsi
1183 2117 1383 2183 devicti,
1408 2125 1453 2170 et
1476 2115 1592 2170 urbs
1613 2115 1724 2169 solo
1744 2124 1819 2168 est
1841 2124 2045 2183 aequata.

461 2219 623 2274 Initio
649 2219 786 2273 enim
831 2219 942 2286 ejus
971 2216 1092 2271 belli
1116 2231 1212 2272 ccc
1243 2214 1390 2269 urbes
1418 2214 1468 2267 in
1498 2214 1674 2283 Africa
1699 2211 1948 2265 habebant
1971 2226 1990 2263 :
2012 2226 2066 2263 in

460 2312 588 2368 urbe
616 2311 882 2368 hominum
910 2310 1074 2364 millia
1104 2309 1444 2381 septingenta.
1483 2305 1687 2360 Obsessi
1721 2321 1903 2375 porro,
1935 2312 1981 2358 et
2008 2312 2064 2356 ut

459 2405 530 2460 ad
557 2405 867 2460 deditionem
897 2411 1208 2476 spectarent,
1243 2402 1407 2455 coacti
1435 2409 1715 2454 armatura:
1743 2400 1913 2471 gravis
1947 2407 2058 2450 tra-

459 2498 700 2552 diderunt
718 2497 938 2551 ducenta
961 2495 1146 2562 millia,
1173 2495 1586 2566 catapelticorum
1608 2494 2066 2547 instrumentorum

458 2594 559 2649 tria
591 2592 701 2664 30
735 2591 920 2659 millia,
959 2606 1023 2646 ne
1061 2605 1214 2656 porro
1255 2589 1318 2642 iis
1355 2585 1544 2641 bellum
1579 2586 1741 2654 ﬁeret.
1794 2584 1899 2638 Sed
1949 2601 2064 2637 cum

456 2704 635 2742 rursus
662 2687 853 2741 bellum
877 2700 1054 2757 gerere
1077 2681 1454 2746 decrevissent,
1487 2694 1607 2733 mox
1641 2694 1786 2730 arma
1815 2676 2065 2748 fabricari

454 2797 650 2852 coepere
675 2796 692 2834 :
713 2795 775 2833 ac
802 2779 1025 2851 singulis
1051 2775 1230 2830 diebus
1264 2789 1374 2830 CXL
1420 2773 1589 2845 clypei
1619 2773 1868 2840 compacti
1898 2772 1950 2824 in
1973 2787 2061 2824 aro

455 2874 764 2929 mentarium
790 2870 1163 2943 referebantur,
1215 2878 1260 2923 et
1290 2867 1452 2941 gladii
1489 2881 1586 2922 CCC
1617 2877 1664 2921 et
1697 2867 1887 2919 lancea:
1912 2865 2065 2933 quin-

455 2976 643 3041 gentm,
681 2976 727 3020 et
756 2964 899 3020 mille
923 2964 1066 3019 tela:
1101 2978 1217 3032 quae
1250 2979 1277 3017 e
1306 2961 1584 3029 catapultis
1612 2959 1964 3014 mitterentur:
1996 2958 2065 3012 ad

455 3075 674 3129 quarunt
715 3061 865 3130 funes
913 3056 1264 3126 conﬁciendos
1308 3053 1514 3108 ancilla:
1549 3054 1715 3107 crines
1750 3050 2061 3121 prwbebant.

2172 1845 2343 1899 insula
2368 1887 2383 1911 ,
2407 1862 2522 1916 qutc
2539 1888 2552 1911 ,
2585 1847 2716 1900 sicut
2744 1858 2788 1900 et
2818 1857 2997 1915 portus
3016 1889 3028 1907 .
3060 1857 3336 1917 perpetuas
3363 1846 3563 1901 habebat
3585 1848 3716 1916 crepi-

2171 1938 2316 1994 dines
2354 1955 2569 2010 magnas
2600 1938 2864 1993 navalibus
2895 1944 3140 2009 refertas,
3172 1956 3289 2010 qua:
3317 1956 3450 1996 ccxx
3487 1958 3619 1994 naves
3651 1957 3718 1994 ca-

2171 2041 2382 2102 perent:
2425 2031 2504 2085 his
2527 2032 2672 2086 cellte
2695 2033 3052 2096 imminebunt,
3081 2032 3170 2086 ubi
3201 2033 3539 2088 condebantur
3561 2034 3716 2086 instru-

2172 2135 2341 2179 menta
2387 2125 2692 2180 triremium.
2755 2124 2926 2179 Unum
2985 2137 3154 2179 autem
3202 2125 3439 2196 quodque
3483 2125 3638 2178 navale
3679 2125 3719 2176 in

2170 2219 2339 2288 fronte
2362 2217 2583 2271 habebat
2604 2217 2734 2271 duas
2754 2219 3019 2271 columnas
3049 2218 3216 2286 operis
3247 2217 3438 2286 Ionici,
3467 2228 3516 2270 ut
3539 2219 3715 2271 circum-

2168 2308 2501 2378 spicientibus
2550 2319 2977 2378 reprcesentareut
3029 2311 3252 2381 speciem
3296 2311 3516 2383 porticus
3559 2321 3644 2365 tam
3680 2309 3721 2360 in

2175 2416 2326 2478 portu
2367 2423 2521 2478 quam
2565 2406 2617 2460 in
2665 2406 2868 2460 insula:
2913 2407 2963 2458 in
2999 2423 3100 2476 qua
3129 2415 3236 2458 erat
3265 2415 3311 2459 et
3341 2404 3554 2476 prtefecti
3582 2403 3722 2457 classis

2170 2501 2487 2574 prtctarium,
2522 2499 2657 2555 unde
2701 2500 2896 2554 tubicen
2935 2499 3126 2555 solebat
3155 2516 3342 2554 canere
3389 2499 3651 2561 classicum,
3688 2506 3722 2548 ct

2173 2611 2341 2666 praeco
2365 2595 2586 2658 edicere,
2610 2603 2656 2648 et
2679 2595 2952 2664 prtefectus
2984 2593 3299 2663 prospicere.
3334 2591 3456 2646 Erat
3472 2601 3618 2644 autem
3639 2591 3723 2641 lure

2169 2687 2341 2742 insula
2372 2688 2448 2741 ori
2483 2696 2660 2756 portus
2687 2686 2944 2756 opposita,
2977 2694 3022 2738 et
3053 2686 3102 2737 in
3130 2685 3344 2755 longum
3375 2685 3583 2754 spatium
3609 2693 3724 2754 pate-

2168 2781 2252 2835 bat
2278 2823 2292 2847 ,
2330 2791 2384 2834 ut
2427 2781 2699 2853 praefectus
2741 2779 2918 2850 procul
2949 2780 3138 2832 videret
3169 2781 3380 2840 omnia,
3425 2794 3531 2849 qua:
3566 2779 3613 2829 in
3637 2774 3718 2828 alto

2171 2874 2371 2941 ﬁerent,
2420 2883 2655 2926 ca’teruut
2696 2871 3126 2941 adnavigantibus
3163 2888 3270 2925 non
3310 2880 3471 2926 essent
3511 2867 3726 2938 conspicui

2175 2983 2400 3021 recessus
2426 2974 2664 3036 portuum
2688 2981 2705 3016 :
2726 2964 2828 3017 imo
2851 2980 2940 3017 nec
2961 2964 3328 3018 mercatoribus
3349 2964 3543 3034 quidem
3561 2971 3724 3035 portum

2170 3075 2318 3113 suum
2365 3058 2676 3112 intrantibus
2715 3057 2885 3111 statim
2927 3057 2982 3112 in
3026 3069 3306 3127 conspectu
3357 3069 3495 3112 erant
3537 3055 3721 3110 navalia.

453 3151 637 3208 Adhuc
658 3168 810 3207 naves
861 3167 934 3206 xu
971 3148 1223 3204 habebant
1247 3148 1310 3202 ab
1332 3163 1467 3202 anno
1488 3147 1908 3217 quinquagesimo
1929 3161 1954 3197 e
1976 3144 2065 3212 [ωο
2096 3151 2140 3212 C
2176 3149 2317 3204 Nam
2343 3149 2658 3204 circumdata
2687 3158 2834 3204 erant
2858 3165 3008 3204 muro
3039 3151 3233 3221 duplici
3260 3165 3280 3204 :
3309 3161 3356 3204 et
3380 3160 3522 3219 porta
3541 3147 3725 3218 negotia-

453 3247 661 3302 deribus
696 3247 750 3300 in
782 3245 1008 3301 secundo
1040 3244 1171 3298 bello
1214 3241 1487 3309 percussis.
1532 3239 1666 3294 Tum
1703 3254 1820 3292 vero
1860 3237 2065 3291 tametsi

452 3340 505 3394 in
527 3356 694 3394 arcem
723 3339 1098 3412 confugissent,
1148 3335 1352 3390 duobus
1380 3332 1640 3388 mensibus
1670 3347 1774 3387 cxx
1806 3346 1956 3385 naues
1979 3347 2066 3384 ca-

454 3436 752 3503 taphractus
785 3441 1206 3496 construxerunt,
1233 3439 1280 3484 et
1311 3444 1428 3482 cum
1452 3425 1696 3482 Cothonis
1725 3425 1911 3478 ostium
1939 3438 2067 3495 pra:-

451 3529 586 3584 sidio
621 3535 978 3599 occuparetur,
1026 3524 1176 3579 aliud
1221 3521 1469 3598 eﬂ'odere,
1505 3518 1641 3574 unde
1683 3518 1849 3573 subito
1886 3516 2065 3570 classis

453 3620 622 3693 erupit
650 3633 669 3684 ;
709 3617 880 3672 adhuc
904 3617 1044 3672 enim
1071 3616 1288 3686 antiqua
1315 3612 1552 3668 materies
1581 3611 1634 3664 in
1666 3619 1904 3682 promptu
1931 3616 2061 3674 erat,

453 3723 500 3767 et
547 3711 817 3782 fabrorum
860 3709 1140 3764 multitudo
1181 3707 1405 3780 publicis
1457 3704 1718 3758 alimentis
1772 3711 2063 3756 sustentata

454 3804 598 3878 aperi
646 3802 882 3874 faciendo
919 3801 1134 3856 intenta.
1182 3797 1437 3871 Carthago
1479 3807 1648 3851 tamen
1687 3837 1701 3861 ,
1765 3805 1907 3850 tanta
1948 3809 2061 3848 cum

452 3905 603 3964 esset,
636 3905 788 3968 capta
816 3903 888 3949 est
912 3902 958 3948 et
988 3892 1174 3947 deleta.
1207 3891 1281 3946 De
1309 3889 1461 3946 Utica
1487 3888 1899 3959 Carthaginiensi
1931 3888 2064 3942 vici-

451 4007 520 4048 na
549 3991 627 4047 sic
653 3989 844 4046 scribit
871 3987 1013 4044 idem
1057 3985 1252 4043 Strabo
1287 3984 1448 4054 paulo
1481 3994 1606 4038 ante
1637 3982 1812 4037 locum
1833 3981 1944 4050 jam
1979 3996 2059 4036 re.

451 4084 675 4140 citatum
706 4103 718 4139 :
754 4080 909 4138 Utica
930 4090 981 4134 et
1004 4076 1362 4150 magnitudine
1392 4086 1437 4130 et
1469 4077 1719 4146 dignitate
1742 4075 1970 4129 secunda
1987 4084 2064 4129 est

452 4196 486 4234 α
525 4179 884 4248 Carthagine:
937 4184 1090 4246 atque
1143 4176 1240 4226 hac
1290 4171 1462 4226 excisa
1497 4180 1652 4240 caput
1693 4169 1914 4240 regionis
1964 4169 2063 4238 fuit

457 4273 813 4353 (μητρόπολις)
845 4281 893 4328 et
921 4270 1303 4342 receptaculum
1331 4265 1685 4347 (ὁρμητήριον)
1717 4266 1966 4322 Romanis
1995 4266 2063 4320 ad

456 4385 539 4424 res
565 4369 619 4422 in
650 4367 830 4439 Africa
853 4365 1120 4436 gerendas.
1173 4362 1238 4418 In
1269 4365 1448 4418 eodem
1478 4361 1597 4416 sinu
1639 4363 1739 4413 sita
1774 4369 1848 4414 est
1876 4360 1930 4413 in
1960 4375 2061 4428 quo

460 4462 746 4533 Carthago,
780 4460 847 4514 ad
873 4459 1094 4514 alterum
1121 4475 1184 4514 ea:
1205 4456 1572 4529 promontoriis
1595 4497 1611 4522 ,
1642 4470 1756 4526 qua:
1784 4455 1952 4509 sinum
1981 4456 2062 4526 fa-

2172 3257 2305 3302 tores
2347 3264 2375 3301 e
2405 3247 2570 3312 primo
2603 3255 2753 3311 portu
2785 3245 2836 3298 in
2867 3244 3038 3299 urbem
3073 3246 3448 3300 transmittebat
3476 3261 3568 3298 non
3596 3254 3727 3316 trans-

2169 3348 2345 3392 euntes
2377 3353 2466 3408 per
2504 3337 2726 3390 navalia.
2772 3334 2900 3390 Haec
2929 3345 3037 3389 erat
3066 3335 3156 3390 illo
3187 3346 3412 3408 tempore
3457 3337 3599 3404 {acies
3627 3331 3723 3385 Car-

2169 3434 2419 3506 thaginis.
2449 3431 2723 3486 Hactenus
2743 3431 2903 3487 verba
2918 3429 3174 3501 Appiani,
3201 3447 3324 3501 quae
3342 3431 3520 3500 juncta
3537 3426 3723 3497 Pulyliii,

2168 3527 2301 3583 Livii
2362 3542 2426 3582 ac
2487 3524 2772 3586 Strabonis
2833 3525 3156 3581 testimoniis
3208 3527 3373 3581 situm
3431 3519 3722 3592 Carthaginis

2167 3630 2360 3678 exacte
2397 3627 2810 3688 repraesentant.
2849 3619 2962 3674 Etsi
3003 3629 3184 3673 autem
3227 3617 3514 3689 nequidem
3544 3616 3726 3670 Cartha-

2169 3715 2312 3786 ginis
2355 3712 2552 3768 rudera
2598 3728 2740 3766 nunc
2787 3712 3104 3778 subsistant,
3155 3711 3245 3766 illa
3279 3720 3458 3766 tamen
3492 3704 3721 3778 peuinsnla

2167 3807 2465 3862 etiamnum
2490 3819 2518 3859 a
2545 3805 2722 3860 nautis
2747 3803 3183 3859 Promontorium
3211 3804 3549 3876 Carthaginis
3574 3796 3726 3870 appel-

2168 3901 2329 3956 latur.

2239 3991 2669 4064 Carthaginenses
2701 3989 2948 4060 episcopi.
2974 4018 3044 4028 —
3067 3987 3286 4044 Primus
3314 4003 3346 4044 e
3378 3983 3726 4055 Carthaginien-

2164 4084 2314 4140 sibus
2342 4082 2610 4152 episcOpis
2641 4080 2795 4152 cujus
2821 4080 2886 4135 ad
2919 4094 3016 4134 nos
3045 4083 3308 4134 memoria
3365 4078 3639 4150 pervenerit
3659 4078 3722 4126 est

2164 4176 2507 4234 Acntrptuus.
2566 4173 2739 4243 Hujus
2792 4171 3121 4228 mentionem
3174 4171 3303 4228 facit
3357 4170 3632 4244 Cyprianus
3657 4178 3723 4232 ep.

2166 4287 2306 4327 nunc
2330 4285 2483 4335 LXXI,
2509 4268 2574 4323 ad
2603 4268 2885 4337 Quintum,
2911 4266 3002 4321 ubi
3029 4265 3363 4335 baptismum
3390 4264 3723 4320 ha'rcticorum

2168 4362 2380 4417 irrittun
2404 4377 2527 4418 esse
2548 4359 2908 4423 contendens,
2935 4363 3007 4413 ita
3031 4357 3214 4413 laudat
3245 4355 3525 4430 Agrippini
3546 4350 3727 4408 Cartha-

2165 4454 2412 4524 giuensis
2448 4453 2690 4522 episcopi
2723 4466 2785 4507 ea
2819 4451 2886 4505 de
2928 4465 2988 4505 re
3028 4450 3310 4505 decretum
3341 4470 3352 4503 :
3396 4448 3540 4516 Quod
3561 4444 3725 4516 quidem

458 4561 613 4614 ciunt.
667 4556 870 4613 Horum
914 4555 968 4610 id
1006 4555 1143 4620 quod
1174 4559 1329 4625 juxta
1357 4552 1560 4608 Uticam
1591 4561 1685 4616 est,
1726 4548 2060 4618 Apollonium
2091 4547 2140 4606 D
2168 4556 2213 4600 et
2235 4547 2550 4618 Agrippinus
2581 4545 2730 4600 bonae
2761 4543 3021 4598 memoria:
3047 4544 3140 4607 t-ir,
3162 4561 3281 4597 cum
3304 4544 3498 4599 caeteris
3515 4539 3726 4611 coepisco-

456 4661 688 4718 vocatur,
719 4651 942 4705 alterum
968 4665 1089 4704 vero
1121 4645 1444 4702 Hormazum.
1493 4643 1656 4700 Urbes
1681 4644 1810 4713 ipste
1836 4642 1908 4694 ita
1941 4651 2062 4694 sunt

455 4749 588 4810 sitat.
631 4757 687 4800 ut
713 4761 870 4800 unam
909 4743 1074 4815 possis
1101 4758 1162 4796 ea:
1188 4741 1350 4796 altera
1377 4755 1609 4794 cernere.
1649 4735 1819 4806 Prope
1855 4733 2060 4789 Uticam

455 4839 702 4912 Bagrada
729 4837 918 4908 ﬂuvius
954 4835 1164 4888 labitur.
1204 4833 1481 4904 Appianus
1527 4828 1832 4885 Alexnnder
1865 4826 1959 4881 lib.
1991 4826 2059 4882 de

455 4931 615 4988 bellis
655 4929 907 4995 Punicis,
951 4934 1196 4982 vertente
1236 4925 1552 4979 doctissimo
1579 4921 1925 4993 Sigismundo
1954 4919 2062 4976 Ge-

456 5023 633 5078 lenio:
666 5021 782 5078 Sita
809 5029 918 5075 erat
939 5016 1197 5088 Carthago
1219 5018 1273 5070 in
1299 5017 1481 5070 intimo
1503 5017 1618 5070 sinu
1649 5030 1855 5086 magno,
1879 5014 2060 5084 penin-

455 5116 587 5173 sulte
624 5116 824 5169 similis.
865 5111 1050 5169 Cervia:
1079 5112 1213 5168 enim
1242 5128 1353 5166 eam
1397 5130 1426 5165 a
1461 5112 1746 5165 continente
1786 5108 2058 5166 senarabat

457 5208 564 5264 lata
587 5223 690 5262 xxv
719 5206 907 5259 stadia.
950 5206 1025 5259 Ab
1055 5221 1114 5258 ea
1143 5203 1336 5257 cervice
1364 5201 1544 5271 lingua
1569 5202 1807 5270 quwdam
1835 5201 2054 5271 oblonga

456 5298 808 5356 semistadium
855 5297 996 5360 lata,
1039 5294 1337 5350 excurrebat
1371 5310 1542 5348 versus
1569 5292 1896 5348 Occidentem
1923 5294 2054 5346 inter

456 5403 697 5466 stagnum
742 5399 788 5446 et
829 5404 988 5455 mare,
1033 5387 1248 5454 rupibus
1291 5385 1518 5454 undique
1562 5387 1776 5448 munita,
1821 5395 1868 5438 et
1906 5401 2053 5439 muro

455 5487 708 5558 simplice.
760 5483 948 5539 Versus
992 5479 1260 5536 Meridiem
1299 5489 1343 5533 et
1381 5480 1742 5547 continentem,
1784 5478 1866 5532 ubi
1901 5479 2053 5532 etiam

457 5581 629 5652 Byrsa
669 5587 778 5634 erat
810 5578 867 5632 in
905 5576 1114 5640 ceruice,
1153 5590 1331 5628 murus
1363 5570 1550 5641 triplex
1589 5580 1718 5635 erat,
1762 5571 1898 5624 altus
1942 5585 2051 5625 xxx

458 5675 654 5730 cubitos
677 5673 866 5742 absque
896 5668 1299 5742 prapugnaculis
1330 5677 1376 5720 et
1403 5665 1653 5730 turribus,
1685 5680 1800 5734 qua:
1820 5663 2054 5718 binorum

455 5769 693 5838 iugerum
723 5766 905 5837 spatiis
935 5765 1064 5819 inter
1093 5781 1146 5821 se
1172 5761 1428 5818 distabant
1457 5775 1547 5832 per
1585 5757 1885 5826 circuitum,
1917 5757 2055 5810 nixa:

2171 4641 2274 4708 pis,
2315 4640 2403 4710 qui
2440 4639 2530 4693 illo
2563 4648 2791 4704 tempore
2832 4638 2884 4690 in
2927 4637 3188 4708 provincia
3219 4637 3404 4708 Africa
3441 4647 3485 4690 et
3521 4630 3726 4687 Numidia

2170 4731 2456 4787 Ecclesiam
2483 4730 2692 4786 Domini
2725 4730 3095 4803 gubernabant,
3140 4732 3323 4785 statuit
3362 4740 3410 4785 et
3444 4728 3612 4784 librato
3633 4738 3728 4775 catt-

2165 4827 2269 4882 silii
2291 4827 2574 4880 communis
2597 4828 2831 4880 examine
2852 4825 3094 4895 ﬁrmavit.
3136 4824 3204 4880 Et
3239 4840 3331 4895 ep.
3368 4841 3430 4880 Ls
3443 4839 3550 4888 xui,
3577 4818 3632 4872 ad
3657 4815 3728 4870 Ju-

2168 4919 2443 4986 bnianum,
2477 4919 2527 4972 in
2561 4933 2665 4990 qua
2698 4918 2811 4972 hinc
2835 4917 2945 4972 ait:
2974 4917 3130 4986 Apud
3175 4933 3271 4970 nos
3299 4925 3472 4971 autem
3510 4929 3598 4967 non
3626 4922 3725 4963 ποτα

2165 5018 2254 5062 aut
2292 5009 2562 5079 repentina
2602 5024 2682 5062 res
2722 5016 2832 5074 est,
2874 5016 2928 5060 ut
2966 5005 3312 5076 baptizandos
3354 5018 3631 5061 censeamus
3659 5011 3724 5051 eos

2164 5105 2252 5175 qui
2291 5103 2354 5157 ab
2386 5103 2636 5158 ltwreticis
2675 5102 2742 5156 ad
2786 5101 3072 5155 Ecclesium
3113 5101 3346 5168 veniunt,
3377 5097 3574 5171 quando
3608 5087 3722 5146 multi

2155 5199 2269 5269 jam
2312 5199 2435 5252 anni
2470 5207 2610 5264 sunt,
2653 5206 2700 5252 et
2732 5195 2887 5268 longa
2916 5207 3064 5262 tetas,
3105 5211 3168 5250 ex
3205 5211 3308 5265 quo
3349 5193 3443 5250 sub
3483 5186 3722 5262 Agrippino

2159 5294 2307 5349 bona:
2327 5293 2583 5348 memoriae
2603 5294 2732 5357 viro,
2761 5292 3114 5346 convenientes
3137 5291 3188 5344 in
3211 5307 3379 5344 unum
3401 5285 3603 5362 episcopi
3625 5279 3720 5352 plu-

2161 5387 2278 5440 rimi
2316 5385 2412 5440 hoc
2449 5385 2740 5438 statuerint.
2785 5383 3072 5440 Scribebat
3117 5382 3234 5438 tunc
3276 5381 3572 5454 Cyprianus
3607 5383 3720 5426 anno

2161 5480 2288 5545 254,
2330 5497 2436 5551 quo
2485 5488 2730 5549 tempore
2771 5479 2927 5550 longa
2970 5478 3080 5548 jam
3113 5489 3246 5533 actas
3286 5471 3650 5532 intercedebat,
3681 5472 3722 5520 et

2163 5573 2314 5627 multi
2349 5562 2670 5639 anniclapsi
2705 5579 2863 5626 erant
2892 5587 2921 5625 a
2954 5581 3155 5626 statuto
3191 5567 3512 5641 Agrippini;
3541 5579 3597 5620 ac
3622 5574 3721 5631 pro-

2164 5663 2287 5717 inde
2321 5663 2535 5719 videtur
2563 5663 2650 5718 ille
2676 5679 2782 5718 non
2813 5664 2994 5726 tertio,
3027 5671 3080 5716 ut
3111 5663 3272 5733 vulgo
3301 5670 3506 5733 putant,
3537 5655 3621 5712 sed
3645 5649 3723 5707 Sub

2175 5756 2341 5814 linem
2387 5757 2610 5814 secundi
2660 5757 2916 5814 Ecclesitc
2962 5757 3146 5814 sicculi
3188 5754 3501 5828 Carthagini
3553 5747 3727 5806 sedisse
