3788 6318
47 329 153 389 8H

1190 329 1639 390 GEOGBAPHIA
1673 324 1899 385 SACRA
1926 327 2226 386 AFRICA‘I.

3232 332 3344 389 842

45 448 212 506 Certe
232 449 600 507 Tertullianus
616 447 686 507 de
705 448 975 522 baptismo
989 446 1367 509 haereticorum
1381 450 1631 521 loquens,
1660 453 1716 512 Α
1738 458 1869 508 nou,
1903 442 2246 499 Parmeniani
2269 458 2661 500 successorem.
2685 443 2744 499 In
2766 460 2873 516 quo
2893 438 3105 503 videtur
3120 462 3343 504 succeso

38 541 93 597 in
117 541 262 598 libro
291 542 358 601 de
383 544 656 615 Baptismo
684 559 844 615 quem
869 544 1015 601 circa
1040 559 1241 600 annum
1260 543 1369 600 200
1397 542 1638 600 conscri-

42 637 187 709 psit,
218 636 433 693 videtur
450 637 519 693 ad
546 637 648 693 hoc
672 636 957 709 Agrippini
982 636 1261 695 decretum
1292 637 1598 709 respexisse
1616 676 1634 705 ,

38 746 163 787 cum
202 730 316 786 ait:
364 729 516 788 Circa
548 729 817 787 hwreticos
843 748 966 786 sane
1002 731 1125 801 quid
1153 730 1544 785 custodiendum
1571 730 1638 784 sit

39 825 197 898 digne
216 824 332 897 quis
358 823 637 893 retractet?
666 822 749 878 Ad
773 840 866 878 nos
889 823 1023 878 enim
1043 822 1236 878 editum
1261 832 1357 879 est.
1385 822 1490 878 Per
1516 821 1636 879 haec

38 916 202 974 verba
251 916 322 971 ad
356 933 452 972 nos
483 916 621 972 enim
661 915 855 972 editum
894 925 990 985 est,
1037 914 1319 972 decretum
1352 913 1633 987 Agrippini

38 1011 310 1084 designari
341 1009 523 1071 nullus
545 1008 755 1065 dubito.

109 1125 242 1183 Post
271 1123 412 1181 hunc
439 1139 472 1180 a
495 1124 772 1180 nonnullis
795 1124 1098 1181 collocatur
1122 1122 1311 1197 Cyrus,
1336 1124 1490 1196 cujus
1520 1139 1633 1180 me-

40 1221 210 1277 moria
231 1226 413 1277 exstat
437 1219 493 1274 in
520 1218 907 1292 martyrologio
926 1219 1173 1276 Romano
1194 1218 1373 1290 pridie
1395 1220 1516 1275 idus
1538 1218 1633 1275 Ju-

35 1312 114 1379 lii,
135 1312 263 1370 etin
288 1312 444 1383 cujus
470 1311 757 1368 festivitate
779 1310 1023 1368 habitum
1045 1327 1168 1369 esse
1189 1327 1220 1367 a
1242 1311 1303 1368 S.
1329 1311 1631 1383 Augustino

36 1420 341 1462 sermonem
360 1406 437 1461 ait
457 1404 757 1469 Possidius.
784 1422 974 1462 verum
1000 1416 1197 1464 neutro
1218 1408 1272 1463 in
1293 1406 1419 1464 loco
1434 1407 1631 1464 dicitur

33 1498 199 1558 fuisse
216 1497 659 1572 Carthaginensis
683 1498 997 1572 episcopus.
1026 1501 1100 1556 At
1122 1500 1383 1557 Donnutt
1405 1500 1632 1573 Cypria-

31 1593 84 1650 ni
131 1602 534 1650 antecessorem
578 1591 747 1649 fuisse
783 1601 1020 1659 constat,
1070 1608 1140 1649 ex
1190 1594 1311 1663 ipso
1357 1593 1628 1667 Cypriane

32 1687 257 1761 epistola
285 1688 412 1744 olim
440 1704 508 1745 LV
526 1729 544 1756 ,
575 1704 719 1746 nunc
745 1704 863 1756 ιιι,
894 1688 961 1744 ad
991 1686 1305 1744 Cornelium
1328 1686 1626 1743 Romanum

35 1785 370 1856 episcopum,
401 1784 453 1839 in
493 1799 599 1855 qua
627 1793 848 1840 narrat:
884 1782 1154 1839 Privatum
1182 1792 1398 1838 veterem
1420 1782 1627 1838 lucreti-

33 1894 143 1931 cum
171 1878 227 1931 in
254 1876 614 1933 Lambesitana
636 1876 845 1933 colonia
869 1886 987 1932 ante
1011 1876 1200 1930 multos
1229 1874 1339 1946 fere
1369 1891 1534 1931 annos

28 1969 187 2023 multa
218 1978 267 2024 et
298 1969 475 2043 graria
496 1969 703 2036 delicta,
733 1969 1014 2041 nonaginta
1038 1969 1393 2041 episcoporum
1423 1979 1627 2024 senten-

30 2063 99 2118 tia
120 2063 556 2129 condemnatum;
599 2073 983 2119 antecessorum
1010 2064 1164 2118 etiam
1204 2073 1518 2129 nostrorum,
1545 2066 1626 2118 in-

30 2158 162 2227 quit,
188 2155 330 2229 quod
351 2168 398 2212 et
426 2167 646 2214 vestram
669 2158 1036 2213 conscientiam
1056 2175 1161 2213 non
1182 2157 1305 2214 latet
1330 2156 1556 2215 Fabiani
1577 2169 1625 2214 et

28 2249 214 2307 Donati
236 2252 420 2308 litteris
437 2253 754 2309 severissime
772 2263 1028 2309 notatum.
1053 2251 1156 2311 Ubi
1179 2254 1446 2310 Donatum
1471 2263 1625 2310 antc-

27 2360 293 2402 ccssoretu
316 2361 474 2403 suum
504 2345 635 2402 dicit
663 2345 858 2404 eodem
883 2346 1052 2419 gradu
1078 2362 1186 2419 quo
1212 2347 1487 2406 Fabianus
1505 2358 1625 2406 erat

34 2447 347 2495 antecessor
368 2438 625 2509 Cornelii,
646 2455 711 2496 ac
732 2439 961 2512 proinde
984 2442 1126 2497 sicut
1150 2440 1331 2498 nullus
1356 2439 1458 2496 fuit
1478 2440 1625 2497 inter

42 2529 331 2588 Fabianum
360 2538 417 2589 et
452 2532 767 2588 Cornelium
797 2533 852 2589 in
884 2532 1013 2589 sede
1040 2532 1304 2601 Romana,
1338 2534 1418 2590 sic
1440 2534 1623 2590 nullus

30 2621 168 2679 inter
193 2622 463 2680 Donatum
503 2632 557 2681 et
591 2624 916 2698 Cyprianum
946 2624 1001 2681 in
1027 2624 1159 2682 sede
1188 2624 1619 2698 Carthaginiensi.

103 2740 237 2798 Huic
261 2756 396 2813 ergo
420 2742 688 2799 successit
708 2758 853 2798 anno
890 2740 999 2798 248
1023 2740 1326 2801 Cumanus
1346 2785 1361 2810 ,
1383 2743 1473 2815 qui
1500 2760 1625 2816 pas-

27 2848 113 2891 sus
131 2845 212 2892 est
239 2834 331 2892 die
349 2835 415 2893 18
446 2834 663 2893 kalend.
692 2836 946 2906 Augusti,
973 2835 1153 2893 Tusco
1175 2846 1230 2894 et
1258 2837 1427 2894 Basso
1450 2853 1617 2907 coss.,

28 2942 161 2983 anno
187 2946 319 2987 sera:
340 2931 577 3005 vulgaris
594 2931 725 2996 258,
751 2941 809 2988 ιιι
830 2931 1059 2989 habetur
1082 2933 1139 2988 in
1166 2932 1316 2989 fastis
1338 2931 1615 2989 ldatiauis.

89 3022 359 3096 Cypriano
419 3024 684 3081 successit
737 3024 1047 3093 Lucanus,
1103 3026 1258 3096 cujus
1308 3025 1513 3082 mentio
1559 3024 1621 3081 ﬁt

34 3118 167 3187 apud
186 3119 465 3191 Optatum,
482 3119 574 3186 Ι.ι,
602 3119 633 3194 §
659 3119 748 3188 l9,
772 3121 860 3177 ubi
889 3119 1322 3191 pra-decessores
1340 3119 1618 3176 Cteciliani

29 3209 79 3264 in
102 3212 228 3270 sede
255 3212 673 3285 Carthaginensi
693 3255 709 3281 ,
742 3214 815 3269 ita
842 3222 1235 3271 enumerantur
1259 3231 1275 3270 :
1304 3211 1433 3268 Erat
1454 3213 1618 3268 altare

34 3306 137 3362 loco
156 3325 248 3364 suo
277 3311 335 3364 in
357 3326 462 3380 quo
484 3309 693 3383 paciﬁci
721 3309 951 3382 episcopi
977 3319 1118 3365 retro
1146 3309 1386 3382 tentporis
1418 3308 1616 3364 obtule-

29 3414 138 3459 runt
166 3403 481 3479 Cyprianus,
514 3404 797 3471 Lucianus,
841 3415 947 3462 etc.
983 3404 1082 3461 llic
1111 3405 1164 3459 in
1194 3405 1318 3460 cod.
1346 3420 1450 3461 ms.
1480 3404 1616 3462 San-

30 3495 370 3555 Germanensi
412 3499 552 3556 inter
594 3498 925 3571 Cyprianum
964 3507 1020 3555 et
1063 3497 1361 3554 Lucianum
1414 3512 1611 3554 nomen

31 3588 343 3665 Carpophori
369 3591 591 3663 legitur,
617 3593 785 3664 quod,
813 3607 881 3647 an
914 3592 1046 3647 vitio
1067 3591 1350 3662 scriptoris
1378 3591 1616 3664 irrepse—

29 3685 113 3755 rit,
135 3700 201 3742 an
224 3702 293 3743 ex
322 3686 445 3743 aliis
475 3701 609 3743 mss.
641 3685 927 3751 exciderit,
962 3687 1249 3743 incertum.

92 3799 214 3857 Post
251 3804 399 3859 hunc
441 3801 625 3859 nullus
662 3801 905 3858 occurrit
930 3812 1129 3874 praeter
1153 3803 1511 3868 Musunmu',
1542 3802 1612 3859 de

39 3907 137 3964 quo
162 3894 391 3966 Optatus
414 3895 557 3952 libro
584 3912 601 3953 ι
628 3938 646 3964 ,
675 3897 765 3968 qui
793 3905 1039 3967 tempore
1067 3898 1459 3967 persecutionis
1489 3896 1613 3952 Dio-

28 3986 259 4047 cletiana:
309 3990 629 4064 Carthagini
668 3990 849 4058 sedit;
896 4006 961 4047 ac
1006 3991 1222 4047 demum
1268 4007 1295 4047 a
1344 3992 1611 4048 Maxentio

30 4093 269 4141 evocatus
286 4085 360 4142 ob
379 4085 709 4142 occultatum
730 4084 965 4142 Felicem
988 4084 1298 4154 diaconum,
1322 4086 1413 4158 qui
1438 4085 1612 4141 famo-

31 4192 134 4235 sam
172 4180 434 4240 adversus
460 4182 775 4256 Tyrannum
821 4180 1109 4254 epistolam
1148 4183 1431 4253 scripsisse
1469 4181 1610 4238 iere-

32 4269 194 4341 batur,
238 4290 361 4332 cum
405 4289 570 4332 causa
596 4274 738 4331 dicta
762 4271 1164 4346 Carthaginem
1203 4284 1608 4344 reverteretur,

30 4363 78 4420 in
97 4366 281 4427 itinere
307 4380 554 4427 mortuus
579 4376 664 4426 est
681 4384 826 4426 anno
852 4368 979 4424 3M.

96 4462 147 4518 lu
170 4462 330 4536 hujus
362 4465 543 4521 locum
575 4462 911 4521 CECILIANUS
948 4461 1364 4519 archidiaconus
1392 4462 1611 4535 eligitur

36 4558 362 4615 etordinatur
377 4557 600 4615 aFelice
612 4557 1002 4630 Aptungitano,
1016 4555 1121 4629 ει
1136 4554 1202 4612 ad
1212 4570 1427 4611 versum
1448 4570 1607 4626 quem

1739 536 1823 591 sio
1855 534 2258 590 Donatistarum
2284 537 2661 608 episcoporum
2685 535 3028 609 Carthaginis
3049 539 3340 595 defecisse.

1811 627 2094 683 Aurelium
2134 628 2353 698 excepit
2388 631 2529 685 circa
2561 646 2761 685 annum
2798 631 2939 695 425.
2980 631 3339 699 Ολρκεοιυε,

1736 719 1826 789 qui
1873 719 2165 774 diaconum
2208 735 2365 775 suum
2396 720 2644 777 Besulam
2672 722 2739 777 ad
2775 725 3064 781 concilium
3108 725 3340 796 Ephesi-

1736 828 1864 866 num
1895 813 2064 881 misit,
2090 813 2262 884 inquit
2289 812 2595 880 Liberatus,
2616 817 2667 869 in
2695 815 2990 887 Breviario,
3019 834 3140 890 cap.
3172 819 3225 874 5.

1806 903 2074 977 Capreolo
2118 908 2442 962 substitutus
2473 918 2559 964 est
2604 909 3062 980 Quonvnnrnsus,
3096 915 3196 969 sub
3225 931 3336 985 quo

1734 997 2406 1068 Censericus,Theodosio
2420 1000 2565 1056 XVII
2585 1010 2641 1057 et
2664 1002 2825 1057 Festo
2852 1019 3177 1075 coss.,anno
3200 1008 3333 1074 439,

1733 1091 2117 1162 Carthaginem
2169 1094 2411 1161 invasit,
2443 1103 2499 1148 et
2543 1093 2979 1161 Quodvultdeum
3008 1140 3022 1163 ,
3052 1109 3112 1154 ut
3150 1111 3337 1155 narrat

1735 1184 1923 1241 Victor
1948 1184 2215 1254 Vitensis,
2249 1202 2370 1242 cum
2398 1187 2643 1255 clericis,
2674 1189 2899 1245 navibus
2926 1189 3131 1259 fractis,
3161 1194 3339 1265 impos

1732 1276 1842 1332 suit
1864 1317 1880 1343 ,
1912 1278 2004 1349 qui
2032 1287 2210 1334 tamen
2235 1293 2495 1351 prospera
2525 1279 2872 1353 navigatione
2899 1280 3179 1354 Neapolim
3210 1301 3331 1356 per-

1733 1371 1902 1427 venit.

1804 1464 1886 1518 Eo
1906 1463 1960 1518 in
1988 1464 2153 1521 exilio
2175 1475 2389 1521 mortuo
2410 1466 2477 1521 ad
2511 1481 2702 1538 preces
2733 1467 3034 1525 Valentiani
3060 1471 3284 1543 Augusti
3311 1514 3328 1539 ,

1734 1565 1854 1625 post
1880 1556 2100 1626 longum
2122 1558 2399 1613 silentium
2423 1558 2798 1627 desolationis,
2830 1562 3001 1633 inquit
3028 1563 3215 1619 Victor
3245 1563 3314 1618 Vi-

1736 1649 1926 1714 tensis,
1956 1651 2247 1721 episc0pus
2275 1648 2721 1717 Carthaginensis
2761 1653 3046 1710 ordinatus
3076 1666 3160 1711 est
3188 1658 3302 1712 ι)εο

1730 1757 1975 1809 CBATIAS,
1992 1741 2138 1797 {Etio
2153 1756 2207 1798 et
2229 1744 2421 1798 Studio
2442 1760 2587 1801 coss.
2599 1788 2614 1812 ,
2629 1745 2729 1801 hoc
2743 1756 2827 1802 est
2845 1764 2988 1802 anno
3010 1765 3132 1803 wrzc
3145 1750 3328 1821 vulga-

1563 1835 1625 1929 ὦ
1656 1849 1704 1909 Β
1731 1837 1805 1890 ris
1830 1835 1959 1905 454,
2001 1853 2100 1893 vm
2129 1837 2388 1928 kalendas
2416 1839 2759 1907 Novembris,
2790 1843 2880 1913 qui
2913 1843 3172 1900 Ecclesia:
3196 1845 3331 1901 Car-

1732 1929 2037 2001 thagineusi
2114 1909 2450 1989 difﬁcillimis
2500 1909 2835 2004 temporibus
2888 1952 2986 2006 per
3035 1938 3329 1994 triennium

1731 2026 1944 2098 prrel‘uit
1964 2067 1979 2093 ,
2012 2041 2189 2098 eoque
2226 2037 2439 2083 mortuo
2462 2069 2476 2094 ,
2510 2044 2605 2100 per
2624 2027 2697 2083 24
2733 2046 2904 2084 annos
2932 2031 3171 2087 Ecclesia
3194 2032 3328 2088 Car-

1728 2124 2066 2196 thaginensis
2096 2135 2316 2194 pastore
2346 2139 2515 2180 vacua
2547 2124 2667 2179 fuit.
2697 2123 3024 2181 Censericns
3073 2128 3218 2182 circa
3266 2127 3331 2181 Ii-

1726 2233 1848 2274 nem
1863 2218 2097 2288 imperii,
2117 2216 2402 2272 Ecclesium
2417 2217 2763 2290 Carthaginis,
2781 2218 2855 2273 ait
2869 2218 3052 2274 Victor
3064 2220 3325 2288 Vitensis,

1725 2312 1898 2366 claudi
1929 2312 2175 2382 prwcepit
2203 2310 2473 2381 dissipatis
2514 2321 2668 2383 atque
2706 2311 2951 2382 dispersis
3001 2329 3090 2386 per
3121 2314 3322 2369 diversa

1724 2405 1996 2460 exitiorum
2025 2405 2159 2472 loca,
2192 2405 2313 2476 quia
2352 2405 2624 2475 episcopus
2649 2421 2753 2460 non
2787 2416 2919 2473 erat,
2946 2406 3252 2478 presbyteris
3277 2417 3325 2463 et

1723 2498 1995 2553 ministris.

1794 2591 2092 2648 Censerico
2121 2605 2264 2646 anno
2295 2590 2423 2660 477,
2453 2592 2541 2647 die
2567 2592 2639 2648 25
2666 2592 2909 2649 Januarii
2936 2594 3173 2660 sublato,
3206 2595 3325 2653 IIu-

1723 2685 1943 2741 nericus
1970 2685 2086 2755 ejus
2120 2683 2265 2739 ﬁlius
2292 2694 2347 2739 et
2378 2699 2684 2753 successor,
2709 2684 2935 2742 Zenone
2961 2686 3288 2756 imperatore
3306 2730 3322 2757 ,

1722 2789 1885 2851 atque
1908 2778 2145 2833 Placidia
2198 2778 2384 2833 relicta
2416 2777 2609 2834 Olibrii
2636 2819 2651 2844 ,
2684 2779 3001 2849 rogantibus
3047 2779 3322 2838 licentiam

1721 2871 1894 2939 dedit,
1924 2881 1986 2926 ut
2005 2870 2453 2942 Carthaginensis
2480 2870 2720 2927 Ecclesia
2746 2887 2905 2942 quem
2934 2872 3094 2930 vellet
3109 2875 3325 2944 episco-

1724 2983 1846 3038 pum
1887 2966 2186 3022 ordinaret.
2228 2963 2394 3036 Igitur
2437 2965 2717 3020 ordinatus
2761 2975 2847 3021 est
2894 2976 3019 3021 tunc
3050 2967 3321 3025 Eucsutus

1721 3061 1949 3116 antistes
1977 3058 2454 3129 Carthaginensis,
2487 3073 2632 3114 anno
2655 3059 2764 3115 480
2791 3059 3042 3129 labente,
3073 3071 3165 3117 aut
3191 3063 3321 3120 anui

1722 3156 1824 3213 481
1867 3156 2043 3213 initio.
2078 3157 2322 3229 Egregiis
2351 3157 2443 3213 ille
2471 3158 2693 3228 scriptis
2717 3167 2774 3214 et
2803 3160 3064 3229 praeclara
3108 3160 3326 3217 confes-

1644 3250 1690 3315 C
1721 3249 1875 3305 sione
1889 3250 2084 3307 nobilis
2111 3253 2162 3305 in
2194 3250 2415 3305 exilium
2430 3265 2552 3305 cum
2582 3252 2795 3307 caeteris
2821 3253 3090 3323 episcopis
3122 3252 3321 3311 Africa:

1723 3352 1877 3399 actus
1930 3352 2015 3399 est
2059 3358 2202 3398 anno
2228 3343 2340 3399 484
2362 3385 2376 3408 .
2431 3358 2459 3397 a
2492 3358 2600 3414 quo
2627 3353 2911 3399 revocatus
2943 3354 3027 3400 est
3055 3363 3084 3399 a
3116 3346 3323 3402 Gunta-

1717 3435 1900 3492 bundo
1953 3452 2078 3506 rege
2130 3436 2412 3493 Geuserici
2467 3451 2807 3503 successore,
2847 3438 2975 3494 dato
3022 3440 3320 3499 Catltolicis

1716 3530 1857 3599 apud
1884 3527 2267 3600 Carthaginem
2297 3530 2469 3584 sancti
2503 3530 2758 3599 martyris
2780 3531 2953 3603 Agilei
2976 3536 3314 3593 cmmeterio.

1716 3621 1863 3678 Idem
1894 3638 1989 3679 rex
2018 3622 2233 3679 decimo
2272 3638 2415 3679 anno
2446 3624 2599 3695 regni
2627 3625 2743 3690 sui,
2767 3623 3044 3683 Ecclesias
3071 3628 3316 3685 Catholi-

1721 3732 1909 3773 corum
1961 3718 2241 3789 aperuisse
2282 3725 2337 3773 et
2362 3732 2553 3773 omnes
2582 3717 2675 3773 Dei
2697 3720 3008 3776 sacerdotes
3033 3762 3048 3788 ,
3098 3732 3320 3793 petente

1717 3809 2131 3880 Carthaginiensi
2163 3810 2423 3881 episcopo
2449 3852 2465 3879 ,
2500 3810 2569 3866 ab
2615 3812 2783 3868 exilio
2827 3816 3130 3883 revocavit,
3180 3827 3320 3875 teste

1716 3901 1938 3958 Victore
1969 3902 2273 3959 Turonensi
2303 3902 2356 3957 iu
2388 3902 2672 3959 cbronico.
2705 3906 2817 3961 Sub
2841 3906 2943 3962 hoc
2972 3922 3131 3977 rege,
3156 3909 3318 3979 quid~
3343 3969 3347 3977 l

1712 3995 1841 4067 quid
1869 3995 2053 4052 dicant
2083 3995 2360 4063 nonnulli,
2387 3996 2439 4051 in
2468 4010 2599 4065 pace
2623 3997 2753 4051 vixit
2775 3998 3080 4070 Eugenius,
3103 4010 3159 4056 et
3185 4017 3320 4056 non-

1715 4088 1817 4144 nisi
1847 4088 1949 4145 sub
1976 4087 2388 4144 Thrasamundo
2430 4089 2573 4144 circa
2604 4104 2802 4145 annum
2841 4090 2949 4148 495
2970 4135 2985 4159 ,
3016 4092 3210 4149 iterum
3259 4094 3318 4152 in

1712 4181 1941 4238 exilium
1970 4183 2167 4237 missus
2192 4182 2354 4238 estin
2382 4180 2632 4246 Calliam,
2664 4182 2753 4238 ubi
2777 4183 2921 4240 circa
2953 4200 3154 4241 annum
3181 4186 3312 4256 505,

1711 4289 1803 4330 vnt
1830 4275 1953 4330 idus
1975 4274 2336 4347 Septembris,
2357 4272 2564 4329 Viancii
2584 4274 2637 4330 in
2665 4277 2936 4333 territorio
2959 4277 3200 4335 Albiensi
3223 4295 3320 4337 su-

1711 4384 1957 4441 premum
1984 4368 2127 4424 diem
2152 4368 2412 4425 clausisse
2440 4367 2628 4424 fertur.

1782 4462 1912 4518 Post
1936 4461 2218 4532 expulsum
2242 4477 2281 4518 ~a
2306 4462 2721 4519 Thrasamuudo
2753 4464 3050 4537 Eugenium
3078 4509 3092 4536 ,
3122 4468 3311 4528 sedem

1710 4555 2190 4624 Cartltagiuensem
2237 4570 2334 4625 per
2373 4556 2443 4608 27
2480 4572 2652 4613 annos
2683 4574 2905 4615 vacuam
2934 4560 3105 4619 fuisse
3151 4574 3315 4621 testa-

33 4645 314 4708 Iluontuus
332 4651 664 4709 domesticus
686 4651 927 4719 Lueillm,
952 4653 1043 4722 qui
1070 4650 1312 4707 lectoriu
1334 4648 1607 4705 Caeciliani
1637 4649 1686 4709 D
1715 4660 1800 4705 tur
1829 4649 2149 4705 Anastasius
2193 4648 2670 4716 Bibliothecarius,
2713 4652 2815 4707 hoc
2844 4664 2926 4710 est
2952 4697 2965 4721 ,
3010 4672 3107 4727 per
3138 4666 3312 4716 totum

32 4739 262 4801 diaconio
301 4747 501 4815 fuerat,
528 4760 559 4800 a
584 4745 829 4802 Numidis
859 4760 1143 4818 perperam
1171 4743 1451 4799 ordinatus
1482 4750 1604 4799 est:

34 4832 146 4893 inde
181 4840 415 4897 schisma
457 4840 615 4911 cujus
644 4840 897 4897 Dounus
922 4841 1014 4910 qui
1054 4837 1320 4909 lllajorino
1346 4837 1487 4893 circa
1513 4852 1610 4892 an-

34 4942 147 4986 num
171 4933 274 4990 516
302 4934 590 5003 successit,
614 4935 1002 5005 antesignanus
1031 4932 1150 4989 fuit.

95 5021 375 5085 Caeciliano
420 5038 547 5085 ante
588 5044 789 5085 annum
815 5028 921 5084 547
969 5027 1232 5085 successit
1273 5026 1516 5085 Gnarus.
1556 5026 1606 5083 Is

35 5117 246 5175 concilio
270 5120 578 5179 Sardicensi
606 5119 891 5190 interfuit,
928 5120 1138 5176 Donato
1168 5118 1482 5191 superstite,
1514 5118 1606 5188 qui

36 5207 127 5265 sub
172 5211 396 5285 imperio
417 5211 729 5272 Constantis
750 5213 804 5269 in
826 5212 1048 5269 exilium
1078 5211 1278 5267 missus
1300 5219 1385 5267 est
1408 5251 1426 5276 ,
1457 5218 1514 5266 et
1550 5209 1605 5265 in

35 5316 94 5357 co
128 5316 366 5364 mortuus
405 5322 781 5366 successorem
828 5304 1015 5362 habuit
1058 5304 1205 5361 circa
1250 5317 1451 5359 annum
1500 5299 1609 5359 355

42 5393 429 5459 PARIENIARDI.

98 5490 253 5548 Grato
281 5512 313 5551 e
333 5503 521 5552 contra
537 5494 802 5552 successit
826 5492 1164 5550 Bes'rrru'rus
1186 5488 1496 5562 episcopus,
1518 5487 1610 5560 qui

38 5586 246 5641 Concilio
271 5587 596 5645 Ariminensi
628 5601 775 5642 anno
803 5586 934 5654 559,
963 5584 1227 5651 interfuit,
1257 5593 1313 5640 et
1341 5582 1612 5639 Restituto

38 5671 360 5738 Csasruuus
380 5681 472 5753 qui
499 5680 567 5738 ad
595 5694 799 5737 annum
825 5679 932 5736 590
960 5679 1228 5751 pervenit.

70 5830 75 5835 .
101 5769 177 5828 Eo
202 5774 299 5832 sub
341 5776 503 5832 linem
539 5775 700 5846 hujus
727 5773 855 5830 anni
888 5780 1103 5830 mortuo
1133 5773 1395 5827 successit
1422 5769 1607 5825 Anne-

43 5867 168 5927 ¹ο¹υ³ι
192 5867 273 5931 qvi
297 5868 439 5927 circa
466 5868 609 5929 idem
642 5877 855 5938 tempus
886 5867 1075 5924 habuit
1103 5865 1354 5923 :emulum
1382 5863 1606 5923 Pantu-

535 5962 812 6023 Ptt'rnon.
869 5958 986 6022 XI.

1719 4755 1930 4814 tempus
1960 4743 2175 4813 imperii
2198 4742 2617 4809 Thrasamundi,
2637 4746 2726 4816 qui
2754 4746 2824 4801 27
2848 4749 3004 4804 annis
3029 4761 3084 4806 et
3112 4752 3319 4822 aliquot

1714 4838 1995 4894 mensibus
2040 4836 2311 4908 regnavit.
2358 4837 2664 4894 Hildericus
2706 4839 2965 4898 Ecclesiae
3015 4843 3311 4900 Catholicae

1716 4931 2023 4988 libertatem
2056 4931 2238 4985 statim
2270 4929 2507 4986 reStituit
2528 4971 2542 4997 ,
2574 4941 2629 4986 et
2670 4931 3078 5003 Carthaginensi
3116 4934 3314 4991 Eccle-

1710 5029 1806 5083 sia:
1835 5024 2110 5097 proprium
2134 5023 2664 5080 donavitantistitem
2689 5024 3038 5092 BUNIFACIUH,
3061 5041 3225 5097 quem
3253 5029 3308 5084 itt
3368 5020 3377 5029 ’

1711 5118 1949 5175 Ecclesia
1979 5118 2149 5174 sancti
2186 5116 2359 5185 Λείιεὶ
2388 5117 2453 5171 ad
2497 5116 2912 5187 postulationem
2944 5119 3108 5176 totius
3158 5122 3314 5179 urbis

1708 5208 2149 5282 Carthaginensis
2176 5209 2413 5264 ordinari
2437 5208 2601 5279 jussit
2627 5224 2772 5264 anno
2803 5210 2932 5265 525.

1783 5303 1863 5377 Eo
1894 5302 2039 5359 circa
2066 5317 2268 5357 annum
2299 5299 2407 5357 554
2443 5311 2658 5357 mortuo
2684 5344 2697 5369 ,
2727 5301 3053 5357 REPABATUS
3089 5303 3155 5358 ad
3185 5304 3317 5361 Car-

1714 5397 2045 5469 thaginensis
2067 5397 2328 5453 Ecclesiae
2371 5397 2746 5468 episcopatum
2790 5405 3013 5451 evectus
3056 5407 3160 5463 est,
3208 5401 3311 5457 sub

1717 5490 1879 5547 linem
1910 5490 2069 5562 hujus
2098 5490 2225 5544 anni
2253 5499 2346 5545 aut
2368 5489 2646 5558 sequentis
2669 5488 2879 5541 initittm
2902 5504 2916 5552 ;
2938 5502 3044 5557 quo
3067 5496 3315 5559 tempere

1717 5583 2055 5640 Justinianus
2088 5597 2182 5652 per
2206 5581 2525 5637 Belisarium
2559 5579 2846 5633 Patricium
2888 5578 3121 5633 Africam
3155 5596 3315 5638 recc-

1718 5678 1814 5748 pit.
1872 5677 1971 5733 Hic
2017 5677 2199 5733 statim
2236 5686 2362 5746 post
2390 5672 2788 5729 ordinationem
2819 5686 2971 5725 suam
3000 5713 3013 5736 ,
3064 5674 3314 5735 restituta

1716 5772 2011 5843 episcopali
2056 5769 2403 5838 Carthaginis
2432 5765 2591 5829 sede,
2625 5766 2678 5819 in
2721 5765 2903 5820 Fausti
2932 5764 3157 5820 basilica
3186 5782 3320 5825 con-

1716 5863 1903 5921 cilium
1950 5862 2207 5936 generale
2236 5859 2401 5917 totius
2430 5856 2629 5915 Africae
2656 5858 3044 5928 congregavit,
3077 5857 3146 5913 ad
3168 5864 3319 5931 quod

2868 5953 2946 6012 ΞΤ
