3898 6320
483 238 583 295 871

1893 226 2426 289 PROLEGOMENA.

3626 231 3714 290 872

541 366 3702 402 MM

1723 471 1833 550 45
1902 487 2545 563 ADMONlTIO

1396 630 1489 693 IN
1558 627 2007 692 TABULAM
2086 623 2857 691 GEOGRAPHICAM.

540 840 781 909 Africam,
800 855 950 906 quam
971 840 1175 896 Romani
1197 838 1395 905 praprie
1414 837 1487 892 sic
1508 834 1838 904 appellavere,
1859 841 1904 887 et
1929 838 2075 886 Mau-

487 924 717 978 ritaniam
735 940 754 989 ;
793 927 985 978 duabus
1021 923 1201 977 tabulis
1235 922 1573 992 geograplticis
1606 917 1868 980 descripsit
1893 921 2077 971 Gerar-

476 1010 571 1063 dus
595 1014 839 1062 Mercator
863 1023 928 1063 ex
949 1008 1214 1061 Ptolemwo
1240 1022 1258 1060 :
1282 1007 1434 1059 aliam
1456 1007 1668 1059 tabulam
1689 1003 1975 1057 earumdem
1993 1017 2076 1055 re-

475 1092 673 1161 gionum
696 1092 1002 1145 Abrahamus
1035 1089 1248 1145 Ortelius
1287 1091 1438 1143 variis
1470 1104 1533 1143 ex
1567 1088 1842 1141 auctoribus
1877 1087 2073 1140 concino

472 1173 602 1227 navit
621 1175 739 1229 :sed
763 1182 992 1227 neutrum
1013 1189 1135 1239 Opus
1159 1171 1426 1239 legentibus
1456 1170 1719 1225 Historiam
1742 1178 1841 1223 tum
1862 1168 2069 1232 civilem,

473 1265 575 1311 tum
595 1256 975 1311 ecclesiasticam
1003 1256 1122 1311 satis
1141 1255 1349 1310 subsidii
1380 1257 1561 1321 afferre
1583 1261 1735 1320 potest
1751 1292 1765 1317 ,
1795 1254 1926 1319 quod
1954 1268 2072 1319 per-

471 1358 670 1398 suasum
692 1350 762 1397 est
784 1343 847 1397 iis
863 1343 951 1409 qui
967 1340 1045 1396 vel
1060 1340 1310 1395 minimum
1323 1340 1469 1406 hujus
1492 1342 1567 1393 rei
1588 1341 1974 1401 experimentum
1996 1342 2073 1405 fe-

472 1440 602 1480 cere.
638 1426 874 1480 Nicotaus
910 1430 1102 1480 Sanson
1147 1425 1547 1480 Christianissinu'
1588 1425 1720 1491 regis
1756 1423 2071 1489 Ceographus

472 1510 837 1578 meritissimus,
861 1517 919 1566 Β.
946 1517 1010 1564 Ρ.
1035 1511 1295 1578 Philippm
1326 1509 1545 1564 Brietius
1567 1525 1595 1562 e
1618 1513 1732 1563 Soc.
1768 1512 1925 1571 Jesu,
1950 1516 1995 1561 et
2026 1507 2070 1562 si

471 1596 555 1661 qui
569 1594 658 1649 alii
676 1600 943 1649 Romanum
965 1596 1221 1661 imperium
1246 1595 1574 1661 descripserit,
1592 1593 1717 1647 hanc
1729 1594 1874 1646 etiam
1883 1594 2070 1658 Africa:

469 1689 688 1746 partem,
736 1686 896 1745 utpote
919 1678 1125 1746 imperio
1158 1676 1397 1732 inclusam
1423 1676 1698 1731 necessario
1721 1678 1937 1742 tetigere.
1967 1680 2043 1728 Pe

467 1770 573 1815 lrus
593 1766 698 1815 Du~
708 1763 799 1815 Val
826 1764 1129 1816 Tabellulam
1150 1762 1296 1816 etiam
1317 1761 1368 1815 in
1388 1759 1546 1829 lucem
1569 1759 1748 1823 edidit,
1769 1774 1884 1828 qua:
1907 1760 2067 1826 expli-

468 1844 626 1899 cando
650 1848 775 1899 bello
797 1847 1035 1911 Africano
1058 1846 1269 1900 Caesaris
1295 1845 1405 1900 usui
1428 1854 1567 1899 esset.
1602 1850 1786 1897 Verum
1804 1846 1910 1897 haec
1932 1846 2067 1901 eius-

467 1931 600 1983 modi
621 1937 747 1991 sunl,
760 1929 864 1984 utsi
873 1928 1185 1997 explicanda:
1206 1929 1425 1983 historia:
1443 1928 1576 1982 civili
1595 1929 1712 1982 satis
1733 1944 1837 1981 esse
1859 1930 2066 1992 fortasse

466 2016 681 2082 cuipiam
699 2017 860 2071 videri
879 2017 1081 2084 possint,
1104 2016 1339 2069 Historia:
1361 2024 1521 2068 tamen
1550 2015 1902 2067 Ecclesiuslica:
1924 2016 2063 2067 nullo

465 2101 610 2153 modo
629 2100 886 2168 sufficiunt.
912 2099 1135 2167 Primus,
1157 2101 1285 2165 quod
1306 2098 1505 2165 quidem
1529 2099 1709 2162 sciam,
1737 2107 1945 2152 veterem
1968 2103 2064 2151 Ec-

467 2182 633 2236 clesia:
664 2184 916 2248 Africana:
948 2190 1125 2236 statum
1146 2182 1197 2236 in
1227 2182 1413 2235 Tabula
1448 2182 1787 2249 Geographica
1817 2195 2066 2247 exponere

466 2281 725 2335 aggressus
745 2276 816 2321 est
832 2272 892 2322 Η.
912 2271 975 2319 Ρ.
997 2267 1202 2320 Carolus
1222 2270 1443 2319 aSancto
1458 2267 1640 2332 Paulo,
1655 2265 1935 2330 designatus
1958 2265 2064 2329 epi-

464 2366 639 2418 scopus
669 2350 996 2405 Abrincensis.
1036 2354 1169 2418 Opus
1202 2352 1442 2414 arduum,
1480 2352 1529 2402 in
1564 2365 1658 2417 quo
1691 2348 1881 2405 etiamsi
1912 2351 2066 2404 multa

464 2436 758 2502 peccaverit,
770 2433 858 2489 illo
879 2444 1038 2489 tamen
1054 2450 1199 2500 opere
1220 2438 1284 2488 de
1304 2432 1555 2502 republica
1572 2433 1849 2488 Christiana
1884 2434 2063 2500 Optime

467 2519 691 2572 meritiun
711 2534 851 2573 nemo
871 2534 965 2572 non
985 2518 1231 2583 fatebitur.

528 2603 703 2671 Operis
738 2612 899 2658 autem
938 2603 1072 2658 illius
1102 2603 1367 2671 difﬁcultas
1399 2604 1540 2671 longe
1571 2604 1829 2681 maxima,
1854 2617 1966 2671 qua:
1997 2617 2064 2658 ex

463 2687 725 2755 multiplici
751 2691 879 2755 fonte
911 2688 1106 2755 petitur.
1136 2692 1192 2740 Et
1224 2690 1383 2754 primo
1420 2688 1617 2756 quidem
1649 2703 1713 2741 ex
1745 2687 1929 2757 ingenti
1952 2690 2061 2754 epi-

460 2780 745 2837 scopatuum
770 2785 995 2833 numero,
1018 2770 1104 2838 qui
1127 2770 1265 2838 longe
1294 2770 1460 2836 plures
1484 2770 1536 2823 in
1555 2771 1728 2836 Africa
1751 2771 1891 2837 fuere
1914 2784 2063 2837 quam

459 2852 511 2905 in
530 2853 630 2905 alia
652 2853 755 2906 ulla
776 2852 1045 2908 Christitmi
1060 2854 1193 2906 orbis
1216 2852 1468 2918 provincia
1494 2868 1510 2906 :
1532 2868 1623 2906 nec
1646 2853 1777 2907 enim
1800 2861 1984 2907 tantum
2009 2860 2063 2906 ut

456 2936 510 2990 in
542 2936 657 2992 aliis
687 2937 822 2991 orbis
853 2938 1076 3002 partibus
1104 2939 1155 2989 in
1182 2935 1386 2991 urbibus
1416 2936 1715 3002 episcopales
1738 2937 1879 2990 sedes
1901 2943 2060 2999 erant,

459 3021 549 3075 sed
580 3030 626 3074 et
650 3021 702 3074 in
733 3021 905 3089 pagis,
943 3019 1185 3085 castellis,
1213 3018 1332 3073 vicis
1351 3029 1399 3073 et
1419 3020 1613 3087 fundis;
1638 3021 1708 3073 ita
1731 3027 1783 3073 ut
1805 3017 2062 3085 plusquam

455 3094 701 3158 sexcentis
729 3101 1028 3171 episcopales
1071 3104 1212 3158 sedes
1245 3102 1297 3157 in
1318 3103 1493 3170 Africa
1520 3111 1853 3157 numerentur.
1879 3107 1985 3167 Quo
2004 3102 2061 3169 fit

458 3196 511 3242 ut
528 3196 629 3242 tum
644 3197 841 3257 propter
859 3203 1134 3255 numerum,
1144 3198 1248 3242 tum
1263 3196 1461 3255 propter
1477 3190 1817 3243 obscuritatem
1841 3189 2057 3241 locorum

458 3275 509 3327 iu
540 3275 713 3342 quibus
736 3273 986 3330 collocata:
1017 3284 1155 3329 erant
1171 3317 1185 3341 ,
1219 3291 1315 3329 non
1345 3274 1557 3329 onmium
1575 3317 1590 3336 .
1622 3276 1710 3329 sed
1742 3275 2062 3341 insigniorum

457 3367 643 3413 tantum
671 3363 791 3415 situs
823 3362 874 3414 in
899 3359 1064 3414 tabula
1092 3359 1306 3414 describi
1336 3361 1505 3426 possit.
1547 3364 1858 3426 Quapropter
1890 3358 1940 3412 in
1972 3373 2060 3411 ur-

461 3447 611 3511 bium,
636 3461 783 3513 quam
804 3455 989 3511 vocant,
1010 3445 1262 3511 positione,
1286 3443 1553 3512 plurimum
1572 3458 1744 3497 errare
1766 3458 1961 3497 necesse
1984 3450 2060 3497 est

456 3546 574 3584 eum
598 3530 681 3597 qui
712 3532 898 3586 nullam
927 3530 1253 3599 episcOpalem
1282 3532 1449 3586 sedem
1473 3530 1523 3582 in
1545 3528 1715 3583 tabula
1742 3544 1833 3583 sua
1860 3528 2058 3582 deside-

461 3615 568 3667 rari
599 3613 778 3679 cupiet.

517 3698 745 3750 Secundo
763 3695 815 3749 in
832 3698 884 3750 id
902 3698 1274 3751 incumbendum
1292 3697 1407 3764 fuit,
1427 3705 1478 3750 ut
1496 3697 1686 3750 sedium
1704 3693 2059 3763 episcOpalium

456 3784 653 3839 nomina
673 3826 686 3850 ,
723 3799 930 3851 quorum
960 3783 1194 3852 pleraque
1232 3783 1565 3852 multipliciter
1605 3784 1882 3850 deformtua
1927 3790 2056 3844 sunt,

456 3878 586 3924 recte
608 3869 957 3925 scriberentur.
985 3873 1043 3922 Et
1063 3883 1183 3923 sane
1204 3882 1263 3920 ea
1284 3876 1353 3921 est
1380 3869 1434 3921 in
1462 3869 1569 3923 istis
1591 3868 1864 3922 nominibus
1894 3865 2057 3921 lectio.

453 3969 571 4009 num
597 3955 836 4015 varietas,
872 3960 924 4007 ut
953 3951 1034 4005 cui
1069 3965 1243 4005 earum
1264 3949 1565 4017 potissimum
1602 3951 1944 4004 imiter-endam
1976 3950 2057 4014 sit,

460 4044 599 4091 certo
620 4036 740 4091 sciri
763 4036 846 4091 via:
869 4035 1033 4103 possit.
1065 4041 1220 4099 Quam
1250 4032 1531 4086 varietatem
1560 4034 1744 4101 partim
1765 4049 1829 4087 ex
1853 4036 1962 4100 ipsa
1983 4049 2055 4095 re,

454 4119 635 4186 partim
645 4134 707 4175 ea:
718 4118 1097 4173 Amanuensium
1117 4125 1200 4170 aut
1222 4115 1499 4184 ignorantia
1521 4127 1604 4170 aut
1621 4118 1888 4170 temeritate
1900 4125 2058 4169 ortam

460 4219 565 4258 esse
587 4205 819 4258 arbitror.
848 4208 925 4258 Ea:
949 4204 1055 4268 ipsa
1076 4218 1130 4256 re
1150 4201 1377 4269 quidem,
1402 4217 1513 4254 cum
1536 4204 1828 4269 p0pulorum
1849 4210 1895 4256 el
1915 4202 2057 4269 oppi-

453 4290 634 4360 dormit
652 4288 839 4354 Africa:
861 4287 1056 4340 nomina
1097 4294 1425 4354 prtelerquam
1446 4287 1683 4351 Afrorum
1714 4285 1892 4351 linguis
1920 4288 2047 4352 inef-

457 4371 635 4437 fabilia
673 4385 778 4425 esse
806 4371 1002 4425 Plinius
1030 4379 1247 4432 asserat,
1274 4371 1405 4436 quod
1443 4378 1574 4424 recte
1600 4370 1864 4425 observavit
1904 4376 1964 4424 Η.
1990 4377 2053 4425 Ρ.

464 4454 795 4509 Theodericus
823 4454 1031 4510 Ruinarl
1047 4498 1061 4520 ,
1083 4457 1306 4509 eruditus
1326 4468 1465 4521 teque
1496 4468 1554 4506 ac
1583 4455 1795 4523 diligens
1822 4454 2054 4521 scriptor,

452 4543 585 4594 unde
606 4542 819 4607 proclive
842 4541 932 4609 fuit
953 4549 1003 4595 ut
1027 4556 1091 4595 ex
1113 4542 1342 4596 Romanis
1368 4540 1456 4592 alii
1490 4538 1820 4594 diversimode
1841 4539 1947 4594 haec
1966 4554 2056 4594 no-

452 4625 589 4679 mina
620 4626 895 4692 proferrent
920 4634 966 4679 el
998 4626 1286 4680 scriberent.
1325 4626 1464 4688 Quod
1494 4639 1610 4678 vero
1637 4625 1704 4677 ad
1727 4628 2056 4680 Amanuenses

449 4717 652 4775 spectat,
676 4708 738 4761 iis
761 4708 811 4762 in
830 4716 894 4763 tot
912 4709 1157 4762 nominum
1174 4710 1489 4775 propriorum
1510 4709 1757 4779 scriptura
1779 4723 1956 4762 errare
1978 4711 2056 4777 fa-

451 4793 692 4847 cillimum
713 4793 823 4858 fuit.
845 4794 983 4845 Certe
1000 4792 1247 4845 undelibet
1263 4803 1371 4844 orta
1386 4792 1448 4845 sit
1470 4792 1565 4843 ista
1589 4791 1808 4858 confusio
1829 4806 2055 4860 magnam

450 4874 589 4928 illam
612 4888 714 4929 esse
732 4875 897 4939 palam
918 4881 1010 4939 est,
1035 4888 1131 4939 qua
1152 4887 1267 4925 vero
1288 4873 1476 4926 ratione
1498 4873 1574 4925 illi
1595 4876 1790 4927 occurri
1808 4874 1958 4941 possit
1975 4916 1989 4941 ,
2009 4883 2055 4927 et

451 4959 646 5011 nomina
662 4964 898 5018 corrupta
920 4956 1194 5021 emendari,
1218 4956 1373 5008 dubia
1395 4956 1616 5023 firmari,
1648 4965 1693 5010 el
1721 4972 1785 5011 ea:
1817 4957 1980 5011 multis
2008 4965 2055 5010 et

2103 834 2154 894 Α
2178 829 2387 883 errandi
2410 844 2579 885 ansam
2600 828 2924 897 scriptoribus
2946 830 3175 899 praebuit,
3200 834 3318 885 dum
3336 833 3422 886 alii
3440 832 3591 886 urbem
3607 848 3720 888 ltlllllll

2179 913 2230 968 in
2270 914 2437 979 plures
2478 915 2774 979 diviserunt,
2819 916 2907 970 tdii
2947 916 3152 970 nimium
3187 918 3387 984 fortasse
3426 918 3717 988 intelligendo.

2176 996 2358 1051 inultas
2389 997 2441 1050 in
2472 1013 2621 1051 unam
2649 1001 2947 1067 conflarunl,
2972 1002 3101 1068 quod
3135 1009 3388 1063 uti-ianque
3405 1002 3720 1070 quantm-piter

2178 1081 2532 1148 Geographiam
2549 1083 2803 1151 deformet,
2828 1098 2968 1137 nemo
2988 1092 3059 1138 est
3081 1084 3169 1150 qui
3189 1099 3285 1138 non
3308 1085 3477 1139 videat.

2242 1196 2407 1251 Tertio
2433 1197 2652 1251 maxima
2677 1213 2795 1266 pars
2820 1197 3184 1265 episcopaluum
3213 1214 3308 1253 non
3345 1197 3531 1265 proprie
3560 1198 3721 1252 uomitu

2177 1282 2410 1349 civitatis,
2430 1284 2560 1354 quod
2582 1287 2941 1338 subslantivum
2959 1288 3065 1351 fere
3087 1292 3176 1348 est,
3200 1290 3288 1339 sed
3305 1288 3533 1350 adjectivo
3552 1294 3593 1340 et
3612 1285 3719 1340 deri-

2178 1376 2285 1420 vata
2315 1366 2463 1420 notati
2495 1375 2605 1422 sunt
2634 1381 2653 1420 :
2675 1382 2771 1433 qua
2804 1383 2919 1422 vero
2950 1370 3139 1422 ratione
3163 1383 3335 1422 nomen
3360 1368 3481 1422 illud
3511 1369 3723 1435 proprius

2171 1452 2273 1506 sive
2300 1454 2644 1507 substantivum
2661 1495 2676 1517 ,
2707 1454 2753 1507 si
2778 1453 2980 1508 aliunde
3006 1454 3280 1517 nesciatur,
3314 1470 3377 1509 ex
3402 1454 3621 1517 adiectivo
3637 1453 3723 1507 erui

2172 1538 2339 1605 possit.
2372 1537 2585 1592 viderint
2617 1539 2899 1604 doctiores;
2931 1542 3126 1594 nomina
3152 1542 3281 1594 enim
3315 1540 3407 1595 ista
3434 1549 3484 1593 ut
3508 1542 3724 1607 plurim

2171 1622 2412 1690 analogia:
2451 1622 2651 1676 minime
2690 1623 2897 1689 capacia
2937 1633 3075 1690 sum,
3111 1640 3223 1677 cum
3254 1626 3360 1691 fere
3388 1624 3540 1677 omnia
3566 1627 3723 1689 fallant

2169 1704 2443 1759 barbariem
2470 1706 2640 1759 redole
2649 1714 2743 1773 ml,
2767 1706 2935 1770 qualia
2956 1706 3007 1759 in
3034 1709 3243 1773 £thico,
3271 1708 3324 1760 in
3355 1710 3532 1761 Tabula
3551 1709 3721 1761 Peutiu-

2190 1790 2419 1858 geriana,
2448 1791 2565 1844 etin
2587 1795 2839 1859 Anongmo
2863 1797 3135 1846 Ravennate
3165 1794 3349 1859 possint
3370 1800 3622 1852 occurriau,
3637 1800 3672 1843 et
3690 1792 3724 1843 si

2169 1872 2265 1926 sint
2297 1873 2513 1929 maxime
2532 1877 2736 1940 capacia
2752 1912 2767 1938 ,
2792 1885 2976 1929 certum
3007 1884 3167 1928 tamen
3204 1875 3398 1929 videtur
3428 1875 3477 1929 in
3500 1875 3555 1929 iis
3571 1884 3724 1931 exacta

2167 1957 2410 2025 analogia:
2432 1960 2629 2025 regulas
2649 1973 2745 2013 non
2765 1973 2869 2013 esse
2888 1967 3127 2013 servatas.
3146 1962 3354 2013 Carolus
3370 1969 3521 2013 autem
3535 1974 3564 2011 a
3578 1963 3725 2012 Stvulo

2166 2043 2327 2094 Paulo
2370 2040 2605 2110 pleraque
2641 2042 2845 2097 istorum
2870 2038 3117 2097 nominum
3138 2037 3254 2111 46
3285 2058 3374 2111 per
3417 2046 3722 2096 salutantium:

2165 2127 2342 2190 efferre
2365 2142 2556 2182 necesse
2575 2128 2755 2181 habuit.
2785 2130 2926 2183 Certe
2945 2129 3117 2196 quibus
3139 2129 3497 2196 episcopatuum
3514 2132 3723 2182 duratam

2095 2242 2144 2302 Β
2168 2210 2411 2302 catalogos
2432 2219 2692 2265 contexere
2701 2212 2754 2266 in
2772 2213 2932 2266 animo
2942 2222 3029 2276 est,
3042 2214 3250 2267 adistud
3262 2212 3723 2281 minimecogicertun

2169 2302 2237 2346 est
2254 2308 2273 2346 :
2299 2292 2364 2348 iis
2394 2309 2506 2349 vero
2528 2295 2613 2361 qui
2635 2296 2778 2350 hosce
2802 2297 3105 2363 episcopatus
3125 2300 3178 2350 in
3199 2297 3393 2350 tabulas
3413 2297 3717 2367 geographica:

2163 2379 2352 2446 referre
2378 2378 2567 2449 volunt,
2590 2382 2850 2437 necessitas
2870 2381 3102 2437 incumbit
3124 2384 3261 2438 istud
3284 2384 3510 2451 faciendi.
3530 2382 3718 2436 Dubitari

2164 2470 2326 2515 autem
2356 2462 2528 2516 merito
2549 2472 2701 2530 potest
2722 2479 2787 2518 an
2812 2465 2929 2519 satis
2957 2473 3087 2521 recte
3118 2465 3252 2521 istud
3282 2475 3507 2522 executus
3524 2467 3581 2521 sit
3599 2472 3650 2521 Β.
3670 2471 3719 2519 Ρ.

2166 2545 2372 2599 Carolus
2394 2561 2425 2597 a
2450 2550 2630 2603 Sancto
2658 2552 2819 2602 Paulo
2835 2590 2849 2615 ,
2870 2550 3049 2616 quippe
3068 2549 3154 2618 qui
3170 2549 3498 2617 episcopatum
3524 2555 3722 2619 Agensch

2161 2628 2224 2679 ab
2246 2629 2367 2681 urbe
2386 2632 2498 2697 Aga
2520 2631 2793 2685 derivatum
2816 2633 3076 2695 existimet,
3100 2648 3212 2685 cum
3234 2642 3397 2687 tamen
3417 2632 3525 2686 alibi
3544 2633 3722 2686 invenia-

2161 2720 2242 2767 tur
2285 2714 2540 2783 episcopus
2578 2718 2793 2781 Agensis
2834 2718 2937 2771 sive
2976 2718 3041 2770 ab
3078 2719 3276 2785 Aggia,
3318 2718 3402 2788 qui
3441 2718 3722 2786 episcopatum

2172 2798 2450 2854 Coniensem
2474 2802 2536 2854 ab
2559 2803 2741 2870 Oppido
2766 2804 2913 2858 Covio
2934 2802 3006 2857 sic
3025 2804 3209 2859 dictum
3231 2813 3394 2872 putet,
3416 2814 3680 2859 cumtamen
3697 2817 3722 2853 α

2162 2886 2294 2940 Coba
2325 2887 2590 2953 municipio
2611 2890 2746 2954 apud
2780 2893 3103 2942 Ravetmatem
3136 2892 3476 2958 Geographum
3499 2896 3722 2943 memorato

2162 2970 2435 3045 derivatum
2474 2972 2569 3025 viri
2609 2972 2742 3025 docti
2772 2973 3064 3028 existiment.
3106 2976 3297 3028 Eadem
3335 2973 3477 3028 etiam
3514 2974 3722 3026 interdum

2165 3069 2393 3122 peccasse
2429 3055 2552 3110 mihi
2593 3056 2784 3111 videtur
2818 3059 3114 3112 Holstenius.
3152 3062 3395 3123 Quendam
3429 3068 3580 3113 autern
3604 3056 3720 3111 etiam

2160 3141 2295 3205 apud
2329 3139 2551 3208 antiquos
2580 3142 2633 3194 in
2670 3144 2974 3193 substantivn
3013 3143 3360 3209 reperiuntur,
3396 3143 3607 3209 qucedam
3632 3153 3721 3193 vero

2163 3223 2316 3276 reddi
2335 3237 2424 3291 per
2441 3224 2788 3278 substantivum
2810 3226 3035 3279 videntur
3055 3226 3140 3280 vis:
3160 3241 3322 3292 posse.

2225 3342 2409 3402 Quarto
2430 3339 2645 3392 nonnulli
2661 3346 2770 3392 sunt
2786 3339 3091 3406 episcopatus
3111 3338 3199 3407 qui
3216 3339 3337 3393 huic
3359 3339 3433 3393 vel
3472 3338 3543 3392 illi
3561 3333 3720 3403 provin-

2163 3420 2258 3475 cia:
2273 3421 2334 3473 ab
2350 3423 2627 3475 auctoribus
2647 3421 2991 3476 ecclesiasticis
3006 3423 3377 3485 adscribuntur,
3393 3438 3583 3492 quorum
3594 3430 3721 3474 tamen

2161 3506 2414 3572 praecipua
2444 3507 2644 3574 oppida,
2671 3515 2719 3561 et
2742 3510 2874 3561 unde
2894 3507 2992 3562 illis
3012 3509 3261 3561 nomenin
3281 3509 3431 3562 aliam
3471 3504 3721 3573 provincias

2160 3589 2423 3655 transferri
2454 3590 2517 3642 ab
2548 3589 2661 3645 aliis
2683 3591 2961 3645 auctoribus
2984 3590 3226 3644 videntur.
3258 3590 3493 3657 Exemplo
3522 3589 3607 3644 sint
3634 3584 3717 3651 epi-

2085 3632 2131 3696 C
2163 3632 2388 3737 εεοριὶιω
2412 3632 3491 3739 ΜαρείιὲιῖωἬῖιίὶῖοῖιέἆἘιίειῖιῖῶιῖωῖ
3515 3632 3618 3741 ἆορ
3637 3632 3719 3723 io-

2163 3756 2271 3809 titia
2294 3757 2636 3812 Ecclesiaslica
2658 3759 2922 3825 provinciae
2941 3762 2989 3813 Ν
2993 3759 3195 3812 umidite
3216 3758 3458 3821 attribuit,
3479 3772 3579 3811 cum
3594 3763 3718 3808 tamen

2165 3841 2399 3907 Mileum,
2431 3842 2650 3897 Idicram
2675 3852 2720 3897 et
2744 3843 2999 3896 Cuiculum
3020 3844 3294 3897 Antoninus
3330 3845 3397 3897 ad
3423 3838 3718 3896 Mauritanimt

2162 3927 2363 3993 referat.
2386 3930 2531 3981 Idem
2552 3930 2821 3983 Antoninus
2853 3930 3143 3991 Tabracam,
3168 3930 3436 3993 Similtam,
3467 3927 3639 3979 Butlam
3654 3935 3717 3974 re-

2159 4010 2307 4076 giam,
2340 4012 2535 4064 Siccam
2567 4012 2847 4075 Veneriam,
2871 4010 3166 4074 Altiburum,
3187 4015 3560 4067 Ammenderam
3570 4006 3718 4062 elatius

2160 4096 2304 4149 urbes
2334 4096 2492 4149 eidem
2534 4096 2792 4150 Numidia:
2824 4096 3089 4161 adscribit,
3116 4112 3241 4167 quas
3278 4099 3466 4153 Nolilia
3486 4098 3532 4150 in
3550 4106 3717 4159 procon-

2158 4178 2371 4232 sularem
2409 4179 2655 4246 transfert.
2692 4184 2823 4245 Ergo
2857 4178 3151 4234 alterutrum
3182 4182 3298 4248 falli
3320 4195 3512 4236 necesse
3541 4186 3624 4244 at,
3653 4180 3718 4228 aut

2162 4269 2292 4314 certe
2323 4262 2595 4329 provincias
2626 4263 2981 4318 ecclesiasticas
3002 4279 3097 4317 non
3121 4267 3515 4333 undequaque‘et
3536 4278 3592 4317 es
3610 4256 3714 4313 calli

2158 4353 2297 4410 parte
2323 4347 2621 4413 respondere
2643 4346 2896 4415 civilibus,
2925 4350 3052 4415 quod
3081 4349 3370 4405 doctoribus
3401 4345 3716 4404 discutiendam:

2158 4427 2403 4495 relinquo.

2220 4538 2326 4587 Has
2348 4543 2395 4589 et
2415 4535 2539 4589 alias
2560 4534 2873 4604 difﬁcultates
2893 4540 3199 4603 superandas
3216 4539 3389 4593 habuit
3407 4542 3539 4594 ILP.
3552 4531 3715 4603 Catulus

2157 4631 2189 4668 a
2213 4622 2399 4672 Sancto
2421 4619 2597 4682 Paulo,
2623 4634 2717 4683 quo
2740 4620 2900 4674 minus
2920 4620 3102 4675 mirum
3121 4632 3191 4675 est
3214 4623 3361 4676 illum
3379 4622 3430 4677 in
3453 4630 3515 4675 tot
3534 4616 3715 4683 scopulo:

2155 4700 2406 4755 incautum
2451 4701 2724 4770 impegisse.
2777 4704 3009 4767 Querilur
3057 4706 3295 4761 Nicotaus
3337 4709 3538 4770 Sanson,
3557 4711 3597 4757 et
3629 4701 3713 4766 iure

2156 4786 2377 4853 queritur
2399 4786 2701 4852 episcOpatus
2720 4787 2780 4840 ab
2806 4785 2894 4841 illo
2917 4788 3156 4855 plurimos
3183 4790 3416 4857 omissos,
3441 4787 3608 4854 aliquot
3626 4795 3715 4837 κω

2158 4873 2430 4941 duplicalos
2456 4874 2533 4927 vel
2567 4872 2865 4940 triplicatos,
2889 4874 3089 4929 circiter
3116 4883 3337 4929 trecenta
3369 4876 3553 4930 isontina
3580 4870 3713 4923 vitiat

2157 4958 2360 5024 scripta,
2381 4965 2571 5010 centum
2592 4959 2659 5010 ad
2681 4973 2922 5010 summum
2938 4966 2983 5012 et
2997 4962 3303 5025 septuaginta
3320 4962 3444 5015 duos
3460 4958 3714 5025 episcopatu

454 5040 663 5094 diversis
681 5038 955 5093 nominibus
977 5042 1224 5104 quodnam
1247 5040 1547 5105 potissinuan
1586 5040 1865 5107 eligendum
1889 5042 1949 5095 sit
1967 5084 1980 5104 ,
2011 5048 2058 5094 et
2084 5035 2133 5095 D
2161 5040 2211 5093 in
2241 5042 2430 5093 Tabula
2452 5038 2729 5107 collocatos,
2753 5055 2865 5093 cum
2889 5049 3216 5096 trecentorum
3236 5046 3415 5109 positio
3432 5039 3618 5109 poluerit
3634 5043 3712 5091 sla-

449 5124 592 5189 cuius
610 5116 796 5178 lectura
816 5124 1007 5177 adstrui
1027 5124 1175 5189 possit
1197 5138 1291 5175 non
1315 5123 1468 5177 video.
1491 5126 1606 5178 Scio
1650 5126 1875 5191 equidem
1897 5125 2053 5180 Nico-

450 5207 585 5260 laum
608 5209 795 5260 Sunson
817 5207 971 5259 multa
992 5205 1134 5258 utilia
1157 5213 1203 5258 et
1226 5206 1480 5273 profutura
1503 5206 1555 5259 in
1577 5207 1703 5260 hanc
1724 5223 1829 5261 rem
1849 5224 2052 5277 sugges-

449 5292 598 5359 sisse,
623 5290 713 5345 sed
734 5303 844 5358 qua:
866 5290 1039 5357 regula
1060 5301 1208 5354 super
1234 5288 1310 5341 his
1330 5290 1465 5341 tradi
1488 5298 1638 5354 potest
1662 5305 1773 5356 qua:
1796 5294 1948 5345 variis
1970 5307 2051 5345 er-

448 5374 641 5429 roribus
678 5389 775 5429 non
805 5374 868 5428 sit
899 5372 1140 5439 obnoxia,
1166 5370 1262 5426 nisi
1289 5372 1335 5425 si
1361 5372 1469 5437 quis
1501 5372 1718 5433 linquam
1746 5375 1983 5429 Punicam
2005 5384 2053 5430 et

447 5461 733 5528 Africanam
755 5460 965 5527 perfecte
986 5455 1185 5523 callent,
1209 5458 1352 5522 cujus
1374 5457 1572 5510 auxilio
1594 5457 1747 5511 multa
1768 5460 1938 5524 procul
1961 5462 2050 5513 du-

446 5543 526 5598 bio
551 5545 806 5598 restituere
825 5546 996 5609 possit.
1024 5546 1169 5595 Nunc
1195 5556 1308 5595 vero
1333 5540 1383 5594 in
1405 5540 1654 5610 utriusque
1695 5541 1876 5610 lingua:
1910 5543 2048 5611 igno-

448 5628 637 5680 ratione
653 5668 666 5691 ,
709 5635 754 5679 el
787 5627 840 5679 in
870 5640 1049 5695 magna
1082 5633 1335 5678 auctorum
1378 5621 1583 5690 penuria
1620 5625 1737 5691 quid
1777 5624 1890 5690 fieri
1921 5634 2051 5680 recte

451 5709 616 5773 possit,
639 5716 724 5761 aut
747 5724 841 5776 quo
858 5717 999 5773 pacto
1022 5707 1223 5773 deﬁniri
1244 5721 1355 5774 qua:
1376 5704 1622 5771 scriptura
1643 5706 1813 5760 vitiosa
1835 5708 1918 5769 sit,
1941 5723 2050 5774 qua:

451 5799 587 5848 recta
616 5790 749 5844 haud
779 5789 897 5846 satis
929 5793 1045 5845 scio.
1074 5792 1316 5846 Cu'terum
1351 5790 1458 5845 hatc
1492 5791 1705 5845 varietas
1733 5790 2048 5859 multiplicem

2157 5124 2311 5179 biliri.
2343 5128 2423 5178 Ex
2454 5124 2529 5179 his
2561 5133 2753 5178 centum
2774 5134 2820 5178 et
2842 5128 3151 5192 septuaginta
3189 5128 3378 5182 duobus
3409 5120 3713 5191 episcopalibus

2155 5208 2366 5277 quinque
2387 5217 2470 5261 aut
2494 5222 2611 5271 sex,
2636 5208 2746 5273 plus
2769 5206 2955 5274 minus,
2981 5223 3126 5263 suum
3153 5209 3203 5262 in
3233 5209 3403 5263 tabula
3431 5202 3713 5278 geographia

2155 5292 2314 5347 locum
2348 5292 2561 5346 obtinere
2580 5331 2595 5355 ,
2624 5292 2747 5347 alios
2778 5306 2940 5346 omnes
2968 5307 3232 5361 perperam
3265 5291 3475 5357 locatos,
3507 5298 3548 5344 et
3566 5288 3652 5341 alia
3671 5284 3711 5337 id

2154 5390 2307 5443 genus
2347 5378 2622 5444 sphalmata
2657 5377 3002 5444 reprehendit,
3027 5377 3180 5430 multa
3203 5378 3386 5432 deinde
3411 5372 3610 5445 suggerit
3626 5380 3712 5436 qua!

2156 5462 2457 5514 restituendo
2478 5461 2619 5528 operi
2641 5460 2781 5515 utilia
2803 5463 2975 5529 forent,
3001 5462 3249 5529 professus
3262 5464 3316 5516 in
3337 5456 3623 5518 excutiendis
3633 5452 3711 5508 illis

2158 5556 2356 5608 operam
2371 5551 2416 5596 et
2438 5545 2597 5611 ipsum
2622 5545 2757 5598 haud
2785 5545 3035 5612 vulgarem
3054 5545 3287 5611 posuisse.
3317 5547 3549 5612 Equidem
3573 5535 3711 5593 dolat-

2157 5629 2276 5682 dum
2302 5638 2371 5683 est
2387 5671 2401 5696 ,
2424 5638 2470 5684 el
2492 5631 2613 5684 mihi
2633 5632 2859 5699 inprimis
2888 5629 3137 5700 ingratum
3160 5632 3290 5686 venit
3315 5638 3499 5684 tantum
3522 5629 3657 5681 virum
3675 5627 3712 5672 ὅ

2158 5713 2221 5765 de
2243 5714 2386 5767 rebus
2408 5713 2747 5781 geographicis
2770 5721 2872 5767 tam
2893 5716 3011 5767 bene
3026 5715 3252 5768 meritum
3269 5757 3283 5780 ,
3307 5730 3428 5781 opus
3444 5713 3590 5776 istud,
3605 5706 3711 5774 glad

2157 5796 2365 5861 perutile
2378 5798 2597 5863 futurum
2612 5805 2737 5865 erat,
2750 5798 2801 5851 in
2817 5798 3063 5866 publicum
3078 5813 3171 5854 non
3188 5800 3420 5866 emisisse,
3437 5799 3521 5853 sed
3535 5796 3615 5850 erit
3626 5794 3707 5859 ﬁr-

3826 5822 3831 6003 Γ
