3898 6320
186 327 275 387 875

1092 314 1467 372 ADMONITIO
1504 312 1571 370 ΙΝ
1599 309 1929 369 τΑΒυιΑΜ
1970 309 2534 368 GEOGRAPHICAM.

3323 308 3431 366 874

182 442 286 490 lassa
311 447 409 486 cum
438 429 613 483 eruditi
644 427 800 495 patris
823 426 1042 481 eruditus
1074 425 1208 493 filius
1239 434 1465 493 paternas
1488 423 1724 492 reliquias
1756 430 1799 490 Α
1828 422 2041 475 dendum
2062 423 2292 490 quicquid
2315 423 2405 476 hoc
2427 432 2497 478 est
2524 422 2704 477 laboris
2726 423 2976 478 excitavit.
3011 427 3135 478 Haec
3156 430 3314 479 autem
3336 427 3435 490 fuit

180 535 206 572 a
220 516 340 573 tineis
360 513 625 575 vindicabit,
647 522 693 567 et
707 515 828 566 bono
851 511 1041 579 publica
1058 511 1288 580 vulgabil.

230 604 410 657 Interim
430 599 563 653 multi
580 600 673 652 viri
694 599 825 651 docti
846 597 897 650 in
916 596 1102 650 eisdem
1125 597 1269 650 rebus
1292 593 1618 662 explanandis
1636 593 1723 646 diu

179 689 431 753 nrultwnque
461 685 723 748 sudarunt,
768 685 922 735 Lucas
954 682 1258 745 Holstenius,
1303 686 1362 735 It.
1408 685 1473 734 P.
1506 682 1724 732 Joannes

180 772 406 827 Garnerius
425 786 451 824 e
471 769 706 824 Societale
738 773 889 835 Iesu,
923 767 1325 822 eminentissimus
1351 776 1398 821 et
1422 766 1723 821 doctissimus

178 853 408 909 cordinalis
437 854 678 907 Henricus
712 852 941 909 Norisius
966 892 980 915 ,
1015 852 1290 916 Stephanus
1320 848 1551 903 Batusius
1572 888 1585 912 ,
1612 856 1657 901 et
1681 847 1725 901 si

178 942 244 1009 qui
262 938 366 1004 alii;
388 942 470 994 sed
480 940 694 992 omnium
716 939 766 991 in
787 937 879 990 hac
902 951 960 990 re
983 936 1287 1002 diligentiam
1307 934 1552 1002 superavit
1572 938 1631 987 tt.
1656 937 1721 985 Ρ.

183 1023 466 1076 Theodericus
476 1022 683 1075 Ruinart
702 1020 969 1074 Monachus
990 1018 1349 1081 Benedictinus,
1366 1019 1449 1084 qui
1465 1024 1724 1084 perpetuas

176 1114 215 1160 et
230 1108 379 1159 uberes
390 1112 521 1158 notas
538 1105 591 1157 in
613 1103 850 1158 Notitiam
872 1101 1060 1170 Africte
1078 1102 1252 1164 edidit,
1275 1102 1361 1167 qui
1374 1101 1724 1166 manuscriplos

181 1189 341 1243 codices
359 1189 475 1242 inter
494 1200 548 1241 se
570 1187 882 1254 conferendo,
903 1185 1254 1239 ecclesiasticos
1270 1192 1506 1246 auctores,
1528 1192 1573 1236 et
1589 1189 1726 1251 quot-

176 1279 267 1339 quot
295 1270 405 1325 alios
431 1285 576 1336 super
609 1284 669 1323 ea
704 1284 760 1323 re
790 1270 1121 1335 scripserant,
1162 1267 1419 1334 diligenter
1441 1267 1720 1333 evolvendo,

174 1358 399 1424 depravata
416 1360 608 1409 nomina
629 1356 949 1424 corrigendo,
975 1361 1020 1407 et
1041 1352 1143 1405 alia
1161 1353 1215 1405 id
1236 1367 1386 1420 genus
1405 1352 1457 1405 in
1480 1352 1723 1418 publicam

176 1442 390 1494 utilitatem
409 1440 672 1500 moliendo,
700 1439 913 1493 venturis
931 1447 1035 1505 post
1056 1453 1109 1493 se
1132 1438 1405 1492 auctoribus
1428 1436 1549 1490 nihil
1574 1453 1720 1504 pror-

172 1544 239 1582 sus
256 1528 335 1580 hac
362 1528 409 1580 in
431 1541 486 1579 re
506 1527 821 1589 tentandum,
843 1526 1023 1578 nedum
1059 1524 1336 1591 faciendum
1366 1522 1622 1590 reliquisse
1644 1523 1717 1576 vi-

172 1612 360 1663 debetur.

216 1714 304 1768 Sed
332 1728 437 1767 ecce
464 1712 553 1767 tibi
587 1716 639 1766 in
673 1710 924 1780 postremis
959 1711 1114 1778 venit,
1139 1727 1232 1765 non
1256 1725 1370 1765 vero
1404 1712 1456 1765 in
1478 1710 1719 1775 minimis,

167 1799 427 1855 clarissimus
454 1799 599 1855 simul
622 1808 670 1854 et
692 1800 1043 1855 eruditissimus
1064 1800 1297 1853 Dominus
1317 1803 1397 1852 Du
1422 1800 1541 1864 Pin,
1563 1811 1720 1851 sacra:

165 1883 391 1939 Facultotis
418 1883 719 1939 Parisiensis
752 1885 919 1938 doctor
938 1891 982 1937 et
1008 1884 1250 1951 professor
1271 1884 1462 1950 regius,
1485 1880 1569 1949 qui
1600 1881 1720 1933 dum

164 1984 306 2023 meum
325 1970 471 2024 sancti
491 1968 656 2035 Optati
680 1967 949 2021 Mitevilani
971 1968 1231 2021 editionem
1263 1964 1488 2027 molitur,
1516 1972 1563 2018 et
1584 1963 1717 2031 quic-

164 2053 259 2119 quid
281 2053 338 2105 od
362 2054 723 2106 Donatistarum
744 2052 996 2104 historiam
1027 2051 1237 2117 pertinet
1251 2090 1265 2115 ,
1296 2050 1349 2102 in
1367 2064 1518 2101 unum
1539 2062 1718 2112 corpus

162 2137 354 2203 auferre
372 2136 562 2200 statuit,
587 2136 709 2189 nulli
729 2137 923 2190 omnino
940 2136 1099 2189 labori
1119 2147 1321 2201 parcere
1338 2142 1521 2200 certus,
1541 2133 1718 2187 molam

163 2221 265 2274 huic
284 2229 324 2274 et
345 2220 441 2286 ipse
460 2236 660 2275 versare
676 2223 889 2276 decrevit
902 2257 917 2284 ,
942 2235 1031 2274 nec
1052 2220 1265 2273 aliorum
1284 2235 1337 2274 se
1360 2219 1526 2273 labore
1553 2221 1716 2272 deler-

160 2303 246 2355 reri
261 2318 416 2369 passus
438 2311 540 2367 est;
572 2312 616 2358 et
638 2302 865 2371 quoniam
881 2304 1079 2370 antiqua
1101 2299 1190 2355 illa
1212 2301 1395 2355 Notitia
1416 2316 1563 2367 quam
1583 2315 1717 2367 prce-

159 2386 264 2456 [atus
281 2391 335 2440 Η.
361 2390 423 2439 Ρ.
451 2386 781 2440 Theodericus
805 2384 1010 2440 Ruinart
1043 2385 1388 2437 elucidandam
1413 2389 1711 2448 susceperat,

164 2484 310 2522 manca
330 2470 577 2524 videbatur
598 2478 642 2523 et
668 2469 840 2523 mutila
853 2511 869 2536 ,
893 2467 1043 2521 aliam
1062 2468 1146 2521 ille
1163 2466 1524 2532 locupletiorem
1545 2467 1710 2529 edere,

158 2561 198 2605 et
214 2563 302 2619 post
318 2564 490 2609 tantam
505 2556 719 2608 aliorum
737 2551 940 2609 messem
956 2554 1257 2621 spicilegium
1279 2555 1442 2618 facere
1466 2566 1559 2604 non
1578 2551 1716 2603 dubi-

160 2642 269 2705 tavit,
287 2657 366 2696 nec
387 2657 501 2695 sane
517 2640 662 2695 irrito
682 2641 861 2708 fructu,
882 2648 933 2693 ut
950 2640 1055 2705 ipse
1076 2647 1308 2705 expertus
1330 2653 1454 2703 sum,
1480 2636 1609 2703 quod
1627 2649 1715 2687 nec

158 2724 228 2778 alii
258 2727 305 2778 in
339 2728 452 2781 votis
488 2728 710 2795 futurum
745 2732 869 2779 erat.
916 2726 1036 2777 Cum
1072 2732 1233 2777 autem
1270 2723 1335 2775 ad
1375 2720 1716 2774 absolutiorem

322 2811 476 2875 operis
499 2809 761 2864 editionem
791 2807 917 2861 nihil
945 2808 1230 2860 intentatum
1254 2804 1532 2870 relinquere
1554 2800 1714 2865 vellet,

157 2890 287 2944 visum
310 2900 376 2945 est
394 2893 440 2945 ei
456 2901 503 2946 et
526 2892 744 2945 tabulam
769 2888 1151 2960 geographicam
1173 2888 1377 2943 Nolitite
1404 2901 1508 2941 sua:
1535 2886 1713 2951 adiun-

158 2987 276 3039 gere,
297 2974 346 3028 in
366 2990 460 3043 qua
484 2977 722 3029 Ecclesia:
749 2974 1003 3040 Africana:
1032 2972 1169 3027 illius
1194 2972 1426 3038 temporis
1456 2978 1633 3024 statum
1654 2969 1715 3020 ob

155 3055 292 3109 oculos
326 3066 517 3122 poneret
549 3065 779 3123 quantum
817 3058 870 3109 id
903 3056 963 3108 ab
993 3069 1049 3108 eo
1079 3055 1308 3122 praestari
1346 3061 1501 3118 posset
1527 3067 1545 3115 ;
1571 3065 1716 3119 quam

155 3139 257 3192 mihi
287 3142 577 3206 prouinciam
611 3142 785 3194 volenti
817 3155 933 3194 sane
971 3153 1128 3206 neque
1166 3136 1393 3191 abnuenti
1430 3136 1665 3204 delegavit
1693 3148 1712 3187 :

1822 506 2026 562 instituti
2046 508 2140 561 mei
2163 510 2309 561 ratio.
3262 574 3315 582 η
3386 572 3411 584 ,,

1890 592 2131 657 Quicquid
2163 590 2460 659 difficultatis
2482 592 2572 658 fuit
2604 591 2656 644 in
2688 592 3050 659 episcopatuum
3077 606 3279 649 numero
3302 593 3429 660 deﬁ-

1824 679 2001 731 niendo
2019 722 2033 746 ,
2058 678 2370 743 inscriptione
2404 678 2653 731 nominum
2691 679 2983 732 stabilienda
3002 719 3016 743 ,
3041 679 3093 732 in
3128 680 3427 748 assignanda

1824 764 2016 817 cuilibet
2039 763 2334 831 episcopatui
2350 763 2599 836 provincia
2616 778 2724 824 sua,
2742 763 2869 817 illud
2890 778 3030 817 omne
3046 764 3098 816 in
3116 763 3245 817 viros
3263 765 3432 818 doctos

1825 849 2049 915 superius
2084 864 2117 902 a
2155 863 2232 902 me
2265 850 2530 902 nominatos
2565 849 2956 915 transferendum
2985 850 3150 915 putavi
3161 865 3180 911 ;
3217 849 3430 903 maxime

1825 950 1939 989 vero
1960 937 2011 987 in
2032 951 2141 989 eum
2163 936 2246 1002 qui
2267 934 2567 1000 suscipiendi
2590 934 2710 987 mihi
2731 935 2893 1000 operis
2915 943 3083 988 auctor
3104 936 3282 998 fuerat,
3308 934 3432 988 mihi
3505 946 3517 953 '

1825 1019 1955 1073 enim
1976 1018 2156 1072 homini
2182 1020 2387 1087 profano
2409 1017 2583 1086 religio
2605 1019 2695 1083 fuit
2726 1020 2853 1071 hunc
2878 1019 3095 1084 lapidem
3125 1034 3313 1074 movere
3328 1059 3341 1084 ,
3365 1020 3430 1074 iis

1824 1112 2038 1157 contento
2060 1118 2169 1170 qua:
2190 1118 2336 1169 super
2359 1118 2418 1155 ea
2441 1117 2496 1156 re
2519 1103 2639 1155 tanti
2660 1103 2753 1156 viri
2772 1102 3091 1169 scripserunt,
3117 1117 3321 1169 quorum
3342 1117 3429 1156 ea:-

1823 1188 2024 1241 haurire
2047 1187 2228 1241 scrinia
2260 1204 2354 1242 non
2378 1192 2482 1242 erat
2501 1188 2711 1255 anipnts,
2734 1203 2823 1242 nec
2847 1196 3046 1256 argutos
3064 1188 3189 1243 inter
3211 1200 3430 1255 strepere

1823 1284 1968 1324 anser
1987 1270 2160 1324 olores.
2189 1271 2428 1324 Craterum
2447 1271 2673 1339 quoniam
2694 1286 2854 1337 pauca
2874 1279 3013 1324 erant
3030 1273 3084 1325 in
3106 1286 3272 1326 eorum
3293 1272 3433 1327 libris

1824 1368 1935 1419 qua?
1955 1355 2022 1407 ad
2043 1354 2229 1420 Africa:
2252 1354 2643 1420 descriptionem,
2660 1356 3019 1421 provinciarum
3040 1356 3401 1422 dispositionem
3414 1396 3430 1423 ,

1825 1439 2017 1492 urbium
2038 1438 2339 1505 aliorumque
2364 1440 2579 1495 locorum
2601 1449 2781 1495 certam
2802 1441 3105 1509 positionem;
3129 1444 3322 1509 aliaque
3343 1443 3431 1496 hu-

1813 1521 2035 1587 iusmodi
2056 1523 2369 1590 pertinerent,
2393 1522 2447 1577 id
2470 1526 2648 1592 exequi
2676 1539 2893 1578 mearum
2922 1540 3025 1579 esse
3046 1527 3261 1592 partium
3283 1526 3427 1580 duxi.

1823 1607 1999 1671 Itaque
2034 1607 2247 1672 primum
2281 1615 2453 1661 exacte
2496 1616 2544 1660 et
2581 1610 2850 1661 secundum
2897 1624 3043 1663 novas
3080 1610 3431 1665 observationes

1822 1687 2044 1752 Africam
2061 1688 2322 1755 detincavi,
2342 1690 2614 1753 provincias
2630 1690 2979 1745 ecclesiasticas
2994 1702 3166 1745 exacte
3186 1693 3430 1757 distribui,

1824 1774 1964 1825 sedes
1986 1772 2286 1838 episcOpales
2306 1773 2358 1834 in
2380 1772 2544 1826 tabula
2570 1775 2735 1827 Caroli
2766 1790 2797 1827 a
2818 1782 2984 1828 stmclo
3004 1775 3165 1828 Paulo
3197 1777 3431 1829 nonsatis

1829 1862 1939 1920 apte
1963 1854 2225 1920 dispositas
2235 1872 2322 1909 suo
2334 1856 2440 1909 loco
2460 1856 2682 1923 reddidi,
2695 1858 2900 1911 omissas
2917 1856 3136 1924 suppleri
3147 1867 3190 1911 et
3200 1858 3433 1925 quicquid

1822 1937 1871 1991 in
1882 1953 1961 1999 me
1977 1939 2068 2006 fuit
2088 1939 2305 1993 scientia:
2324 1948 2371 1993 et
2382 1941 2502 1993 artis
2514 1941 2727 2007 impendi
2747 1949 2798 1993 ut
2820 1956 2965 2008 quam
2976 1942 3365 1996 emendatissimo
3379 1951 3428 1997 et

1818 2025 2186 2075 accuratissima
2203 2025 2420 2089 prodiret
2440 2024 2546 2078 hinc
2562 2025 2742 2090 tabula,
2768 2029 2901 2091 quod
2922 2033 2972 2080 ut
2988 2036 3273 2091 priestarem
3293 2031 3427 2092 quic-

1819 2103 1938 2170 quid
1972 2105 2105 2169 apud
2147 2107 2446 2173 geographos
2484 2108 2805 2173 Pomponium
2841 2111 3056 2173 Metam,
3096 2112 3388 2163 Strabonem
3409 2152 3424 2178 ,

1816 2187 2054 2255 Plinium,
2080 2192 2416 2252 Ptolemaeum,
2441 2192 2674 2258 quicquid
2697 2195 2749 2245 in
2772 2195 2803 2245 Ι
2804 2192 3053 2247 tinerariis
3072 2201 3118 2247 et
3139 2193 3191 2247 in
3214 2197 3427 2261 Geogra-

1816 2270 1912 2336 pho
1933 2278 2220 2332 Rareimate.
2238 2275 2354 2327 item
2368 2276 2500 2342 apud
2518 2277 2788 2330 Historicos
2812 2278 3090 2344 Polybium,
3116 2276 3428 2345 Sallustium,

1817 2357 2068 2425 Hirtium,
2097 2357 2310 2420 Livium,
2335 2359 2672 2421 Ammianum,
2708 2359 3033 2426 Procopium.
3066 2360 3111 2414 si
3142 2362 3260 2426 quid
3291 2363 3427 2427 apud
3469 2397 3471 2399 ι
3499 2349 3509 2358 ’

1815 2442 2004 2503 Arabes
2035 2442 2329 2506 Abulfedam
2367 2450 2412 2495 et
2454 2445 2792 2512 Geographum
2830 2444 3129 2497 Nubiensem
3152 2485 3166 2511 ,
3191 2444 3428 2511 quicquid

1815 2537 2001 2590 quoque
2022 2523 2075 2575 in
2110 2524 2457 2578 recentioribus
2488 2529 2680 2579 Joanne
2704 2530 2885 2588 Leone,
2910 2531 3099 2580 Sanuto
3119 2567 3133 2593 ,
3160 2528 3425 2583 Marmolio

1814 2619 2075 2657 occurrere
2096 2607 2262 2673 potuit,
2284 2606 2498 2660 studiose
2520 2609 2693 2677 collegi
2717 2610 2870 2675 (quod
2889 2618 2934 2662 el
2954 2624 2987 2662 α
3009 2626 3162 2675 supra
3183 2626 3424 2665 mentoru-

1815 2690 1875 2744 tis
1897 2690 2170 2745 auctoribus
2188 2700 2238 2745 ut
2268 2692 2531 2759 plurimum
2560 2695 2739 2759 factum
2763 2694 2911 2760 fuisse
2944 2694 3116 2763 agnovi
3132 2736 3146 2761 ,
3169 2710 3283 2749 man
3305 2706 3351 2749 et
3374 2698 3429 2750 hi

1815 2776 1993 2841 falcem
2014 2777 2246 2830 miserant
2267 2778 2318 2830 in
2340 2786 2593 2847 utramque
2624 2785 2863 2844 messem).
2890 2785 2969 2835 Ea:
3002 2782 3078 2834 his
3100 2789 3259 2834 autem
3280 2785 3423 2835 tabu-

1816 2862 1916 2914 lam
1939 2862 2078 2915 istam
2095 2864 2457 2930 qualiscumque
2469 2872 2537 2917 est
2560 2864 2860 2917 concinnavi.
2879 2868 2957 2919 Ne
2979 2867 3086 2933 quis
3112 2880 3226 2919 vero
3235 2877 3423 2921 certum

1814 2953 1862 2997 et
1882 2947 2137 2999 indubiam
2159 2948 2348 3013 credat,
2371 2947 2602 3015 quicquid
2622 2947 2674 3001 in
2695 2962 2754 3000 ea
2769 2949 3053 3015 continetur,
3073 2964 3223 3003 unum
3240 2958 3327 3003 aut
3348 2950 3428 3003 al-

1814 3035 1972 3081 terum
1992 3030 2220 3082 lectorem
2235 3031 2467 3084 monitum
2487 3031 2591 3083 volo
2604 3044 2623 3083 :

1878 3112 2072 3178 Primo,
2101 3117 2282 3167 Earum
2322 3114 2515 3166 urbium
2550 3114 2810 3179 positiones
2845 3124 3005 3171 certas
3035 3130 3141 3171 esse
3162 3131 3273 3183 quae
3296 3132 3405 3172 mar

154 3222 257 3277 hanc
541 3193 620 3279 me
643 3193 807 3279 lubens
834 3223 1029 3290 suscepi
1046 3193 1259 3292 'egregie
1286 3226 1527 3288 facturum
1539 3193 1712 3287 “ratus,
1739 3214 1784 3278 C
1816 3193 2203 3292 “(Muigam
2373 3196 2571 3292 ,ίίηθρίίδ
2763 3213 2814 3252 se
2839 3208 3211 3292 ,εθηηεειῖίῖξωῖυ
3240 3201 3426 3292 .‘l’fipp‘

155 3308 189 3359 si
208 3306 346 3361 virum
369 3312 430 3363 de
459 3308 713 3377 republica
747 3309 986 3362 litterario
1010 3316 1110 3362 tam
1140 3309 1257 3360 bene
1279 3306 1504 3359 meritum
1531 3314 1575 3359 et
1596 3321 1715 3370 gra-

155 3389 338 3446 vioribus
365 3403 473 3449 tunc
506 3396 740 3449 intentum
765 3393 897 3447 curis
930 3393 1095 3444 labore
1116 3392 1207 3445 hoc
1228 3390 1337 3444 utili
1370 3390 1596 3458 quidem,
1628 3393 1715 3443 sed

160 3473 329 3541 ingrato
343 3482 605 3533 relevarent
626 3494 643 3531 :
667 3494 873 3547 namque
892 3487 934 3531 et
957 3477 1079 3531 mihi
1101 3474 1421 3542 honoriﬁcum
1445 3474 1712 3539 ridebatur,

154 3559 191 3612 si
207 3575 303 3614 cum
322 3570 383 3617 tot
405 3563 614 3617 eruditis
632 3564 747 3617 viris
769 3563 852 3631 qui
871 3565 937 3616 ‘de
958 3577 1019 3614 ea
1034 3576 1089 3615 re
1111 3562 1424 3625 scripserant,
1449 3558 1714 3624 symbolam

154 3657 286 3698 meam
317 3648 617 3714 conferrem,
641 3656 686 3701 et
708 3647 979 3711 iucundum
1008 3643 1251 3707 imprimis
1283 3640 1552 3696 Ecclesium
1573 3640 1713 3708 Afri-

153 3741 297 3782 conm
314 3731 425 3783 olim
442 3730 833 3797 ﬂorentissimam
855 3744 883 3782 e
904 3729 1115 3782 tenebris
1135 3740 1327 3786 eruere,
1351 3739 1409 3777 ac
1430 3724 1558 3777 velut
1578 3725 1714 3777 redi-

151 3811 282 3865 vivam
317 3813 565 3867 exhibere.
601 3813 878 3866 Accedebat
904 3812 1033 3880 quod
1064 3809 1370 3864 doctissimus
1406 3806 1714 3874 geographus

153 3895 358 3951 Nicotaus
397 3902 591 3953 Sanson
606 3939 620 3964 ,
646 3896 729 3967 qui
765 3897 1094 3949 vadimonium
1127 3894 1378 3947 videbatur
1412 3890 1709 3958 promisisse,

153 3982 603 4048 morte,utarbitror,
628 3988 920 4048 prwventus,
946 3981 1013 4032 ad
1037 3978 1164 4032 illud
1186 3979 1351 4031 venire
1368 3990 1463 4028 non
1480 3976 1707 4044 potuerit,

154 4068 371 4132 etsiquid
402 4068 584 4123 milii
621 4066 723 4134 iam
760 4067 1058 4133 sperandum
1100 4070 1245 4129 esset,
1282 4064 1334 4116 in
1357 4076 1453 4114 una
1488 4061 1650 4113 Caroli
1679 4075 1712 4112 a

150 4161 290 4207 salicto
312 4155 464 4208 Paulo
480 4152 650 4208 tabula
673 4152 818 4206 silum
839 4166 945 4205 esse
958 4190 971 4213 ,
997 4164 1143 4217 quam
1165 4157 1322 4202 tamen
1345 4145 1509 4201 multis
1524 4146 1711 4215 errori-

149 4232 220 4287 bus
237 4250 473 4302 aspersam
501 4251 654 4303 supra
683 4236 919 4289 diximus.
947 4238 1077 4301 Ergo
1098 4245 1269 4285 novam
1292 4231 1476 4298 Africa:
1499 4229 1711 4283 tabulam

149 4319 346 4374 daturum
365 4336 440 4375 me
459 4322 681 4389 sitscepi,
710 4320 974 4374 arbitratus
998 4330 1134 4382 posse
1156 4331 1232 4368 me
1254 4313 1472 4381 scapulas
1490 4313 1598 4366 illos
1621 4313 1707 4365 de-

147 4401 304 4458 clinare
323 4406 372 4458 in
393 4421 512 4474 quos
535 4411 596 4461 Β.
615 4409 680 4459 Ρ.
698 4403 1006 4471 supradictus
1029 4401 1294 4467 impegerat
1309 4440 1323 4465 ,
1349 4401 1415 4451 de
1431 4397 1603 4466 quibus
1622 4410 1709 4464 ego

149 4489 424 4547 prmitus
437 4487 741 4554 jamdudum
759 4487 968 4554 fueram.

1817 3293 1927 3347 qua:
1948 3294 2012 3332 ex
2036 3279 2318 3333 Itinerariis
2340 3281 2441 3333 sive
2470 3281 2777 3335 terrestribus
2807 3280 2908 3334 sive
2937 3282 3194 3335 maritimis
3217 3283 3427 3337 notiores

1814 3370 1943 3414 sunt
1971 3365 2048 3413 Ex
2079 3362 2209 3428 aliis,
2236 3365 2473 3429 quasdam
2493 3377 2557 3417 ea:
2576 3364 2858 3427 Ptolemaeo,
2883 3366 3123 3429 quasdam
3142 3379 3205 3419 ea:
3226 3365 3425 3419 histori-

1814 3443 1887 3498 cis
1910 3446 2108 3507 locatas,
2133 3448 2454 3511 quarumdam
2474 3446 2754 3513 positionem
2777 3447 3112 3513 suppeditasse
3138 3448 3261 3502 mihi
3290 3449 3424 3503 viros

1814 3527 1978 3581 doctos
1995 3543 2060 3582 ea:
2077 3527 2321 3582 historicis
2337 3529 2676 3583 ecclesiasticis
2696 3532 3018 3596 desumptam,
3039 3532 3082 3583 si
3100 3545 3193 3584 non
3213 3545 3277 3586 eo:
3292 3547 3424 3585 omns

1813 3620 1954 3678 parte
1973 3618 2172 3672 certam,
2206 3620 2363 3664 tamen
2392 3613 2446 3664 in
2476 3612 2646 3674 paucis
2677 3611 2912 3666 vitiosam.
2937 3614 3097 3667 Habet
3115 3613 3195 3667 hic
3217 3615 3421 3669 certilu-

1813 3694 1896 3757 do,
1921 3693 2054 3747 sisic
2077 3693 2211 3759 loqui
2231 3696 2307 3762 fas
2328 3703 2420 3757 est,
2445 3711 2555 3750 suos
2576 3697 2697 3763 fines
2726 3698 2858 3749 ultra
2883 3712 3000 3765 quos
3022 3699 3107 3752 viro
3127 3696 3267 3751 aliud
3286 3714 3419 3763 prtu-

1811 3778 2209 3844 ler‘coniectaras
2232 3791 2336 3832 esse
2370 3779 2423 3830 in
2456 3778 2671 3844 confesso
2708 3786 2776 3831 est
2812 3779 2946 3843 apud
2980 3782 3213 3835 eruditos.
3249 3784 3419 3836 Satius

1812 3871 1972 3915 autem
1993 3877 2094 3915 esse
2126 3863 2250 3917 duxi
2268 3863 2409 3916 urbes
2426 3861 2617 3929 aliquas
2637 3878 2703 3917 ea;
2725 3863 3007 3935 coniectura
3029 3873 3215 3918 tantum
3235 3866 3418 3930 locare,

1812 3944 2031 4011 quamvis
2056 3960 2149 3998 non
2177 3962 2264 4000 suo
2292 3948 2496 4011 fortasse
2521 3944 2626 3999 loco
2647 3961 2794 4012 quam
2820 3947 2934 4000 illas
2951 3962 3152 4013 prorsus
3171 3950 3415 4018 omittere,

1812 4032 2073 4085 arbitratus
2105 4035 2211 4096 fore
2229 4039 2280 4084 ut
2299 4029 2479 4085 veritas
2512 4031 2629 4083 inde
2649 4031 2844 4096 facilius
2867 4041 3119 4086 erueretur
3146 4035 3269 4088 :via:
3289 4040 3418 4089 enim

1809 4111 1918 4167 sine
1939 4114 2489 4182 autopsiacertiatiquid
2500 4113 2552 4166 in
2571 4115 2648 4167 his
2669 4115 2811 4168 rebus
2830 4113 3041 4168 stabiliri
3067 4126 3234 4183 potest.
3262 4121 3419 4174 Tanta

1810 4204 1881 4250 est
1901 4212 1962 4250 ac
1986 4205 2085 4251 tam
2102 4198 2357 4262 natltiplex
2378 4198 2625 4250 nominum
2650 4198 2904 4251 diversitas
2935 4207 2987 4250 ut
3019 4198 3162 4265 facile
3184 4201 3247 4254 sit
3268 4202 3414 4256 aber-

1810 4296 1923 4335 rare
1938 4297 2064 4344 eam,
2084 4281 2169 4349 qui
2184 4280 2437 4334 oculorum
2450 4280 2501 4332 in
2518 4280 2594 4333 his
2609 4279 2826 4333 subsidio
2842 4295 2939 4334 non
2953 4281 3122 4344 utitur,
3149 4283 3270 4336 ntihi
3287 4292 3419 4339 certe

1809 4365 2228 4432 persuasissimum
2248 4373 2319 4420 est
2329 4363 2515 4418 tabulas
2535 4365 2902 4432 geographicas,
2925 4368 3221 4432 quantumvis
3242 4371 3417 4432 malas,

1810 4449 1927 4501 dum
1955 4450 2069 4502 alia:
2098 4463 2192 4501 non
2228 4455 2483 4515 suppetunt
2505 4487 2520 4512 ,
2546 4446 2679 4499 “viam
2711 4446 3026 4500 nihilominus
3047 4450 3133 4501 ~ad
3170 4450 3418 4505 veritatem

1806 4541 2039 4586 sternere.
2054 4535 2231 4585 Beatus
2253 4538 2414 4584 autem
2434 4530 2591 4597 fuero,
2617 4530 2660 4582 si
2682 4527 2809 4595 haec,
2825 4531 3188 4598 qualiscumque
3205 4541 3294 4599 εει,
3321 4535 3420 4590 ηιξ-

196 4590 288 4686 βῚ
313 4603 358 4654 Η
360 4617 431 4656 (τε
449 4602 704 4656 ηῑὶῆἱΐαιίο
724 4598 1021 4686 δωσξρίςηάί
1039 4596 1218 4664 Opem»
1238 4593 1325 4686 δείξ
1341 4591 1579 4686 ξίιυηίξίίίξ
1590 4605 1703 4645 ⁰⁰η⁸
1736 4614 1791 4676 D
1815 4617 2043 4686 quantulo
2065 4614 2278 4669 subsidio
2298 4590 2502 4668 eruditis
2525 4590 2627 4667 esse
2651 4590 2818 4679 possit.

148 4681 297 4736 saltum
313 4686 436 4749 volo,
455 4688 561 4753 ipse
578 4686 698 4740 mihi
715 4684 1049 4755 gravissimum
1066 4696 1185 4736 onus
1202 4722 1217 4748 ,
1237 4679 1317 4733 cui
1334 4679 1541 4746 ferendo
1552 4676 1713 4743 impar

146 4762 306 4825 Maus
321 4781 453 4821 eram
474 4768 761 4834 imprudens
782 4766 1007 4831 imposui.
1038 4767 1289 4817 Lectorum
1300 4759 1419 4813 mihi
1428 4759 1710 4827 aliquolaa-

146 4852 306 4901 claram
323 4853 540 4906 conscius
562 4853 647 4919 qui
667 4866 732 4907 ea:
752 4851 1027 4921 regionibus
1045 4848 1149 4903 istis
1170 4848 1395 4902 historice
1417 4846 1491 4899 vel
1509 4858 1713 4914 geogra-

147 4928 265 4990 P'u'ce
288 4935 612 5002 scripserant,
645 4944 691 4989 et
732 4934 976 5001 excerptis
1006 4934 1126 4987 meis
1157 4930 1497 5002 geographicis
1530 4931 1683 4997 fretus
1699 4971 1714 4997 ,

147 5023 237 5073 ηιαε
254 5014 300 5068 in
315 5032 451 5070 usum
466 5019 830 5072 condendarum:
850 5019 1147 5083 tabularum,
1165 5018 1208 5070 si
1225 5017 1420 5080 quando
1434 5030 1553 5081 opus
1571 5026 1714 5082 esset,

146 5092 464 5166 disposueram,
486 5102 751 5155 arbitratus
771 5116 879 5154 sum
897 5100 1193 5168 potissimam
1215 5101 1323 5164 jam
1344 5101 1507 5165 operis
1528 5106 1716 5165 partem

146 5187 341 5232 exactam
367 5188 489 5247 esse,
516 5183 644 5236 male
674 5191 843 5237 cautus
863 5185 948 5251 qui
977 5191 1077 5235 tam
1107 5183 1298 5250 facilem
1322 5182 1567 5249 desperati
1596 5195 1718 5248 pene

145 5262 281 5323 operis
307 5265 631 5319 executionem
661 5266 825 5319 animo
851 5266 1226 5333 prcecepissem!
1252 5267 1374 5319 Cum
1398 5264 1548 5318 multa
1572 5266 1717 5318 etiam

145 5339 455 5414 mittitegenda
482 5356 803 5415 superessent,
836 5363 944 5416 qua:
993 5348 1323 5417 difﬁcultatem
1362 5347 1714 5412 minuerentne,

148 5437 199 5474 an
217 5441 301 5480 non
324 5433 444 5495 forte
456 5434 600 5485 etiam
609 5440 839 5499 augerent
860 5432 1048 5486 nescius
1059 5446 1211 5485 eram.
1225 5433 1327 5484 Sed
1346 5439 1390 5484 et
1401 5430 1615 5499 erigebat
1638 5441 1717 5482 me

147 5514 353 5574 Prwfatus
373 5514 670 5570 clarissimus
696 5516 920 5571 dominus
939 5520 1018 5568 Du
1035 5518 1150 5582 Pin,
1176 5530 1316 5583 quem
1333 5515 1542 5567 omnium
1562 5514 1713 5567 instar

147 5590 247 5644 mihi
280 5598 496 5659 futurum
535 5615 636 5652 esse
667 5601 965 5667 confidebam
984 5642 998 5668 ,
1023 5601 1106 5666 qui
1142 5598 1373 5666 quicquid
1414 5599 1677 5650 ϐατηενὶαδ
1695 5634 1711 5661 ν

392 5683 641 5749 Baluzius,
665 5684 972 5749 Harduinus,
996 5685 1277 5739 Ruinartius
1299 5682 1612 5748 scripserant,
1634 5681 1714 5733 di-

146 5756 325 5822 ligenter
346 5765 603 5832 collegerat
616 5808 632 5835 ,
659 5775 706 5822 et
734 5775 870 5823 notas
890 5767 1087 5834 insuper
1111 5782 1223 5822 suas
1252 5766 1456 5833 benigne
1477 5764 1596 5819 mihi
1621 5766 1715 5817 im-

149 5843 387 5909 νεηίιισω
410 5858 521 5906 erat
533 5866 552 5916 ;
573 5867 669 5906 uno
687 5854 833 5906 verbo
861 5853 1044 5908 anirnos
1065 5851 1185 5909 mihi
1205 5851 1401 5907 addidit
1420 5888 1435 5918 ,
1459 5857 1506 5906 el
1537 5850 1604 5905 ad
1624 5864 1714 5905 au-

530 5938 803 6001 ΡΑτιιοι..
848 5938 964 6004 XI.

1880 4701 2123 4753 Secundo.
2150 4702 2264 4753 Non
2285 4706 2470 4750 tantum
2500 4696 2644 4750 urbes
2666 4703 2798 4749 certo
2827 4696 3125 4764 episcopales
3144 4700 3197 4752 in
3226 4702 3319 4753 Ιιασ
3341 4710 3420 4756 ια-

1815 4783 1930 4836 bula
1953 4781 2179 4846 exhibui,
2200 4784 2287 4835 sed
2305 4780 2429 4834 alias
2450 4781 2593 4834 etiam
2612 4779 2797 4834 inserui
2818 4795 3026 4849 quarum
3054 4785 3233 4850 aliqua:
3253 4785 3420 4853 forsan

1815 4867 1963 4921 etiam
1979 4865 2273 4933 episcopales
2292 4873 2420 4919 sunt.
2441 4868 2565 4917 Haec
2581 4873 2739 4917 autem
2754 4865 2845 4929 fuit
2860 4865 3109 4920 uiserendi
3124 4881 3273 4922 causa
3288 4872 3417 4934 quod

1814 4948 1917 5003 illae
1940 4951 2193 5002 doctorum
2231 4950 2447 5001 virorum
2487 4945 2780 5014 conjecturis
2800 4945 3139 5001 inservierunt.
3176 4952 3244 5002 In
3273 4953 3418 5009 rebus

1814 5037 2048 5091 abstrusis
2067 5036 2267 5089 minima
2286 5048 2488 5102 quicque
2511 5033 2712 5100 vestigia
2731 5034 2831 5088 sive
2850 5033 3036 5087 tndicia
3056 5032 3273 5092 veritatis
3304 5055 3423 5106 pre.

1817 5119 1942 5173 tiosa
1962 5126 2088 5179 sum,
2113 5117 2260 5183 plura
2276 5117 2519 5183 positurus
2540 5131 2679 5171 eram
2696 5117 2739 5171 si
2754 5118 2964 5170 brevitas
2980 5118 3167 5173 chartae
3184 5123 3317 5187 ferre
3338 5138 3425 5189 p0-

1817 5203 2002 5263 tuisset,
2027 5201 2233 5265 ideoque
2254 5207 2301 5252 et
2324 5200 2612 5267 populorum
2636 5199 2829 5252 nomina
2850 5200 2930 5252 hic
2952 5199 3148 5266 omissa,
3170 5217 3266 5257 non
3284 5206 3424 5269 quasi

1821 5300 2023 5353 prorsus
2045 5284 2256 5346 inutilia,
2278 5286 2365 5337 sed
2384 5293 2613 5351 tanquam
2634 5283 2793 5337 minus
2816 5286 3053 5351 pro/icua.
3413 5340 3421 5355 ,

1893 5367 2071 5421 Tertio.
2098 5365 2313 5434 Pmpria
2334 5370 2435 5419 sive
2459 5365 2753 5421 substantive
2784 5368 2978 5419 urbium
3012 5370 3205 5422 nomina
3238 5370 3423 5437 quoties

1822 5452 2018 5520 quidem
2041 5467 2135 5505 non
2152 5450 2290 5504 licuit
2312 5466 2375 5505 ex
2390 5466 2513 5518 puro
2533 5452 2858 5517 Antiquorum
2881 5453 3007 5518 fonte
3029 5454 3250 5521 haurire,
3275 5469 3336 5509 ea
3354 5472 3422 5512 ea:

1820 5542 1881 5593 11.
1910 5541 1973 5588 P.
2014 5537 2185 5588 Carolo
2218 5551 2249 5587 a
2269 5543 2431 5588 sancto
2467 5535 2629 5588 Paulo
2666 5542 2752 5587 aut
2787 5540 2846 5587 ab
2879 5534 3130 5589 Holstem'o
3165 5540 3424 5609 desumpta

1817 5627 1946 5685 stult,
1972 5626 2017 5672 et
2040 5634 2136 5686 qua
2158 5626 2354 5686 potuere
2378 5617 2607 5683 analogia
2629 5619 2833 5683 conﬁcta
2855 5631 2960 5670 esse
2977 5619 3216 5674 videntur.

1872 5710 2086 5777 Quarto.
2128 5704 2237 5757 Viri
2265 5702 2509 5777 diligentis
2539 5702 2699 5769 fuerat
2722 5702 2946 5757 lectiones
2968 5702 3130 5757 varias
3170 5707 3361 5774 referre
3379 5711 3427 5768 si

1822 5776 1932 5855 quae
1946 5786 2270 5843 occurrissent
2281 5776 2335 5839 in
2348 5788 2596 5853 impressis
2617 5794 2707 5843 aut,
2721 5789 3062 5853 manuscriptis
3083 5790 3350 5859 codicibus,
3372 5805 3427 5852 ut

1825 5870 2032 5926 liberum
2053 5878 2175 5925 esset
2195 5869 2367 5936 cuique
2378 5867 2628 5935 judicium
2647 5884 2806 5936 suum,
2834 5878 2881 5925 et
2900 5870 2991 5945 hoc
3013 5870 3210 5938 quidem
3228 5879 3425 5945 prolixe

2904 5935 2984 5997 28
