3898 6320
349 219 468 276 875

1743 208 2275 268 PROLEGOMENA.
3567 205 3673 264 876
3710 249 3718 257 .

350 337 604 388 exsecutus
625 333 694 384 est
712 328 934 383 dominus
965 325 1145 380 DuPin
1170 339 1190 379 :
1213 326 1326 391 quia
1358 339 1474 379 vero
1510 323 1792 378 varietatem
1825 323 1965 376 istan:
1989 331 2044 391 Α
2067 320 2252 396 nullam
2273 335 2443 374 earum
2464 321 2619 387 lixam
2640 322 2791 392 fuisse
2812 327 2994 387 praeter
3020 319 3380 386 Carthaginem,
3408 320 3540 373 alius
3565 335 3679 375 vero

351 418 514 471 tabula
531 426 692 470 nostra
709 413 1030 484 geographica
1049 413 1179 478 ferre
1200 426 1292 464 non
1311 419 1520 479 poterat,
1541 410 1634 463 nisi
1654 410 1807 462 altero
1824 411 1954 460 tanta

353 510 437 555 aut
468 502 611 555 etiam
643 501 792 566 duplo
827 497 972 568 ﬁeret.
1001 495 1182 564 maior,
1206 510 1305 548 una
1337 510 1402 549 ea:
1434 493 1640 547 diversis
1680 493 1956 546 lectionibus

2061 407 2307 458 seniorum
2331 404 2663 470 episcoporum
2683 406 2824 459 sedes
2846 405 2995 470 fuisse
3021 407 3190 458 doctus
3212 405 3413 470 fuerim.

2129 491 2325 542 Octavo.
2363 487 2558 555 Oppida
2581 503 2689 556 qua:
2713 486 2766 540 in
2799 489 2964 542 tabula
2987 488 3310 560 geographica
3330 487 3571 541 asterisco
3595 502 3680 540 no-

355 586 579 655 eligenda
603 577 689 650 fuit
713 620 728 643 ,
751 597 859 658 eam
895 575 1007 634 vero
1036 571 1291 648 selegimus
1325 593 1472 646 quam
1505 576 1660 631 doctis
1697 578 1806 643 plus
1843 575 1957 630 aliis
2057 578 2240 658 luatur,
2261 580 2440 658 casum
2466 571 2516 624 in
2534 573 2706 658 Quibus
2728 573 3192 658 celebrataifuertmt
3204 570 3432 636 concilia,
3453 578 3684 623 eteorum

354 669 595 736 placuisse
618 663 958 740 intelleximus.

2059 656 2252 722 quidem
2268 656 2479 709 omnium
2501 655 2695 710 nontina
2732 655 2810 708 hic
2831 657 3059 723 reperies,
3078 666 3259 722 prauer
3297 662 3490 712 Novam
3518 659 3688 709 C0280-

422 743 613 816 Quinto.
652 735 772 804 Cum
789 739 997 802 mutetur
1020 735 1297 822 frequerufr
1320 745 1473 818 {acies
1504 741 1772 811 regionum.
1792 744 1961 797 saltem
2061 755 2196 792 ream
2220 782 2234 806 ,
2269 741 2575 794 Macrianum
2607 750 2653 794 et
2675 745 2710 794 J
2717 758 2920 817 uncum,
2944 757 3154 810 quarunt
3186 742 3379 796 urbium
3408 745 3564 796 situm
3604 758 3691 808 pro

358 811 1138 898 qudnttmtadimperiorumfines,
1294 811 1653 902 provinciarum
1672 838 1923 876 numerum
1947 865 1960 890 ,

356 913 570 980 urbiu'nt,‘
591 913 876 982 populorum
899 907 944 966 'el
963 909 1215 984 [luminum
1244 907 1463 976 tiomina,
1492 917 1537 963 et
1564 908 1822 977 unicuique
1845 906 1962 961 iusi-

358 1001 444 1067 gtti
458 993 715 1072 mutationi
738 1003 827 1052 sua
850 999 1011 1052 tabula
1034 995 1266 1049 debeatur
1288 999 1396 1061 queo
1420 1002 1592 1048 statuat
1625 993 1756 1048 illius
1780 995 1965 1058 tempo-

2065 835 2315 892 comperto
2339 828 2520 882 habere
2539 843 2630 880 non
2656 827 2809 881 licuit.

2130 915 2366 966 therum
2401 914 2536 967 urbis
2567 915 2853 982 Bagaitanaz
2883 913 3165 977 positionem
3201 928 3310 980 qua:
3342 912 3472 967 viros
3514 915 3695 967 doctos

2065 1014 2159 1052 non
2179 1001 2358 1066 paucos
2397 1000 2608 1068 fugerat,
2635 1014 2698 1054 ea:
2723 997 3029 1067 Geographia
3051 999 3289 1053 Nubiensi
3311 999 3496 1062 didici,
3523 1007 3575 1050 et
3599 1001 3692 1050 Ca-

361 1081 433 1136 ris
454 1087 764 1150 reprtesentet
786 1122 800 1148 ,
825 1073 985 1133 tabula
1016 1077 1110 1132 ista
1131 1073 1277 1144 ﬁnem
1312 1077 1474 1145 quarti
1505 1079 1551 1129 'e‘l
1592 1075 1782 1129 initium
1813 1074 1969 1142 quinti
2067 1082 2392 1135 barsussensis
2413 1081 2619 1134 civitatis
2644 1081 2845 1148 vestigia
2868 1082 2920 1134 in
2940 1081 3179 1149 hodierna
3203 1086 3331 1136 Susa
3355 1083 3527 1135 videre
3562 1083 3692 1137 mihi

363 1163 532 1218 steculi
564 1163 764 1231 proprie
794 1159 1003 1231 spectat,
1047 1171 1157 1215 eum
1190 1161 1548 1214 Donatistarum
1579 1159 1779 1214 htvresis
1828 1158 1967 1224 longe
2067 1166 2196 1220 visus
2217 1180 2322 1218 sum
2341 1167 2595 1218 :asseutiat
2620 1164 2702 1230 qui
2726 1165 2880 1228 volet,
2904 1165 3028 1219 nihil
3049 1165 3296 1231 afﬁrmare
3318 1167 3496 1221 ausim.

363 1251 552 1316 lateque
575 1243 626 1301 it't
650 1234 820 1316 Africa
843 1249 1174 1316 grassaretur,
1199 1254 1243 1300 et
1267 1252 1386 1298 esset
1412 1246 1542 1313 regio
1569 1241 1657 1297 illa
1686 1241 1737 1296 in
1769 1259 1858 1298 sea:
1889 1257 1968 1295 se-

365 1343 548 1399 ptemve
571 1318 842 1400 probiucias'
866 1331 1041 1398 divisa,
1066 1334 1150 1383 sed
1174 1337 1218 1383 et
1251 1345 1353 1383 (evo
1377 1329 1520 1396 paulo
1541 1327 1796 1396 posteriori
1816 1329 1970 1381 inser-

366 1417 472 1472 vire
489 1424 657 1484 potest,
682 1425 792 1471 cum
822 1407 1154 1471 Vandalorum
1177 1417 1317 1480 furor
1341 1411 1384 1467 et
1408 1413 1679 1481 persecutio
1701 1412 1753 1466 in
1773 1412 1974 1466 catholi-

371 1516 452 1554 cos
474 1501 675 1568 vigeret.

431 1593 602 1646 Sexto.
638 1593 941 1659 Quamquam
975 1589 1251 1645 Collationis
1281 1587 1672 1660 Carthagiuensis
1691 1589 1973 1642 describen-

301 1675 316 1682 ’
367 1679 449 1732 dte
469 1683 647 1744 πωπω,
674 1680 802 1745 quod
821 1677 966 1743 huius
997 1678 1174 1730 tabula:
1196 1676 1446 1742 praprium
1469 1689 1571 1728 esse
1597 1674 1763 1735 debet,
1789 1673 1972 1725 inutilis

378 1761 442 1815 sit
463 1778 577 1828 pars
600 1761 692 1814 ista
718 1761 882 1814 Italia?
910 1775 1019 1827 qua:
1039 1759 1089 1812 in
1125 1759 1184 1812 ea
1207 1765 1582 1826 reprtesentatur
1606 1772 1718 1809 cum
1740 1756 1974 1818 adjacen-

366 1849 496 1900 tibus
528 1844 727 1911 insulis,
771 1845 930 1897 tamen
951 1843 1196 1897 commode
1227 1846 1470 1909 [acturum
1502 1839 1763 1893 arbitratus
1794 1853 1901 1891 sum
1931 1833 1976 1889 si

368 1929 537 1980 urbem
557 1932 756 1981 Romam
787 1927 845 1979 ob
867 1927 1030 1979 oculos
1064 1925 1322 1992 legentium
1353 1937 1577 1989 ponerem
1604 1963 1617 1988 ,
1643 1930 1688 1974 et
1711 1919 1976 1986 prccdictas

373 2009 557 2064 insulas
582 2023 691 2075 qua:
710 2007 897 2063 Notitia
922 2006 1153 2061 Ecclesia:
1176 1997 1427 2074 Africana:
1463 2003 1779 2067 continentur,
1807 2016 1975 2069 quem-

372 2093 636 2146 admodum
674 2107 733 2144 ea
771 2092 914 2157 paulo
951 2099 1055 2158 post
1077 2091 1163 2142 sub
1210 2089 1547 2141 Vandalorum
1584 2086 1698 2153 iugo
1722 2085 1970 2153 ingemuit.

373 2177 615 2229 Craterum
638 2174 970 2241 episc0porum
988 2174 1125 2227 sedes
1146 2172 1194 2225 in
1219 2174 1402 2224 lusum
1429 2170 1714 2222 Balearibus
1736 2178 1780 2221 et
1803 2167 1977 2234 Pytiu-

372 2260 442 2314 sis
459 2265 553 2313 non
569 2259 852 2322 notavimus,
874 2266 1033 2324 utpote
1056 2257 1191 2310 nobis
1215 2255 1497 2322 incognitas,
1528 2263 1570 2308 et
1588 2258 1706 2320 forte
1731 2269 1855 2308 nunc
1875 2255 1978 2321 hic,

375 2344 502 2397 nunc
526 2343 627 2397 illic
651 2346 816 2398 sedem
839 2344 1095 2409 habebant,
1119 2343 1249 2396 unde
1272 2349 1317 2393 et
1350 2340 1493 2394 totius
1517 2339 1729 2408 regionis
1763 2335 1978 2406 ἐρίδωρὶ

375 2429 681 2484 dicebantur.
1067 2496 1070 2498 η

442 2509 670 2579 Septimo.
708 2509 998 2580 Metropoles
1019 2509 1184 2566 civiles
1205 2503 1470 2578 majoribus
1500 2525 1586 2564 seu
1609 2510 1874 2564 initialibus
1898 2510 1981 2563 lit-

375 2599 492 2652 teris
516 2597 844 2664 designandos
875 2583 1172 2663 curavimus,
1211 2594 1574 2649 Ecelesiasticas
1608 2610 1702 2649 non
1734 2595 1847 2648 item
1872 2609 1983 2648 cum

2136 1252 2352 1303 Libenter
2385 1251 2529 1302 etiam
2561 1249 2750 1317 aliquas
2774 1253 2942 1311 urbes,
2966 1249 3010 1302 si
3032 1248 3274 1314 licuisset,
3307 1250 3693 1318 Mjutwissem,

2078 1335 2344 1406 Tononam,
2371 1333 2534 1384 Vitam
2559 1333 2656 1384 sive
2672 1332 2842 1384 urbem
2864 1331 2962 1385 sive
2980 1333 3329 1398 regiunculam,
3353 1334 3501 1386 Casus
3525 1332 3699 1397 nigras

2074 1425 2120 1484 et
2144 1417 2265 1470 alias
2287 1416 2392 1483 ejus
2417 1414 2628 1484 generis,
2653 1423 2850 1481 prapter
2879 1414 3120 1468 Victorem
3147 1419 3489 1478 Tonouensem,
3525 1417 3700 1468 Victo-

2073 1515 2180 1554 rem
2203 1499 2355 1552 alium
2374 1501 2634 1566 Vitensem,
2653 1499 2894 1552 Donatum
2917 1515 2950 1551 a
2973 1502 3110 1554 Casis
3126 1500 3283 1568 nigris
3306 1509 3350 1553 et
3374 1502 3495 1553 alios
3518 1502 3700 1564 hujus-

2076 1584 2209 1636 modi
2231 1583 2440 1649 {uitiosos
2473 1582 2619 1634 viros.
2645 1581 2806 1634 Cuivis
2825 1591 2954 1636 certe
2974 1583 3255 1650 geographo
3279 1581 3546 1636 dolendum
3569 1593 3705 1636 verm

2076 1669 2200 1719 adeo
2240 1666 2528 1736 ftunigerata
2567 1667 2672 1720 loca
2711 1670 2927 1720 omittere
2963 1681 2980 1719 :
3011 1669 3141 1734 quod
3182 1675 3341 1718 tamen
3384 1664 3542 1720 satius
3585 1680 3697 1720 esse

2077 1750 2307 1805 duximus
2343 1766 2490 1816 quam
2521 1766 2666 1816 super
2696 1751 2771 1804 his
2794 1750 2951 1804 aleam
2989 1749 3171 1816 iacere.
3200 1752 3325 1804 Vita:
3352 1749 3553 1817 quidem
3581 1747 3698 1802 urbi

2081 1835 2282 1888 Carolus
2305 1847 2337 1883 α
2360 1842 2522 1886 sancto
2551 1836 2710 1887 Paulo
2733 1830 2784 1887 in
2815 1835 2978 1887 tabula
3005 1849 3093 1887 sua
3118 1831 3277 1886 locum
3300 1832 3467 1897 dedit,
3488 1833 3580 1887 sed
3605 1848 3704 1902 quo

2078 1927 2273 1971 auctore
2297 1917 2524 1984 quibusve
2541 1918 2831 1984 coniecturis
2853 1921 3008 1984 fateor
3040 1924 3116 1969 me
3140 1917 3347 1970 nescire.

2143 2006 2300 2054 Nouo.
2340 2005 2576 2055 Locorum
2606 2003 2786 2070 aliquot
2816 2003 3122 2069 antiquorum
3152 2001 3393 2055 hodierna
3429 2001 3631 2054 nomina
3658 2002 3706 2052 in

2080 2091 2247 2143 notitia
2273 2088 2505 2153 invenies,
2529 2092 2683 2158 magis
2707 2089 2852 2143 anxie
2873 2090 2925 2143 in
2950 2090 3050 2142 alia
3072 2079 3320 2156 inquirere
3343 2087 3562 2142 abstinui
3578 2129 3591 2152 ,
3623 2088 3703 2140 tti-

2080 2173 2258 2226 mirnm
2297 2172 2639 2239 difﬁcillimum
2658 2217 2670 2239 ,
2693 2185 2755 2226 ne
2787 2174 2949 2226 dicam
2976 2173 3269 2240 impossibile
3303 2173 3390 2226 hoc
3426 2179 3534 2225 erat
3547 2176 3568 2237 ,'
3595 2173 3706 2224 cum

2083 2263 2348 2317 hodiernus
2368 2263 2566 2316 illarum
2590 2265 2840 2330 regionum
2877 2270 3026 2316 status
3055 2277 3230 2327 parum
3256 2251 3394 2315 notus
3430 2261 3510 2314 sit.
3545 2255 3704 2311 Crete"-

2085 2361 2196 2399 rum
2219 2353 2367 2399 tntunt
2385 2362 2479 2399 non
2497 2354 2567 2400 est
2591 2362 2679 2411 pro
2697 2345 2904 2410 antiquis
2929 2346 3197 2398 recentiora
3217 2341 3412 2398 nomina
3433 2359 3672 2409 usurpart

2086 2428 2322 2493 Exemplo
2347 2429 2405 2481 sit
2440 2431 2607 2481 doetus
2637 2437 2681 2481 et
2716 2429 2924 2495 diligens
2957 2427 3196 2494 Scriptor,
3222 2429 3304 2496 qui
3328 2428 3510 2495 quoties
3541 2431 3704 2496 Cwsuf

2087 2528 2307 2566 recusem
2325 2515 2374 2566 in
2387 2511 2682 2566 Mauritania
2706 2513 2980 2579 episcopum
3001 2512 3248 2565 nominare
3268 2513 3431 2575 voluit,
3455 2513 3599 2566 toties
3620 2505 3704 2578 per

2086 2599 2424 2666 Algerieusem
2449 2611 2560 2649 eum
2585 2595 2872 2663 designavit,
2897 2597 3028 2663 quod
3053 2593 3311 2649 verisimile
3335 2605 3543 2650 nonest.

1417 2815 1868 2892 NOTITIA
1941 2817 2663 2898 LITTERARIA‘.

1611 2951 1722 3026 (Ex
1743 2952 2108 3010 Sehceneman.
2128 2962 2166 3010 t.
2187 2970 2224 3022 ι,
2254 2973 2308 3028 p.
2325 2955 2478 3029 545.)

429 3090 480 3172 ’ᾗ
503 3088 546 3148 1.
567 3083 1040 3170 S.DptatiVita.-'—
1053 3085 1427 3156 Afer,Milevis
1440 3085 1494 3143 iu
1508 3085 1755 3142 Numidia
1770 3086 1992 3159 Episco-
2021 3095 2067 3158 (ζ
2098 3099 2415 3160 regnarunt.
2465 3091 2736 3162 Balduini,
2767 3109 2798 3148 a
2827 3094 3036 3152 duabus
3063 3095 3186 3153 edd.
3221 3113 3312 3153 an.
3360 3097 3502 3156 156³5
3531 3107 3589 3157 et
3614 3087 3700 3160 69.

383 3201 487 3259 pus
515 3185 617 3242 sub
649 3175 1031 3241 Valentiniano
1059 3179 1114 3239 et
1134 3181 1364 3240 Valente
1387 3181 1720 3260 principibus
1741 3182 1823 3256 (1)
1854 3183 1995 3239 inter

382 3275 557 3335 annos
587 3264 696 3333 372
723 3285 778 3334 et
816 3276 923 3332 575
960 3275 1200 3347 scripsit.
1234 3273 1448 3330 Vixisse
1475 3284 1658 3330 autem
1700 3273 1769 3329 ad
1815 3273 1995 3331 Theo-

380 3370 520 3428 dosii
551 3370 840 3442 imperium
889 3377 946 3426 et
987 3366 1244 3425 Siricium
1286 3381 1482 3438 usque,
1513 3367 1604 3437 qui
1627 3380 1717 3421 an.
1746 3366 1852 3422 584
1879 3366 1995 3438 epi-

382 3464 536 3535 scopi
567 3462 797 3520 Romani
823 3461 1008 3521 sedem
1039 3459 1347 3532 occupavit,
1378 3458 1638 3531 Dupinius
1684 3459 1995 3516 verisimili-

383 3566 468 3614 ter
489 3553 699 3612 statuit.
723 3554 833 3612 Nec
861 3556 1149 3627 quicquam
1180 3562 1444 3627 praeterea
1476 3565 1574 3610 seu
1611 3552 1682 3611 de
1727 3554 1858 3624 vita,
1891 3568 1990 3612 seu

387 3647 458 3706 de
485 3648 636 3705 exitu
656 3647 775 3719 ejus
797 3656 1031 3704 constat.

463 3739 495 3813 5
519 3739 582 3796 ll.
616 3739 848 3810 Scripta.
871 3735 941 3780 -ὲ
961 3739 1190 3812 Scripsit
1216 3739 1280 3796 de
1307 3739 1581 3796 schismate
1605 3738 1996 3795 Donatistarum

391 3831 574 3888 contra
612 3828 1016 3887 Pannonianum
1045 3823 1202 3888 libros
1231 3846 1304 3900 vt,
1329 3821 1563 3904 quorum
1590 3839 1805 3890 aetatem
1844 3840 1997 3889 recte

389 3924 654 3998 Dupinius
680 3923 989 3982 :eStimavit.
1024 3923 1102 3982 Ne
1130 3925 1274 3981 enim
1303 3925 1369 3981 ad
1395 3915 1578 3984 Siricii
1607 3937 1873 3999 tempora,
1904 3942 2000 3984 cu-

383 4022 473 4094 jus
501 4013 594 4079 lib.
630 4037 690 4091 ιι,
719 4019 823 4094 55,
856 4015 1065 4077 mentio
1095 4019 1176 4087 lit,
1206 4031 1421 4077 aetatem
1459 4007 1648 4078 eorum
1679 4022 1998 4093 protrahere

389 4112 593 4180 lubeat,
647 4103 918 4170 sententia
943 4121 1093 4170 vetat
1106 4112 1175 4169 ab
1203 4114 1395 4170 eodem
1425 4103 1671 4185 probata,
1720 4124 1996 4172 auctorem

395 4210 591 4265 iterum
623 4223 760 4280 opus
784 4197 941 4264 suum
968 4208 1313 4264 recensuisse
1355 4221 1526 4280 eaque
1551 4219 1822 4280 tamquam
1848 4209 2001 4266 addi—

395 4311 635 4358 tamenta
660 4299 948 4372 adiecisse,
998 4316 1120 4372 quae
1141 4301 1252 4372 jam
1285 4301 1404 4356 libri
1421 4315 1494 4357 vn
1518 4301 1737 4357 nomine
1757 4303 1998 4358 veniunt.

465 4395 494 4469 §
523 4394 611 4452 ΙΙΙ.
680 4391 969 4450 Εᾶἕιίοηεὲ.
1008 4390 1081 4437 -ὲ
1108 4395 1362 4466 Optatum
1409 4395 1642 4467 primum
1673 4409 1705 4452 e
1735 4394 1998 4461 tenebris,

2097 3182 2338 3252 profecta
2369 3184 2435 3238 ad
2469 3186 2629 3242 linem
2662 3181 2844 3244 sccculi
2875 3180 2984 3244 xvit
3014 3189 3268 3258 duravit,
3302 3191 3606 3263 Dupiniana
3637 3195 3704 3251 ab

2095 3289 2187 3329 an.
2224 3275 2382 3344 1700,
2416 3277 2470 3332 in
2500 3280 2870 3350 compluribus
2900 3283 3316 3353 repetitionibus
3343 3294 3401 3341 ct
3431 3302 3625 3344 recens
3650 3288 3701 3343 in

2096 3366 2444 3427 Gallandiana
2468 3383 2524 3430 et
2548 3374 2947 3433 Oberthuriana
2963 3378 3130 3450 viget.
3157 3379 3350 3437 Testes
3377 3395 3473 3454 per
3492 3382 3700 3454 singula

2098 3464 2402 3522 videamus.

2557 3561 2701 3618 Sac.
2729 3561 2881 3632 XVI,
2910 3563 3246 3624 1549-1600.

2823 3653 2987 3714 1549.

2173 3743 2324 3814 Apud
2371 3745 2432 3800 S.
2487 3744 2740 3802 Victorem
2796 3765 2960 3823 prope
3011 3743 3362 3824 Moguntiam,
3405 3771 3471 3810 ea:
3515 3756 3695 3828 oﬂicin.

2101 3831 2294 3890 Fratre.
2326 3835 2516 3892 Behent
2546 3839 2898 3913 Typoyraphi,
2947 3835 3125 3900 ἰπὶ-1⁵01.
3182 3829 3364 3917 Optali
3413 3845 3696 3905 Milevitani

2101 3927 2373 4000 quondam
2407 3931 2646 4003 episcopi
2677 3934 2797 3989 libri
2819 3950 2937 4002 sex,
2969 3934 3038 3992 de
3066 3927 3373 3995 Scliismate
3398 3926 3693 3996 Donatista-

2101 4011 2470 4108 rumlcontra
2528 4022 2944 4082 Parmenianum
3014 4027 3374 4098 Donatistam,
3444 4021 3694 4088 adversus

2079 4124 2260 4185 ‘quem
2289 4127 2342 4172 et
2374 4116 2432 4173 S.
2462 4119 2791 4188 Augustinus
2822 4109 3008 4190 postea
3052 4131 3164 4177 tres
3193 4123 3378 4178 (edidit
3405 4124 3587 4188 libros.
3618 4123 3696 4179 Ex

2103 4208 2235 4264 bibl.
2265 4208 2474 4264 Cusana
2516 4225 2685 4281 prope
2725 4211 3003 4272 Treverim
3031 4229 3152 4269 cum
3186 4213 3255 4269 D.
3286 4213 3514 4271 Conradi
3540 4214 3695 4270 Brutti

2103 4299 2185 4356 1c.
2218 4302 2364 4357 libris
2386 4320 2458 4368 vr,
2489 4304 2552 4358 de
2579 4303 2832 4360 hwreticis
2858 4308 2913 4360 in
2939 4323 3121 4378 genere
3147 4317 3202 4364 et
3228 4308 3300 4363 al.
3329 4308 3450 4379 eius
3477 4323 3693 4380 opuscu-

2106 4393 2170 4449 lis
2191 4395 2448 4463 peculiari
2471 4395 2570 4451 sub
2593 4396 2747 4451 titulo
2770 4396 2959 4470 (1550)
2985 4397 3125 4471 typis
3147 4402 3458 4473 exscriptis.
3475 4401 3691 4466 Tituls,

394 4491 589 4563 quibus
643 4489 736 4546 diu
786 4489 1040 4555 latuerat,
1093 4485 1315 4562 prodire
1359 4481 1522 4562 jussit
1572 4487 1663 4545 Jo.
1697 4487 1995 4559 'Cochl‘wus,
2027 4482 2211 4576 οε]υο
2264 4484 2490 4556 Optatus
2543 4503 2571 4541 a
2624 4487 2834 4559 reliquo
2880 4503 3049 4560 opere
3095 4489 3452 4561 discernitur,
3525 4491 3570 4548 is
3615 4497 3693 4549 est

339 4603 346 4611 ·
397 4598 488 4638 an.
525 4581 687 4649 1519,
719 4581 816 4638 sed
843 4582 994 4638 nullo
1022 4577 1222 4653 praeter
1266 4581 1371 4639 hoc
1413 4579 1550 4638 lucis
1580 4597 1804 4638 munere
1831 4581 2003 4638 dona-

389 4671 542 4746 .um,
595 4665 872 4756 quamvis
913 4667 970 4732 et
1011 4667 1193 4732 indole
1235 4671 1333 4733 sua
1393 4684 1448 4733 et
1505 4663 1710 4744 habitu,
1766 4669 1857 4750 Qui
1889 4675 2000 4734 tum

385 4765 548 4838 erat,
609 4753 699 4825 vix
770 4752 909 4824 alius
968 4755 1318 4847 scripturum
1352 4759 2003 4847 ecclesiasticorumglope

391 4861 604 4920 liberali
671 4857 820 4919 esSet
875 4843 1142 4933 egentior.
1206 4845 1400 4917 Multos
1468 4846 1685 4932 Quidem
1745 4845 2004 4932 patronos

391 4956 462 5012 ad
528 4943 668 5012 banc
731 4969 902 5027 usque
962 4962 1176 5009 aetatem
1222 4968 1331 5009 non
1385 4955 1636 5022 invenit,
1681 4955 1779 5011 sed
1825 4954 1998 5022 duos,

398 5050 490 5121 qui
543 5033 834 5118 multorum
886 5047 1080 5112 instar,
1112 5054 1375 5102 aeternum
1425 5045 1495 5102 de
1536 5061 1602 5103 eo
1651 5055 1705 5101 ct
1747 5047 1895 5103 omni
1941 5062 2012 5104 re-

391 5142 764 5202 ec‘clesiastica
810 5144 1250 5212 promeruerunt,
1303 5137 1641 5195 Franciseum
1685 5139 2000 5195 Balduinum

389 5247 448 5295 et
490 5235 814 5292 Ludovicum
865 5233 932 5288 Ε.
981 5232 1292 5304 Dupini'um.
1343 5231 1480 5287 Nam
1527 5235 1629 5288 nec
1685 5232 2001 5305 Albaspintei

391 5331 482 5388 ed.
543 5333 664 5401 qua:
707 5318 829 5396 post
877 5327 1110 5380 mortem
1153 5321 1269 5394 ejus
1314 5309 1471 5387 l63l,
1507 5322 1728 5392 prodiit,
1762 5335 1861 5380 nec
1885 5323 2000 5381 Me-

386 5417 805 5480 riciC'tt'sauboni
853 5407 1082 5474 Londini
1139 5407 1328 5495 eodem
1384 5429 1526 5470 anno
1582 5411 1717 5470 facta
1765 5417 1990 5472 multum

385 5511 606 5587 proluit.
642 5507 940 5590 lli‘gultianti
975 5505 1228 5564 successu
1276 5507 1469 5561 caruit.
1504 5506 1595 5562 llis
1629 5523 1760 5564 vero
1806 5519 1993 5566 aucto-

381 5611 532 5667 ribus
584 5591 705 5664 duae
771 5588 949 5677 Optati
1015 5589 1314 5659 editionum
1391 5598 1604 5656 familia:
1676 5588 1992 5659 constanter

461 5755 538 5826 (l)
569 5755 642 5808 tta
674 5752 1034 5823 Hieronymus
1070 5749 1122 5811 in
1151 5746 1312 5803 Vilis.

2107 4591 2267 4647 quem
2296 4593 2457 4649 supra
2485 4579 2898 4652 adscripsimus.

2160 4671 2351 4726 Editor
2393 4681 2477 4728 est
2513 4671 2598 4729 Jo.
2651 4673 2957 4741 Cocltlaeus,
2985 4674 3294 4732 Canonicus
3319 4676 3690 4734 Vratislavien-

2105 4762 2397 4829 sis,.Bruni
2448 4764 2751 4832 familiaris,
2798 4767 2955 4838 cujus
3005 4768 3235 4838 epistola
3265 4767 3377 4841 (ad
3410 4769 3685 4826 Arnoldqu

2108 4853 2369 4913 Abbatem
2431 4858 2743 4914 Monasterii
2799 4858 3018 4916 Ordinis
3060 4859 3595 4919 Prmmonstratensis
3634 4861 3684 4917 in

2106 4950 2397 5023 Tongerlo)
2424 4952 2491 5008 de
2520 4955 2791 5024 exemplo,
2824 4970 2890 5009 ex
2921 4970 3028 5027 quo
3059 4953 3199 5027 typis
3227 4953 3556 5029 exscriptum
3595 4955 3680 5010 de-

2101 5043 2182 5099 dit
2218 5043 2493 5115 Optatum,
2518 5046 2760 5117 exponit.
2791 5045 2920 5103 Erat
2961 5062 3157 5120 nempe
3197 5049 3327 5104 illud
3357 5067 3423 5106 ex
3454 5043 3680 5122 boSpitali

2101 5135 2161 5192 S.
2202 5135 2407 5192 Nlcolai
2442 5154 2608 5209 prope
2633 5138 2827 5195 Cusam
2860 5155 2958 5210 per
2985 5127 3436 5210 CltristOphorum
3465 5122 3677 5198 Priorem

2101 5227 2324 5286 fratrem
2348 5230 2612 5287 Cartusiue
2637 5231 2976 5290 Trevirensis
3009 5233 3108 5305 ipsi
3139 5220 3512 5300 transmissum
3540 5235 3678 5305 idque

2106 5335 2172 5376 ex
2199 5321 2419 5394 antiquo
2445 5324 2634 5381 codice
2663 5325 2917 5396 quopiam
2959 5324 3218 5382 mendose
3252 5327 3322 5382 ab
3360 5328 3567 5384 indocto
3601 5325 3676 5380 Li-

2102 5413 2283 5470 brario
2311 5415 2546 5487 (quales,
2576 5416 2745 5486 addit,
2775 5416 2993 5473 fuerunt
3021 5417 3150 5472 olim
3177 5417 3322 5473 servi
3354 5418 3560 5474 litterati
3580 5415 3674 5472 ilo-

2099 5510 2487 5582 nasteriorum)
2535 5512 2817 5582 scriptum,
2866 5520 2922 5567 et
2964 5511 3032 5566 ab
3077 5511 3186 5565 alio
3233 5511 3485 5582 deinceps
3525 5507 3668 5566 multo

2095 5606 2270 5665 adhuc
2317 5610 2629 5667 mendosius
2682 5611 3027 5682 rescriptum.
3060 5611 3361 5682 Acceperat
3409 5603 3664 5682 prmt'e‘red;
