3898 6320
195 268 281 328 871

191 384 292 439 dum
318 380 425 438 aliis
446 377 592 436 libris
617 377 847 437 edendis
894 377 1193 448 insudaret,
1222 381 1326 438 hac
1355 386 1727 442 tantummodo
1752 391 1804 450 Λ

190 477 470 545 conditione,
499 483 555 530 ut
597 473 736 530 intra
779 482 890 531 tres
918 488 1133 532 menses
1162 475 1300 532 bona
1341 476 1448 535 ﬁde
1473 479 1725 537 restitue-

189 581 284 635 ret:
310 565 381 640 (l)
408 574 461 623 ut
485 566 674 623 mirum
712 565 850 623 adeo
874 566 1077 623 nemini
1101 583 1222 625 esse
1247 570 1438 639 possit,
1488 571 1629 641 quod
1671 580 1728 627 et

187 664 276 718 otio
294 663 396 731 ipso
411 669 463 733 et
484 660 602 716 aliis
629 660 1076 732 occupationibus
1088 664 1405 733 praeclusus,
1418 672 1475 720 et
1499 663 1727 721 destitu-

187 767 253 813 tus
292 754 510 817 subsidio
553 754 690 811 alius
728 754 1093 827 exemplaris,
1133 764 1321 826 parum
1365 756 1722 812 emaculatum

184 851 391 921 Optatum
413 847 636 915 dederit,
667 856 827 919 qttem
870 860 935 905 ex
976 850 1122 905 omni
1148 858 1296 920 parte
1319 850 1643 921 completum
1671 860 1727 907 et

182 943 550 1013 redintegratum
608 940 672 996 iri
724 955 849 997 cum
893 940 1244 998 Biblimbeca:
1290 941 1725 999 instructissima:

182 1033 514 1107 Tungerlensis
537 1034 731 1104 copiis,
771 1043 882 1089 tum
910 1033 1138 1090 Abbatis
1165 1035 1333 1106 ipsius
1362 1036 1577 1107 ingenio
1601 1052 1724 1108 spe-

178 1140 243 1185 rat
261 1136 307 1184 et
325 1136 479 1199 optat.
504 1126 907 1197 Completorum
936 1127 1233 1198 speeimina
1275 1130 1326 1185 in
1376 1129 1592 1185 laudata
1623 1130 1721 1186 de-

179 1219 405 1277 dicationc
428 1217 704 1297 Cochlaeus
729 1218 987 1290 prodidit,
1037 1234 1264 1290 quarum
1317 1222 1555 1277 maxima
1600 1236 1723 1291 pars

178 1314 218 1369 in
232 1314 409 1370 litteras
435 1322 487 1370 et
518 1313 755 1386 syllabas
791 1313 936 1370 male
965 1315 1279 1386 conjunctas
1308 1325 1400 1370 aut
1428 1316 1723 1385 disiunctas

176 1409 308 1465 cadit.
334 1408 604 1465 Praemissa
639 1417 769 1464 sttnt
802 1409 857 1465 in
896 1408 1054 1465 titulo
1082 1408 1201 1480 ipso
1245 1410 1579 1482 Hieronymi,
1610 1422 1721 1467 tum

176 1502 285 1559 tituli
319 1502 495 1575 pagina
538 1518 727 1559 aversa
756 1502 1041 1575 Augustini
1070 1514 1259 1560 contra
1306 1504 1720 1562 Parmenianum

175 1583 436 1652 testimonia
463 1604 515 1651 et
542 1595 809 1653 Gerhardi
837 1595 1075 1652 Loriehii
1103 1596 1439 1653 Hadraniarii
1468 1597 1721 1654 Carmina

174 1690 216 1745 in
242 1688 428 1746 laudem
455 1697 510 1746 et
534 1690 1062 1747 commendationem
1092 1690 1294 1762 Optati.
1341 1690 1471 1747 Post
1516 1690 1723 1762 episto-

174 1783 256 1839 lam
291 1785 718 1856 nuncupatoriam
754 1783 1000 1856 sequitur
1045 1782 1434 1856 Compendium
1474 1786 1724 1841 Summa—
1752 1777 1799 1838 B

172 1888 266 1931 nim
305 1890 334 1932 e
375 1875 524 1931 libris
560 1874 741 1947 Optati
788 1885 1102 1947 excerptum
1151 1883 1208 1932 et
1250 1877 1306 1933 in
1353 1876 1589 1948 capitula
1641 1875 1723 1932 di-

171 1980 365 2040 gestum,
386 1969 640 2038 deinceps
664 1968 847 2026 brevis
878 1970 1278 2027 Donatistarum
1316 1968 1616 2026 confutatio
1653 1984 1722 2026 ex

173 2061 319 2117 verbis
337 2060 391 2118 S.
417 2060 700 2133 Augustini
727 2076 891 2132 super
911 2061 1002 2117 Ps.
1035 2076 1145 2118 ιιι
1158 2077 1245 2129 xv,
1269 2072 1377 2119 etc.
1416 2061 1722 2118 Summaria

170 2155 363 2210 Collatio
390 2154 786 2211 Donatistarum
816 2153 884 2209 ad
911 2153 1300 2211 Scltismaticos
1323 2154 1484 2224 hujus
1516 2163 1723 2224 tempo-

169 2246 247 2311 ris,
269 2245 480 2318 denique
508 2244 669 2301 index
688 2259 873 2301 rerum
896 2245 1351 2303 memorabilium.
1378 2245 1563 2317 Neque
1591 2259 1725 2303 vero

169 2336 333 2394 oblitus
350 2348 430 2395 est
456 2336 741 2397 Cochlzeus
768 2337 995 2411 singulis
1015 2338 1171 2396 libris
1197 2348 1513 2412 argumenta
1541 2338 1722 2412 praell-

168 2446 289 2504 gere.

236 2580 241 2581 ,
848 2526 1010 2585 1563.

226 2613 489 2674 Parisiis...
518 2615 652 2677 in-8.
702 2617 882 2691 Optati
912 2617 983 2674 Μ.
1014 2616 1159 2675 Libri
1191 2631 1285 2685 vn,
1314 2617 1382 2675 ad
1413 2617 1727 2676 Parmenio-

171 2708 383 2775 nnm,de
426 2710 732 2767 Schismate
790 2709 1214 2769 Donatistarum.
1264 2739 1337 2752 -—
1387 2711 1725 2783 Quamquam

170 2811 403 2858 auctorem
444 2814 689 2860 nostrum
730 2804 1002 2861 sexcentis
1047 2804 1180 2860 locis
1233 2805 1577 2861 emendatum
1625 2805 1726 2860 hac

169 2896 370 2953 editione
395 2897 522 2955 dare
548 2912 611 2955 se
634 2912 795 2968 posse
820 2897 1136 2968 proﬁteatur
1162 2896 1475 2965 Balduinus,
1493 2912 1724 2970 quorum

170 2989 368 3047 maxima
385 3005 504 3061 pars
525 3006 633 3046 ms.
663 2991 983 3062 exemplari,
1027 2991 1170 3062 quod
1208 2991 1467 3048 utendum
1493 2993 1595 3063 ipsi
1626 2990 1721 3048 deé

168 3079 295 3137 derat
335 3082 579 3139 Clau’dius
628 3083 939 3153 Espencarus
965 3124 980 3151 ,
1038 3083 1321 3157 theologus
1378 3083 1723 3152 Parisiensis,

169 3171 391 3231 debeatur
420 3217 436 3245 ,
489 3191 784 3248 superesse
844 3185 1021 3232 tamen
1070 3190 1178 3231 non
1227 3176 1397 3231 multo
1445 3165 1798 3248 paucioresC

168 3264 307 3335 locos,
332 3270 415 3339 qui
436 3285 631 3342 magna
664 3268 845 3325 mendi
876 3268 1187 3340 suspicione
1215 3268 1480 3336 laborent,
1515 3269 1611 3326 sed
1642 3285 1730 3325 sa-

167 3360 260 3414 nari
283 3360 389 3416 sine
425 3362 629 3418 auxilio
659 3361 858 3419 veteris
897 3360 1042 3429 libri,
1073 3362 1165 3417 vix
1197 3376 1261 3417 ac
1291 3378 1360 3418 ne
1390 3361 1480 3417 vix
1510 3362 1725 3431 quidem

168 3434 341 3520 possint
367 3436 510 3512 recte
538 3453 767 3511 monuit.
798 3454 1067 3522 Quocirca
1110 3452 1279 3511 satius
1306 3450 1457 3510 duxit
1485 3470 1721 3524 prwscn-

168 3542 285 3601 tibus
305 3546 418 3612 frui,
440 3562 599 3619 quam
628 3542 989 3615 committere,
1019 3555 1080 3602 ut
1100 3546 1290 3602 eodem
1319 3547 1591 3618 squalore,
1624 3563 1730 3619 quo

168 3649 296 3694 antea
318 3641 472 3711 plane
499 3641 812 3712 inquinatus
850 3639 1060 3705 fuerat,
1090 3638 1316 3710 Optatus
1356 3638 1727 3697 recnderetur.

169 3727 231 3784 Ac
244 3741 540 3801 speraverat
572 3731 964 3802 aliquantisper
978 3728 1096 3786 fore
1117 3730 1470 3787 utacccderet
1497 3731 1728 3787 alterum

167 3826 520 3885 emendationis
548 3826 864 3899 prmsidium
891 3840 959 3881 ex
999 3825 1187 3881 codice
1214 3824 1440 3881 JOannis
1468 3824 1590 3880 Tilii
1615 3826 1732 3895 epi-

169 3916 289 3987 scopi
320 3918 640 3976 Briocensis.
671 3917 779 3974 Sed
809 3916 953 3991 quod
994 3916 1106 3988 jam
1154 3916 1399 3988 praestari
1441 3932 1547 3972 non
1579 3927 1732 3989 pote-

168 4017 258 4076 rat,
297 4012 359 4067 ab
394 4012 566 4068 altera
614 4008 758 4068 forte
782 4009 1017 4075 editione
1048 4008 1553 4080 exspectarejubet.
1584 4009 1731 4065 Prse-

168 4100 288 4156 misit
322 4102 512 4177 editor
559 4101 849 4175 epistolam
902 4100 971 4157 ad
1038 4099 1124 4156 Jo.
1182 4100 1584 4173 Lentallerium}
1634 4116 1733 4157 an-

166 4191 357 4249 tistitem
409 4178 980 4267 Aquiscinctiensem,
1037 4191 1090 4248 in
1152 4207 1259 4263 qua
1312 4207 1475 4262 super
1535 4193 1733 4265 Optato

166 4294 212 4341 et
247 4288 383 4347 hisce
424 4290 541 4363 ejus
576 4289 732 4346 libris
760 4287 928 4344 multa
955 4286 1213 4359 prmclare
1240 4286 1564 4356 disputavit;
1587 4302 1730 4359 pra:-

166 4389 287 4439 terea
344 4384 718 4461 praelationem
779 4396 811 4437 a
857 4380 942 4438 ιο.
1004 4378 1301 4436 Lucanium
1356 4379 1729 4453 (Calvinum)

166 4476 294 4534 valde
320 4480 578 4550 prolixam
609 4486 667 4535 et
688 4476 851 4533 multa
882 4489 951 4532 ex
982 4474 1130 4531 omni
1163 4489 1221 4531 re
1241 4472 1607 4535 ecclesiastica
1624 4491 1727 4530 una

1101 222 1191 321 ns
1230 264 1291 323 s.
1329 264 1606 325 erraro
1641 265 1923 327 NOTl'l'lA
1958 262 2401 333 LITTERARIA.

3323 286 3428 344 878

1832 387 1935 440 divi
2006 386 2221 445 Martini
2287 390 2521 463 insigni,
2604 392 2743 454 iri-8.
2827 394 3092 453 Delibatio
3158 396 3429 461 Africana:

1830 478 2080 536 Historiae
2138 481 2532 541 Ecclesiastieae
2558 526 2574 553 ,
2623 487 2743 543 sive
2795 485 2972 562 Optati
3017 489 3308 551 Milevitani
3360 498 3427 552 (i-

1828 569 1906 624 bri
1966 585 2095 639 vrt,
2152 573 2221 627 ad
2285 573 2705 649 Parmenianum,
2784 582 2849 637 de
2913 583 3189 640 schismate
3241 586 3425 644 Dona-

1827 665 2081 720 tistarurn.
2131 665 2365 724 Victoris
2413 669 2678 729 Uticensis
2732 670 2853 731 lib'ri
2904 686 2997 743 ιιι,
3053 678 3120 735 de
3166 696 3424 751 persecu~

1826 757 1974 813 tione
1996 757 2284 816 Vandalica
2308 760 2361 815 in
2384 762 2562 819 Africa
2579 808 2592 830 ,
2614 776 2735 820 cum
2764 763 3206 829 annotationibus
3228 762 3295 831 ex
3326 772 3421 833 Fr.

1825 850 2069 907 Balduiui
2096 846 2193 910 JC.
2216 852 2637 933 Commentariis
2687 846 2868 918 rerum
2901 854 3422 925 Ecclesiasticai‘om.

1897 947 2068 1016 Quem
2097 951 2336 1007 sexentis
2364 938 2554 1009 saltem
2587 955 2719 1011 lucis
2746 950 3090 1017 emendatum
3122 950 3286 1034 priori
3322 967 3421 1023 dc-

1824 1038 1980 1099 derat
2007 1042 2246 1101 editione
2269 1044 2523 1116 Optatum
2550 1048 2867 1117 Balduinus,
2918 1071 3060 1112 nunc
3104 1074 3208 1114 non
3254 1062 3426 1117 multo

1825 1134 2166 1203 paucioribus
2219 1147 2502 1209 purgatum
2545 1143 2757 1200 mendis
2797 1160 2864 1201 ex
2911 1150 3078 1205 altera
3108 1150 3207 1207 bac
3238 1169 3426 1211 recen-

1822 1226 1977 1293 sione
2004 1229 2219 1299 prodire
2265 1230 2522 1299 afﬁrmat,
2577 1234 2788 1293 duobus
2841 1254 2973 1296 mss.
3022 1245 3424 1315 exemplaribus

1822 1319 2073 1388 subnixa,
2101 1338 2328 1394 quorum
2356 1326 2586 1383 alterum
2615 1322 2701 1385 Jo.
2730 1329 2869 1386 Tilio
2906 1350 2992 1405 cp.
3020 1334 3306 1407 Meldeusi,
3341 1342 3423 1396 al-

1825 1421 1999 1468 terum
2015 1413 2258 1472 Macerco
2275 1415 2440 1473 Iheol.
2456 1418 2747 1478 Parisiensi
2763 1423 3007 1495 deberet,
3030 1430 3114 1486 vel
3144 1430 3221 1488 sic
3246 1442 3423 1490 tamen

1824 1502 2054 1559 multum
2079 1506 2306 1574 abesse,
2342 1517 2398 1564 ut
2425 1526 2569 1567 nunc
2601 1514 2815 1570 tandem
2863 1516 2915 1573 in
2968 1519 3234 1593 integrum
3267 1526 3426 1595 plane

1822 1598 2103 1655 restitutus
2130 1600 2236 1655 dici
2271 1605 2439 1673 possit
2460 1605 2747 1677 judicans;
2791 1610 2956 1667 immo
2982 1616 3105 1685 l‘eci,
3139 1616 3336 1689 inquit,
3367 1630 3427 1676 ut

1822 1690 2133 1748 lacunarum
2153 1702 2294 1750 nota:
2318 1696 2642 1768 indicarent,
2690 1703 2898 1775 aliquot
2948 1706 3097 1765 locos
3132 1726 3425 1782 superesse

1825 1781 2118 1839 etiamnum
2147 1787 2384 1843 mutilos.
2422 1788 2570 1847 Libri
2600 1796 2814 1864 septimi
2860 1798 3083 1869 paginas
3111 1781 3422 1875 complures

1823 1874 2135 1968 deliCientes
2162 1878 2431 1937 Tiliauum
2463 1876 2741 1954 exemplar
2767 1890 3089 1961 supplebat,
3119 1904 3173 1951 et
3201 1874 3319 1968 qua:
3366 1900 3420 1955 in

1824 1967 1929 2025 isto
1942 1970 2351 2030 desiderabatur
2365 1991 2488 2046 pars
2502 1970 2795 2050 postrema,
2811 1992 2928 2039 eam
2944 1967 3272 2059 exemplaria
3297 2008 3356 2047 sn
3369 2009 3428 2063 p-

1826 2062 2157 2133 peditabant.
2184 2066 2430 2125 Balduiui
2456 2068 2833 2132 adnotatioues
2878 2076 2945 2133 ad
2974 2079 3214 2152 singulos
3244 2062 3422 2155 Optati

1826 2158 1995 2214 libros
2022 2159 2167 2216 solas
2198 2160 2451 2219 historias
2478 2164 2871 2226 ecclesiaSticas
2900 2184 3163 2243 spectant,
3194 2193 3422 2246 quarum
3456 2170 3463 2171 ί

1825 2250 2053 2308 miriﬁce
2080 2251 2314 2309 callidus
2340 2253 2431 2311 ille
2460 2256 2577 2313 fuit.
2616 2256 2682 2315 Ut
2707 2276 2836 2316 vero
2886 2263 3096 2335 plenior
3133 2269 3296 2325 simul
3336 2271 3427 2330 hic

1827 2346 2226 2407 Donatistarum
2255 2350 2478 2408 historia
2525 2354 2833 2413 hauriretur
2876 2370 2929 2415 et
2976 2360 3170 2432 Optato
3207 2364 3425 2424 abunde

1827 2440 2137 2509 satislieret,
2178 2442 2441 2515 integram
2487 2449 2881 2517 expositionem
2932 2452 3317 2525 disputationis
3356 2460 3425 2516 de

1828 2532 2071 2591 Ecclesia
2117 2536 2170 2591 in
2199 2547 2470 2593 conventu
2508 2539 2939 2613 Carthaginiensi
2979 2547 3110 2603 olim
3159 2564 3427 2619 praesente

1826 2620 2127 2697 Augustino
2171 2630 2326 2685 annis
2372 2630 2577 2702 aliquot
2621 2643 2756 2703 post
2793 2644 3021 2691 mortem
3068 2638 3249 2710 Optati
3301 2661 3426 2701 cum

1828 2720 2123 2777 Donatistis
2180 2712 2413 2790 habitae,
2487 2740 2647 2797 quam
2697 2730 2853 2785 annis
2901 2734 3272 2801 superioribus
3322 2740 3425 2796 sub

1828 2810 1985 2869 titulo
2034 2812 2281 2869 Historia:
2336 2814 2640 2872 Collationis
2687 2818 3080 2893 Cutlmginensis
3134 2831 3421 2896 separatim

1828 2904 2088 2973 ediderat,
2132 2906 2311 2962 denuo
2353 2908 2682 2980 recognitam
2727 2912 2963 2982 adjecit,
3022 2915 3280 2974 detractis
3330 2921 3419 2987 iis,

1829 3012 1949 3068 quas
1988 2998 2054 3053 ad
2075 3014 2188 3053 rem
2232 2997 2407 3053 minus
2434 3001 2705 3069 pertinere
2753 3003 3091 3074 videbantur,
3121 3025 3345 3082 qtueque
3375 3014 3427 3069 in

1828 3089 2107 3144 Calvinum
2132 3100 2186 3145 et
2206 3091 2399 3146 Bezam
2429 3090 2718 3151 fervidiore
2746 3096 2929 3153 animo
2952 3103 3391 3171 tpronnniaverat
3411 3149 3425 3170 ,

1831 3191 1888 3238 et
1915 3184 2236 3255 conscriptis
2260 3185 2423 3241 simili
2463 3187 2673 3251 ratione
2705 3189 2755 3244 in
2780 3189 3051 3248 Victorem
3081 3197 3424 3268 prolegome-

1832 3275 1936 3330 nis.
1983 3275 2118 3331 llinc
2166 3270 2352 3333 libello
2396 3279 2605 3335 titulum
2638 3280 2808 3338 fecit:
2844 3281 3097 3341 Delibatio
3133 3288 3249 3361 Afr.
3288 3270 3425 3349 Hist.

1831 3365 1975 3422 Eccl.
1995 3369 2343 3440 Nequealiam
2367 3372 2437 3428 ob
2466 3388 2705 3442 causam,
2727 3382 2782 3431 ut
2801 3379 3227 3446 quaminvidiam
3257 3386 3425 3441 velte-

1831 3461 2111 3516 tnentioris
2139 3462 2455 3518 invectionis
2483 3474 2539 3520 et
2570 3466 2750 3522 nimia:
2778 3469 2830 3523 in
2866 3467 3164 3529 Calvinium
3192 3468 3427 3533 acrimo-

1831 3553 1936 3610 nia:
1964 3542 2245 3626 ell'ngeret',
2278 3572 2584 3615 sermonem
2616 3558 2907 3641 prolixum,
2941 3579 3048 3636 quo
3100 3569 3265 3640 priori
3312 3574 3426 3629 edi-

1833 3647 1960 3702 tioni
2015 3647 2270 3718 praefatus
2327 3661 2471 3719 erat,
2523 3652 2711 3723 procul
2771 3654 2841 3711 ab
2901 3655 3001 3713 hac
3074 3675 3196 3718 esse
3237 3654 3425 3735 jussit,

1830 3739 1962 3794 satis
2010 3755 2279 3812 superqtte
2310 3756 2453 3821 esse
2499 3743 2746 3814 inquiens
2796 3747 2995 3804 editam
3035 3766 3134 3808 suo
3185 3763 3429 3828 tempore

1830 3832 2001 3889 semel
2054 3832 2257 3901 fuisse,
2304 3834 2531 3906 ejusque
2570 3836 2675 3892 locl
2717 3838 2878 3895 aliam
2920 3841 2986 3897 ad
3028 3842 3258 3904 lectores
3301 3868 3429 3907 ora-

1832 3926 2125 3983 tiunculam
2181 3928 2479 3984 substituit.
2540 3929 2879 4004 Nuncupavit
2942 3935 3132 3993 librum
3189 3940 3429 4015 Casparo

1831 4019 2097 4076 Barcltiuo
2127 4018 2210 4076 lC.
2240 4030 2294 4077 et
2322 4036 2605 4079 Causarum
2636 4022 2997 4083 criminalium
3029 4026 3201 4089 Judici
3232 4031 3429 4094 Medio-

1833 4114 2063 4171 lanensi.

1904 4207 2164 4277 Parisiis,
2218 4225 2307 4279 ap.
2364 4207 2529 4267 Mich.
2599 4211 2856 4269 Sonnium
2887 4256 2903 4285 ,
2958 4218 3051 4273 sub
3125 4232 3269 4279 scuto
3322 4223 3429 4282 Ba-

1830 4301 2043 4366 siliensi‘,
2067 4303 2147 4356 uia
2174 4299 2434 4371 Jacoba-a,
2463 4300 2597 4361 iri-8.
2638 4302 2840 4363 Eadem
2874 4302 3096 4380 prorsus
3124 4329 3245 4372 cum
3288 4304 3429 4390 pta)-

1831 4396 2086 4460 cedente;
2111 4393 2525 4466 bibliopolarum
2551 4399 2862 4459 numinibus
2888 4414 3092 4463 tantum
3117 4398 3391 4470 differunt.

2551 4490 2712 4547 1599.

165 4585 263 4628 cum
282 4548 386 4631 acri
412 4573 628 4632 Calvini
660 4570 1063 4643 impugnatione
1101 4569 1495 4661 complectente
1518 4609 1535 4637 ,
1567 4585 1726 4661 quam
1756 4548 1807 4609 D
1902 4573 1988 4631 Ex
2010 4568 2320 4651 BibliOpolio
2373 4578 2674 4640 Commelin.
2710 4553 2844 4643 iri-8.
2893 4580 3069 4661 Optati
3122 4594 3268 4653 Libri
3324 4600 3433 4660 Se;

167 4663 209 4718 in
234 4666 454 4731 editione
497 4666 673 4723 altera
712 4663 966 4721 resecuit.
1012 4660 1153 4718 Num
1202 4676 1333 4718 vero
1388 4659 1555 4732 priori
1608 4660 1731 4718 huic

165 4755 359 4814 editioni
388 4758 690 4816 Balduinus
709 4755 997 4828 septimum
1039 4752 1152 4824 jam
1199 4752 1392 4808 librum
1440 4749 1730 4820 addiderit,

167 4849 289 4905 nullo
307 4851 517 4922 quidem
545 4848 682 4907 satis
707 4856 856 4906 certo
877 4846 1080 4903 indicio
1095 4860 1424 4918 cognoscere
1441 4847 1588 4916 potui
1619 4846 1729 4919 (2);

164 4955 263 4997 cum
285 4940 467 5015 prima:
497 4942 662 5013 hujus
691 4938 937 4997 Balduiui
959 4937 1213 4995 editionis
1238 4947 1382 4993 tanta
1413 4937 1484 4993 sit
1511 4940 1729 5006 raritas,

166 5034 289 5092 utne
306 5035 573 5109 Catalogis
610 5034 827 5107 quidem
870 5028 1324 5089 Bibliothecarum
1372 5029 1736 5104 locupletissi-

167 5140 347 5184 marum
378 5126 589 5185 laudari
615 5142 734 5185 eam
760 5123 1125 5183 meminerim.

927 5220 1019 5276 69.

927 5222 1019 5276 69.

224 5314 428 5376 Parisiis
471 5317 618 5391 apud
651 5222 927 5373 Claudat:
958 5309 1173 5385 Fremy,
1214 5313 1297 5371 uia
1325 5302 1591 5384 Jacobaza,
1643 5302 1737 5372 sub

225 5500 297 5573 (l)
335 5501 445 5559 Hoc
467 5499 624 5573 addit
647 5498 702 5573 in
730 5496 1102 5555 admonitione
1142 5495 1210 5554 ad
1263 5496 1571 5564 Lectorem,
1620 5512 1742 5568 quae

168 5570 439 5635 ad‘caleem
471 5570 609 5639 libri,
634 5572 846 5627 visitur.
1206 5638 1237 5639 η
1279 5604 1281 5607 ι

228 5643 300 5715 (2)
339 5647 508 5714 Quem
538 5641 917 5715 iDupinius‘et
956 5655 1032 5715 ex
1080 5653 1148 5695 eo
1199 5638 1552 5715 Fabriciusin
1602 5640 1738 5715 Dibl.

169 5710 291 5770 Med.
315 5710 494 5772 et'lnl'.
529 5710 656 5772 Lat;
682 5713 770 5770 ed.
792 5710 994 5777 Mansi,
1017 5719 1059 5765 t.
1086 5726 1141 5777 ν,
1174 5727 1228 5781 p.
1276 5713 1401 5781 l70,
1441 5711 1742 5768 minutiori-

169 5784 255 5842 bus
325 5788 466 5862 typis
533 5787 865 5859 exscriptum
928 5782 1063 5841 dicit
1122 5782 1319 5841 librum
1403 5781 1694 5857 septimum
1725 5826 1741 5855 ,

1831 4669 1900 4726 tle
1930 4669 2231 4729 schismate
2258 4672 2657 4732 Donatistarum
2689 4674 2947 4739 adversus
2989 4684 3428 4766 Parmenianum,

1835 4761 2003 4818 multo
2029 4777 2188 4835 quam
2213 4765 2440 4822 antehae
2465 4768 2885 4830 emendatiores.
2916 4778 3160 4837 Accessit
3197 4761 3430 4845 Collatia

1834 4854 2274 4929 Carthaginensis
2296 4859 2438 4917 inter
2457 4861 2766 4921 Catltolicos
2787 4876 2841 4923 et
2868 4867 3173 4932 Donatistas
3199 4879 3301 4935 sub
3322 4870 3430 4938 lle-

1837 4950 1993 5007 norio
2015 4950 2147 5022 imp.

1907 5040 2152 5137 Balduiui
2188 5051 2273 5100 est
2312 5048 2562 5137 recensio
2601 5050 2959 5136 prima‘unde
2997 5059 3159 5118 etiam
3204 5054 3432 5137 epistola

1837 5134 1903 5190 ad
1931 5135 2264 5207 Aquisciuct.
2291 5132 2488 5198 Antist.
2516 5133 2904 5217 nuncupaturia
2929 5148 3119 5212 iterum
3139 5132 3433 5234 exscripta.

1838 5228 1982 5286 Inest
2010 5231 2171 5287 etiam
2200 5231 2296 5290 lib.
2326 5244 2420 5303 vn,
2454 5236 2575 5293 licet
2606 5253 2634 5293 a
2667 5234 3006 5303 titulo'ahsit.
3037 5249 3300 5319 Quocirca
3320 5228 3436 5315 non

1838 5323 1994 5381 vanis
2030 5322 2470 5397 augurationibus
2496 5322 2757 5404 suspicari
2787 5338 2943 5395 nobis
2974 5332 3219 5403 videmur
3250 5350 3437 5421 prima:

1848 5502 2028 5597 editio
2086 5505 2444 5597 alteraunou.
2484 5512 2571 5597 ita.
2620 5513 2870 5597 profert,
2924 5519 3022 5576 sed
3087 5524 3254 5583 simili
3298 5530 3447 5591 litte-

1849 5589 2034 5659 rarum
2090 5593 2216 5665 ac“
2247 5580 2469 5665 reliqui_
2515 5580 2640 5665 libri
2706 5580 2911 5665 genere
2983 5580 3267 5665 extensum.
3298 5580 3447 5663 ’Ἣιι

1850 5654 2310 5776 prigam'igitur,
2366 5654 2411 5711 si
2455 5654 2636 5723 lubet,
2703 5654 2819 5714 haec
2878 5659 3091 5734 Dttpinii
3152 5654 3313 5729 verba
3362 5654 3455 5739 Fc“.

1870 5735 1929 5775 cr
1997 5759 2011 5775 .
