3898 6320
195 356 285 416 881
1152 365 1237 423 DE
1274 366 1332 423 S.
1373 363 1646 423 OP'I‘ATO
1681 364 1786 423 NO'

1896 368 1959 425 [Α
2001 369 2369 428 LITTERAM
2391 377 2441 426 \.

909 481 1071 538 1679.

260 570 437 630 Paris.
468 572 674 648 Sumpt.
700 574 821 630 Ant.
848 574 1126 642 Deznllier,
1153 577 1207 631 in
1255 562 1378 631 Vico
1407 575 1786 632 δαῖε-,ιασοὸωο

193 667 260 720 ad
278 665 539 722 Coronam
568 685 798 723 auream.
834 668 890 726 S.
926 667 1102 739 Optati
1144 669 1212 722 Μ.
1243 669 1305 723 Ε.
1332 667 1507 739 Opera
1531 684 1652 724 cum
1686 669 1787 725 ob-

192 759 585 817 servationibus
606 772 659 819 et
691 764 830 818 notis
862 763 1084 834 integris
1127 764 1193 820 G.
1235 763 1561 834 Albaspintei
1603 765 1667 820 A.
1696 765 1782 831 E.,

195 854 386 910 Franc.
440 856 690 911 Balduini
728 856 1037 926 Jc.,Gasp.
1079 857 1318 924 Barthii,
1361 858 1540 915 Merici
1585 840 1788 914 Casau;

195 947 316 1002 boni
336 990 352 1014 ,
381 957 486 1004 etc.
522 948 800 1022 Philippus
829 949 1072 1005 Priorius
1101 951 1477 1008 annotationes
1504 961 1558 1006 et
1590 952 1788 1021 praefa-

192 1039 364 1095 tiones
410 1040 627 1110 adjecit.
675 1040 952 1098 Accedunt
997 1040 1236 1096 Facundi
1284 1043 1684 1099 llermianensis
1718 1041 1784 1098 E.

191 1146 286 1203 pro
307 1131 482 1188 tribus
513 1133 774 1204 Capitulis
795 1133 1012 1191 concilii
1039 1135 1294 1190 Chalced.
1329 1135 1477 1191 Libri
1517 1151 1590 1190 sn
1616 1149 1784 1202 ,‘eum

189 1226 629 1282 annotationibus
655 1227 771 1282 Jac.
825 1226 1100 1282 Sirmondi
1130 1227 1188 1284 S.
1232 1227 1274 1282 1.
1307 1236 1366 1283 et
1397 1228 1516 1298 ejus
1543 1227 1785 1284 Facundi

188 1316 480 1389 Opuscula.
514 1318 652 1375 Huic
692 1315 906 1391 quoque
945 1319 1171 1376 editioni
1210 1320 1437 1391 adjectae
1484 1328 1612 1376 sunt
1643 1321 1780 1379 Gab.

188 1410 519 1482 Albaspinsei
570 1411 981 1470 observationes
1030 1413 1446 1482 ecclesiasticae,
1495 1429 1620 1471 cum
1661 1415 1787 1471 aliis

187 1503 431 1574 ejusdem
461 1505 742 1575 operibus.

255 1597 474 1653 Titulus
502 1600 636 1655 satis
657 1642 672 1668 ,
697 1616 818 1672 qua:
847 1601 1006 1673 hujus
1033 1601 1289 1659 editionis
1322 1602 1478 1660 dotes
1502 1612 1665 1672 sunt,
1687 1620 1785 1661 ex-

187 1691 405 1761 posuit;
437 1692 622 1761 paucis
647 1708 778 1764 ergo
798 1693 1019 1766 defungi
1050 1695 1252 1751 licebit.
1276 1695 1481 1751 Textus
1504 1697 1788 1769 estprimae

187 1787 521 1842 recensionis
548 1787 792 1847 Balduini
813 1831 830 1857 ,
859 1805 956 1846 seu
983 1790 1162 1860 potius
1203 1805 1461 1860 expressa
1492 1799 1576 1846 est
1619 1789 1785 1846 editio

3379 376 3488 434 88?.

1813 485 2060 546 ADUPIN
2118 486 2323 558 (Sacrae
2393 487 2518 542 Fac.
2579 486 2754 543 Paris.
2807 503 2906 544 nec
2975 504 3081 545 non
3143 490 3283 546 Phil.
3340 490 3487 547 Pref.

1893 578 2051 650 Reg.)
2083 596 2204 635 cum
2241 581 2482 650 ejusdem
2532 584 2695 649 notis,
2737 592 2797 638 ut
2833 595 2886 639 ct
2929 584 3069 640 Gall.
3115 586 3440 655 Albaspinmi
3469 628 3484 656 ,

1889 671 2021 728 Mer.
2046 673 2350 729 Casauboni
2372 717 2384 739 ,
2414 675 2578 745 Gasp.
2630 677 2830 732 Barthii
2879 686 2934 734 et
2973 679 3200 734 aliorum
3223 721 3239 747 ,
3271 680 3491 751 singulis

1889 766 2092 838 paginis
2117 767 2170 820 in
2195 767 2292 820 huc
2314 768 2536 822 editione
2559 770 2818 840 subjectis.

1964 857 2192 912 Praestat
2243 857 2359 914 lucc
2412 859 2606 914 iterata
2660 861 2957 930 Dupiniana
3010 863 3368 920 Parisiensem
3423 877 3490 918 eo

1889 951 2112 1018 saltem,
2169 952 2314 1022 quod
2357 963 2511 1008 notas
2556 955 2913 1025 Alhaspinzei,
2962 956 3093 1015 Mer.
3137 956 3439 1012 Casauboni
3467 998 3483 1023 ,

1889 1043 2051 1116 Gasp.
2111 1045 2312 1101 Barthii
2364 1058 2417 1103 et
2459 1048 2688 1103 selectas
2736 1049 2929 1105 incerti
2982 1051 3128 1106 illius
3173 1051 3492 1122 scriptoris,

1889 1153 2021 1209 quas
2051 1138 2140 1194 illa
2170 1154 2291 1194 cum
2323 1141 2548 1211 reliquis
2573 1141 2914 1198 uberioribus
2945 1143 3187 1197 Balduini
3215 1153 3271 1198 et
3299 1143 3492 1200 Albas-

1889 1231 2050 1302 pintei
2073 1232 2544 1287 observationibus
2570 1232 2636 1288 ad
2684 1233 2887 1289 calcem
2919 1235 3220 1305 rcjecerat,
3263 1234 3490 1305 singulis

1888 1323 2068 1378 statim
2099 1325 2306 1395 paginis
2354 1334 2474 1395 post
2512 1326 2723 1397 Dupiuii
2767 1327 2936 1398 ipsius
2989 1327 3493 1383 animadversiones

1889 1414 2127 1470 exhibet.
2158 1415 2406 1488 Quinque
2433 1416 2649 1473 codices
2697 1419 2927 1490 Dupinio
2973 1419 3027 1474 in
3069 1419 3311 1475 sanando
3339 1428 3492 1474 textu

1891 1514 2090 1575 praesto
2129 1515 2320 1575 erant,
2366 1524 2584 1573 quorum
2611 1510 2832 1582 apejvix
2881 1509 2986 1564 dici
3034 1519 3229 1583 potest,
3283 1511 3489 1583 inquit,

1889 1606 2022 1668 quot
2073 1597 2191 1654 loca
2242 1600 2670 1668 restituerimus;
2726 1612 2982 1672 corrupta
3042 1603 3492 1672 emendavitnns,

1891 1690 2067 1746 laxata
2108 1692 2220 1747 suis
2261 1694 2600 1749 restituimus
2649 1695 2786 1750 locis
2808 1737 2823 1760 ,
2853 1697 3052 1751 omissa
3083 1698 3491 1768 supplevimus,

1891 1783 2159 1839 adscititia
2191 1786 2587 1853 resecavitnus,
2617 1803 2726 1841 uno
2756 1788 2944 1851 verbo,
2978 1799 3157 1844 textus
3181 1789 3360 1859 Optati
3393 1803 3492 1844 na-

187 1877 708 1951 Lugduno-Batava,
762 1883 833 1937 ita
885 1891 1098 1950 tamen,
1146 1891 1204 1938 ut
1262 1892 1402 1938 noun
1448 1883 1786 1954 singulorum
1818 1880 1862 1940 B
1894 1876 2001 1931 tivo
2025 1876 2301 1946 Splendori
2330 1879 2837 1948 restitutusintcger
2863 1889 2918 1935 et
2941 1879 3258 1936 emendatus
3291 1879 3489 1949 prodit.

185 1988 308 2029 cum
340 1975 525 2044 aliquo
552 1974 772 2031 lectoris
799 1975 1088 2030 commodo
1117 1974 1287 2031 textui
1329 1975 1512 2030 statim
1558 1974 1788 2045 subjun-

192 2075 294 2120 ctre
322 2065 464 2132 sint,
498 2066 728 2135 primum
777 2068 1067 2138 separatim
1118 2067 1349 2131 Priorii,
1380 2078 1491 2122 tum
1545 2067 1786 2136 reliquo-

186 2173 331 2214 rum.
381 2158 620 2214 Historia
669 2157 808 2214 Coll.
863 2157 1050 2215 Cartb.
1092 2159 1340 2214 Balduini
1385 2160 1451 2213 ad
1501 2159 1789 2227 exemplar

187 2251 424 2320 primum
449 2266 539 2305 an.
572 2251 741 2318 1566,
784 2252 1013 2308 seorsim
1055 2252 1262 2307 editum
1311 2260 1366 2306 et
1392 2251 1478 2306 Jo.
1511 2251 1648 2306 Tilio
1685 2249 1788 2320 Ep.

185 2341 449 2415 Heldensi
480 2343 796 2413 inscriptum
821 2385 836 2409 ,
890 2344 1164 2415 proposita
1205 2350 1312 2398 est.
1367 2343 1788 2398 Observationes

190 2412 516 2506 Albaspinzei
563 2412 947 2490 ecclesiasticae
995 2412 1120 2506 post
1168 2434 1479 2490 Facundum
1525 2443 1652 2490 sunt
1697 2449 1787 2490 re-

186 2527 369 2598 jeetaz.
403 2524 670 2582 Caeterum
695 2525 814 2583 hmc
837 2527 1006 2584 editio
1033 2535 1093 2583 ut
1117 2527 1441 2583 Parisiensis
1468 2527 1716 2598 superior
1735 2533 1792 2581 et

190 2617 685 2690 Lugduno—Batava
708 2620 864 2676 unice
893 2620 1127 2677 librariis
1163 2621 1396 2691 quaestui
1434 2634 1532 2676 suo
1569 2621 1786 2691 prospi-

186 2712 462 2768 cientibus
487 2712 718 2768 debetur
745 2721 802 2768 et
827 2712 970 2768 Phil.
999 2711 1242 2768 Priorius
1262 2715 1450 2783 operis
1480 2711 1652 2768 forma
1675 2713 1786 2783 jam

186 2805 467 2875 descripta
496 2804 565 2860 de
603 2805 896 2861 collatione
923 2806 1099 2876 aliqua
1143 2805 1360 2861 demum
1408 2806 1788 2876 interpellatus

185 2906 290 2953 est.
345 2896 528 2965 Quid?
567 2898 709 2969 quod
738 2913 838 2954 nec
867 2898 971 2953 alia
1002 2897 1070 2953 de
1095 2913 1260 2954 causa
1298 2898 1610 2954 Facundum
1641 2897 1790 2968 adje-

186 2999 384 3046 ccrunt
407 3005 569 3060 quam
599 3000 655 3044 nt
681 2992 778 3044 hac
803 2995 976 3063 forma
1019 2991 1187 3045 editus
1220 2989 1442 3056 Optata:
1467 2993 1631 3063 justo:
1671 3006 1787 3043 nta-
1836 2993 1844 2999 '

185 3084 477 3157 gnitudinis
499 3101 626 3157 opus
647 3085 923 3140 videretur.
954 3085 1092 3142 Sunt
1119 3085 1312 3140 Priorii
1332 3087 1500 3156 ipsius
1519 3086 1576 3141 in
1602 3085 1790 3140 admo-

184 3176 398 3231 nitione
421 3177 485 3228 ad
517 3176 580 3231 L.
607 3178 793 3233 verba.
825 3177 971 3234 Bene
1002 3178 1054 3233 in
1087 3176 1227 3232 hanc
1269 3193 1383 3234 rem
1418 3177 1652 3234 Mericus
1677 3176 1784 3234 Ca-

1896 1968 2178 2026 Variantes
2227 1971 2487 2028 lectiones
2531 1973 2817 2029 commode
2864 1975 3152 2044 separatim
3187 1991 3214 2029 a
3248 1977 3389 2031 notis
3437 1975 3492 2030 in

1894 2064 2002 2120 line
2045 2066 2467 2136 uniuscujusque
2524 2067 2732 2138 paginae
2784 2067 3069 2139 adscriptae
3132 2078 3289 2136 sunt;
3346 2068 3489 2123 bono

1893 2160 2057 2216 etiam
2100 2161 2331 2216 consilio
2379 2170 2556 2216 textus
2614 2162 2666 2216 in
2722 2163 2982 2218 articulos
3025 2172 3080 2218 et
3127 2163 3493 2234 paragraphos

1892 2251 2184 2307 diStinctus
2227 2261 2339 2318 est,
2392 2251 2646 2308 brevibus
2691 2256 3025 2324 argumentis
3074 2253 3142 2308 ad
3192 2256 3491 2326 marginem

1891 2345 2174 2416 appositis.
2207 2345 2373 2402 Notas
2395 2346 2462 2402 de
2483 2361 2581 2402 suo
2613 2345 2820 2402 addidit
2847 2347 3023 2402 editor
3053 2362 3249 2418 paucas
3279 2356 3337 2404 et
3363 2348 3490 2404 bre-

1894 2453 2020 2504 ves,
2054 2447 2168 2493 tum
2196 2454 2323 2494 vero
2353 2439 2694 2510 superiorum
2725 2440 2994 2496 editorum
3015 2483 3028 2508 ,
3057 2451 3163 2495 tam
3209 2457 3336 2510 eas,
3370 2458 3491 2514 qua:

1893 2532 1960 2588 ad
1991 2542 2196 2589 textum
2225 2534 2600 2590 illustrandum
2643 2535 2887 2604 proxime
2927 2546 3280 2606 spectarent,
3323 2553 3487 2608 quam

1891 2626 2187 2695 ampliores
2243 2627 2376 2682 istos
2427 2626 2494 2680 ad
2542 2627 2848 2681 universam
2897 2643 3010 2682 rem
3057 2627 3482 2684 ecclesiasticam

1891 2720 2226 2792 pertinentes
2275 2719 2522 2776 Balduini
2552 2728 2610 2777 et
2655 2721 2985 2792 Albaspinaei
3021 2723 3444 2778 commentarios
3470 2763 3488 2790 ,

1891 2821 2210 2883 repurgatos
2239 2813 2307 2869 ab
2335 2814 2634 2870 innumeris
2661 2813 2870 2869 mendis
2899 2815 3299 2886 typographicis
3319 2856 3334 2881 ,
3361 2830 3488 2886 quae

1892 2906 1946 2962 in
1977 2905 2304 2976 AlbaSpinrei
2355 2915 2412 2962 et
2459 2907 2656 2962 Priorii
2699 2907 3030 2977 irrepserunt
3069 2907 3257 2962 libros.
3291 2906 3491 2963 Prlorii

1894 3006 2036 3054 notae
2055 3039 2070 3062 ,
2095 2997 2239 3068 quod
2272 2998 2492 3053 inutiles
2515 3012 2706 3054 omnes
2735 2997 3070 3062 viderentur,
3097 2998 3312 3053 omisste
3341 3004 3489 3053 sunt.

1894 3091 2178 3148 Variorum
2237 3103 2395 3148 notas
2449 3094 2726 3162 excipiunt
2777 3102 3126 3148 monumenta
3180 3099 3361 3146 vetera
3417 3090 3486 3146 ad

1892 3184 2028 3240 Hist.
2061 3185 2460 3243 Donatistarum
2491 3184 2845 3255 pertinentia,
2879 3192 2991 3238 tum
3014 3184 3082 3238 ab
3110 3182 3308 3253 Optato
3337 3183 3479 3253 ipso,

183 3271 466 3327 saubonus
491 3271 544 3325 in
573 3271 723 3341 praef.
757 3271 846 3327 ed.
879 3270 1055 3327 Lond.
1097 3288 1110 3324 ί
1142 3271 1221 3326 ΕΟ
1243 3271 1354 3341 iam
1384 3287 1472 3326 res
1503 3271 1787 3336 rediil.in-
1815 3275 1861 3338 C
1896 3286 2005 3333 tum
2036 3277 2106 3334 ab
2130 3277 2457 3332 editionibus
2487 3277 2864 3348 superioribus
2887 3276 3099 3345 adjecta
3124 3275 3177 3330 et
3206 3276 3308 3330 hac
3337 3288 3482 3330 nova

185 3364 301 3434 quit
323 3405 339 3430 ,
375 3373 436 3417 ut
460 3363 579 3418 libri
613 3380 717 3418 non
747 3379 846 3419 usu
874 3364 1233 3432 arstimentur,
1265 3364 1360 3420 sed
1403 3364 1546 3420 mole
1572 3372 1629 3419 et
1654 3379 1787 3433 pon-

183 3456 356 3522 dere;
381 3472 448 3512 eo
479 3458 733 3514 meliores
760 3460 978 3528 utique,
1009 3473 1118 3532 quo
1140 3459 1397 3530 majores.
1431 3459 1658 3514 Habitus
1687 3474 1790 3515 ex-

183 3558 378 3604 ternus
409 3551 567 3620 hujus
596 3551 684 3606 ed.
724 3549 1014 3608 admodum
1064 3554 1286 3622 elegans
1337 3562 1422 3608 est
1461 3559 1517 3607 et
1560 3550 1785 3609 nitidus.

181 3641 461 3698 Caeterum
504 3658 605 3698 nec
636 3643 876 3699 Prinrius
926 3659 1082 3712 novae
1129 3645 1354 3700 editioni
1400 3658 1432 3698 a
1480 3644 1789 3716 typotheta-

182 3749 299 3791 rum
330 3735 545 3792 mendis
573 3737 788 3793 cavisse
815 3736 1037 3794 dicitur.

909 3850 1072 3907 1700.

248 3962 482 4019 Lutetia:
515 3963 872 4031 Parisiorum,
903 3963 1048 4036 apud
1086 3962 1251 4019 Andr.
1299 3963 1559 4032 Pralrtrd,
1603 3964 1782 4021 in-lol.

181 4054 239 4112 S.
269 4056 461 4127 Optati
495 4057 652 4123 Afri,
704 4057 997 4113 Milevitani
1053 4059 1332 4130 episcopi,
1388 4059 1508 4114 libri
1563 4075 1667 4123 vn,
1717 4059 1787 4116 de

180 4151 484 4206 schismate
514 4151 913 4207 Donatistarum
970 4151 1036 4206 ad
1063 4167 1194 4206 mss.
1228 4151 1444 4207 codices
1471 4159 1527 4208 et
1573 4161 1788 4208 veteres

181 4245 454 4300 editiones
484 4245 701 4311 collati,
746 4253 803 4301 et
849 4247 1149 4302 innumeris
1189 4245 1242 4300 in
1293 4247 1425 4302 locis
1472 4247 1784 4313 emendati;

179 4340 381 4411 quibus
437 4353 716 4396 accessere
761 4339 987 4394 historia
1038 4339 1479 4404 Donatistarum,
1529 4355 1634 4396 una
1662 4354 1785 4396 cum

179 4433 560 4489 monumentis
612 4434 884 4489 veteribus
933 4432 1000 4487 ad
1055 4448 1176 4488 eam
1231 4433 1634 4502 spectantibus;
1686 4448 1789 4490 nec

179 4541 288 4581 non
319 4525 653 4596 geographia
676 4525 1002 4596 episcopalis
1030 4524 1225 4581 Africae
1257 4541 1276 4579 :
1307 4533 1564 4595 Opera‘et
1607 4525 1786 4580 studio

183 4617 448 4674 Lunevrcr
488 4619 687 4672 ELLIES
711 4617 782 4672 du
822 4617 939 4672 Pttv.
967 4615 1088 4672 Cat.
1135 4616 1203 4672 de
1237 4617 1285 4671 la
1316 4617 1454 4672 Bibl.
1488 4615 1610 4672 Roi.
1645 4616 1709 4672 Τ.
1742 4633 1785 4672 ι.

182 4725 239 4782 p.
262 4713 392 4769 571.
421 4711 878 4768 Ρτωειθηιίεείιηθ
928 4711 1045 4767 haec
1083 4711 1252 4766 editio
1297 4713 1413 4781 ipsa
1451 4712 1518 4767 ad
1567 4727 1785 4769 manum

183 4821 292 4864 non
325 4816 447 4877 est,
478 4807 576 4864 sed
601 4809 723 4866 vide
750 4819 1069 4882 sequentem
1099 4808 1580 4883 Antverpiensem.

724 4943 868 5002 διες.
899 4943 1254 5012 XVlll,i7(H.

251 5087 527 5145 Amuelod
541 5132 556 5156 ,
586 5086 768 5145 inJol.
791 5088 1090 5161 Dupiniana
1115 5103 1328 5146 recusa.

463 5264 472 5270 -
913 5223 1074 5280 1702.

179 5321 194 5374 ἶ
251 5320 588 5393 Αηιυετρῐω,
629 5334 718 5390 ap.
757 5317 824 5374 G.
849 5318 1021 5375 Gallet
1048 5319 1216 5391 Prwf.
1263 5318 1641 5392 Typographite
1669 5318 1789 5374 Hu-

179 5427 549 5489 guetanorum.
578 5415 637 5470 S.
660 5413 784 5486 Opt.
815 5413 880 5470 A.
909 5416 979 5471 Μ.
1010 5415 1072 5471 Ε.
1105 5414 1173 5471 de
1195 5415 1489 5471 schismate
1534 5415 1785 5472 Donatis-

182 5521 370 5567 tarum
397 5510 545 5566 Libri
579 5519 786 5580 septem
815 5527 827 5562 :
857 5509 924 5564 ad
948 5524 1077 5565 mss.
1111 5509 1331 5565 codices
1358 5519 1411 5564 et
1438 5519 1653 5565 veteres
1673 5508 1788 5565 edi-

183 5606 370 5661 tiones
393 5605 574 5659 collati
612 5612 666 5658 et
691 5603 986 5659 innumeris
1001 5605 1062 5670 in
1094 5604 1229 5659 locis
1256 5603 1548 5659 emendati.
1579 5603 1788 5671 Quibus

181 5712 477 5755 accessere
510 5696 740 5752 Historia
773 5696 1167 5751 Donatistarum
1186 5710 1291 5751 una
1317 5711 1438 5751 cum
1473 5710 1790 5751 monumen-

183 5793 253 5846 tis
284 5789 568 5848 veteribus
594 5788 661 5843 ad
692 5803 810 5844 eam
835 5788 1239 5858 spectantibus:
1285 5802 1385 5842 nec
1413 5802 1517 5842 non
1551 5785 1790 5857 Geogra-

185 5885 318 5955 phia
350 5882 678 5954 episcOpalis
702 5882 893 5940 Africa:
913 5897 1078 5953 opera
1105 5891 1160 5939 et
1188 5882 1365 5939 studio
1391 5880 1468 5935 M.
1500 5881 1631 5936 Lun.
1658 5881 1791 5938 ELL.

1891 3370 2130 3426 editione
2157 3377 2316 3425 aucta
2335 3377 2391 3424 ct
2414 3369 2819 3425 commentariis
2841 3369 3116 3423 variorum
3142 3367 3240 3422 Dd.
3275 3367 3364 3437 qui
3397 3367 3485 3421 vel

1890 3463 2119 3519 seorsim
2169 3463 2288 3529 illa,
2335 3463 2415 3517 vel
2472 3463 2524 3516 in
2575 3462 2697 3516 aliis
2745 3462 2996 3532 operibus
3047 3460 3485 3523 illustravcrant,

1891 3564 2176 3612 exornata.
2231 3555 2342 3610 Nec
2399 3554 2596 3609 omissa
2647 3563 2732 3610 est
2769 3552 3016 3608 Balduini
3065 3551 3286 3607 historia
3345 3550 3484 3606 Coll.

1889 3648 2080 3702 Carth.
2111 3647 2282 3702 Porro
2314 3646 2573 3717 Dupinius
2601 3644 3098 3700 animadversiones
3141 3643 3286 3698 circa
3327 3642 3486 3698 sedes
3527 3628 3536 3634 ”

1889 3740 2268 3798 Africanorum
2294 3740 2671 3811 episcoporum
2697 3779 2713 3805 ,
2745 3738 2834 3808 qui
2868 3736 3151 3793 enllationi
3189 3733 3376 3790 Carth.
3405 3734 3489 3789 in-

1890 3835 2221 3901 terl'uerant,
2252 3849 2320 3890 ex
2351 3832 2571 3889 Baluzin
2593 3874 2608 3899 ,
2649 3831 2912 3886 Rniuarto
2941 3828 3206 3900 imprimis
3228 3828 3485 3884 collectas

1889 3926 2116 3983 addidit.
2143 3927 2388 3996 Denique
2411 3924 2807 3996 Geographiam
2833 3938 3045 3978 sacram
3078 3922 3114 3976 i.
3149 3935 3200 3976 e.
3233 3919 3480 3975 notitiam

1892 4018 2288 4091 provinciarum
2314 4027 2368 4074 et
2394 4019 2803 4089 episcopatuutn
2854 4014 3052 4070 Africa:
3097 4013 3376 4067 contexuit
3425 4017 3484 4065 et

1889 4112 2071 4169 tabula
2122 4111 2490 4184 Geographica
2555 4109 2788 4166 ornavit.
2844 4106 3111 4163 Universo
3159 4104 3313 4176 operi
3362 4111 3486 4174 post

1892 4205 2262 4278 praefationem
2298 4203 2580 4259 Donatiani
2611 4199 2924 4258 schismatis
2956 4197 3236 4253 historiam
3269 4209 3484 4268 pratpo-

1889 4301 2000 4356 suit
2022 4299 2212 4355 ordine
2232 4299 2616 4369 chronologico
2639 4295 3044 4352 accuratissime
3093 4293 3480 4366 conscriptam.

1889 4392 2100 4450 Indices
2122 4400 2397 4464 postremo
2420 4391 2717 4462 locupletes
2738 4403 2875 4461 opus
2905 4389 3118 4443 ﬁniunt.
3537 4379 3540 4382 ’

2599 4525 2762 4583 1769.

1974 4661 2238 4730 Venetiis,
2271 4678 2335 4718 ea:
2372 4660 2679 4734 typograph.
2720 4659 2811 4714 Jo.
2846 4658 3002 4731 Bapt.
3026 4658 3263 4727 Albritii,
3285 4656 3492 4726 in-l‘ol.,

1888 4757 1942 4811 in
1974 4754 2109 4810 Bibl.
2145 4754 2264 4810 Vet.
2303 4751 2423 4807 PP.
2460 4762 2531 4807 st.
2576 4752 2798 4806 Andrew
2820 4750 3086 4806 Gallandii
3127 4750 3190 4805 Τ.
3220 4765 3278 4805 v.
3329 4765 3381 4804 a.
3431 4764 3486 4819 p.

1889 4849 1993 4905 461
2029 4864 2200 4920 usque
2228 4847 2294 4902 ad
2343 4845 2476 4902 675.
2509 4846 2569 4900 S.
2595 4845 2774 4916 Optati
2805 4843 3047 4915 episeopi
3091 4841 3384 4897 Milevitani
3425 4840 3496 4895 de
3519 4836 3531 4846 “

1803 4928 1816 4942 ’
1889 4943 2184 5000 schismate
2216 4941 2616 4996 Donatistarum
2662 4939 2786 4993 libri
2825 4954 2938 5004 vn,
2979 4937 3044 4992 ad
3086 4951 3218 4992 mss.
3261 4933 3490 4991 Codices

1891 5044 1950 5094 et
1992 5047 2200 5093 veteres
2240 5034 2510 5090 editiones
2563 5032 2742 5089 collati
2800 5039 2858 5088 et
2904 5030 3200 5086 innumeris
3249 5029 3304 5084 in
3353 5027 3490 5084 locis

1895 5127 2170 5185 emendati
2201 5142 2368 5199 opera
2407 5136 2462 5182 et
2487 5125 2669 5182 studio
2701 5123 2780 5179 Μ.
2824 5123 2964 5179 Lud.
2998 5121 3110 5178 ΕΗ.
3139 5121 3338 5194 Dupin.
3385 5124 3492 5178 Ac-

1894 5235 2114 5278 cessere
2140 5220 2491 5276 Monumenta
2517 5229 2699 5276 vetera
2747 5216 2815 5272 ad
2858 5215 3258 5273 Donatistarum
3309 5215 3496 5271 Histo-

1893 5313 2033 5372 riam
2078 5315 2405 5386 pertinentia
2428 5354 2444 5382 ,
2490 5328 2720 5386 quorum
2750 5312 3030 5384 complura
3054 5311 3123 5367 ab
3161 5309 3353 5367 eodem
3380 5308 3492 5380 0p-

1895 5418 2008 5465 tato
2037 5415 2428 5465 memorantur.

1964 5501 2048 5556 Ex
2079 5503 2222 5558 uotis
2253 5501 2567 5573 Dupinianis
2596 5517 2687 5558 eas
2717 5502 3099 5574 potissimum,
3132 5514 3254 5570 qua:
3279 5497 3344 5552 ad
3376 5509 3493 5554 tex-

1897 5601 1984 5649 tus
2010 5593 2327 5669 varietatem
2358 5593 2739 5650 adstruendatn
2768 5593 3151 5658 conducerent,
3186 5590 3253 5647 G.
3277 5592 3492 5662 sclegit,

1895 5688 2069 5758 iisque
2101 5689 2299 5758 passim
2324 5690 2607 5743 uoanullas
2650 5689 2876 5744 intexuit
2904 5689 2970 5742 ad
3013 5687 3154 5742 idem
3187 5687 3491 5744 inStitutum

1899 5792 2261 5852 eumpat‘atns.
2295 5783 2556 5838 l’ra-i'atus
2577 5796 2655 5838 ρει
2685 5783 2753 5836 tle
2783 5782 2980 5850 Optato
3007 5781 3059 5835 in
3098 5781 3343 5851 l’rulcgg.
3374 5797 3492 5852 cap.

1901 5892 2032 5932 xvtn
2057 5917 2071 5943 ,
2104 5894 2155 5946 ι».
2187 5875 2255 5930 20
2287 5890 2370 5945 sq.
