3898 6320
433 291 538 347 883

1106 404 1360 464 l790-9l.

508 498 863 570 Wirccburgi,
891 499 945 553 in
971 496 1064 567 o/f.
1094 500 1211 553 libr.
1243 499 1547 556 Staheliana
1571 544 1587 568 ,
1615 498 1753 557 in—8.
1779 496 1823 555 Il
1848 495 2024 553 Tomi.

432 593 489 646 8.
514 594 691 664 Optati
714 592 829 649 Afri
859 592 1147 649 Milevilaui
1166 593 1404 664 cpisc0pi
1433 590 1502 651 de
1530 592 1821 650 schismate
1852 590 2029 646 Dona-

432 685 676 740 tistarum
726 686 846 742 libri
905 702 1011 752 vn,
1044 686 1253 757 aliaque
1304 686 1409 742 huc
1465 684 1791 759 pertinentia
1843 690 2027 739 vetera

429 779 795 855 monumenta.
849 779 1051 849 ltecudi
1089 779 1301 837 curavit
1341 776 1439 834 Dr.
1494 778 1809 845 Franciscus
1861 776 2026 834 Ober-

433 874 574 929 thur.

504 970 743 1029 Primum
772 971 931 1043 hujus
956 970 1214 1028 editionis
1247 978 1453 1027 tomum
1481 968 1678 1026 frustra
1706 967 1759 1027 in
1791 966 2030 1027 librariis

430 1065 716 1138 Oppidanis
751 1064 1135 1136 quaesivimus;
1187 1061 1425 1119 alterum
1456 1058 2070 1143 tantummodoinspi-k

430 1172 556 1214 cere
584 1158 763 1224 licuit,
797 1157 942 1215 unde
988 1156 1356 1215 intelleximus
1388 1156 1441 1212 in
1473 1153 1641 1227 priori
1680 1161 1887 1219 textum
1917 1153 2030 1226 Op—

434 1253 563 1321 tati,
609 1263 662 1313 et
702 1268 823 1323 qum
864 1251 932 1308 ad
964 1267 1087 1317 eum
1132 1258 1443 1322 spectarent
1486 1257 1837 1307 monumenta
1874 1262 2028 1311 com-

432 1342 725 1418 prehendi;
761 1347 847 1404 hic
899 1346 1086 1401 Varias
1116 1345 1382 1403 Lectiones
1415 1352 1467 1401 ct
1502 1342 1874 1417 Adnotationes
1901 1357 2028 1397 con-

433 1446 625 1495 textum
645 1436 1127 1511 Opt.illustrantes,
1146 1452 1245 1495 nec
1274 1436 1765 1497 nonAdnotationes
1794 1434 1862 1489 ad
1889 1451 2031 1505 qua:-

433 1531 556 1586 dam
600 1532 709 1588 alia
736 1539 905 1587 vetera
925 1573 940 1597 ,
972 1546 1183 1587 causam
1215 1527 1608 1589 Donatistarum
1631 1528 1991 1587 concernentia
2011 1570 2027 1595 ,

433 1638 499 1680 ex
528 1624 595 1680 iis
623 1624 793 1695 copiis
819 1665 833 1691 ,
862 1636 997 1695 quas
1026 1622 1327 1693 Dupiuiana
1347 1621 1572 1681 exhibet
1596 1621 1847 1679 selectas.
1877 1620 2029 1678 Prm-

430 1715 581 1772 misit
642 1715 776 1773 duas
838 1715 1098 1788 epistolas
1142 1713 1525 1787 hodtnporicas
1579 1713 1753 1785 primo
1797 1714 1909 1771 vol.
1960 1713 2029 1770 ad

1627 288 1878 348 SANCTI
1914 288 2169 353 0PTAT|
2204 286 2512 489 891:?"

2058 404 2109 467 Δ
2136 406 2290 464 Vree.
2402 406 2510 479 peti

2058 404 2109 467 Δ
2136 406 2290 464 Vree.

3615 284 3708 344 88b

2402 406 2568 479 petita
2596 413 2679 463 est
2696 405 2884 463 ibidem
2914 403 3059 479 apud
3092 404 3224 462 Rob.
3267 403 3318 459 1Γ
3320 416 3458 461 east.
3490 403 3548 462 8.

2204 492 2435 563 Codices.
2463 503 2514 559 1.
2544 501 2720 560 Codex
2738 501 3069 558 Bibliothecte
3097 499 3313 559 Casam
3348 516 3512 574 prape
3551 498 3709 561 rma

2132 595 2230 655 rint
2251 638 2267 663 ,
2297 610 2408 669 quo
2435 592 2875 653 Cochlaeus'usus
2894 600 2999 652 est.
3043 592 3255 653 Heudis
3298 592 3480 655 omnis
3515 592 3712 665 generis

2132 688 2430 841 Waltz}.
2459 781 2596 841 Tres
2621 782 2871 841 Batduini
2898 797 3130 854 quorum
3161 796 3327 840 unum
3358 780 3413 839 in
3439 779 3710 853 primaed.

2131 876 2429 933 adhibitum
2456 876 2527 932 ab
2556 875 2840 949 Espencazo
2864 874 3061 942 Theol.
3100 874 3276 935 Paris.
3302 880 3624 943 acceperat;
3647 872 3715 930 al-

2120 976 2306 1049 Vterum
2334 965 2427 1031 .lo.
2456 966 2594 1024 Titio
2616 967 2721 1039 Ep.
2767 966 3060 1033 Meldeusi,
3098 964 3335 1029 Luciferi
3362 964 3593 1033 editori.
3620 972 3716 1025 ter-

2131 1060 2265 1120 tium
2299 1060 2585 1130 Macerteo,
2609 1060 2797 1120 Theol.
2824 1060 2997 1119 Paris.
3037 1060 3293 1119 debebat.
3732 1098 3733 1101 η

2180 1158 2257 1231 ,5.
2282 1156 2458 1217 Codex
2486 1156 2550 1214 S.
2581 1155 2887 1213 Theoderici
2921 1154 3064 1227 apud
3094 1152 3319 1210 Rbemos
3356 1151 3716 1224 septingento-

2132 1266 2253 1312 rum
2281 1250 2501 1308 circiter
2530 1263 2795 1329 sudorum
2821 1263 2853 1305 a
2883 1246 3117 1318 Dupinio
3144 1245 3468 1303 teStimatur.

2203 1344 2258 1402 6.
2291 1342 2466 1405 Codex
2494 1343 2557 1402 S.
2587 1342 2883 1401 Germania
2906 1340 3083 1398 Pratis
3110 1357 3217 1398 non
3237 1339 3456 1411 quidem
3482 1336 3715 1411 ejusdem

2131 1439 2489 1511 antiquitatis,
2518 1438 2615 1494 sed
2642 1438 2861 1508 optimae
2882 1445 3024 1493 notae
3043 1444 3098 1492 et
3119 1434 3341 1507 reliquis
3367 1431 3713 1492 emendation

2132 1530 2231 1589 Est
2257 1530 2527 1589 secundus
2556 1530 2793 1601 Dupinii.
3454 1606 3457 1607 ν

2200 1626 2257 1703 _7.
2307 1623 2483 1681 Codex
2520 1622 2584 1682 S.
2619 1621 2779 1679 Pauli
2809 1621 3210 1699 Cormariccnsis
3252 1635 3412 1693 prope
3455 1618 3715 1686 Τατοια,

2132 1718 2225 1789 qui
2254 1726 2417 1785 tunc,
2459 1732 2583 1775 cum
2628 1717 2890 1788 Dupinius
2932 1731 3057 1775 eum
3100 1714 3444 1780 consuleret,
3492 1714 3550 1773 in
3599 1712 3717 1771 bibl.

432 1810 783 1873 Ilenckenium
832 1808 983 1868 Prof.
1031 1809 1263 1889 Helmst.
1304 1806 1551 1867 secundo
1598 1807 1665 1864 ad
1708 1806 2030 1862 Baenichium
2058 1798 2107 1859 Β
2133 1809 2447 1871 Comei-tina
2474 1810 2694 1867 extabat
2733 1826 2789 1868 η,
2822 1809 2997 1876 1951,
3022 1808 3414 1875 Sexcenton
3463 1820 3719 1865 annorum

433 1906 582 1964 Prol.
610 1906 852 1967 Wirceh.
884 1904 1176 1962 admodum
1206 1903 1476 1975 prnlixas,
1508 1902 1560 1958 in
1586 1900 1781 1973 quibus
1804 1942 1818 1967 ,
1844 1900 1977 1958 dum
2000 1916 2032 1955 a

436 2000 555 2056 viro
580 1999 835 2056 candoris
864 1998 1048 2055 eximii
1093 2008 1149 2055 et
1199 2011 1394 2053 sensus
1427 1994 1704 2052 tenerrimi
1735 2008 1832 2065 per
1856 1994 2033 2051 varias

435 2093 739 2150 Germanias
774 2101 975 2149 nostrae
1004 2091 1251 2163 regiones
1280 2090 1471 2146 lubens
1512 2087 1636 2145 duci
1683 2096 1736 2144 te
1773 2086 2031 2157 patiaris.

436 2186 595 2243 facile
616 2184 953 2241 Oblivisceris
973 2226 988 2252 ,
1019 2197 1126 2256 quo
1148 2184 1269 2240 loco
1294 2182 1596 2251 obtingant.
1648 2178 1891 2236 Pertinet
1932 2193 2031 2235 auo

437 2288 544 2337 tem
568 2278 634 2335 ad
658 2277 1006 2335 novissimam
1032 2277 1171 2333 hanc
1190 2272 1368 2347 Optati
1386 2274 1678 2331 editionem
1709 2272 1882 2329 celeh.
1907 2288 2035 2328 auc—

436 2372 570 2428 toris
596 2372 731 2429 liber
760 2371 932 2428 tribus
976 2370 1118 2428 Voll.
1150 2370 1255 2427 his.
1290 2369 1420 2441 ipsis
1464 2368 1621 2426 annis
1651 2368 1829 2426 editus
1854 2384 1874 2426 :
1904 2365 2036 2424 Idea

434 2464 621 2520 biblica
649 2464 896 2523 Ecclesia:
927 2464 1041 2520 Dei.

523 2556 807 2613 Versiones.
844 2556 1012 2614 Unica
1039 2563 1247 2617 tantum
1277 2564 1428 2613 extat
1452 2555 1854 2628 Francogallica
1882 2554 2037 2613 Vielii

430 2649 504 2719 ad
524 2644 764 2721 primam
788 2650 1032 2713 Balduini
1063 2650 1152 2711 ed.
1184 2650 1323 2711 facta
1353 2661 1406 2707 ct
1428 2665 1482 2709 a.
1516 2649 1681 2711 1564.
1730 2649 1910 2713 Paris.
1946 2665 2039 2719 per

436 2743 675 2802 Federic.
713 2744 901 2803 ﬂoret.
929 2744 1143 2802 octonis
1173 2745 1447 2816 exscripta
1484 2743 1590 2803 hoc
1633 2743 1791 2803 titulo
1818 2760 1833 2803 :
1865 2742 2035 2801 L’Iiis-

435 2840 566 2895 toire
620 2840 693 2893 du
740 2839 987 2905 schisme,
1022 2838 1342 2911 blaspheme:
1362 2878 1379 2905 ,
1428 2853 1666 2905 erreurs,
1721 2835 2033 2907 saeriléges,

437 2934 754 2998 bomicidcs,
788 2934 1003 2989 incestes
1032 2943 1080 2989 et
1103 2942 1278 2988 autres
1300 2933 1534 3003 impiétés
1579 2932 1667 2987 des
1708 2930 2034 2999 Donatium,

436 3027 593 3081 écrite
621 3042 683 3080 en
707 3025 834 3081 latin
864 3042 959 3096 par
988 3024 1184 3096 Optat,
1213 3024 1419 3095 évéque
1458 3024 1751 3082 Milevitain
1771 3065 1787 3091 ,
1818 3025 1947 3080 mise
1975 3040 2037 3078 en

435 3119 627 3190 langue
652 3120 912 3190 fraupaise
935 3129 982 3174 et
1008 3120 1253 3191 repurgée
1296 3117 1360 3174 de
1394 3116 1647 3189 plusieurs
1679 3119 1877 3190 fontes,
1905 3134 2038 3189 aug-

2136 1906 2236 1961 iuit
2256 1913 2312 1961 et
2338 1905 2556 1976 optimae
2588 1913 2730 1960 noue
2748 1945 2765 1969 ,
2792 1902 2889 1961 sed
2938 1903 3151 1973 priores
3174 1901 3419 1973 quinque
3449 1898 3581 1957 libri
3610 1912 3719 1955 cum

2138 1998 2295 2056 initio
2320 1998 2461 2055 sexti
2504 1996 2912 2057 interciderant.
2945 1993 3274 2065 Continehat
3316 1999 3501 2065 autem
3548 2004 3723 2046 monu-
3753 2037 3773 2063 ,

2137 2092 2318 2148 menta
2346 2088 2413 2145 ad
2441 2097 2685 2147 veterum
2720 2087 3123 2145 Donatistarum
3153 2083 3439 2143 historiam
3461 2081 3724 2153 pertinen-

2138 2184 2233 2247 tia,
2262 2198 2382 2252 qua:
2410 2182 2463 2241 in
2494 2181 2643 2239 nullo
2661 2181 2769 2238 alio
2792 2180 3163 2249 manuscripto
3186 2177 3377 2235 codice
3401 2175 3585 2233 adhuc
3611 2184 3724 2233 tunc
3822 2184 3837 2194 '

2140 2278 2359 2333 iuventa
2379 2283 2556 2332 erant.
2585 2274 2823 2343 Quartus
2852 2273 2995 2345 apud
3028 2271 3319 2342 Dupinium
3344 2274 3469 2327 est.‘

2210 2369 2267 2423 8.
2300 2365 2476 2423 Codex
2504 2365 2649 2422 Phil.
2702 2366 2857 2449 Silvii
2910 2364 2970 2423 8.
3004 2364 3211 2421 Facult.
3263 2361 3440 2420 Paris.
3492 2370 3623 2421 tunc
3668 2360 3723 2418 ll.

2138 2459 2360 2517 Tertius
2386 2458 2603 2531 Dupinii
2622 2501 2637 2528 ,
2669 2458 2763 2516 sed
2791 2457 2932 2516 idem
2956 2499 2972 2525 ,
2997 2471 3107 2530 quo
3126 2456 3239 2527 jam
3282 2455 3585 2513 Baldninns
3613 2470 3727 2512 usus

2139 2566 2295 2624 erat,
2318 2557 2445 2614 dum
2478 2570 2645 2630 penes
2672 2556 2997 2613 Hacerzeum
3024 2562 3206 2623 esset;
3236 2553 3534 2629 recentiori
3576 2566 3726 2610 manu

2139 2659 2395 2715 exaratos
2418 2659 2476 2707 et
2498 2649 2659 2708 valde
2680 2649 3002 2707 mendosus.

2217 2742 2378 2799 Vides
2403 2758 2470 2799 ex
2502 2742 2587 2799 his
2613 2751 2739 2799 octo
2768 2742 2853 2799 vel
2883 2752 3091 2813 septem
3133 2742 3314 2814 potius
3339 2742 3618 2805 codicibus
3640 2754 3727 2799 eos

2139 2851 2278 2907 quos
2302 2836 2568 2907 aninius
2595 2836 2647 2891 in
2678 2851 2832 2893 usum
2862 2836 3107 2902 vocavit,
3134 2836 3349 2894 caeteris
3393 2836 3566 2894 fuisse
3598 2851 3725 2907 pr:-

2140 2931 2456 2987 stantiores.
2485 2930 2634 2987 Idem
2660 2946 2792 2987 vero
2814 2930 3091 2998 observat,
3117 2931 3360 2987 codicem
3384 2930 3546 2989 Silvii
3568 2930 3724 2986 videri

2141 3038 2175 3079 e
2198 3023 2386 3079 codice
2408 3022 2466 3081 S.
2494 3022 2823 3080 Theoderici
2855 3032 3171 3094 excerptum
3214 3032 3269 3079 et
3311 3021 3572 3080 Codicetn
3594 3023 3720 3080 San-

2142 3116 2567 3175 Germanensem
2593 3132 2667 3173 ex
2691 3116 3111 3173 Cormaricensi.
3130 3116 3400 3173 Caeterum
3431 3132 3557 3173 cum
3584 3116 3724 3187 quiu-

434 3215 633 3269 mentée
656 3214 799 3269 aussi
841 3229 938 3285 par
967 3213 1016 3267 te
1040 3212 1362 3285 supplément
1390 3212 1455 3267 de
1477 3212 1719 3282 quelques
1764 3212 2035 3285 imperfec-
2064 3194 2111 3259 C
2143 3226 2247 3282 que
2278 3226 2410 3267 mss.
2440 3209 2722 3277 nominet,
2754 3225 2864 3267 non
2888 3209 3072 3282 plures
3102 3217 3285 3267 tamen
3322 3224 3490 3282 quam
3510 3216 3724 3282 quatuor

433 3306 569 3362 tions
615 3315 662 3362 et
700 3305 1041 3377 explicationis
1081 3304 1145 3359 de
1193 3304 1337 3359 lieua;
1380 3303 1650 3375 difﬁciles,
1698 3319 1795 3376 par
1825 3304 2031 3362 Plenas

1353 3424 1640 3437 —_

844 3490 1134 3549 CODICES
1172 3491 1630 3552 MANUSCRIPTI

510 3604 576 3659 In
615 3605 931 3661 variantibus
971 3606 1297 3663 Lectionibus
1346 3625 1474 3680 quas
1509 3610 1578 3665 ad
1605 3611 1761 3682 ﬁnem
1788 3611 2037 3684 cujusque

437 3697 641 3769 pagina:
684 3696 930 3752 librorum
974 3697 1150 3770 Optati
1178 3700 1466 3774 adjecimus
1493 3744 1509 3771 ,
1543 3703 1865 3774 sequentibus
1894 3703 2035 3761 desi-

438 3799 665 3863 gnantur
693 3791 848 3845 notis.
1618 3796 1623 3803 '

509 3884 906 3957 Manuscriptus
931 3883 1103 3942 codex
1133 3888 1304 3943 sancti
1330 3887 1677 3959 Theoderici,
1699 3902 1803 3961 ms.
1833 3888 1893 3947 8.
1925 3888 2032 3947 'l‘h.

2137 3312 2404 3367 recenset.

1658 3407 2837 3448 ...ψ-*-

2215 3493 2610 3565 Ilanuscriptus
2647 3492 2821 3553 codex
2850 3492 3024 3551 sancti
3052 3489 3371 3550 Germania
3400 3489 3597 3560 Pratis,
3624 3502 3715 3546 ms.

2143 3586 2608 3752 S.Sanuscriptus
2633 3680 2805 3737 codex
2831 3679 3065 3752 Philippi
3098 3678 3279 3749 Silvii,
3308 3691 3415 3733 ms.
3449 3676 3509 3734 P.
3536 3675 3592 3734 8.

2211 3796 2610 3869 Manuscriptus
2656 3799 2829 3854 codex
2888 3797 3061 3854 sancti
3117 3795 3268 3854 Pauli
3311 3792 3713 3853 Cormaricensis

2138 3905 2283 3951 nunc
2312 3891 2687 3961 Colbcrtinus,
2719 3907 2821 3950 ms.
2848 3889 2912 3948 Ο.

441 3995 3689 4035 W

904 4094 949 4187 ι
1032 4104 1746 4273 SANCTI
1842 4104 2581 4267 OPTATI
2675 4106 3152 4255 AFRI
3270 4038 3277 4043 ’

1528 4313 2014 4383 ΜιιΕνιΤΑΝι
2049 4324 2077 4355 α
2118 4313 2480 4405 EPISCOPI
2525 4315 2640 4399 (1),

684 4466 893 4572 DE
1050 4463 1985 4576 SCHISMATE

2148 4467 3481 4606 DONATISTABUM

1226 4656 1853 4745 ADVERSUS
1931 4656 2824 4753 PARMENIANUM
2873 4644 2935 4735 δ.

1834 4794 2313 4813 ἡ

1675 4834 2001 4960 LIBER
2056 4884 2495 4964 PRIMUS.

488 4996 555 5053 In
580 4997 674 5053 hoc
699 4999 829 5055 libro
858 4996 1025 5071 primo
1052 4996 1397 5064 continentur,
1426 4997 1511 5069 qui
1535 4998 1590 5054 in
1626 5004 1972 5126 persecuczg‘ne
1999 5002 2189 5144 [αξη-εἷα
2206 5002 2509 5128 tunditores,
2534 5009 2583 5057 et
2609 5016 2782 5077 causa;
2804 5000 3120 5077 schisntatis,
3150 5010 3200 5073 ct
3226 5000 3335 5075 ubi,
3367 5008 3416 5083 et
3440 5017 3473 5056 a
3493 4998 3649 5071 quibus

538 5108 545 5113 .
1394 5084 1397 5089 ‘
1782 5088 1805 5126 s
1920 5085 2013 5126 ma
2027 5089 2071 5128 st
2143 5091 2202 5129 ac
2228 5090 2331 5129 um.
2368 5084 2390 5113 ο

538 5108 545 5113 .
1394 5084 1397 5089 ’
1782 5084 2013 5126 schema
2027 5084 2093 5129 su
2120 5084 2331 5129 factum.
2368 5084 2390 5113 ο

503 5166 546 5222 1.
575 5164 782 5221 Bonum
807 5162 1282 5236 pacis.—Cunctos
1307 5176 1409 5222 nos
1428 5161 1795 5233 Christianos,
1822 5164 2013 5222 claris-
2119 5167 2274 5243 simi(
2289 5167 2418 5225 Vide
2437 5175 2546 5223 not.
2571 5166 2608 5222 2
2625 5166 2678 5222 in
2695 5183 2815 5242 pag.
2838 5164 2970 5239 seq.)
3003 5164 3582 5237 fratres,omnipotenti
3602 5162 3694 5218 Deo

1641 5276 2030 5337 LECTIONES
2066 5279 2486 5355 VARIANTES.
3083 5288 3087 5291 ·

487 5381 516 5411 ⁸
550 5377 607 5428 In
629 5390 724 5428 ms.
755 5375 807 5427 S.
841 5372 1162 5436 Theoderici,
1188 5371 1354 5436 θριαζὶ
1394 5369 1669 5436 Milibitam'.
1695 5372 1752 5423 In
1784 5386 1877 5422 ms.
1902 5372 2023 5423 Phi-

420 5500 1211 5638 ἓξὲι,¹.¹ἒῖ¹¹ξιεῗιι9ἓῗτὶθιίεις
1236 5557 1517 5638 βειχςηιξρνί
1552 5559 1743 5638 cuncti
1771 5574 1859 5638 ."1;
1880 5557 2025 5638 ciu!

422 5629 647 5693 adjicitur
669 5629 719 5677 in
744 5626 883 5678 titulo
906 5627 957 5675 in
979 5638 1096 5675 mss.
1123 5624 1214 5676 sed
1237 5625 1286 5676 in
1310 5622 1407 5673 line
1429 5637 1519 5675 ms.
1558 5622 1613 5674 S.
1654 5622 1747 5675 Th.
1768 5623 1982 5675 habetur
2008 5635 2020 5673 :

904 5372 1162 5446 tendorici,
1188 5371 1354 5446 φρέαζὶ
1695 5372 1752 5423 In
1784 5386 1877 5446 ms.
1902 5372 2023 5446 Phi-

2160 5358 2688 5446 :xprigirsiberpptan
2726 5371 2972 5439 Episcopi,
2996 5372 3125 5425 Libri
3150 5387 3203 5425 η.
3229 5390 3312 5435 vn,
3352 5374 3420 5426 ad
3441 5369 3693 5425 Pomaria-

310 5458 311 5461 η
420 5442 542 5516 lippi
565 5440 731 5512 Silvii,
752 5436 915 5516 pptati
938 5436 1221 5516 ﬁilipitgzi.
1240 5436 1469 5499 Episcopi
1493 5448 1671 5487 nomen
1708 5448 1807 5487 non
1843 5436 2024 5498 legitur
2127 5436 2694 5516 nuntgcltignaticorwn

2193 5500 2216 5531 ο
2253 5500 2371 5569 Haec
2390 5502 2661 5569 inscriptio,
2681 5505 3157 5569 qnmargnmentum
3182 5501 3329 5564 hujus
3354 5501 3461 5551 Iihri
3483 5498 3691 5563 continet,

2131 5562 2294 5615 exstat
2318 5565 2364 5614 in
2382 5566 2497 5615 mss.
2520 5562 2573 5614 S.
2601 5562 2771 5614 'l‘hJeL
2796 5562 2887 5613 Ph.
2909 5562 3027 5615 Silv.

1035 5772 1045 5783 -
1864 5729 1930 5784 Rl
2028 5729 2031 5737 ‘

416 5854 425 5888 χ
493 5824 575 5894 (ἱ)
629 5822 1371 5896 MilevitaniEpiscopi.Urbis
1390 5728 2027 5896 NumidiamqniAAntff

2162 5729 2522 5896 ἓῗῖῗξαως
2553 5822 2856 5899 Augustino
2883 5829 2939 5882 et
2975 5820 3186 5884 Victori
3232 5820 3460 5891 Viteusi,
3482 5813 3699 5881 literis;
