3788 6318
69 319 163 382 889

68 431 439 494 obtenderent:
468 425 586 502 (25)
625 438 726 481 nec
748 421 1136 480 maledicerent
1164 420 1276 475 Deo
1311 416 1432 491 (24)
1462 434 1476 472 :
1519 430 1620 472 nec
1648 422 1699 479 Α

66 528 438 601 rebaptizarent
461 520 645 577 fideles
667 536 687 575 :
716 533 817 574 nec
838 532 938 572 nos
963 528 1181 573 eversas
1200 522 1291 567 aut
1308 512 1517 567 occisas
1539 510 1622 565 in-

67 619 347 679 nocentium
376 623 402 652 ⁸
434 614 641 669 animas
686 610 996 666 doleremus
1025 626 1038 661 :
1070 620 1205 677 quas
1231 601 1424 676 priusb
1451 602 1620 657 doluit

63 716 218 778 Deus,
252 724 344 779 per
371 703 718 762 Ezechielem
749 700 1087 773 prOphetam,
1120 698 1344 755 dicens:
1379 696 1495 771 (25)
1530 694 1622 749 Va:

63 802 336 871 facientibus
382 798 496 871 (26)
533 797 759 853 velamen
794 810 947 865 super
974 808 1121 849 omne
1148 800 1324 861 caput,
1370 798 1418 844 et
1468 805 1622 859 super

60 912 240 953 omnem
261 892 316 966 ᾇ
337 900 541 948 letalem
560 889 629 944 ad
656 887 951 945 evertendas
978 884 1411 941 animas.Animar
1436 897 1622 939 everste

65 1000 171 1046 sunt
190 988 358 1060 populi
376 986 496 1052 mei,
517 993 565 1041 et
588 982 957 1039 maledicebant
976 978 1101 1034 mihi
1126 979 1178 1033 in
1198 977 1390 1050 populo
1403 993 1534 1043 meo,
1563 984 1620 1030 ut

59 1084 320 1141 occiderent
336 1080 556 1147 animas,
578 1095 707 1151 quas
730 1094 832 1132 non
846 1076 1069 1148 oportuit
1088 1073 1219 1128 mori
1232 1088 1252 1127 :
1272 1072 1393 1126 dum
1418 1086 1620 1126 annun-

60 1180 174 1235 tiant
190 1176 492 1251 papulomeo
519 1190 679 1229 vanas
698 1166 1305 1242 seductiones(Esechiel.
1322 1182 1438 1231 xm,
1457 1165 1532 1238 8).
1555 1165 1621 1219 Et

58 1279 216 1328 tamen
228 1270 453 1326 admissa
476 1277 605 1325 sunt
622 1267 736 1321 lucc
747 1265 815 1321 ab
841 1263 929 1333 iis,
945 1262 1036 1335 qui
1063 1260 1234 1317 nostri
1259 1270 1384 1315 sunt
1407 1258 1617 1313 fratres.

823 308 913 365 DE
952 303 1342 365 SCHISMATE
1383 298 1918 360 DONATISTARUM
1960 299 2164 357 LIBER
2202 299 2478 359 PRIMUS.

3216 290 3325 355 890

1797 413 1885 469 Ill.
1917 412 2022 469 Cur
2047 414 2379 471 Schismatici
2422 418 2607 489 fratres
2632 413 2978 487 appellentur.
3009 440 3084 456 --
3109 411 3219 469 Sed
3254 426 3324 467 ne

1725 506 1848 577 quis
1873 505 2038 573 dicat,
2067 523 2155 563 me
2186 508 2593 565 inconsiderate
2622 518 2645 547 ι’
2674 521 2770 563 eos
2799 506 2995 563 fratres
3020 504 3320 578 appellare,

1725 599 1814 672 qui
1844 599 1978 654 tales
2004 611 2129 655 sunt
2157 640 2173 666 ,
2201 600 2268 655 ab
2295 601 2468 656 Esaia:
2496 599 2775 672 prophetae
2800 599 3023 657 vocibus
3050 598 3078 638 ἀ
3102 584 3321 655 exorbi-

1728 699 1844 746 tare
1874 701 1897 728 ε
1930 707 2035 747 non
2067 707 2354 763 possumus
2395 692 2442 747 ί.
2469 694 2723 761 Quamvis
2748 704 2803 749 et
2832 693 2910 749 illi
2946 708 3055 748 non
3086 699 3318 762 negent,

1724 794 1780 842 et
1807 785 2057 841 omnibus
2083 794 2268 841 notum
2295 787 2402 852 sit,
2434 786 2579 857 quod
2607 800 2710 841 uos
2734 785 2860 841 odio
2886 784 3120 850 habent,
3150 792 3204 840 et
3227 798 3323 839 ex-

1722 887 2039 946 secrentur,
2086 888 2141 935 et
2182 880 2358 935 nolint
2386 896 2446 937 se
2475 880 2583 937 dici
2619 878 2818 936 fratres
2847 890 3061 935 nostros
3092 897 3106 934 :
3140 887 3320 934 tamen

1726 988 1824 1029 nos
1853 973 2109 1029 recedere
2141 988 2171 1028 a
2208 973 2398 1030 timore
2428 973 2524 1030 Dei
2551 988 2657 1029 non
2689 986 2998 1043 possumus,
3027 985 3164 1043 quos
3194 969 3323 1026 hor—

1722 1077 1870 1124 tatur
1900 1069 2133 1139 Spiritus
2168 1078 2392 1125 sanctus
2433 1083 2532 1140 per
2574 1067 2794 1123 Esaiam
2843 1067 3192 1139 prophetam,
3242 1066 3324 1122 di-

1722 1176 1895 1241 cens:
1929 1162 2035 1217 Vos
2069 1163 2159 1234 qui
2204 1163 2390 1217 timetis
2434 1159 2552 1236 (27)
2595 1143 2805 1216 nomen‘
2828 1158 3038 1215 Domini
3070 1167 3118 1225 8,
3148 1159 3324 1214 audite

1724 1273 1909 1312 nomen
1929 1255 2140 1312 Domini
2159 1253 2190 1296 ιι
2214 1272 2231 1313 :
2254 1256 2311 1312 hi
2332 1261 2422 1329 qui
2438 1273 2526 1312 vos
2552 1255 2672 1312 odio
2694 1254 2879 1314 habent
2898 1266 2945 1311 et
2970 1263 3321 1329 exsecrantur,

1269 1376 1650 1435 LECTIONES
1684 1376 2099 1434 VARIANTES.

54 1451 61 1459 ’
106 1473 805 1603 sl:

48 1607 55 1659 ἕ
107 1606 128 1635 θ
164 1603 214 1652 ln
240 1616 325 1652 ms.
351 1601 402 1651 S.
429 1602 488 1652 ὓ.
508 1600 875 1652 inconsiderate
895 1612 990 1649 me.

48 1667 69 1723 β
105 1664 129 1705 d
164 1665 213 1714 In
238 1666 378 1715 editis
398 1664 626 1726 posthaec
644 1664 812 1726 verba,
838 1661 897 1712 ab
918 1659 1080 1726 Esaia:
1107 1657 1372 1726 PrOphela:
1394 1656 1623 1726 vocibus,

48 1722 225 1778 additur
244 1722 540 1789 participium
564 1724 823 1789 increpati,
844 1724 933 1789 sed
951 1726 1095 1773 deest
1117 1722 1280 1789 ingms.
1304 1722 1524 1789 θέλει.
1546 1733 1622 1789 re-

46 1783 569 1851 centiori'mann'supra
594 1783 777 1839 lineam
796 1783 1039 1850 adjectum
1063 1792 1142 1835 est
1166 1787 1215 1835 in
1239 1798 1330 1835 ms.
1364 1785 1418 1836 S.
1452 1784 1510 1835 Τ.
1546 1783 1621 1833 id-

1728 1480 1829 1532 que
1853 1470 2154 1532 superﬂuum
2178 1468 2392 1532 videtur.

1794 1532 1818 1560 °
1852 1530 1905 1582 In
1918 1530 2020 1581 ’ms.
2045 1531 2100 1581 P.
2128 1530 2181 1581 S.
2208 1530 2434 1583 orbitam.

1798 1590 1818 1631 ἲ
1858 1592 1913 1655 lu
1934 1607 2024 1642 ms.
2052 1594 2105 1642 S.
2132 1593 2190 1644 (ἶ.
2209 1607 2419 1655 possum.

1795 1657 1820 1727 β
1849 1654 1909 1727 _In
1926 1669 2014 1705 ms.
2045 1655 2098 1727 ξ.
2121 1655 2180 1727 G_.
2208 1655 2482 1727 Dominum.
2572 1694 2579 1701 .

1784 1716 1816 1757 ιι
1848 1717 1902 1768 In
1922 1732 2013 1770 ms.
2048 1717 2263 1772 Verbum
2284 1716 2495 1771 Domini.

1377 1894 1731 1953 VARIORUM
1768 1897 1998 1955 ΝΟΤᾸΞ.

44 1994 112 2049 Ita
160 1993 443 2066 Donatistae
486 2006 691 2066 manus
710 1991 1087 2066 imponentes,
1137 1989 1282 2066 quod
1322 1989 1615 2045 velamenti

1790 1991 2273 2066 ὶβδελυσᾳομέγοις,
2308 2002 2413 2050 etc.
2434 2034 2449 2059 ,
2476 1993 2628 2049 vides
2665 2008 2761 2059 per
2783 1993 2962 2049 omnia
2989 1991 3320 2066 consentire.

43 2065 235 2134 species
256 2073 358 2131 est,
385 2078 546 2131 super
573 2062 761 2118 lideles
787 2064 961 2117 omnis
990 2061 1236 2134 generis,
1270 2062 1372 2134 hoc
1392 2070 1475 2116 est
1503 2075 1618 2134 pa;-

44 2133 304 2190 n’itcntiam
332 2137 670 2206 imponentes
696 2134 987 2205 episcOpis,
1016 2133 1373 2206 presbyteris,
1406 2133 1619 2187 caeteris

43 2207 271 2273 clericis,
303 2204 585 2274 fidelibus,
620 2204 805 2276 pueris
833 2214 887 2259 et
923 2204 1336 2272 omnibus'quos
1369 2212 1618 2273 poterant

40 2278 417 2333 circumvenire
452 2287 508 2332 et
551 2286 894 2347 pervertere,
943 2276 1260 2332 evertebant
1286 2289 1474 2330 eorum
1502 2276 1618 2347 ani—

42 2364 176 2414 mas,
214 2350 506 2420 spoliantes
539 2346 636 2404 eos
680 2349 991 2420 innocentia
1029 2347 1478 2420 etrrdignitatibus
1504 2346 1616 2401 suis

43 2429 142 2473 tum
172 2418 349 2477 coram
385 2422 514 2495 Deo,
547 2431 658 2475 tum
696 2434 878 2495 coram
905 2418 1234 2495 hominibus.
1267 2418 1356 2474 Sic
1382 2427 1615 2495 mentem

41 2505 180 2561 suam
205 2493 430 2561 exponit
452 2491 700 2561 Optatus,
730 2492 823 2546 lib.
854 2506 891 2545 ιι
920 2508 931 2542 :
966 2487 1077 2543 Hos
1101 2487 1455 2561 actuiivestros
1480 2489 1617 2543 dolet

40 2560 170 2633 Deus
194 2565 246 2617 in
274 2560 541 2617 Ezechiele
570 2560 860 2633 Propheta,
906 2578 1022 2615 cum
1052 2561 1213 2633 dicit:
1244 2560 1337 2614 Vae
1375 2561 1617 2615 facienti-

41 2632 133 2689 bus
175 2636 455 2698 velamen,
499 2636 595 2689 hoc
646 2631 719 2688 est
770 2631 1144 2700 imponentibtts
1196 2649 1405 2686 manum
1456 2647 1617 2699 super

37 2719 238 2760 onmem
265 2715 478 2761 aetatem
500 2706 568 2761 ad
588 2704 908 2761 evertendas
932 2706 1162 2760 animas.
1194 2703 1468 2759 lnvenistis
1493 2720 1615 2771 pue-

38 2792 147 2841 ros;
173 2776 235 2831 de
258 2777 552 2849 paenitentia
577 2777 864 2849 sauciastis,
891 2792 953 2828 ne
979 2774 1391 2849 aliquiprdinari
1419 2776 1617 2849 potuis-

38 2857 141 2901 sent
170 2864 191 2902 :
214 2844 473 2919 agnoscite
500 2863 587 2902 vos
620 2848 818 2901 animas
846 2847 1101 2901 evertisse.
1135 2844 1407 2919 Invenietis
1436 2847 1617 2915 ﬁdeles
1660 2902 1667 2909 _

37 2917 286 2987 antiquos,
336 2920 529 2981 fecistis
579 2920 874 2989 pgnitentes
909 2933 931 2973 :
980 2917 1240 2989 agnoscite
1285 2933 1372 2971 vos
1416 2919 1617 2971 animas

38 2986 272 3045 evertisse.
308 2989 584 3045 Invenistis
614 2986 874 3043 Diaconos
893 3030 909 3054 ,
946 2986 1291 3061 presbyteros,
1318 2989 1613 3061 episcopos,

38 3062 215 3130 fecistis
249 3063 411 3117 laicos
438 3078 458 3117 :
487 3062 747 3133 agnoscite
771 3076 859 3114 vos
883 3061 1083 3113 animas
1103 3060 1355 3114 evertisse.
1388 3062 1462 3115 Du
1497 3064 1614 3115 l’tx.

103 3152 209 3225 (25)
252 3154 365 3211 Nec
405 3154 763 3210 maledicerent
807 3151 939 3209 Deo.
979 3153 1081 3222 Qui
1124 3153 1334 3210 fidelem
1365 3156 1491 3209 olim
1530 3172 1618 3209 re-

34 3224 368 3298 baptizabat,
400 3237 491 3282 aut
517 3228 611 3298 qui
632 3224 779 3280 ﬁdeli
822 3226 1177 3298 etinnoceuti
1222 3242 1411 3298 manus
1440 3225 1613 3295 paeni-

36 3300 200 3371 tentia:
218 3295 568 3371 imponebat,
599 3297 709 3371 Deo
732 3296 1115 3371 maledicebat,
1149 3298 1271 3371 quia
1300 3297 1353 3352 in
1387 3308 1614 3371 utroque

33 3367 153 3439 olim
178 3367 523 3426 sacramento
550 3368 748 3423 ﬁebant
774 3369 1059 3423 exorcismi
1081 3410 1095 3433 ,
1142 3369 1336 3438 quibus
1362 3369 1612 3439 objurga-
1637 3370 1683 3432 C

31 3438 177 3495 batur
199 3452 442 3507 satanas,
469 3451 523 3496 et
544 3440 854 3507 discedere,
897 3446 953 3495 et
981 3440 1157 3494 locum
1185 3455 1313 3494 vero
1345 3442 1452 3496 Deo
1483 3438 1611 3496 dare

27 3509 344 3579 jubebatur:
379 3512 671 3566 Donatistae
714 3526 843 3581 ergo
881 3512 934 3566 in
978 3511 1290 3579 poenitentia
1332 3527 1491 3578 quam
1531 3511 1611 3566 iu-

30 3584 263 3637 sontibns
289 3584 673 3651 imponebant,
708 3590 763 3637 et
792 3583 844 3637 in
876 3581 1328 3648 rebaptizutiuue,
1360 3582 1471 3637 Deo
1500 3599 1613 3637 ma-

31 3651 359 3725 ledicebant,
389 3655 515 3725 quia
552 3654 930 3725 exorcizabant
979 3652 1192 3709 ﬁdelem
1235 3654 1287 3706 iu
1318 3669 1424 3721 quo
1471 3654 1612 3709 Deus

30 3720 561 3791 habitabat,'et'eum
595 3723 896 3780 maledictis
922 3733 1170 3794 tanquam
1209 3720 1454 3780 satanam
1481 3739 1610 3779 oue-

30 3794 211 3868 rabant
236 3814 251 3852 :
280 3804 611 3868 quapropter
634 3799 686 3851 in
709 3796 1007 3866 Augustino
1028 3794 1280 3868 omnibus
1303 3810 1437 3865 pene
1459 3795 1611 3851 libris

28 3864 270 3937 objicitur
298 3864 595 3924 Donatistis
613 3907 630 3933 ,
657 3864 817 3937 quod
831 3868 994 3923 Deum
1019 3909 1033 3932 ,
1058 3879 1151 3921 aut
1177 3864 1449 3937 Christum
1473 3906 1487 3930 ,
1520 3875 1613 3920 aut

28 3934 272 4006 Spiritum
290 3941 522 4006 denique
543 3934 792 3995 sanctum
811 3938 1184 4004 exsufﬂarent,
1209 3936 1311 3992 hoc
1331 3947 1432 4002 est,
1454 3952 1614 3992 exor-

26 4009 237 4078 cismis,
287 4009 757 4067 exsulﬂationibus
805 4010 1144 4065 deterrerent
1209 4018 1262 4063 et
1325 4009 1608 4077 fugareut:

27 4077 148 4135 llatu
176 4083 319 4137 enim
362 4093 418 4138 et
459 4091 618 4151 Sputo
644 4081 921 4136 daemones
951 4082 1077 4135 olim
1104 4098 1135 4135 a
1159 4078 1478 4135 Christianis
1517 4096 1613 4134 ex-

26 4152 389 4208 sulﬂahantur.
428 4150 796 4208 Tertullianus
839 4153 905 4207 ad
949 4153 1180 4207 Uxorem
1204 4150 1478 4218 secundo,
1526 4161 1612 4207 aut

24 4224 214 4293 aliquid
238 4225 561 4279 immundum
586 4225 717 4296 ﬂatu
738 4225 939 4293 expuis.
970 4227 1197 4278 ALBASP.

89 4316 206 4389 (24)
249 4317 366 4374 Nec
403 4319 761 4389 maledicerent
792 4316 923 4372 Deo.
958 4316 1070 4371 lloc
1099 4316 1259 4370 etiam
1290 4314 1520 4389 habetur
1557 4316 1611 4371 in

23 4386 114 4459 illo
134 4386 437 4446 Eiecltielis
458 4391 579 4447 loco
604 4387 706 4459 :Et
726 4389 1038 4459 profanastis
1074 4404 1153 4441 me
1172 4389 1225 4440 in
1267 4388 1478 4457 papula.
1501 4394 1608 4441 etc.

22 4458 312 4531 Profanare
358 4479 489 4517 -sen
547 4458 828 4531 profanum
902 4460 1131 4514 reddere
1171 4467 1255 4513 est
1312 4459 1612 4514 maledictis

20 4530 312 4600 incessere,
342 4530 689 4590 inhonorare.
720 4534 795 4589 Du
828 4532 947 4586 PIN.

87 4624 200 4696 (25)
250 4626 350 4683 Va:
368 4628 669 4697 facientibus
698 4627 944 4697 velamen,
973 4633 1077 4679 etc.
1103 4622 1177 4678 Ita
1206 4632 1315 4697 tum
1337 4621 1608 4691 legebant,

20 4694 213 4752 Ezecli.
246 4694 378 4763 xm,
411 4701 497 4754 l8.
541 4699 865 4753 Hodiernum
896 4695 1178 4767 Vulgatani
1226 4694 1289 4767 si
1322 4696 1608 4759 consulas,

1725 2058 1860 2117 Nam
1904 2066 2004 2137 ista
2034 2058 2095 2119 ιη·
2118 2065 2316 2134 Optato
2337 2107 2353 2129 ,
2385 2058 2441 2119 et
2470 2066 2651 2120 nolunt
2672 2058 2730 2137 se
2754 2066 3071 2137 dici‘fratres
3100 2058 3321 2131 nostros,

1719 2135 1941 2209 suntah
1966 2135 2165 2206 Optato
2193 2138 2342 2209 ipso,
2368 2139 2456 2206 qui
2488 2136 2713 2209 prolatis
2739 2151 2807 2209 ex
2849 2135 3126 2205 Scriptura
3161 2137 3322 2209 testi-

1720 2207 1915 2279 moniis
1937 2210 2078 2263 solet
2106 2206 2281 2279 aliqua
2310 2208 2462 2277 quasi
2491 2206 2753 2277 suppletis
2780 2207 3127 2272 interserere,
3156 2214 3216 2261 ut
3238 2206 3323 2279 di-

1719 2276 1982 2350 lucidiora
2010 2280 2119 2335 sint
2156 2276 2276 2349 quae
2319 2276 2566 2348 profert:
2600 2276 2745 2350 Saepe
2793 2286 2852 2334 ut
2889 2288 3012 2346 apta
3043 2278 3323 2350 proposito

1720 2348 2027 2422 videantur,
2057 2348 2184 2422 quae
2206 2365 2394 2419 parum
2436 2348 2971 2422 alioquin‘apposita.
3005 2348 3239 2422 ludeest
3266 2356 3324 2404 ct

1722 2419 1853 2475 illud
1900 2419 2105 2488 tamen}
2145 2437 2234 2476 vos
2282 2431 2489 2487 tamen,
2538 2419 2644 2477 etc.
2688 2419 2896 2477 Caetera
2942 2421 3203 2477 verbatitn
3253 2435 3321 2476 ex

1719 2490 1942 2554 Greco,
1975 2493 2074 2548 nisi
2120 2492 2263 2561 quod
2294 2493 2470 2548 audite
2505 2509 2689 2548 nomen
2732 2492 2975 2556 Domini,
3016 2507 3115 2562 pro
3148 2491 3324 2547 audite

1718 2563 1925 2634 verbum
1948 2562 2180 2629 Domini,
2206 2563 2348 2632 quod
2376 2565 2658 2634 irrepsisse
2681 2573 2831 2634 puto.
2858 2563 3061 2619 Eodem
3089 2563 3191 2618 hoc
3213 2573 3325 2618 tes-

1721 2633 1947 2688 timonio
1966 2643 2153 2690 contra
2178 2633 2672 2690 Donatistasutitur
2686 2633 3025 2704 Augustinus
3046 2644 3168 2703 post
3186 2634 3318 2689 coll.

1717 2719 1839 2774 cap.
1876 2715 2178 2773 postremo.
2219 2705 2432 2762 Profert
2458 2716 2514 2761 et
2538 2705 2768 2761 Tertull.
2798 2715 2985 2760 contra
3032 2704 3317 2772 Marciam,

1718 2775 1813 2830 lib.
1842 2793 1915 2849 tv,
1947 2791 2066 2849 cap.
2096 2776 2189 2849 16,
2215 2792 2283 2832 ex
2302 2777 2489 2849 eadem
2512 2777 2861 2849 qua70ptatus
2886 2774 3158 2849 versione.
3182 2775 3321 2831 Vide

1717 2855 1777 2919 et
1801 2848 1930 2902 coll.
1963 2846 2152 2903 Cartlt.
2185 2865 2224 2914 ι,
2254 2863 2374 2919 pag.
2407 2848 2499 2914 64,
2526 2846 2839 2916 ἱιιιιίθ“‹ιιιί‹1
2868 2846 3095 2918 Optatus
3120 2846 3190 2919 de
3218 2860 3320 2919 suo

1716 2918 1974 2986 adjecerit
2018 2920 2218 2988 liquido
2246 2917 2535 2974 constabit.
2568 2919 2681 2975 Hoc
2717 2917 2965 2987 exemplo
3005 2917 3202 2987 poterit
3237 2918 3311 2974 le-

1717 2997 1834 3062 ctor
1861 2990 2056 3044 similia
2074 2991 2190 3062 alia
2220 2991 2333 3046 loca
2354 3032 2368 3055 ,
2397 2992 2441 3046 si
2478 3006 2655 3062 opera:
2686 2990 2823 3051 erit,
2851 2989 3159 3058 expendere
3178 3030 3194 3054 ,
3226 3003 3320 3044 ea-

1716 3060 1950 3133 demque
1972 3063 2037 3133 ad
2062 3061 2379 3117 Hebraicam
2406 3060 2619 3133 quoque
2643 3065 2924 3117 veritatem
2954 3062 3199 3129 exigere,
3229 3068 3318 3114 at-

1716 3148 1819 3203 que
1848 3132 1973 3188 inde
2002 3131 2166 3205 (quod
2206 3135 2257 3187 in
2298 3131 2484 3189 multis
2514 3131 2799 3202 succedet)
2826 3133 3318 3205 varietatiscausas

1717 3202 1921 3258 rimari.
1959 3202 2082 3259 Hinc
2123 3208 2266 3259 enim
2299 3206 2351 3259 in
2381 3207 2480 3261 hac
2506 3214 2651 3260 tanta
2687 3220 2750 3258 ac
2782 3216 2885 3259 tam
2920 3203 3076 3257 beata
3109 3203 3227 3257 luce
3253 3202 3318 3256 il-

1717 3274 1891 3330 larum
1923 3277 2225 3330 litterarum
2258 3277 2544 3331 maluimus
2587 3275 2775 3331 lectori
2817 3273 3165 3345 relinquere,
3212 3273 3315 3345 nisi

1716 3346 1807 3401 ubi
1835 3346 2033 3416 aliquid
2071 3346 2307 3412 incidet,
2349 3347 2490 3417 quod
2518 3347 2737 3418 dignum
2768 3347 2981 3402 vindice
3002 3385 3018 3418 ,
3057 3344 3317 3418 qua_m_iis

1716 3414 2014 3482 immorari,
2045 3433 2166 3486 qum
2190 3414 2433 3489 plerique
2457 3414 2753 3482 fastidiant,
2777 3419 2899 3489 quia
2930 3414 3311 3489 cuivisobvia;

1714 3496 1770 3542 et
1794 3489 1921 3556 quia
1950 3489 2118 3544 multa
2139 3530 2154 3553 ,
2187 3486 2287 3543 llas
2315 3486 2528 3544 nostras
2556 3490 2771 3559 notulas
2798 3486 3062 3542 instituto
3101 3486 3315 3559 longius

1715 3559 2066 3615 extruderent
2095 3574 2159 3615 ac
2185 3559 2570 3617 diﬂ'underent.
2603 3560 2674 3615 Μ.
2700 3556 2933 3613 ΟΑεΑιιιι.

1789 3628 1899 3703 (26)
1939 3630 2026 3685 Va:
2052 3630 2377 3703 facientibus.
2413 3631 2501 3687 Sic
2540 3632 2688 3703 locus
2718 3630 2808 3703 ille
2854 3630 3061 3699 integer
3084 3627 3316 3703 habetur

1713 3703 1852 3768 apud
1882 3701 2034 3771 Sept.
2054 3701 2313 3757 Ezechiel
2344 3718 2471 3767 xm,
2505 3702 2571 3758 l8
2595 3711 2650 3757 et
2675 3702 2915 3756 19εούαὶ
2936 3708 3052 3761 ταῖς
3077 3701 3316 3775 συρῥαπ-

1712 3775 1929 3849 roborat;
1975 3776 2364 3849 προσιειφὸιλαιοι
2391 3774 2495 3831 ὑπὸ
2519 3775 2689 3830 πάντα
2733 3775 2934 3849 ἀγκῶνα
2963 3774 3192 3849 χειρὸς)
3234 3777 3316 3849 irai

1712 3797 1929 3835 τουσαις
1975 3797 2173 3849 προσκι
2212 3797 2364 3831 mactat
2391 3797 2495 3831 υπο
2519 3797 2689 3830 arma
2733 3797 2934 3847 αγκωνα
2971 3797 3152 3848 χειρος
3177 3813 3192 3836 ,
3234 3797 3315 3829 και

1711 3843 1986 3919 «modum;
2034 3797 2303 3919 ἕπιϐὁζᾳια
2345 3848 2431 3919 ἐπὶ
2463 3851 2635 3919 πᾷσᾳν
2659 3846 2874 3919 nspecan
2906 3846 3081 3919 nciam
3119 3843 3315 3908 ἡλικίας

1712 3920 1801 3993 ςιόῦ
1852 3914 2173 3993 διαστρέφειη
2214 3916 2417 3993 ψυχάς.
2463 3917 2515 3972 αἱ
2562 3914 2742 3990 ψυχαὶ
2788 3915 3167 3993 διεστρρζῳησςᾳν
3218 3920 3313 3970 τοῦ

1712 3984 1837 4067 laci
1875 3984 2119 4067 magna;
2144 3984 2334 4067 ψυῇίᾷξ
2368 3984 2771 4067 περιεπόιοῧῖιτο..
2820 3990 2913 4043 Καὶ
2932 3984 3221 4067 ’.ἑςὶϐἡλουγ
3246 4007 3310 4059 με

1713 4058 1842 4137 πρὸς
1866 4057 1949 4137 r63
1977 4059 2099 4113 λαὸν
2124 4057 2635 4137 μουξὲνεκείδραξεός
2655 4062 2857 4137 apiariis,
2984 4057 3142 4137 ξλδεκεγ
3162 4057 3313 4137 κλεισ-

1713 4127 1885 4198 μᾶτων
1910 4127 2081 4207 ἄρτων
2103 4127 2195 4186 ’ἑοῦ
2227 4127 2519 4207 ἀποκτεξνὰι
2538 4127 2724 4207 ψυχᾷς
2751 4130 2816 4207 si;
2852 4127 3082 4207 962_i'3st
3119 4129 3313 4207 ἀποθσςι

1712 4198 2041 4278 νεῖνλκαίῖςιιῦ
2068 4204 2501 4278 περιποιήσασθαι
2521 4198 2709 4278 κρυ
2738 4201 2799 4278 ᾃς
2820 4202 2908 4255 οὐκ
2924 4198 3028 4278 ἔδει
3049 4204 3223 4278 ζῆσᾳι,
3260 4200 3312 4254 ἐν

1713 4276 1787 4348 τῷ
1824 4272 2226 4348 ἀπογθέχγεσίθαι
2254 4276 2394 4347 ὑμᾶς
2418 4272 2543 4345 λαῷή
2565 4272 2880 4348 εἶάακούργτι
2917 4273 3115 4348 μάταια
3142 4272 3309 4348 551:0?-

1714 4296 1787 4343 τῳ
1824 4296 2226 4396 αποφσεῦγεσσαι
2254 4297 2394 4347 una;
2421 4296 2526 4345 Ααῳ
2565 4296 2880 4329 εισακουοντι.
2917 4296 3115 4344 ματαια
3142 4296 3309 4344 αποφ-

1714 4344 1965 4416 ᾅέγματα.
2047 4360 2092 4398 te
2118 4348 2196 4398 his
2225 4361 2341 4414 qua:
2363 4354 2618 4399 consuunt
2643 4346 2886 4416 pulvillos
2915 4345 3009 4398 sub
3040 4341 3178 4416 omni
3215 4358 3310 4416 cu-

1715 4412 1819 4468 bito
1846 4431 2029 4469 manus
2050 4431 2069 4469 :
2097 4424 2143 4469 et
2180 4412 2377 4485 faciunt
2404 4412 2673 4471 cervicalia
2696 4416 2788 4469 sub
2813 4416 2950 4468 omni
2986 4415 3155 4482 capite
3189 4415 3312 4467 uni-

1714 4500 1873 4539 versa:
1899 4486 2063 4538 relatis
2094 4485 2161 4539 ad
2202 4486 2480 4556 capiendas
2522 4488 2722 4540 animas
2757 4502 2775 4539 :
2817 4495 2862 4538 et
2906 4501 3021 4538 cum
3069 4494 3313 4556 caperent

1715 4556 1915 4610 animas
1946 4557 2122 4622 pepuli
2151 4558 2249 4611 mei
2265 4554 2280 4622 ,
2308 4557 2630 4625 vivificabant
2657 4557 2855 4609 animas
2882 4570 3077 4609 eorum.
3111 4554 3175 4608 Et
3203 4557 3314 4609 vio-

1715 4626 1892 4679 labant
1916 4642 1993 4679 me
2019 4628 2086 4679 ad
2116 4628 2362 4698 papulum
2388 4644 2580 4693 meum,
2606 4638 2812 4698 prapter
2833 4626 3085 4699 pugillum
3106 4626 3308 4693 hordei,

1715 4706 1764 4750 et
1793 4701 2026 4769 fragmen
2048 4699 2218 4767 panis,
2246 4707 2302 4752 ut
2329 4699 2670 4767 interﬁcerent
2691 4701 2910 4762 animos,
2940 4713 3054 4766 qua:
3080 4713 3181 4751 non
3202 4714 3312 4750 mo-

20 4769 241 4823 multum
286 4756 505 4825 uidet-re
551 4768 839 4839 intelliges.
886 4756 1040 4839 Quod
1072 4780 1203 4839 non~
1224 4765 1415 4839 mirum
1444 4781 1458 4819 :
1488 4756 1611 4839 raro
1638 4756 1692 4816 D
1714 4756 1943 4835 riunttir,
1975 4778 2023 4822 et
2048 4756 2369 4839 viviﬁcarent
2401 4756 2600 4823 animos
2620 4811 2632 4830 .
2661 4784 2777 4838 qua:
2805 4756 2908 4822 non
2934 4756 3140 4835 vivunt,
3168 4784 3311 4823 men-

18 4841 157 4894 enim
186 4842 557 4896 consentiunt.
589 4836 777 4910 Major,
811 4853 917 4893 non
951 4838 1052 4910 hoc
1081 4837 1294 4907 quidem
1326 4837 1479 4910 loco,
1513 4836 1608 4910 sed

20 4916 192 4982 tamen
234 4913 290 4967 in
340 4913 608 4982 plerisque
652 4907 826 4980 major
851 4924 975 4965 eum
1006 4909 1496 4982 Grincaseniorum
1527 4907 1611 4982 (ut

18 4977 128 5037 fere
154 4984 207 5054 in
238 4977 483 5054 ejusdem
521 4977 620 5037 aut
658 4977 878 5050 majoris
912 4979 1245 5050 antiquitatis
1271 4979 1485 5048 scriptis
1508 4977 1606 5054 9b-

17 5053 222 5126 scrves)
269 5047 669 5126 convenientia.
718 5047 979 5126 Exempli
1018 5047 1179 5106 causa
1234 5066 1355 5126 inox
1384 5047 1607 5126 "profert

17 5119 241 5195 Optaltis
266 5141 336 5181 ex
366 5125 498 5181 Isaia
526 5141 541 5180 :
582 5123 686 5179 Vos
708 5125 796 5195 qui
822 5119 1007 5178 timetis
1034 5138 1227 5195 nomen
1247 5119 1477 5187 Domini,
1511 5136 1605 5174 au-

17 5193 115 5249 dite
155 5214 349 5252 nomen
373 5197 602 5251 Domini.
641 5193 826 5264 Hi'qui
855 5212 942 5249 vos
981 5194 1101 5248 odio
1140 5193 1344 5257 habent,
1389 5202 1438 5246 et
1484 5207 1602 5264 exe-

17 5279 238 5328 crantur.
270 5279 324 5323 et
353 5270 534 5322 nolunt
554 5284 609 5322 se
637 5262 953 5337 dici'fratres
975 5274 1196 5324 nostros,
1224 5280 1313 5318 vos
1339 5272 1505 5337 tamen
1533 5262 1607 5316 eis

17 5336 199 5406 dicite,
224 5338 443 5394 Fratres
484 5339 644 5393 nostri
681 5334 821 5392 estis.
873 5338 1008 5393 Male
1054 5337 1305 5406 ablegant
1339 5334 1607 5406 editiones

17 5404 221 5478 priores
251 5413 322 5466 ad
353 5411 501 5467 Isaia:
523 5426 630 5477 th,
658 5421 741 5463 est
770 5410 911 5464 enim
944 5409 1094 5463 lsaite
1114 5404 1266 5470 Lx'vt,
1291 5408 1343 5461 5.
1366 5406 1442 5478 lbi
1474 5404 1605 5459 Vul-

17 5477 126 5548 gata
172 5484 343 5552 plane
370 5486 418 5537 iu
448 5484 606 5536 aliam
649 5488 880 5535 mentem
907 5498 920 5533 :
949 5479 1137 5535 Audite
1172 5478 1375 5532 verbum
1399 5477 1610 5552 Domini

17 5554 97 5619 qui
134 5549 359 5609 tremitis
399 5554 469 5607 ad
510 5553 712 5606 verbum
754 5554 883 5623 ejus.
937 5552 1188 5605 Dixerunt
1235 5552 1420 5622 fratres
1445 5549 1609 5623 vestri

17 5625 237 5679 odientes
263 5641 354 5680 vos
380 5634 427 5678 et
453 5624 753 5695 abjicientes
774 5620 977 5690 propter
994 5638 1177 5695 nomen
1209 5620 1399 5685 meum,
1431 5620 1606 5674 Glori-

17 5695 190 5759 ficetur
240 5694 588 5749 Dominus'et
627 5694 904 5747 videbimus
946 5694 998 5747 in
1044 5694 1224 5748 lwtitia
1268 5701 1458 5754 vestra,
1500 5704 1608 5747 etc.

17 5768 185 5841 _l;_rteci
210 5777 420 5841 autem,
450 5764 709 5841 ἀκοπξσᾳτς
726 5764 931 5841 ῥήματα
954 5768 1137 5841 κυρίου
1167 5765 1212 5818 oi
1234 5764 1499 5841 rps'ptov‘t's;
1529 5764 1613 5841 ἰ’ὸν

17 5837 150 5911 λόγον
162 5842 349 5907 αὐτοῦ,
363 5837 539 5894 εἴπατε
563 5838 613 5894 ’Δ
624 5836 653 5894 δ
664 5858 685 5892 s
696 5835 831 5906 Mani
858 5837 888 5893 ri
899 5843 985 5906 μῶ
996 5835 1042 5906 v',
1058 5842 1170 5896 τοῖς
1181 5835 1426 5908 μισίοῦσιν
1450 5835 1610 5905 ὑμᾶς,

1713 4839 1894 4893 tientes
1938 4840 2129 4909 populo
2175 4857 2285 4894 meo
2325 4840 2551 4895 credenti
2577 4841 2878 4895 mendaciis.
2928 4840 3082 4906 Quod
3125 4846 3310 4909 noster

1711 4907 1981 4980 Interpres
2024 4912 2184 4967 vertit
2233 4909 2542 4979 Cervicalia,
2577 4912 2711 4968 Heb.
2742 4917 2995 4974 manu.
3029 4910 3090 4963 Ι).
3130 4908 3193 4962 K.
3231 4907 3311 4964 ait

1710 4995 1832 5056 esse
1868 4981 2125 5056 velamina
2161 4983 2343 5056 quibus
2372 4984 2607 5056 mulieres
2641 4982 2826 5056 faciem
2861 4996 3009 5056 suam
3049 4980 3305 5056 uelabant.

1712 5050 1825 5106 Vox
1857 5052 2043 5108 Graeca
2087 5049 2379 5120 ἐπιϐάλωσι,
2406 5049 2685 5110 amiculum
2714 5051 3010 5124 generatim
3038 5049 3310 5121 signiﬁcat

1709 5132 1801 5177 aut
1824 5124 2089 5180 velamen.
2117 5124 2222 5182 Sed
2244 5129 2526 5200 stragulum
2550 5124 2673 5180 Tori
2693 5122 2833 5194 apud
2854 5122 3139 5200 qalenum.
3163 5123 3309 5200 quod

1709 5203 1929 5271 secutus
1950 5206 2037 5251 est
2065 5207 2254 5254 uoster
2275 5194 2561 5271 intérpres,
2612 5208 2857 5269 tempore
2884 5194 3067 5266 Optati
3093 5194 3331 5266 legebaa

1710 5271 1819 5331 tur,
1851 5268 2104 5324 velamen.
2143 5271 2217 5327 Du
2247 5271 2364 5327 Ριιι.

1784 5337 1899 5410 (27)
1930 5339 2168 5413 (Spiritus
2193 5353 2402 5397 sanctus
2430 5358 2522 5413 per
2540 5338 2751 5413 Esaiam
2776 5336 3271 5413 prophetam_dice_ns
3288 5352 3309 5391 :

1716 5406 1825 5464 Vos
1851 5406 1940 5480 qui
1968 5406 2171 5475 timetis.
2187 5424 2291 5470 etc.
2317 5414 2397 5470 Ita
2423 5406 2509 5467 hic
2531 5414 2681 5469 locus
2703 5406 2930 5466 habetur
2949 5406 3091 5480 apud
3113 5407 3309 5463 Isaiam

1711 5481 1766 5536 in
1794 5480 1986 5536 Graeco
2031 5492 2089 5538 ut
2117 5486 2313 5539 citatur
2338 5485 2405 5539 ab
2446 5482 2658 5554 Optato.
2687 5481 2953 5554 _Vulgat_us
2994 5489 3181 5533 noster
3222 5480 3307 5534 in-

1711 5560 1922 5622 terpres
1945 5595 1959 5618 ,
1997 5556 2088 5624 qui
2122 5570 2245 5610 cuin
2274 5549 2509 5611 Hebraao'
2545 5549 2812 5624 concinit,
2840 5549 3054 5624 diverso
3085 5563 3309 5624 prorsus

1711 5620 1875 5695 sensu
1900 5620 2029 5695 legit
2055 5644 2068 5679 :
2099 5626 2286 5680 Audite
2304 5625 2510 5680 verbum
2532 5621 2744 5695 Domini
2763 5622 2851 5695 qui
2871 5620 3081 5674 tremitis
3101 5620 3171 5674 ad
3197 5637 3308 5695 ver-

1716 5693 1833 5768 bum
1862 5691 1977 5765 ejui
2001 5712 2021 5750 :
2046 5699 2286 5751 dixerunt
2324 5702 2509 5768 fratres
2543 5691 2693 5768 vestri
2721 5691 2948 5768 odientes
2975 5706 3061 5768 vos
3098 5703 3145 5745 et
3172 5693 3309 5766 abjio

1716 5762 1902 5837 cientes
1930 5779 2137 5837 pmpter
2179 5762 2360 5822 nomen
2384 5762 2759 5837 meum._ldem
2789 5763 3152 5837 testimonium
3181 5762 3309 5837 pro-

1717 5835 1827 5895 lert
1852 5832 2077 5895 Tertull.
2096 5879 2112 5908 ,
2140 5837 2234 5895 lib.
2265 5853 2344 5908 tv,
2369 5845 2555 5894 contra
2582 5834 2746 5892 Marc.
2766 5871 2784 5900 ,
2814 5848 2865 5892 c.
2900 5832 2989 5897 16,
3019 5845 3086 5887 ex
3116 5833 3309 5891 eadem
