  <div class='ocr_page' id='page_1' title='image "/cluster/home/n/w/nwhite01/storage/ocr_20150623/11/hvd.32044015471287/453.png"; bbox 0 0 3898 6320; ppageno 0'>
   <div class='ocr_carea' id='block_1_1' title="bbox 426 327 536 390">
    <p class='ocr_par' dir='ltr' id='par_1_1' title="bbox 426 327 536 390">
     <span class='ocr_line' id='line_1_1' title="bbox 426 327 536 390; baseline 0.027 -3"><span class='ocrx_word' id='word_1_1' title='bbox 426 327 536 390; x_wconf 83' lang='grc'><strong>895</strong></span> 
     </span>
    </p>
   </div>
   <div class='ocr_carea' id='block_1_2' title="bbox 1637 342 2527 415">
    <p class='ocr_par' dir='ltr' id='par_1_2' title="bbox 1637 342 2527 415">
     <span class='ocr_line' id='line_1_2' title="bbox 1637 342 2527 415; baseline 0.013 -14"><span class='ocrx_word' id='word_1_2' title='bbox 1637 342 1883 405; x_wconf 72' lang='lat' dir='ltr'><strong>SANCTI</strong></span> <span class='ocrx_word' id='word_1_3' title='bbox 1922 348 2176 410; x_wconf 83' lang='lat' dir='ltr'><strong>0PTATI</strong></span> <span class='ocrx_word' id='word_1_4' title='bbox 2217 353 2527 415; x_wconf 85' lang='lat' dir='ltr'><strong>EPlSCOPl</strong></span> 
     </span>
    </p>
   </div>
   <div class='ocr_carea' id='block_1_3' title="bbox 3615 374 3709 435">
    <p class='ocr_par' dir='ltr' id='par_1_3' title="bbox 3615 374 3709 435">
     <span class='ocr_line' id='line_1_3' title="bbox 3615 374 3709 435; baseline 0.021 -2"><span class='ocrx_word' id='word_1_5' title='bbox 3615 374 3709 435; x_wconf 81' lang='grc'><strong>896</strong></span> 
     </span>
    </p>
   </div>
   <div class='ocr_carea' id='block_1_4' title="bbox 428 450 3706 554">
    <p class='ocr_par' dir='ltr' id='par_1_4' title="bbox 428 450 3706 554">
     <span class='ocr_line' id='line_1_4' title="bbox 428 450 3706 554; baseline 0.013 -48"><span class='ocrx_word' id='word_1_6' title='bbox 428 467 552 554; x_wconf 76' lang='lat' dir='ltr'><strong>ntus</strong></span> <span class='ocrx_word' id='word_1_7' title='bbox 605 450 722 527; x_wconf 76' lang='lat'><strong>(52)</strong></span> <span class='ocrx_word' id='word_1_8' title='bbox 752 471 766 510; x_wconf 90' lang='lat'><strong>:</strong></span> <span class='ocrx_word' id='word_1_9' title='bbox 792 471 897 512; x_wconf 88' lang='lat' dir='ltr'><strong>non</strong></span> <span class='ocrx_word' id='word_1_10' title='bbox 929 470 1030 528; x_wconf 90' lang='lat' dir='ltr'><strong>pro</strong></span> <span class='ocrx_word' id='word_1_11' title='bbox 1054 454 1209 514; x_wconf 83' lang='lat' dir='ltr'><strong>vobis</strong></span> <span class='ocrx_word' id='word_1_12' title='bbox 1247 456 1671 554; x_wconf 88' lang='lat' dir='ltr'><strong>quibaptisma,</strong></span> <span class='ocrx_word' id='word_1_13' title='bbox 1703 462 1816 534; x_wconf 85' lang='grc'>(55)</span> <span class='ocrx_word' id='word_1_14' title='bbox 1849 465 1900 520; x_wconf 92' lang='lat' dir='ltr'><strong>in</strong></span> <span class='ocrx_word' id='word_1_15' title='bbox 1930 480 2027 522; x_wconf 91' lang='lat' dir='ltr'><strong>cu-</strong></span> <span class='ocrx_word' id='word_1_16' title='bbox 2055 473 2103 531; x_wconf 84' lang='grc' dir='ltr'>Α</span> <span class='ocrx_word' id='word_1_17' title='bbox 2134 479 2185 527; x_wconf 92' lang='lat' dir='ltr'><strong>te</strong></span> <span class='ocrx_word' id='word_1_18' title='bbox 2216 472 2357 528; x_wconf 90' lang='lat' dir='ltr'><strong>dicta</strong></span> <span class='ocrx_word' id='word_1_19' title='bbox 2409 483 2534 530; x_wconf 89' lang='lat' dir='ltr'><strong>sunt</strong></span> <span class='ocrx_word' id='word_1_20' title='bbox 2573 475 2806 549; x_wconf 87' lang='lat' dir='ltr'><strong>singula.</strong></span> <span class='ocrx_word' id='word_1_21' title='bbox 2851 479 2931 538; x_wconf 87' lang='lat' dir='ltr'><strong>Tu</strong></span> <span class='ocrx_word' id='word_1_22' title='bbox 2971 482 3114 539; x_wconf 91' lang='lat' dir='ltr'><strong>enim</strong></span> <span class='ocrx_word' id='word_1_23' title='bbox 3159 484 3331 554; x_wconf 89' lang='lat' dir='ltr'><strong>primo</strong></span> <span class='ocrx_word' id='word_1_24' title='bbox 3380 487 3502 545; x_wconf 91' lang='lat' dir='ltr'><strong>loco</strong></span> <span class='ocrx_word' id='word_1_25' title='bbox 3541 490 3706 551; x_wconf 94' lang='lat' dir='ltr'><strong>dixisti</strong></span> 
     </span>
    </p>
   </div>
   <div class='ocr_carea' id='block_1_5' title="bbox 421 543 2023 629">
    <p class='ocr_par' dir='ltr' id='par_1_5' title="bbox 421 543 2023 629">
     <span class='ocr_line' id='line_1_5' title="bbox 421 543 2023 629; baseline 0.011 -33"><span class='ocrx_word' id='word_1_26' title='bbox 421 543 513 615; x_wconf 87' lang='lat' dir='ltr'><strong>jus</strong></span> <span class='ocrx_word' id='word_1_27' title='bbox 539 546 772 618; x_wconf 91' lang='lat' dir='ltr'><strong>imagine</strong></span> <span class='ocrx_word' id='word_1_28' title='bbox 830 556 857 587; x_wconf 73' lang='grc'>⁸</span> <span class='ocrx_word' id='word_1_29' title='bbox 907 560 1032 606; x_wconf 92' lang='lat' dir='ltr'><strong>sunt</strong></span> <span class='ocrx_word' id='word_1_30' title='bbox 1072 551 1162 607; x_wconf 91' lang='lat' dir='ltr'><strong>illa</strong></span> <span class='ocrx_word' id='word_1_31' title='bbox 1192 551 1300 607; x_wconf 91' lang='lat' dir='ltr'><strong>duo</strong></span> <span class='ocrx_word' id='word_1_32' title='bbox 1330 552 1445 625; x_wconf 77' lang='grc'>(54)</span> <span class='ocrx_word' id='word_1_33' title='bbox 1473 554 1766 622; x_wconf 74' lang='lat' dir='ltr'><strong>audaciter,</strong></span> <span class='ocrx_word' id='word_1_34' title='bbox 1800 568 1847 612; x_wconf 94' lang='lat' dir='ltr'><strong>et</strong></span> <span class='ocrx_word' id='word_1_35' title='bbox 1881 559 2023 629; x_wconf 92' lang='lat' dir='ltr'><strong>quod</strong></span> 
     </span>
    </p>
   </div>
   <div class='ocr_carea' id='block_1_6' title="bbox 425 640 2024 719">
    <p class='ocr_par' dir='ltr' id='par_1_6' title="bbox 425 640 2024 719">
     <span class='ocr_line' id='line_1_6' title="bbox 425 640 2024 719; baseline 0.009 -28"><span class='ocrx_word' id='word_1_36' title='bbox 425 647 612 693; x_wconf 91' lang='lat' dir='ltr'><strong>contra</strong></span> <span class='ocrx_word' id='word_1_37' title='bbox 657 640 804 711; x_wconf 87' lang='lat' dir='ltr'><strong>leges</strong></span> <span class='ocrx_word' id='word_1_38' title='bbox 841 640 868 680; x_wconf 77' lang='grc' dir='ltr'>ι)</span> <span class='ocrx_word' id='word_1_39' title='bbox 917 652 1004 698; x_wconf 90' lang='lat' dir='ltr'><strong>est</strong></span> <span class='ocrx_word' id='word_1_40' title='bbox 1054 645 1257 700; x_wconf 91' lang='lat' dir='ltr'><strong>iteratis</strong></span> <span class='ocrx_word' id='word_1_41' title='bbox 1311 662 1326 702; x_wconf 87' lang='lat'><strong>:</strong></span> <span class='ocrx_word' id='word_1_42' title='bbox 1384 646 1498 719; x_wconf 85' lang='grc'>(55)</span> <span class='ocrx_word' id='word_1_43' title='bbox 1550 650 1795 719; x_wconf 77' lang='lat' dir='ltr'><strong>quamvis</strong></span> <span class='ocrx_word' id='word_1_44' title='bbox 1835 661 1888 706; x_wconf 90' lang='lat' dir='ltr'><strong>et</strong></span> <span class='ocrx_word' id='word_1_45' title='bbox 1929 666 2024 706; x_wconf 85' lang='lat' dir='ltr'><strong>vos</strong></span> 
     </span>
    </p>
   </div>
   <div class='ocr_carea' id='block_1_7' title="bbox 426 729 2022 815">
    <p class='ocr_par' dir='ltr' id='par_1_7' title="bbox 426 729 2022 815">
     <span class='ocr_line' id='line_1_7' title="bbox 426 729 2022 815; baseline 0.011 -32"><span class='ocrx_word' id='word_1_46' title='bbox 426 729 526 799; x_wconf 89' lang='lat' dir='ltr'><strong>ipsi</strong></span> <span class='ocrx_word' id='word_1_47' title='bbox 556 745 661 786; x_wconf 93' lang='lat' dir='ltr'><strong>non</strong></span> <span class='ocrx_word' id='word_1_48' title='bbox 693 734 922 804; x_wconf 77' lang='lat' dir='ltr'><strong>negetis,</strong></span> <span class='ocrx_word' id='word_1_49' title='bbox 948 737 1072 806; x_wconf 84' lang='lat' dir='ltr'><strong>quia</strong></span> <span class='ocrx_word' id='word_1_50' title='bbox 1106 754 1211 793; x_wconf 92' lang='lat' dir='ltr'><strong>non</strong></span> <span class='ocrx_word' id='word_1_51' title='bbox 1251 739 1413 796; x_wconf 88' lang='lat' dir='ltr'><strong>debet</strong></span> <span class='ocrx_word' id='word_1_52' title='bbox 1441 741 1649 809; x_wconf 89' lang='lat' dir='ltr'><strong>iterari,</strong></span> <span class='ocrx_word' id='word_1_53' title='bbox 1680 745 1822 815; x_wconf 89' lang='lat' dir='ltr'><strong>quod</strong></span> <span class='ocrx_word' id='word_1_54' title='bbox 1851 748 2022 803; x_wconf 86' lang='lat' dir='ltr'><strong>semel</strong></span> 
     </span>
    </p>
   </div>
   <div class='ocr_carea' id='block_1_8' title="bbox 418 821 2019 906">
    <p class='ocr_par' dir='ltr' id='par_1_8' title="bbox 418 821 2019 906">
     <span class='ocr_line' id='line_1_8' title="bbox 418 821 2019 906; baseline 0.011 -30"><span class='ocrx_word' id='word_1_55' title='bbox 418 821 631 891; x_wconf 90' lang='lat' dir='ltr'><strong>jussum</strong></span> <span class='ocrx_word' id='word_1_56' title='bbox 679 834 763 881; x_wconf 90' lang='lat' dir='ltr'><strong>est</strong></span> <span class='ocrx_word' id='word_1_57' title='bbox 818 827 953 883; x_wconf 85' lang='lat' dir='ltr'><strong>ﬁeri.</strong></span> <span class='ocrx_word' id='word_1_58' title='bbox 988 829 1095 886; x_wconf 89' lang='lat' dir='ltr'><strong>Sed</strong></span> <span class='ocrx_word' id='word_1_59' title='bbox 1137 830 1265 886; x_wconf 91' lang='lat' dir='ltr'><strong>dum</strong></span> <span class='ocrx_word' id='word_1_60' title='bbox 1310 840 1365 887; x_wconf 91' lang='lat' dir='ltr'><strong>tu</strong></span> <span class='ocrx_word' id='word_1_61' title='bbox 1409 844 1430 872; x_wconf 79' lang='grc' dir='ltr'><strong>ο</strong></span> <span class='ocrx_word' id='word_1_62' title='bbox 1462 835 1734 892; x_wconf 90' lang='lat' dir='ltr'><strong>subtiliter</strong></span> <span class='ocrx_word' id='word_1_63' title='bbox 1760 838 2019 906; x_wconf 89' lang='lat' dir='ltr'><strong>laudasti,</strong></span> 
     </span>
    </p>
   </div>
   <div class='ocr_carea' id='block_1_9' title="bbox 420 917 2022 1003">
    <p class='ocr_par' dir='ltr' id='par_1_9' title="bbox 420 917 2022 1003">
     <span class='ocr_line' id='line_1_9' title="bbox 420 917 2022 1003; baseline 0.012 -35"><span class='ocrx_word' id='word_1_64' title='bbox 420 917 563 985; x_wconf 90' lang='lat' dir='ltr'><strong>quod</strong></span> <span class='ocrx_word' id='word_1_65' title='bbox 591 919 737 973; x_wconf 92' lang='lat' dir='ltr'><strong>omni</strong></span> <span class='ocrx_word' id='word_1_66' title='bbox 771 919 945 975; x_wconf 83' lang='lat' dir='ltr'><strong>laudis</strong></span> <span class='ocrx_word' id='word_1_67' title='bbox 978 925 1254 993; x_wconf 66' lang='lat' dir='ltr'><strong>prmconio</strong></span> <span class='ocrx_word' id='word_1_68' title='bbox 1282 924 1500 996; x_wconf 87' lang='lat' dir='ltr'><strong>dignum</strong></span> <span class='ocrx_word' id='word_1_69' title='bbox 1526 938 1647 995; x_wconf 82' lang='lat' dir='ltr'><strong>est,</strong></span> <span class='ocrx_word' id='word_1_70' title='bbox 1680 929 1796 1003; x_wconf 84' lang='grc'>(56)</span> <span class='ocrx_word' id='word_1_71' title='bbox 1827 931 2022 988; x_wconf 82' lang='lat' dir='ltr'><strong>callide</strong></span> 
     </span>
    </p>
   </div>
   <div class='ocr_carea' id='block_1_10' title="bbox 420 1014 2020 1092">
    <p class='ocr_par' dir='ltr' id='par_1_10' title="bbox 420 1014 2020 1092">
     <span class='ocr_line' id='line_1_10' title="bbox 420 1014 2020 1092; baseline 0.012 -30"><span class='ocrx_word' id='word_1_72' title='bbox 420 1018 657 1065; x_wconf 82' lang='lat' dir='ltr'><strong>vestram</strong></span> <span class='ocrx_word' id='word_1_73' title='bbox 685 1014 1017 1083; x_wconf 90' lang='lat' dir='ltr'><strong>supposuisti</strong></span> <span class='ocrx_word' id='word_1_74' title='bbox 1047 1031 1354 1086; x_wconf 90' lang='lat' dir='ltr'><strong>personam,</strong></span> <span class='ocrx_word' id='word_1_75' title='bbox 1388 1031 1446 1074; x_wconf 90' lang='lat' dir='ltr'><strong>ut</strong></span> <span class='ocrx_word' id='word_1_76' title='bbox 1471 1022 1647 1092; x_wconf 90' lang='lat' dir='ltr'><strong>quasi,</strong></span> <span class='ocrx_word' id='word_1_77' title='bbox 1700 1024 1820 1091; x_wconf 84' lang='lat' dir='ltr'><strong>quia</strong></span> <span class='ocrx_word' id='word_1_78' title='bbox 1853 1028 2020 1081; x_wconf 89' lang='lat' dir='ltr'><strong>semel</strong></span> 
     </span>
    </p>
   </div>
   <div class='ocr_carea' id='block_1_11' title="bbox 418 1098 2022 1189">
    <p class='ocr_par' dir='ltr' id='par_1_11' title="bbox 418 1098 2022 1189">
     <span class='ocr_line' id='line_1_11' title="bbox 418 1098 2022 1189; baseline 0.013 -36"><span class='ocrx_word' id='word_1_79' title='bbox 418 1098 564 1168; x_wconf 91' lang='lat' dir='ltr'><strong>licet,</strong></span> <span class='ocrx_word' id='word_1_80' title='bbox 596 1102 752 1159; x_wconf 85' lang='lat' dir='ltr'><strong>vobis</strong></span> <span class='ocrx_word' id='word_1_81' title='bbox 778 1106 937 1161; x_wconf 89' lang='lat' dir='ltr'><strong>liceat</strong></span> <span class='ocrx_word' id='word_1_82' title='bbox 957 1106 1097 1178; x_wconf 81' lang='grc'>(57),</span> <span class='ocrx_word' id='word_1_83' title='bbox 1126 1110 1247 1165; x_wconf 91' lang='lat' dir='ltr'><strong>aliis</strong></span> <span class='ocrx_word' id='word_1_84' title='bbox 1275 1110 1592 1183; x_wconf 89' lang='lat' dir='ltr'><strong>denegetur.</strong></span> <span class='ocrx_word' id='word_1_85' title='bbox 1626 1115 1741 1189; x_wconf 84' lang='lat'><strong>(58)</strong></span> <span class='ocrx_word' id='word_1_86' title='bbox 1772 1116 1827 1172; x_wconf 90' lang='lat' dir='ltr'><strong>Si</strong></span> <span class='ocrx_word' id='word_1_87' title='bbox 1857 1119 2022 1175; x_wconf 89' lang='lat' dir='ltr'><strong>tradi-</strong></span> 
     </span>
    </p>
   </div>
   <div class='ocr_carea' id='block_1_12' title="bbox 420 1194 2021 1283">
    <p class='ocr_par' dir='ltr' id='par_1_12' title="bbox 420 1194 2021 1283">
     <span class='ocr_line' id='line_1_12' title="bbox 420 1194 2021 1283; baseline 0.014 -38"><span class='ocrx_word' id='word_1_88' title='bbox 420 1194 628 1250; x_wconf 91' lang='lat' dir='ltr'><strong>toribus</strong></span> <span class='ocrx_word' id='word_1_89' title='bbox 678 1212 784 1252; x_wconf 92' lang='lat' dir='ltr'><strong>non</strong></span> <span class='ocrx_word' id='word_1_90' title='bbox 843 1199 988 1266; x_wconf 89' lang='lat' dir='ltr'><strong>licet,</strong></span> <span class='ocrx_word' id='word_1_91' title='bbox 1051 1203 1204 1259; x_wconf 91' lang='lat' dir='ltr'><strong>vobis</strong></span> <span class='ocrx_word' id='word_1_92' title='bbox 1262 1204 1426 1261; x_wconf 86' lang='lat' dir='ltr'><strong>licere</strong></span> <span class='ocrx_word' id='word_1_93' title='bbox 1485 1223 1591 1263; x_wconf 91' lang='lat' dir='ltr'><strong>non</strong></span> <span class='ocrx_word' id='word_1_94' title='bbox 1634 1209 1837 1280; x_wconf 83' lang='lat' dir='ltr'><strong>debuit,</strong></span> <span class='ocrx_word' id='word_1_95' title='bbox 1887 1228 2021 1283; x_wconf 90' lang='lat' dir='ltr'><strong>quo-</strong></span> 
     </span>
    </p>
   </div>
   <div class='ocr_carea' id='block_1_13' title="bbox 418 1286 2019 1367">
    <p class='ocr_par' dir='ltr' id='par_1_13' title="bbox 418 1286 2019 1367">
     <span class='ocr_line' id='line_1_13' title="bbox 418 1286 2019 1367; baseline 0.016 -29"><span class='ocrx_word' id='word_1_96' title='bbox 418 1300 536 1340; x_wconf 91' lang='lat' dir='ltr'><strong>rum</strong></span> <span class='ocrx_word' id='word_1_97' title='bbox 567 1286 684 1361; x_wconf 78' lang='grc'>(59)</span> <span class='ocrx_word' id='word_1_98' title='bbox 712 1292 1007 1363; x_wconf 72' lang='grc' dir='ltr'><strong>’ρτὶηοίρρδ</strong></span> <span class='ocrx_word' id='word_1_99' title='bbox 1056 1299 1345 1367; x_wconf 87' lang='lat' dir='ltr'><strong>probamus</strong></span> <span class='ocrx_word' id='word_1_100' title='bbox 1389 1298 1555 1357; x_wconf 91' lang='lat' dir='ltr'><strong>fuisse</strong></span> <span class='ocrx_word' id='word_1_101' title='bbox 1605 1304 1913 1361; x_wconf 90' lang='lat' dir='ltr'><strong>traditores.</strong></span> <span class='ocrx_word' id='word_1_102' title='bbox 1962 1308 2019 1364; x_wconf 90' lang='lat' dir='ltr'><strong>Si</strong></span> 
     </span>
    </p>
   </div>
   <div class='ocr_carea' id='block_1_14' title="bbox 418 1380 2020 1464">
    <p class='ocr_par' dir='ltr' id='par_1_14' title="bbox 418 1380 2020 1464">
     <span class='ocr_line' id='line_1_14' title="bbox 418 1380 2020 1464; baseline 0.014 -30"><span class='ocrx_word' id='word_1_103' title='bbox 418 1380 781 1440; x_wconf 87' lang='lat' dir='ltr'><strong>schismaticis</strong></span> <span class='ocrx_word' id='word_1_104' title='bbox 828 1401 932 1443; x_wconf 93' lang='lat' dir='ltr'><strong>non</strong></span> <span class='ocrx_word' id='word_1_105' title='bbox 963 1389 1110 1456; x_wconf 92' lang='lat' dir='ltr'><strong>licet,</strong></span> <span class='ocrx_word' id='word_1_106' title='bbox 1142 1391 1367 1464; x_wconf 73' lang='lat' dir='ltr'><strong>adaeque</strong></span> <span class='ocrx_word' id='word_1_107' title='bbox 1396 1396 1553 1450; x_wconf 83' lang='lat' dir='ltr'><strong>vobis</strong></span> <span class='ocrx_word' id='word_1_108' title='bbox 1582 1396 1746 1453; x_wconf 83' lang='lat' dir='ltr'><strong>licere</strong></span> <span class='ocrx_word' id='word_1_109' title='bbox 1786 1413 1893 1454; x_wconf 91' lang='lat' dir='ltr'><strong>non</strong></span> <span class='ocrx_word' id='word_1_110' title='bbox 1924 1400 2020 1457; x_wconf 87' lang='lat' dir='ltr'><strong>de-</strong></span> 
     </span>
    </p>
   </div>
   <div class='ocr_carea' id='block_1_15' title="bbox 418 1472 2017 1555">
    <p class='ocr_par' dir='ltr' id='par_1_15' title="bbox 418 1472 2017 1555">
     <span class='ocr_line' id='line_1_15' title="bbox 418 1472 2017 1555; baseline 0.014 -28"><span class='ocrx_word' id='word_1_111' title='bbox 418 1472 556 1540; x_wconf 89' lang='lat' dir='ltr'><strong>bttit,</strong></span> <span class='ocrx_word' id='word_1_112' title='bbox 590 1477 730 1547; x_wconf 87' lang='lat' dir='ltr'><strong>apud</strong></span> <span class='ocrx_word' id='word_1_113' title='bbox 758 1495 893 1550; x_wconf 89' lang='lat' dir='ltr'><strong>quos</strong></span> <span class='ocrx_word' id='word_1_114' title='bbox 922 1482 1039 1552; x_wconf 89' lang='lat'><strong>(60)</strong></span> <span class='ocrx_word' id='word_1_115' title='bbox 1088 1484 1239 1555; x_wconf 80' lang='lat' dir='ltr'><strong>origo</strong></span> <span class='ocrx_word' id='word_1_116' title='bbox 1268 1486 1577 1543; x_wconf 89' lang='lat' dir='ltr'><strong>schismatis</strong></span> <span class='ocrx_word' id='word_1_117' title='bbox 1623 1490 1913 1547; x_wconf 84' lang='lat' dir='ltr'><strong>invenitur.</strong></span> <span class='ocrx_word' id='word_1_118' title='bbox 1961 1493 2017 1549; x_wconf 93' lang='lat' dir='ltr'><strong>Si</strong></span> 
     </span>
    </p>
   </div>
   <div class='ocr_carea' id='block_1_16' title="bbox 418 1569 2019 1645">
    <p class='ocr_par' dir='ltr' id='par_1_16' title="bbox 418 1569 2019 1645">
     <span class='ocr_line' id='line_1_16' title="bbox 418 1569 2019 1645; baseline 0.012 -25"><span class='ocrx_word' id='word_1_119' title='bbox 418 1569 795 1633; x_wconf 86' lang='lat' dir='ltr'><strong>peccatoribus</strong></span> <span class='ocrx_word' id='word_1_120' title='bbox 821 1586 928 1626; x_wconf 94' lang='lat' dir='ltr'><strong>non</strong></span> <span class='ocrx_word' id='word_1_121' title='bbox 954 1571 1097 1639; x_wconf 89' lang='lat' dir='ltr'><strong>licet,</strong></span> <span class='ocrx_word' id='word_1_122' title='bbox 1122 1576 1286 1630; x_wconf 87' lang='lat' dir='ltr'><strong>etiam</strong></span> <span class='ocrx_word' id='word_1_123' title='bbox 1312 1588 1624 1645; x_wconf 87' lang='lat' dir='ltr'><strong>peccatores</strong></span> <span class='ocrx_word' id='word_1_124' title='bbox 1646 1595 1740 1636; x_wconf 85' lang='lat' dir='ltr'><strong>vos</strong></span> <span class='ocrx_word' id='word_1_125' title='bbox 1763 1597 1884 1637; x_wconf 86' lang='lat' dir='ltr'><strong>esse</strong></span> <span class='ocrx_word' id='word_1_126' title='bbox 1908 1593 2019 1639; x_wconf 83' lang='lat' dir='ltr'><strong>tes-</strong></span> 
     </span>
    </p>
   </div>
   <div class='ocr_carea' id='block_1_17' title="bbox 418 1658 2016 1745">
    <p class='ocr_par' dir='ltr' id='par_1_17' title="bbox 418 1658 2016 1745">
     <span class='ocr_line' id='line_1_17' title="bbox 418 1658 2016 1745; baseline 0.011 -32"><span class='ocrx_word' id='word_1_127' title='bbox 418 1658 644 1716; x_wconf 88' lang='lat' dir='ltr'><strong>timonio</strong></span> <span class='ocrx_word' id='word_1_128' title='bbox 681 1660 864 1718; x_wconf 91' lang='lat' dir='ltr'><strong>divino</strong></span> <span class='ocrx_word' id='word_1_129' title='bbox 893 1668 1287 1724; x_wconf 90' lang='lat' dir='ltr'><strong>convincimus.</strong></span> <span class='ocrx_word' id='word_1_130' title='bbox 1338 1670 1407 1725; x_wconf 88' lang='lat' dir='ltr'><strong>Et</strong></span> <span class='ocrx_word' id='word_1_131' title='bbox 1453 1681 1631 1728; x_wconf 85' lang='lat' dir='ltr'><strong>tamen</strong></span> <span class='ocrx_word' id='word_1_132' title='bbox 1680 1674 1808 1745; x_wconf 90' lang='lat' dir='ltr'><strong>quia</strong></span> <span class='ocrx_word' id='word_1_133' title='bbox 1848 1676 2016 1731; x_wconf 89' lang='lat' dir='ltr'><strong>semel</strong></span> 
     </span>
    </p>
   </div>
   <div class='ocr_carea' id='block_1_18' title="bbox 416 1753 2013 1839">
    <p class='ocr_par' dir='ltr' id='par_1_18' title="bbox 416 1753 2013 1839">
     <span class='ocr_line' id='line_1_18' title="bbox 416 1753 2013 1839; baseline 0.01 -31"><span class='ocrx_word' id='word_1_134' title='bbox 416 1753 564 1822; x_wconf 87' lang='lat' dir='ltr'><strong>licet,</strong></span> <span class='ocrx_word' id='word_1_135' title='bbox 593 1772 701 1812; x_wconf 94' lang='lat' dir='ltr'><strong>non</strong></span> <span class='ocrx_word' id='word_1_136' title='bbox 725 1773 820 1828; x_wconf 90' lang='lat' dir='ltr'><strong>per</strong></span> <span class='ocrx_word' id='word_1_137' title='bbox 842 1760 1072 1817; x_wconf 82' lang='lat' dir='ltr'><strong>eleCIum</strong></span> <span class='ocrx_word' id='word_1_138' title='bbox 1105 1761 1401 1833; x_wconf 87' lang='lat' dir='ltr'><strong>hominem,</strong></span> <span class='ocrx_word' id='word_1_139' title='bbox 1433 1766 1528 1821; x_wconf 90' lang='lat' dir='ltr'><strong>sed</strong></span> <span class='ocrx_word' id='word_1_140' title='bbox 1561 1782 1655 1837; x_wconf 89' lang='lat' dir='ltr'><strong>per</strong></span> <span class='ocrx_word' id='word_1_141' title='bbox 1676 1768 1816 1839; x_wconf 89' lang='lat' dir='ltr'><strong>quod</strong></span> <span class='ocrx_word' id='word_1_142' title='bbox 1845 1770 2013 1824; x_wconf 88' lang='lat' dir='ltr'><strong>semel</strong></span> 
     </span>
    </p>
   </div>
   <div class='ocr_carea' id='block_1_19' title="bbox 2128 568 3706 651">
    <p class='ocr_par' dir='ltr' id='par_1_19' title="bbox 2128 568 3706 651">
     <span class='ocr_line' id='line_1_19' title="bbox 2128 568 3706 651; baseline 0.016 -34"><span class='ocrx_word' id='word_1_143' title='bbox 2128 568 2561 636; x_wconf 85' lang='lat' dir='ltr'><strong>comparationes</strong></span> <span class='ocrx_word' id='word_1_144' title='bbox 2584 570 2879 642; x_wconf 86' lang='lat' dir='ltr'><strong>laudesque</strong></span> <span class='ocrx_word' id='word_1_145' title='bbox 2909 577 3245 646; x_wconf 67' lang='lat' dir='ltr'><strong>baptismatis</strong></span> <span class='ocrx_word' id='word_1_146' title='bbox 3263 622 3276 644; x_wconf 90' lang='lat'><strong>,</strong></span> <span class='ocrx_word' id='word_1_147' title='bbox 3302 591 3357 636; x_wconf 91' lang='lat' dir='ltr'><strong>et</strong></span> <span class='ocrx_word' id='word_1_148' title='bbox 3382 592 3581 651; x_wconf 61' lang='lat' dir='ltr'><strong>prieter</strong></span> <span class='ocrx_word' id='word_1_149' title='bbox 3602 600 3706 641; x_wconf 87' lang='lat' dir='ltr'><strong>car-</strong></span> 
     </span>
    </p>
   </div>
   <div class='ocr_carea' id='block_1_20' title="bbox 2128 658 3703 736">
    <p class='ocr_par' dir='ltr' id='par_1_20' title="bbox 2128 658 3703 736">
     <span class='ocr_line' id='line_1_20' title="bbox 2128 658 3703 736; baseline 0.017 -27"><span class='ocrx_word' id='word_1_150' title='bbox 2128 671 2247 711; x_wconf 87' lang='lat' dir='ltr'><strong>nem</strong></span> <span class='ocrx_word' id='word_1_151' title='bbox 2272 658 2471 714; x_wconf 80' lang='lat' dir='ltr'><strong>Christi</strong></span> <span class='ocrx_word' id='word_1_152' title='bbox 2504 676 2530 713; x_wconf 91' lang='lat' dir='ltr'><strong>a</strong></span> <span class='ocrx_word' id='word_1_153' title='bbox 2561 672 2612 717; x_wconf 90' lang='lat' dir='ltr'><strong>te</strong></span> <span class='ocrx_word' id='word_1_154' title='bbox 2636 665 2775 720; x_wconf 89' lang='lat' dir='ltr'><strong>male</strong></span> <span class='ocrx_word' id='word_1_155' title='bbox 2805 676 3105 736; x_wconf 81' lang='lat' dir='ltr'><strong>tractatam,</strong></span> <span class='ocrx_word' id='word_1_156' title='bbox 3130 682 3325 728; x_wconf 69' lang='lat' dir='ltr'><strong>cmtera</strong></span> <span class='ocrx_word' id='word_1_157' title='bbox 3354 675 3495 732; x_wconf 86' lang='lat' dir='ltr'><strong>bene</strong></span> <span class='ocrx_word' id='word_1_158' title='bbox 3518 678 3703 735; x_wconf 88' lang='lat' dir='ltr'><strong>dixisti:</strong></span> 
     </span>
    </p>
   </div>
   <div class='ocr_carea' id='block_1_21' title="bbox 2126 748 3707 826">
    <p class='ocr_par' dir='ltr' id='par_1_21' title="bbox 2126 748 3707 826">
     <span class='ocr_line' id='line_1_21' title="bbox 2126 748 3707 826; baseline 0.015 -23"><span class='ocrx_word' id='word_1_159' title='bbox 2126 748 2228 806; x_wconf 91' lang='lat' dir='ltr'><strong>hoc</strong></span> <span class='ocrx_word' id='word_1_160' title='bbox 2255 752 2398 807; x_wconf 87' lang='lat' dir='ltr'><strong>enim</strong></span> <span class='ocrx_word' id='word_1_161' title='bbox 2425 755 2591 824; x_wconf 73' lang='lat' dir='ltr'><strong>magis</strong></span> <span class='ocrx_word' id='word_1_162' title='bbox 2623 772 2717 824; x_wconf 86' lang='lat' dir='ltr'><strong>pro</strong></span> <span class='ocrx_word' id='word_1_163' title='bbox 2742 758 2896 813; x_wconf 85' lang='lat' dir='ltr'><strong>nobis</strong></span> <span class='ocrx_word' id='word_1_164' title='bbox 2923 769 2974 815; x_wconf 91' lang='lat' dir='ltr'><strong>te</strong></span> <span class='ocrx_word' id='word_1_165' title='bbox 3001 761 3224 826; x_wconf 57' lang='lat' dir='ltr'><strong>divisse,</strong></span> <span class='ocrx_word' id='word_1_166' title='bbox 3256 782 3356 821; x_wconf 91' lang='lat' dir='ltr'><strong>suo</strong></span> <span class='ocrx_word' id='word_1_167' title='bbox 3384 768 3507 823; x_wconf 81' lang='lat' dir='ltr'><strong>loco</strong></span> <span class='ocrx_word' id='word_1_168' title='bbox 3538 785 3707 826; x_wconf 91' lang='lat' dir='ltr'><strong>mons-</strong></span> 
     </span>
    </p>
   </div>
   <div class='ocr_carea' id='block_1_22' title="bbox 2128 841 3709 929">
    <p class='ocr_par' dir='ltr' id='par_1_22' title="bbox 2128 841 3709 929">
     <span class='ocr_line' id='line_1_22' title="bbox 2128 841 3709 929; baseline 0.016 -36"><span class='ocrx_word' id='word_1_169' title='bbox 2128 841 2376 897; x_wconf 88' lang='lat' dir='ltr'><strong>trabitur.</strong></span> <span class='ocrx_word' id='word_1_170' title='bbox 2417 843 2668 901; x_wconf 86' lang='lat' dir='ltr'><strong>Secundo</strong></span> <span class='ocrx_word' id='word_1_171' title='bbox 2716 859 2894 903; x_wconf 90' lang='lat' dir='ltr'><strong>autem</strong></span> <span class='ocrx_word' id='word_1_172' title='bbox 2943 852 3092 918; x_wconf 90' lang='lat' dir='ltr'><strong>loco,</strong></span> <span class='ocrx_word' id='word_1_173' title='bbox 3140 856 3374 911; x_wconf 75' lang='lat' dir='ltr'><strong>exclusis</strong></span> <span class='ocrx_word' id='word_1_174' title='bbox 3420 859 3709 929; x_wconf 67' lang='lat' dir='ltr'><strong>hmreticis,</strong></span> 
     </span>
    </p>
   </div>
   <div class='ocr_carea' id='block_1_23' title="bbox 2127 936 3715 1023">
    <p class='ocr_par' dir='ltr' id='par_1_23' title="bbox 2127 936 3715 1023">
     <span class='ocr_line' id='line_1_23' title="bbox 2127 936 3715 1023; baseline 0.014 -36"><span class='ocrx_word' id='word_1_175' title='bbox 2127 949 2285 989; x_wconf 92' lang='lat' dir='ltr'><strong>unam</strong></span> <span class='ocrx_word' id='word_1_176' title='bbox 2315 936 2494 992; x_wconf 83' lang='lat' dir='ltr'><strong>dixisti</strong></span> <span class='ocrx_word' id='word_1_177' title='bbox 2518 953 2640 994; x_wconf 91' lang='lat' dir='ltr'><strong>esse</strong></span> <span class='ocrx_word' id='word_1_178' title='bbox 2664 938 2967 997; x_wconf 72' lang='lat' dir='ltr'><strong>Eoi-lesiam</strong></span> <span class='ocrx_word' id='word_1_179' title='bbox 2992 962 3006 999; x_wconf 90' lang='lat'><strong>:</strong></span> <span class='ocrx_word' id='word_1_180' title='bbox 3027 946 3119 999; x_wconf 85' lang='lat' dir='ltr'><strong>sed</strong></span> <span class='ocrx_word' id='word_1_181' title='bbox 3144 962 3287 1014; x_wconf 86' lang='lat' dir='ltr'><strong>eam,</strong></span> <span class='ocrx_word' id='word_1_182' title='bbox 3311 949 3399 1005; x_wconf 89' lang='lat' dir='ltr'><strong>ubi</strong></span> <span class='ocrx_word' id='word_1_183' title='bbox 3424 953 3518 1017; x_wconf 88' lang='lat' dir='ltr'><strong>sit,</strong></span> <span class='ocrx_word' id='word_1_184' title='bbox 3545 968 3715 1023; x_wconf 83' lang='lat' dir='ltr'><strong>agnos-</strong></span> 
     </span>
    </p>
   </div>
   <div class='ocr_carea' id='block_1_24' title="bbox 2125 1032 3714 1113">
    <p class='ocr_par' dir='ltr' id='par_1_24' title="bbox 2125 1032 3714 1113">
     <span class='ocr_line' id='line_1_24' title="bbox 2125 1032 3714 1113; baseline 0.012 -30"><span class='ocrx_word' id='word_1_185' title='bbox 2125 1045 2250 1086; x_wconf 90' lang='lat' dir='ltr'><strong>cere</strong></span> <span class='ocrx_word' id='word_1_186' title='bbox 2276 1032 2515 1086; x_wconf 82' lang='lat' dir='ltr'><strong>noluisti.</strong></span> <span class='ocrx_word' id='word_1_187' title='bbox 2544 1032 2727 1087; x_wconf 86' lang='lat' dir='ltr'><strong>Tertio</strong></span> <span class='ocrx_word' id='word_1_188' title='bbox 2756 1036 2895 1100; x_wconf 90' lang='lat' dir='ltr'><strong>loco,</strong></span> <span class='ocrx_word' id='word_1_189' title='bbox 2922 1037 3206 1095; x_wconf 90' lang='lat' dir='ltr'><strong>traditores</strong></span> <span class='ocrx_word' id='word_1_190' title='bbox 3231 1041 3348 1113; x_wconf 78' lang='lat'><strong>(63)</strong></span> <span class='ocrx_word' id='word_1_191' title='bbox 3377 1045 3544 1099; x_wconf 89' lang='lat' dir='ltr'><strong>nullis</strong></span> <span class='ocrx_word' id='word_1_192' title='bbox 3564 1048 3714 1103; x_wconf 83' lang='lat' dir='ltr'><strong>certis</strong></span> 
     </span>
    </p>
   </div>
   <div class='ocr_carea' id='block_1_25' title="bbox 2124 1124 3715 1201">
    <p class='ocr_par' dir='ltr' id='par_1_25' title="bbox 2124 1124 3715 1201">
     <span class='ocr_line' id='line_1_25' title="bbox 2124 1124 3715 1201; baseline 0.011 -23"><span class='ocrx_word' id='word_1_193' title='bbox 2124 1124 2369 1193; x_wconf 89' lang='lat' dir='ltr'><strong>personis</strong></span> <span class='ocrx_word' id='word_1_194' title='bbox 2407 1134 2500 1180; x_wconf 89' lang='lat' dir='ltr'><strong>aut</strong></span> <span class='ocrx_word' id='word_1_195' title='bbox 2530 1128 2838 1184; x_wconf 88' lang='lat' dir='ltr'><strong>nominibus</strong></span> <span class='ocrx_word' id='word_1_196' title='bbox 2862 1134 3147 1187; x_wconf 81' lang='lat' dir='ltr'><strong>accusaSti.</strong></span> <span class='ocrx_word' id='word_1_197' title='bbox 3179 1133 3382 1201; x_wconf 89' lang='lat' dir='ltr'><strong>Quarto</strong></span> <span class='ocrx_word' id='word_1_198' title='bbox 3408 1152 3439 1192; x_wconf 91' lang='lat' dir='ltr'><strong>a</strong></span> <span class='ocrx_word' id='word_1_199' title='bbox 3464 1146 3518 1193; x_wconf 89' lang='lat' dir='ltr'><strong>te</strong></span> <span class='ocrx_word' id='word_1_200' title='bbox 3548 1141 3715 1195; x_wconf 83' lang='lat' dir='ltr'><strong>unita-</strong></span> 
     </span>
    </p>
   </div>
   <div class='ocr_carea' id='block_1_26' title="bbox 2125 1214 3714 1295">
    <p class='ocr_par' dir='ltr' id='par_1_26' title="bbox 2125 1214 3714 1295">
     <span class='ocr_line' id='line_1_26' title="bbox 2125 1214 3714 1295; baseline 0.01 -24"><span class='ocrx_word' id='word_1_201' title='bbox 2125 1217 2193 1271; x_wconf 89' lang='lat' dir='ltr'><strong>tis</strong></span> <span class='ocrx_word' id='word_1_202' title='bbox 2236 1216 2453 1273; x_wconf 89' lang='lat' dir='ltr'><strong>lacerati</strong></span> <span class='ocrx_word' id='word_1_203' title='bbox 2484 1214 2611 1273; x_wconf 82' lang='lat' dir='ltr'><strong>Sunt</strong></span> <span class='ocrx_word' id='word_1_204' title='bbox 2651 1221 2883 1289; x_wconf 89' lang='lat' dir='ltr'><strong>operarii</strong></span> <span class='ocrx_word' id='word_1_205' title='bbox 2927 1222 3066 1294; x_wconf 67' lang='grc'>(66).</span> <span class='ocrx_word' id='word_1_206' title='bbox 3111 1224 3340 1295; x_wconf 86' lang='lat' dir='ltr'><strong>Quinto,</strong></span> <span class='ocrx_word' id='word_1_207' title='bbox 3393 1239 3455 1284; x_wconf 91' lang='lat' dir='ltr'><strong>ut</strong></span> <span class='ocrx_word' id='word_1_208' title='bbox 3504 1231 3714 1287; x_wconf 81' lang='lat' dir='ltr'><strong>minima</strong></span> 
     </span>
    </p>
   </div>
   <div class='ocr_carea' id='block_1_27' title="bbox 2121 1311 3717 1389">
    <p class='ocr_par' dir='ltr' id='par_1_27' title="bbox 2121 1311 3717 1389">
     <span class='ocr_line' id='line_1_27' title="bbox 2121 1311 3717 1389; baseline 0.011 -25"><span class='ocrx_word' id='word_1_209' title='bbox 2121 1312 2532 1383; x_wconf 59' lang='lat' dir='ltr'><strong>praetermittam</strong></span> <span class='ocrx_word' id='word_1_210' title='bbox 2575 1311 2629 1381; x_wconf 76' lang='grc' dir='ltr'><em>ά,</em></span> <span class='ocrx_word' id='word_1_211' title='bbox 2673 1313 2858 1370; x_wconf 84' lang='lat' dir='ltr'><strong>dixisti</strong></span> <span class='ocrx_word' id='word_1_212' title='bbox 2913 1315 3027 1389; x_wconf 89' lang='grc'>(65)</span> <span class='ocrx_word' id='word_1_213' title='bbox 3065 1317 3135 1374; x_wconf 91' lang='lat' dir='ltr'><strong>de</strong></span> <span class='ocrx_word' id='word_1_214' title='bbox 3184 1320 3307 1376; x_wconf 91' lang='lat' dir='ltr'><strong>oleo</strong></span> <span class='ocrx_word' id='word_1_215' title='bbox 3355 1330 3411 1378; x_wconf 90' lang='lat' dir='ltr'><strong>et</strong></span> <span class='ocrx_word' id='word_1_216' title='bbox 3460 1323 3717 1383; x_wconf 79' lang='lat' dir='ltr'><strong>sacriﬁcio</strong></span> 
     </span>
    </p>
   </div>
   <div class='ocr_carea' id='block_1_28' title="bbox 2121 1404 2447 1472">
    <p class='ocr_par' dir='ltr' id='par_1_28' title="bbox 2121 1404 2447 1472">
     <span class='ocr_line' id='line_1_28' title="bbox 2121 1404 2447 1472; baseline 0.006 -16"><span class='ocrx_word' id='word_1_217' title='bbox 2121 1404 2447 1472; x_wconf 88' lang='lat' dir='ltr'><strong>peccatoris.</strong></span> 
     </span>
    </p>
   </div>
   <div class='ocr_carea' id='block_1_29' title="bbox 2195 1495 3716 1575">
    <p class='ocr_par' dir='ltr' id='par_1_29' title="bbox 2195 1495 3716 1575">
     <span class='ocr_line' id='line_1_29' title="bbox 2195 1495 3716 1575; baseline 0.009 -26"><span class='ocrx_word' id='word_1_218' title='bbox 2195 1495 2305 1550; x_wconf 82' lang='lat' dir='ltr'><strong>Vll.</strong></span> <span class='ocrx_word' id='word_1_219' title='bbox 2334 1495 2531 1552; x_wconf 79' lang='lat' dir='ltr'><strong>Divisio</strong></span> <span class='ocrx_word' id='word_1_220' title='bbox 2563 1500 2731 1568; x_wconf 87' lang='lat' dir='ltr'><strong>operis</strong></span> <span class='ocrx_word' id='word_1_221' title='bbox 2781 1500 2956 1574; x_wconf 82' lang='lat' dir='ltr'><strong>hujus,</strong></span> <span class='ocrx_word' id='word_1_222' title='bbox 3006 1511 3055 1557; x_wconf 88' lang='lat' dir='ltr'><strong>et</strong></span> <span class='ocrx_word' id='word_1_223' title='bbox 3101 1504 3428 1575; x_wconf 83' lang='lat' dir='ltr'><strong>singulorum</strong></span> <span class='ocrx_word' id='word_1_224' title='bbox 3478 1507 3716 1563; x_wconf 77' lang='lat' dir='ltr'><strong>librorum</strong></span> 
     </span>
    </p>
   </div>
   <div class='ocr_carea' id='block_1_30' title="bbox 2122 1587 3716 1666">
    <p class='ocr_par' dir='ltr' id='par_1_30' title="bbox 2122 1587 3716 1666">
     <span class='ocr_line' id='line_1_30' title="bbox 2122 1587 3716 1666; baseline 0.008 -24"><span class='ocrx_word' id='word_1_225' title='bbox 2122 1587 2455 1659; x_wconf 78' lang='lat' dir='ltr'><strong>Argumenta.</strong></span> <span class='ocrx_word' id='word_1_226' title='bbox 2485 1620 2557 1629; x_wconf 91' lang='lat'>—</span> <span class='ocrx_word' id='word_1_227' title='bbox 2586 1589 2692 1645; x_wconf 91' lang='lat' dir='ltr'><strong>Sed</strong></span> <span class='ocrx_word' id='word_1_228' title='bbox 2727 1591 2855 1646; x_wconf 89' lang='lat' dir='ltr'><strong>mihi</strong></span> <span class='ocrx_word' id='word_1_229' title='bbox 2896 1593 3112 1649; x_wconf 90' lang='lat' dir='ltr'><strong>videtur</strong></span> <span class='ocrx_word' id='word_1_230' title='bbox 3138 1597 3313 1666; x_wconf 89' lang='lat' dir='ltr'><strong>primo</strong></span> <span class='ocrx_word' id='word_1_231' title='bbox 3341 1595 3466 1652; x_wconf 88' lang='lat' dir='ltr'><strong>loco</strong></span> <span class='ocrx_word' id='word_1_232' title='bbox 3500 1594 3716 1654; x_wconf 84' lang='lat' dir='ltr'><strong>tradito-</strong></span> 
     </span>
    </p>
   </div>
   <div class='ocr_carea' id='block_1_31' title="bbox 2119 1681 3715 1755">
    <p class='ocr_par' dir='ltr' id='par_1_31' title="bbox 2119 1681 3715 1755">
     <span class='ocr_line' id='line_1_31' title="bbox 2119 1681 3715 1755; baseline 0.008 -21"><span class='ocrx_word' id='word_1_233' title='bbox 2119 1694 2240 1734; x_wconf 85' lang='lat' dir='ltr'><strong>rutn</strong></span> <span class='ocrx_word' id='word_1_234' title='bbox 2286 1689 2341 1733; x_wconf 90' lang='lat' dir='ltr'><strong>et</strong></span> <span class='ocrx_word' id='word_1_235' title='bbox 2366 1681 2835 1739; x_wconf 84' lang='lat' dir='ltr'><strong>schismaticorum</strong></span> <span class='ocrx_word' id='word_1_236' title='bbox 2870 1682 2989 1755; x_wconf 89' lang='grc'>(66)</span> <span class='ocrx_word' id='word_1_237' title='bbox 3020 1685 3334 1741; x_wconf 90' lang='lat' dir='ltr'><strong>indicandas</strong></span> <span class='ocrx_word' id='word_1_238' title='bbox 3381 1702 3509 1744; x_wconf 88' lang='lat' dir='ltr'><strong>esse</strong></span> <span class='ocrx_word' id='word_1_239' title='bbox 3536 1689 3715 1746; x_wconf 87' lang='lat' dir='ltr'><strong>civita-</strong></span> 
     </span>
    </p>
   </div>
   <div class='ocr_carea' id='block_1_32' title="bbox 2123 1775 3719 1849">
    <p class='ocr_par' dir='ltr' id='par_1_32' title="bbox 2123 1775 3719 1849">
     <span class='ocr_line' id='line_1_32' title="bbox 2123 1775 3719 1849; baseline 0.008 -24"><span class='ocrx_word' id='word_1_240' title='bbox 2123 1780 2225 1837; x_wconf 90' lang='lat' dir='ltr'><strong>tes,</strong></span> <span class='ocrx_word' id='word_1_241' title='bbox 2259 1786 2555 1841; x_wconf 87' lang='lat' dir='ltr'><strong>personas,</strong></span> <span class='ocrx_word' id='word_1_242' title='bbox 2592 1782 2647 1830; x_wconf 89' lang='lat' dir='ltr'><strong>et</strong></span> <span class='ocrx_word' id='word_1_243' title='bbox 2676 1775 2893 1829; x_wconf 87' lang='lat' dir='ltr'><strong>nomina</strong></span> <span class='ocrx_word' id='word_1_244' title='bbox 2928 1786 3024 1831; x_wconf 90' lang='lat' dir='ltr'><strong>:ut</strong></span> <span class='ocrx_word' id='word_1_245' title='bbox 3058 1793 3178 1849; x_wconf 68' lang='lat' dir='ltr'><strong>quae</strong></span> <span class='ocrx_word' id='word_1_246' title='bbox 3219 1793 3250 1832; x_wconf 90' lang='lat' dir='ltr'><strong>a</strong></span> <span class='ocrx_word' id='word_1_247' title='bbox 3280 1787 3331 1834; x_wconf 90' lang='lat' dir='ltr'><strong>te</strong></span> <span class='ocrx_word' id='word_1_248' title='bbox 3372 1778 3443 1835; x_wconf 93' lang='lat' dir='ltr'><strong>de</strong></span> <span class='ocrx_word' id='word_1_249' title='bbox 3473 1781 3541 1836; x_wconf 88' lang='lat' dir='ltr'><strong>iis</strong></span> <span class='ocrx_word' id='word_1_250' title='bbox 3590 1781 3719 1839; x_wconf 87' lang='lat' dir='ltr'><strong>dicta</strong></span> 
     </span>
    </p>
   </div>
   <div class='ocr_carea' id='block_1_33' title="bbox 415 1845 3713 1945">
    <p class='ocr_par' dir='ltr' id='par_1_33' title="bbox 415 1845 3713 1945">
     <span class='ocr_line' id='line_1_33' title="bbox 415 1845 3713 1945; baseline 0.009 -44"><span class='ocrx_word' id='word_1_251' title='bbox 415 1845 544 1902; x_wconf 90' lang='lat' dir='ltr'><strong>licet</strong></span> <span class='ocrx_word' id='word_1_252' title='bbox 574 1867 586 1903; x_wconf 86' lang='lat'>:</span> <span class='ocrx_word' id='word_1_253' title='bbox 634 1850 759 1907; x_wconf 91' lang='lat' dir='ltr'><strong>ideo</strong></span> <span class='ocrx_word' id='word_1_254' title='bbox 802 1864 924 1922; x_wconf 91' lang='lat' dir='ltr'><strong>post</strong></span> <span class='ocrx_word' id='word_1_255' title='bbox 957 1869 1051 1909; x_wconf 90' lang='lat' dir='ltr'><strong>vos</strong></span> <span class='ocrx_word' id='word_1_256' title='bbox 1093 1855 1211 1928; x_wconf 84' lang='lat' dir='ltr'><strong>(Gl)</strong></span> <span class='ocrx_word' id='word_1_257' title='bbox 1262 1873 1367 1913; x_wconf 91' lang='lat' dir='ltr'><strong>non</strong></span> <span class='ocrx_word' id='word_1_258' title='bbox 1395 1860 1769 1929; x_wconf 87' lang='lat' dir='ltr'><strong>emendamus,</strong></span> <span class='ocrx_word' id='word_1_259' title='bbox 1801 1864 1925 1934; x_wconf 88' lang='lat' dir='ltr'><strong>quia</strong></span> <span class='ocrx_word' id='word_1_260' title='bbox 1956 1873 2013 1919; x_wconf 90' lang='lat' dir='ltr'><strong>et</strong></span> <span class='ocrx_word' id='word_1_261' title='bbox 2043 1867 2090 1927; x_wconf 90' lang='lat' dir='ltr'><strong>B</strong></span> <span class='ocrx_word' id='word_1_262' title='bbox 2118 1873 2264 1931; x_wconf 89' lang='lat' dir='ltr'><strong>sunt,</strong></span> <span class='ocrx_word' id='word_1_263' title='bbox 2295 1880 2453 1921; x_wconf 90' lang='lat' dir='ltr'><strong>veros</strong></span> <span class='ocrx_word' id='word_1_264' title='bbox 2480 1876 2729 1923; x_wconf 88' lang='lat' dir='ltr'><strong>auctores</strong></span> <span class='ocrx_word' id='word_1_265' title='bbox 2758 1880 2813 1924; x_wconf 91' lang='lat' dir='ltr'><strong>et</strong></span> <span class='ocrx_word' id='word_1_266' title='bbox 2848 1878 3024 1926; x_wconf 90' lang='lat' dir='ltr'><strong>certos</strong></span> <span class='ocrx_word' id='word_1_267' title='bbox 3068 1886 3190 1927; x_wconf 90' lang='lat' dir='ltr'><strong>reos</strong></span> <span class='ocrx_word' id='word_1_268' title='bbox 3240 1886 3368 1927; x_wconf 89' lang='lat' dir='ltr'><strong>suos</strong></span> <span class='ocrx_word' id='word_1_269' title='bbox 3394 1858 3713 1945; x_wconf 71' lang='lat' dir='ltr'><strong>agnoscant.</strong></span> 
     </span>
    </p>
   </div>
   <div class='ocr_carea' id='block_1_34' title="bbox 412 1942 2012 2024">
    <p class='ocr_par' dir='ltr' id='par_1_34' title="bbox 412 1942 2012 2024">
     <span class='ocr_line' id='line_1_34' title="bbox 412 1942 2012 2024; baseline 0.009 -28"><span class='ocrx_word' id='word_1_270' title='bbox 412 1942 554 2011; x_wconf 85' lang='lat' dir='ltr'><strong>apud</strong></span> <span class='ocrx_word' id='word_1_271' title='bbox 592 1959 692 2000; x_wconf 92' lang='lat' dir='ltr'><strong>nos</strong></span> <span class='ocrx_word' id='word_1_272' title='bbox 721 1953 776 2000; x_wconf 87' lang='lat' dir='ltr'><strong>et</strong></span> <span class='ocrx_word' id='word_1_273' title='bbox 804 1947 944 2017; x_wconf 90' lang='lat' dir='ltr'><strong>apud</strong></span> <span class='ocrx_word' id='word_1_274' title='bbox 976 1964 1094 2016; x_wconf 84' lang='lat' dir='ltr'><strong>vos,</strong></span> <span class='ocrx_word' id='word_1_275' title='bbox 1125 1966 1288 2005; x_wconf 91' lang='lat' dir='ltr'><strong>ttnum</strong></span> <span class='ocrx_word' id='word_1_276' title='bbox 1316 1960 1399 2007; x_wconf 91' lang='lat' dir='ltr'><strong>est</strong></span> <span class='ocrx_word' id='word_1_277' title='bbox 1429 1952 1544 2024; x_wconf 71' lang='lat'><strong>(62)</strong></span> <span class='ocrx_word' id='word_1_278' title='bbox 1575 1965 1971 2011; x_wconf 79' lang='lat' dir='ltr'><strong>socramentum</strong></span> <span class='ocrx_word' id='word_1_279' title='bbox 2000 1975 2012 2011; x_wconf 91' lang='lat'><strong>:</strong></span> 
     </span>
    </p>
   </div>
   <div class='ocr_carea' id='block_1_35' title="bbox 412 2033 2019 2115">
    <p class='ocr_par' dir='ltr' id='par_1_35' title="bbox 412 2033 2019 2115">
     <span class='ocr_line' id='line_1_35' title="bbox 412 2033 2019 2115; baseline 0.012 -28"><span class='ocrx_word' id='word_1_280' title='bbox 412 2033 568 2104; x_wconf 90' lang='lat' dir='ltr'><strong>cujus</strong></span> <span class='ocrx_word' id='word_1_281' title='bbox 598 2040 921 2095; x_wconf 89' lang='lat' dir='ltr'><strong>sacramenti</strong></span> <span class='ocrx_word' id='word_1_282' title='bbox 971 2042 1141 2110; x_wconf 88' lang='lat' dir='ltr'><strong>ratio,</strong></span> <span class='ocrx_word' id='word_1_283' title='bbox 1193 2053 1301 2099; x_wconf 91' lang='lat' dir='ltr'><strong>tota</strong></span> <span class='ocrx_word' id='word_1_284' title='bbox 1348 2046 1537 2115; x_wconf 89' lang='lat' dir='ltr'><strong>quinto</strong></span> <span class='ocrx_word' id='word_1_285' title='bbox 1570 2047 1708 2103; x_wconf 92' lang='lat' dir='ltr'><strong>libro</strong></span> <span class='ocrx_word' id='word_1_286' title='bbox 1752 2059 2019 2105; x_wconf 88' lang='lat' dir='ltr'><strong>monstra-</strong></span> 
     </span>
    </p>
   </div>
   <div class='ocr_carea' id='block_1_36' title="bbox 415 2126 581 2183">
    <p class='ocr_par' dir='ltr' id='par_1_36' title="bbox 415 2126 581 2183">
     <span class='ocr_line' id='line_1_36' title="bbox 415 2126 581 2183; baseline -0.006 0"><span class='ocrx_word' id='word_1_287' title='bbox 415 2126 581 2183; x_wconf 86' lang='lat' dir='ltr'><strong>bitur.</strong></span> 
     </span>
    </p>
   </div>
   <div class='ocr_carea' id='block_1_37' title="bbox 487 2221 2017 2309">
    <p class='ocr_par' dir='ltr' id='par_1_37' title="bbox 487 2221 2017 2309">
     <span class='ocr_line' id='line_1_37' title="bbox 487 2221 2017 2309; baseline 0.01 -33"><span class='ocrx_word' id='word_1_288' title='bbox 487 2221 537 2292; x_wconf 83' lang='grc'>7</span> <span class='ocrx_word' id='word_1_289' title='bbox 565 2222 650 2277; x_wconf 88' lang='lat' dir='ltr'><strong>Vl.</strong></span> <span class='ocrx_word' id='word_1_290' title='bbox 675 2223 991 2295; x_wconf 78' lang='lat' dir='ltr'><strong>Argumenta</strong></span> <span class='ocrx_word' id='word_1_291' title='bbox 1016 2227 1259 2284; x_wconf 86' lang='lat' dir='ltr'><strong>librorum</strong></span> <span class='ocrx_word' id='word_1_292' title='bbox 1286 2229 1635 2289; x_wconf 78' lang='lat' dir='ltr'><strong>Parmenioni.</strong></span> <span class='ocrx_word' id='word_1_293' title='bbox 1656 2266 1726 2275; x_wconf 91' lang='lat'><strong><em>—</em></strong></span> <span class='ocrx_word' id='word_1_294' title='bbox 1745 2235 1791 2291; x_wconf 86' lang='lat' dir='ltr'><strong>A</strong></span> <span class='ocrx_word' id='word_1_295' title='bbox 1824 2244 1873 2291; x_wconf 90' lang='lat' dir='ltr'><strong>te</strong></span> <span class='ocrx_word' id='word_1_296' title='bbox 1899 2237 2017 2309; x_wconf 89' lang='lat' dir='ltr'><strong>qni-</strong></span> 
     </span>
    </p>
   </div>
   <div class='ocr_carea' id='block_1_38' title="bbox 413 2311 2013 2387">
    <p class='ocr_par' dir='ltr' id='par_1_38' title="bbox 413 2311 2013 2387">
     <span class='ocr_line' id='line_1_38' title="bbox 413 2311 2013 2387; baseline 0.013 -21"><span class='ocrx_word' id='word_1_297' title='bbox 413 2311 563 2380; x_wconf 87' lang='lat' dir='ltr'><strong>dem,</strong></span> <span class='ocrx_word' id='word_1_298' title='bbox 600 2314 767 2371; x_wconf 79' lang='lat' dir='ltr'><strong>frater</strong></span> <span class='ocrx_word' id='word_1_299' title='bbox 797 2316 1187 2386; x_wconf 87' lang='lat' dir='ltr'><strong>Parmeniane,</strong></span> <span class='ocrx_word' id='word_1_300' title='bbox 1231 2324 1399 2380; x_wconf 88' lang='lat' dir='ltr'><strong>multa</strong></span> <span class='ocrx_word' id='word_1_301' title='bbox 1438 2336 1659 2381; x_wconf 91' lang='lat' dir='ltr'><strong>tractata</strong></span> <span class='ocrx_word' id='word_1_302' title='bbox 1726 2339 1873 2383; x_wconf 92' lang='lat' dir='ltr'><strong>sunt.</strong></span> <span class='ocrx_word' id='word_1_303' title='bbox 1907 2330 2013 2387; x_wconf 83' lang='lat' dir='ltr'><strong>Sed</strong></span> 
     </span>
    </p>
   </div>
   <div class='ocr_carea' id='block_1_39' title="bbox 414 2404 2012 2492">
    <p class='ocr_par' dir='ltr' id='par_1_39' title="bbox 414 2404 2012 2492">
     <span class='ocr_line' id='line_1_39' title="bbox 414 2404 2012 2492; baseline 0.011 -32"><span class='ocrx_word' id='word_1_304' title='bbox 414 2404 573 2463; x_wconf 87' lang='lat' dir='ltr'><strong>video</strong></span> <span class='ocrx_word' id='word_1_305' title='bbox 600 2407 731 2464; x_wconf 88' lang='lat' dir='ltr'><strong>mihi</strong></span> <span class='ocrx_word' id='word_1_306' title='bbox 763 2424 867 2465; x_wconf 91' lang='lat' dir='ltr'><strong>non</strong></span> <span class='ocrx_word' id='word_1_307' title='bbox 893 2426 959 2468; x_wconf 93' lang='lat' dir='ltr'><strong>eo</strong></span> <span class='ocrx_word' id='word_1_308' title='bbox 990 2427 1111 2470; x_wconf 88' lang='lat' dir='ltr'><strong>esse</strong></span> <span class='ocrx_word' id='word_1_309' title='bbox 1139 2416 1575 2488; x_wconf 89' lang='lat' dir='ltr'><strong>respondendum</strong></span> <span class='ocrx_word' id='word_1_310' title='bbox 1604 2420 1816 2488; x_wconf 88' lang='lat' dir='ltr'><strong>ordine,</strong></span> <span class='ocrx_word' id='word_1_311' title='bbox 1849 2439 1956 2492; x_wconf 86' lang='lat' dir='ltr'><strong>quo</strong></span> <span class='ocrx_word' id='word_1_312' title='bbox 1984 2439 2012 2478; x_wconf 88' lang='lat' dir='ltr'><strong>a</strong></span> 
     </span>
    </p>
   </div>
   <div class='ocr_carea' id='block_1_40' title="bbox 2126 1957 3719 2033">
    <p class='ocr_par' dir='ltr' id='par_1_40' title="bbox 2126 1957 3719 2033">
     <span class='ocr_line' id='line_1_40' title="bbox 2126 1957 3719 2033; baseline 0.008 -22"><span class='ocrx_word' id='word_1_313' title='bbox 2126 1957 2330 2013; x_wconf 89' lang='lat' dir='ltr'><strong>Deinde</strong></span> <span class='ocrx_word' id='word_1_314' title='bbox 2358 1959 2487 2014; x_wconf 88' lang='lat' dir='ltr'><strong>mihi</strong></span> <span class='ocrx_word' id='word_1_315' title='bbox 2516 1960 2800 2015; x_wconf 89' lang='lat' dir='ltr'><strong>dicendum</strong></span> <span class='ocrx_word' id='word_1_316' title='bbox 2827 1972 2931 2023; x_wconf 90' lang='lat' dir='ltr'><strong>est,</strong></span> <span class='ocrx_word' id='word_1_317' title='bbox 2962 1978 3103 2033; x_wconf 74' lang='lat' dir='ltr'><strong>qum,</strong></span> <span class='ocrx_word' id='word_1_318' title='bbox 3133 1964 3216 2019; x_wconf 86' lang='lat' dir='ltr'><strong>vel</strong></span> <span class='ocrx_word' id='word_1_319' title='bbox 3246 1965 3333 2020; x_wconf 92' lang='lat' dir='ltr'><strong>ubi</strong></span> <span class='ocrx_word' id='word_1_320' title='bbox 3376 1967 3450 2020; x_wconf 90' lang='lat' dir='ltr'><strong>sit</strong></span> <span class='ocrx_word' id='word_1_321' title='bbox 3491 1982 3603 2022; x_wconf 84' lang='lat' dir='ltr'><strong>una</strong></span> <span class='ocrx_word' id='word_1_322' title='bbox 3626 1968 3719 2024; x_wconf 83' lang='lat' dir='ltr'><strong>Ec-</strong></span> 
     </span>
    </p>
   </div>
   <div class='ocr_carea' id='block_1_41' title="bbox 2124 2051 3714 2124">
    <p class='ocr_par' dir='ltr' id='par_1_41' title="bbox 2124 2051 3714 2124">
     <span class='ocr_line' id='line_1_41' title="bbox 2124 2051 3714 2124; baseline 0.006 -19"><span class='ocrx_word' id='word_1_323' title='bbox 2124 2051 2313 2117; x_wconf 77' lang='lat' dir='ltr'><strong>clesia,</strong></span> <span class='ocrx_word' id='word_1_324' title='bbox 2347 2067 2469 2121; x_wconf 71' lang='lat' dir='ltr'><strong>qute</strong></span> <span class='ocrx_word' id='word_1_325' title='bbox 2492 2061 2573 2108; x_wconf 86' lang='lat' dir='ltr'><strong>est</strong></span> <span class='ocrx_word' id='word_1_326' title='bbox 2606 2053 2773 2124; x_wconf 16' lang='lat' dir='ltr'><strong>:Aquia</strong></span> <span class='ocrx_word' id='word_1_327' title='bbox 2807 2063 3004 2124; x_wconf 67' lang='lat' dir='ltr'><strong>praeter</strong></span> <span class='ocrx_word' id='word_1_328' title='bbox 3046 2070 3206 2109; x_wconf 87' lang='lat' dir='ltr'><strong>unam</strong></span> <span class='ocrx_word' id='word_1_329' title='bbox 3253 2056 3423 2111; x_wconf 89' lang='lat' dir='ltr'><strong>altera</strong></span> <span class='ocrx_word' id='word_1_330' title='bbox 3470 2074 3506 2112; x_wconf 91' lang='lat' dir='ltr'><strong>n</strong></span> <span class='ocrx_word' id='word_1_331' title='bbox 3532 2075 3583 2113; x_wconf 64' lang='lat' dir='ltr'><strong>in</strong></span> <span class='ocrx_word' id='word_1_332' title='bbox 3623 2068 3714 2115; x_wconf 87' lang='lat' dir='ltr'><strong>est.</strong></span> 
     </span>
    </p>
   </div>
   <div class='ocr_carea' id='block_1_42' title="bbox 2124 2144 3717 2217">
    <p class='ocr_par' dir='ltr' id='par_1_42' title="bbox 2124 2144 3717 2217">
     <span class='ocr_line' id='line_1_42' title="bbox 2124 2144 3717 2217; baseline 0.005 -17"><span class='ocrx_word' id='word_1_333' title='bbox 2124 2144 2329 2210; x_wconf 87' lang='lat' dir='ltr'><strong>Tertio,</strong></span> <span class='ocrx_word' id='word_1_334' title='bbox 2363 2160 2392 2198; x_wconf 91' lang='lat' dir='ltr'><strong>a</strong></span> <span class='ocrx_word' id='word_1_335' title='bbox 2420 2144 2574 2200; x_wconf 92' lang='lat' dir='ltr'><strong>nobis</strong></span> <span class='ocrx_word' id='word_1_336' title='bbox 2606 2146 2829 2200; x_wconf 87' lang='lat' dir='ltr'><strong>militem</strong></span> <span class='ocrx_word' id='word_1_337' title='bbox 2861 2161 2965 2201; x_wconf 92' lang='lat' dir='ltr'><strong>non</strong></span> <span class='ocrx_word' id='word_1_338' title='bbox 2993 2162 3116 2202; x_wconf 88' lang='lat' dir='ltr'><strong>esse</strong></span> <span class='ocrx_word' id='word_1_339' title='bbox 3147 2149 3395 2217; x_wconf 91' lang='lat' dir='ltr'><strong>petitum,</strong></span> <span class='ocrx_word' id='word_1_340' title='bbox 3426 2160 3483 2205; x_wconf 86' lang='lat' dir='ltr'><strong>et</strong></span> <span class='ocrx_word' id='word_1_341' title='bbox 3518 2150 3590 2205; x_wconf 92' lang='lat' dir='ltr'><strong>ad</strong></span> <span class='ocrx_word' id='word_1_342' title='bbox 3629 2166 3717 2208; x_wconf 86' lang='lat' dir='ltr'><strong>nos</strong></span> 
     </span>
    </p>
   </div>
   <div class='ocr_carea' id='block_1_43' title="bbox 2125 2238 3718 2311">
    <p class='ocr_par' dir='ltr' id='par_1_43' title="bbox 2125 2238 3718 2311">
     <span class='ocr_line' id='line_1_43' title="bbox 2125 2238 3718 2311; baseline 0.003 -18"><span class='ocrx_word' id='word_1_343' title='bbox 2125 2253 2231 2293; x_wconf 92' lang='lat' dir='ltr'><strong>non</strong></span> <span class='ocrx_word' id='word_1_344' title='bbox 2261 2238 2553 2308; x_wconf 87' lang='lat' dir='ltr'><strong>pertinere,</strong></span> <span class='ocrx_word' id='word_1_345' title='bbox 2580 2238 2721 2307; x_wconf 90' lang='lat' dir='ltr'><strong>quod</strong></span> <span class='ocrx_word' id='word_1_346' title='bbox 2746 2238 2862 2311; x_wconf 82' lang='lat'><strong>(67)</strong></span> <span class='ocrx_word' id='word_1_347' title='bbox 2893 2239 2961 2293; x_wconf 91' lang='lat' dir='ltr'><strong>ab</strong></span> <span class='ocrx_word' id='word_1_348' title='bbox 2990 2239 3253 2309; x_wconf 68' lang='lat' dir='ltr'><strong>operariis</strong></span> <span class='ocrx_word' id='word_1_349' title='bbox 3283 2241 3507 2295; x_wconf 89' lang='lat' dir='ltr'><strong>unitatis</strong></span> <span class='ocrx_word' id='word_1_350' title='bbox 3528 2241 3718 2298; x_wconf 90' lang='lat' dir='ltr'><strong>dicitur</strong></span> 
     </span>
    </p>
   </div>
   <div class='ocr_carea' id='block_1_44' title="bbox 2122 2331 3714 2403">
    <p class='ocr_par' dir='ltr' id='par_1_44' title="bbox 2122 2331 3714 2403">
     <span class='ocr_line' id='line_1_44' title="bbox 2122 2331 3714 2403; baseline 0.003 -16"><span class='ocrx_word' id='word_1_351' title='bbox 2122 2346 2244 2387; x_wconf 87' lang='lat' dir='ltr'><strong>esse</strong></span> <span class='ocrx_word' id='word_1_352' title='bbox 2274 2331 2646 2386; x_wconf 88' lang='lat' dir='ltr'><strong>commissum.</strong></span> <span class='ocrx_word' id='word_1_353' title='bbox 2676 2332 2881 2399; x_wconf 82' lang='lat' dir='ltr'><strong>Quarto</strong></span> <span class='ocrx_word' id='word_1_354' title='bbox 2911 2332 3053 2398; x_wconf 91' lang='lat' dir='ltr'><strong>loco,</strong></span> <span class='ocrx_word' id='word_1_355' title='bbox 3082 2332 3171 2401; x_wconf 91' lang='lat' dir='ltr'><strong>qui</strong></span> <span class='ocrx_word' id='word_1_356' title='bbox 3204 2333 3276 2387; x_wconf 90' lang='lat' dir='ltr'><strong>sit</strong></span> <span class='ocrx_word' id='word_1_357' title='bbox 3302 2344 3585 2403; x_wconf 88' lang='lat' dir='ltr'><strong>peccator,</strong></span> <span class='ocrx_word' id='word_1_358' title='bbox 3626 2350 3714 2391; x_wconf 82' lang='lat' dir='ltr'><strong>cu-</strong></span> 
     </span>
    </p>
   </div>
   <div class='ocr_carea' id='block_1_45' title="bbox 2117 2423 3712 2496">
    <p class='ocr_par' dir='ltr' id='par_1_45' title="bbox 2117 2423 3712 2496">
     <span class='ocr_line' id='line_1_45' title="bbox 2117 2423 3712 2496; baseline 0.003 -18"><span class='ocrx_word' id='word_1_359' title='bbox 2117 2424 2207 2495; x_wconf 86' lang='lat' dir='ltr'><strong>jus</strong></span> <span class='ocrx_word' id='word_1_360' title='bbox 2250 2424 2573 2480; x_wconf 88' lang='lat' dir='ltr'><strong>sacriﬁcium</strong></span> <span class='ocrx_word' id='word_1_361' title='bbox 2610 2423 2856 2495; x_wconf 88' lang='lat' dir='ltr'><strong>repudiat</strong></span> <span class='ocrx_word' id='word_1_362' title='bbox 2887 2423 3058 2491; x_wconf 86' lang='lat' dir='ltr'><strong>Deus,</strong></span> <span class='ocrx_word' id='word_1_363' title='bbox 3088 2423 3174 2480; x_wconf 89' lang='lat' dir='ltr'><strong>vel</strong></span> <span class='ocrx_word' id='word_1_364' title='bbox 3204 2423 3358 2496; x_wconf 81' lang='lat' dir='ltr'><strong>cujus</strong></span> <span class='ocrx_word' id='word_1_365' title='bbox 3389 2424 3509 2496; x_wconf 81' lang='lat'><strong>(68)</strong></span> <span class='ocrx_word' id='word_1_366' title='bbox 3542 2426 3712 2483; x_wconf 86' lang='lat' dir='ltr'><strong>oleum</strong></span> 
     </span>
    </p>
   </div>
   <div class='ocr_carea' id='block_1_46' title="bbox 1622 2543 2458 2619">
    <p class='ocr_par' dir='ltr' id='par_1_46' title="bbox 1622 2543 2458 2619">
     <span class='ocr_line' id='line_1_46' title="bbox 1622 2543 2458 2619; baseline 0.008 -7"><span class='ocrx_word' id='word_1_367' title='bbox 1622 2543 2003 2617; x_wconf 75' lang='lat' dir='ltr'><strong>LECTIONES</strong></span> <span class='ocrx_word' id='word_1_368' title='bbox 2041 2562 2458 2619; x_wconf 66' lang='lat' dir='ltr'><strong>VARIANTES.</strong></span> 
     </span>
    </p>
   </div>
   <div class='ocr_carea' id='block_1_47' title="bbox 408 2660 2015 2789">
    <p class='ocr_par' dir='ltr' id='par_1_47' title="bbox 408 2660 2015 2789">
     <span class='ocr_line' id='line_1_47' title="bbox 408 2660 2015 2789; baseline 0.014 -82"><span class='ocrx_word' id='word_1_369' title='bbox 408 2660 592 2789; x_wconf 51' lang='grc' dir='ltr'><strong>ἔὠιῖεῐη</strong></span> <span class='ocrx_word' id='word_1_370' title='bbox 637 2677 726 2717; x_wconf 89' lang='lat' dir='ltr'><strong>ms.</strong></span> <span class='ocrx_word' id='word_1_371' title='bbox 770 2664 823 2716; x_wconf 90' lang='lat' dir='ltr'><strong>S.</strong></span> <span class='ocrx_word' id='word_1_372' title='bbox 866 2668 927 2720; x_wconf 72' lang='grc' dir='ltr'><strong>(ὲ.</strong></span> <span class='ocrx_word' id='word_1_373' title='bbox 968 2666 1245 2735; x_wconf 80' lang='lat' dir='ltr'><strong>imaginem.</strong></span> <span class='ocrx_word' id='word_1_374' title='bbox 1292 2671 1347 2724; x_wconf 85' lang='lat' dir='ltr'><strong>In</strong></span> <span class='ocrx_word' id='word_1_375' title='bbox 1372 2674 1481 2725; x_wconf 88' lang='lat' dir='ltr'><strong>aliis</strong></span> <span class='ocrx_word' id='word_1_376' title='bbox 1523 2675 1647 2726; x_wconf 88' lang='lat' dir='ltr'><strong>etin</strong></span> <span class='ocrx_word' id='word_1_377' title='bbox 1682 2676 1847 2739; x_wconf 89' lang='lat' dir='ltr'><strong>editis,</strong></span> <span class='ocrx_word' id='word_1_378' title='bbox 1890 2676 2015 2728; x_wconf 85' lang='lat' dir='ltr'><strong>ima-</strong></span> 
     </span>
    </p>
   </div>
   <div class='ocr_carea' id='block_1_48' title="bbox 473 2786 1061 2861">
    <p class='ocr_par' dir='ltr' id='par_1_48' title="bbox 473 2786 1061 2861">
     <span class='ocr_line' id='line_1_48' title="bbox 473 2786 1061 2861; baseline 0.015 -24"><span class='ocrx_word' id='word_1_379' title='bbox 473 2786 502 2824; x_wconf 67' lang='grc' dir='ltr'><strong>ιι</strong></span> <span class='ocrx_word' id='word_1_380' title='bbox 536 2787 591 2839; x_wconf 85' lang='lat' dir='ltr'><strong>in</strong></span> <span class='ocrx_word' id='word_1_381' title='bbox 614 2802 707 2842; x_wconf 86' lang='lat' dir='ltr'><strong>ms.</strong></span> <span class='ocrx_word' id='word_1_382' title='bbox 731 2789 783 2841; x_wconf 89' lang='lat' dir='ltr'><strong>S.</strong></span> <span class='ocrx_word' id='word_1_383' title='bbox 810 2792 866 2844; x_wconf 90' lang='lat' dir='ltr'><strong>G.</strong></span> <span class='ocrx_word' id='word_1_384' title='bbox 890 2793 1061 2861; x_wconf 83' lang='lat' dir='ltr'><strong>legem.</strong></span> 
     </span>
    </p>
   </div>
   <div class='ocr_carea' id='block_1_49' title="bbox 2180 2677 3713 2754">
    <p class='ocr_par' dir='ltr' id='par_1_49' title="bbox 2180 2677 3713 2754">
     <span class='ocr_line' id='line_1_49' title="bbox 2180 2677 3713 2754; baseline 0.005 -27"><span class='ocrx_word' id='word_1_385' title='bbox 2180 2681 2203 2751; x_wconf 52' lang='grc' dir='ltr'><em>ἢ</em></span> <span class='ocrx_word' id='word_1_386' title='bbox 2244 2679 2388 2754; x_wconf 72' lang='lat' dir='ltr'><strong>Itain</strong></span> <span class='ocrx_word' id='word_1_387' title='bbox 2408 2692 2523 2729; x_wconf 91' lang='lat' dir='ltr'><strong>mss.</strong></span> <span class='ocrx_word' id='word_1_388' title='bbox 2549 2677 2602 2730; x_wconf 90' lang='lat' dir='ltr'><strong>S.</strong></span> <span class='ocrx_word' id='word_1_389' title='bbox 2626 2678 2685 2730; x_wconf 89' lang='lat' dir='ltr'><strong>G.</strong></span> <span class='ocrx_word' id='word_1_390' title='bbox 2713 2686 2764 2728; x_wconf 90' lang='lat' dir='ltr'><strong>et</strong></span> <span class='ocrx_word' id='word_1_391' title='bbox 2784 2679 2839 2729; x_wconf 90' lang='lat' dir='ltr'><strong>P.</strong></span> <span class='ocrx_word' id='word_1_392' title='bbox 2862 2680 2915 2730; x_wconf 91' lang='lat' dir='ltr'><strong>S.</strong></span> <span class='ocrx_word' id='word_1_393' title='bbox 2936 2679 2993 2729; x_wconf 86' lang='lat' dir='ltr'><strong>In</strong></span> <span class='ocrx_word' id='word_1_394' title='bbox 3010 2692 3101 2730; x_wconf 92' lang='lat' dir='ltr'><strong>ms.</strong></span> <span class='ocrx_word' id='word_1_395' title='bbox 3127 2682 3183 2732; x_wconf 90' lang='lat' dir='ltr'><strong>S.</strong></span> <span class='ocrx_word' id='word_1_396' title='bbox 3202 2680 3261 2734; x_wconf 93' lang='lat' dir='ltr'><strong>T.</strong></span> <span class='ocrx_word' id='word_1_397' title='bbox 3282 2683 3549 2748; x_wconf 87' lang='lat' dir='ltr'><strong>omittitur,</strong></span> <span class='ocrx_word' id='word_1_398' title='bbox 3579 2690 3646 2749; x_wconf 81' lang='lat' dir='ltr'><strong>tu,</strong></span> <span class='ocrx_word' id='word_1_399' title='bbox 3664 2689 3713 2736; x_wconf 87' lang='lat' dir='ltr'><strong>ut</strong></span> 
     </span>
    </p>
   </div>
   <div class='ocr_carea' id='block_1_50' title="bbox 2104 2743 3431 2869">
    <p class='ocr_par' dir='ltr' id='par_1_50' title="bbox 2104 2743 3431 2869">
     <span class='ocr_line' id='line_1_50' title="bbox 2104 2743 3431 2869; baseline 0.004 -17"><span class='ocrx_word' id='word_1_400' title='bbox 2104 2743 2481 2855; x_wconf 46' lang='lat' dir='ltr'><strong>.Cl‘liulfild</strong></span> <span class='ocrx_word' id='word_1_401' title='bbox 2506 2802 2563 2854; x_wconf 88' lang='lat' dir='ltr'><strong>G.</strong></span> <span class='ocrx_word' id='word_1_402' title='bbox 2592 2811 2643 2856; x_wconf 91' lang='lat' dir='ltr'><strong>ut</strong></span> <span class='ocrx_word' id='word_1_403' title='bbox 2661 2802 2842 2855; x_wconf 85' lang='lat' dir='ltr'><strong>minuta</strong></span> <span class='ocrx_word' id='word_1_404' title='bbox 2864 2803 3066 2869; x_wconf 78' lang='lat' dir='ltr'><strong>mittam,</strong></span> <span class='ocrx_word' id='word_1_405' title='bbox 3087 2804 3218 2855; x_wconf 88' lang='lat' dir='ltr'><strong>idem</strong></span> <span class='ocrx_word' id='word_1_406' title='bbox 3235 2819 3431 2858; x_wconf 86' lang='lat' dir='ltr'><strong>sensus.</strong></span> 
     </span>
    </p>
   </div>
   <div class='ocr_carea' id='block_1_51' title="bbox 1775 2909 2405 2969">
    <p class='ocr_par' dir='ltr' id='par_1_51' title="bbox 1775 2909 2405 2969">
     <span class='ocr_line' id='line_1_51' title="bbox 1775 2909 2405 2969; baseline 0.005 -4"><span class='ocrx_word' id='word_1_407' title='bbox 1775 2909 2137 2968; x_wconf 76' lang='lat' dir='ltr'><strong>VARIORUM</strong></span> <span class='ocrx_word' id='word_1_408' title='bbox 2176 2911 2405 2969; x_wconf 66' lang='lat' dir='ltr'><strong>NOTAE.</strong></span> 
     </span>
    </p>
   </div>
   <div class='ocr_carea' id='block_1_52' title="bbox 415 2989 2007 3059">
    <p class='ocr_par' dir='ltr' id='par_1_52' title="bbox 415 2989 2007 3059">
     <span class='ocr_line' id='line_1_52' title="bbox 415 2989 2007 3059; baseline 0.009 -14"><span class='ocrx_word' id='word_1_409' title='bbox 415 2989 578 3045; x_wconf 89' lang='lat' dir='ltr'><strong>matis</strong></span> <span class='ocrx_word' id='word_1_410' title='bbox 610 2992 664 3044; x_wconf 92' lang='lat' dir='ltr'><strong>in</strong></span> <span class='ocrx_word' id='word_1_411' title='bbox 693 2992 914 3049; x_wconf 91' lang='lat' dir='ltr'><strong>nomine</strong></span> <span class='ocrx_word' id='word_1_412' title='bbox 943 2993 1219 3053; x_wconf 76' lang='lat' dir='ltr'><strong>Trinitatis</strong></span> <span class='ocrx_word' id='word_1_413' title='bbox 1258 2999 1638 3058; x_wconf 88' lang='lat' dir='ltr'><strong>administrati.</strong></span> <span class='ocrx_word' id='word_1_414' title='bbox 1668 3002 1781 3057; x_wconf 86' lang='lat' dir='ltr'><strong>Non</strong></span> <span class='ocrx_word' id='word_1_415' title='bbox 1818 3002 2007 3059; x_wconf 84' lang='lat' dir='ltr'><strong>inunc-</strong></span> 
     </span>
    </p>
   </div>
   <div class='ocr_carea' id='block_1_53' title="bbox 411 3061 2009 3143">
    <p class='ocr_par' dir='ltr' id='par_1_53' title="bbox 411 3061 2009 3143">
     <span class='ocr_line' id='line_1_53' title="bbox 411 3061 2009 3143; baseline 0.008 -27"><span class='ocrx_word' id='word_1_416' title='bbox 411 3061 516 3143; x_wconf 81' lang='lat' dir='ltr'><strong>ri_to</strong></span> <span class='ocrx_word' id='word_1_417' title='bbox 535 3069 723 3143; x_wconf 73' lang='lat' dir='ltr'><strong>tamen</strong></span> <span class='ocrx_word' id='word_1_418' title='bbox 754 3066 1079 3143; x_wconf 69' lang='lat' dir='ltr'><strong>suspicetur</strong></span> <span class='ocrx_word' id='word_1_419' title='bbox 1100 3070 1291 3143; x_wconf 80' lang='lat' dir='ltr'><strong>aliquis</strong></span> <span class='ocrx_word' id='word_1_420' title='bbox 1312 3113 1327 3137; x_wconf 95' lang='lat'><strong>,</strong></span> <span class='ocrx_word' id='word_1_421' title='bbox 1357 3071 1609 3143; x_wconf 91' lang='lat' dir='ltr'><strong>Optatum</strong></span> <span class='ocrx_word' id='word_1_422' title='bbox 1642 3074 1729 3130; x_wconf 88' lang='lat' dir='ltr'><strong>hic</strong></span> <span class='ocrx_word' id='word_1_423' title='bbox 1766 3091 1859 3143; x_wconf 89' lang='lat' dir='ltr'><strong>per</strong></span> <span class='ocrx_word' id='word_1_424' title='bbox 1889 3075 2009 3129; x_wconf 86' lang='lat' dir='ltr'><strong>Tri-</strong></span> 
     </span>
    </p>
   </div>
   <div class='ocr_carea' id='block_1_54' title="bbox 411 3132 2005 3214">
    <p class='ocr_par' dir='ltr' id='par_1_54' title="bbox 411 3132 2005 3214">
     <span class='ocr_line' id='line_1_54' title="bbox 411 3132 2005 3214; baseline 0.01 -28"><span class='ocrx_word' id='word_1_425' title='bbox 411 3132 634 3188; x_wconf 87' lang='lat' dir='ltr'><strong>nitatem</strong></span> <span class='ocrx_word' id='word_1_426' title='bbox 656 3132 1325 3214; x_wconf 53' lang='lat' dir='ltr'><strong>baptismatistrinas&#39;illas</strong></span> <span class='ocrx_word' id='word_1_427' title='bbox 1349 3132 1645 3199; x_wconf 77' lang='lat' dir='ltr'><strong>mersiones</strong></span> <span class='ocrx_word' id='word_1_428' title='bbox 1670 3132 1972 3214; x_wconf 77' lang='lat' dir='ltr'><strong>intelligere</strong></span> <span class='ocrx_word' id='word_1_429' title='bbox 1990 3187 2005 3210; x_wconf 90' lang='lat'><strong>,</strong></span> 
     </span>
    </p>
   </div>
   <div class='ocr_carea' id='block_1_55' title="bbox 409 3207 2005 3300">
    <p class='ocr_par' dir='ltr' id='par_1_55' title="bbox 409 3207 2005 3300">
     <span class='ocr_line' id='line_1_55' title="bbox 409 3207 2005 3300; baseline 0.01 -42"><span class='ocrx_word' id='word_1_430' title='bbox 409 3219 544 3273; x_wconf 90' lang='lat' dir='ltr'><strong>quas</strong></span> <span class='ocrx_word' id='word_1_431' title='bbox 558 3207 925 3274; x_wconf 86' lang='lat' dir='ltr'><strong>apostolorum</strong></span> <span class='ocrx_word' id='word_1_432' title='bbox 946 3210 1233 3300; x_wconf 48' lang='lat' dir='ltr'><strong>utijvocant</strong></span> <span class='ocrx_word' id='word_1_433' title='bbox 1248 3254 1263 3277; x_wconf 94' lang='lat'><strong>,</strong></span> <span class='ocrx_word' id='word_1_434' title='bbox 1280 3230 1400 3296; x_wconf 78' lang='lat' dir='ltr'><strong>can.</strong></span> <span class='ocrx_word' id='word_1_435' title='bbox 1420 3215 1511 3281; x_wconf 84' lang='lat'><strong>50,</strong></span> <span class='ocrx_word' id='word_1_436' title='bbox 1528 3219 1646 3289; x_wconf 82' lang='grc' dir='ltr'><strong>τρία</strong></span> <span class='ocrx_word' id='word_1_437' title='bbox 1656 3207 2005 3300; x_wconf 38' lang='lat' dir='ltr'><strong>pontificium</strong></span> 
     </span>
    </p>
   </div>
   <div class='ocr_carea' id='block_1_56' title="bbox 2189 3005 3709 3083">
    <p class='ocr_par' dir='ltr' id='par_1_56' title="bbox 2189 3005 3709 3083">
     <span class='ocr_line' id='line_1_56' title="bbox 2189 3005 3709 3083; baseline 0.006 -22"><span class='ocrx_word' id='word_1_438' title='bbox 2189 3005 2304 3077; x_wconf 82' lang='lat'><strong>(58)</strong></span> <span class='ocrx_word' id='word_1_439' title='bbox 2362 3006 2423 3061; x_wconf 91' lang='lat' dir='ltr'><strong>Si</strong></span> <span class='ocrx_word' id='word_1_440' title='bbox 2480 3009 2833 3083; x_wconf 73' lang='lat' dir='ltr'><strong>traditoribus.</strong></span> <span class='ocrx_word' id='word_1_441' title='bbox 2887 3008 3219 3083; x_wconf 78' lang='lat' dir='ltr'><strong>_C:ecilianus</strong></span> <span class='ocrx_word' id='word_1_442' title='bbox 3255 3052 3270 3078; x_wconf 91' lang='lat'><strong>,</strong></span> <span class='ocrx_word' id='word_1_443' title='bbox 3327 3012 3709 3083; x_wconf 76' lang='lat' dir='ltr'><strong>Czecilianique</strong></span> 
     </span>
    </p>
   </div>
   <div class='ocr_carea' id='block_1_57' title="bbox 2115 3080 3708 3150">
    <p class='ocr_par' dir='ltr' id='par_1_57' title="bbox 2115 3080 3708 3150">
     <span class='ocr_line' id='line_1_57' title="bbox 2115 3080 3708 3150; baseline 0.005 -20"><span class='ocrx_word' id='word_1_444' title='bbox 2115 3092 2457 3150; x_wconf 54' lang='lat' dir='ltr'><strong>successores</strong></span> <span class='ocrx_word' id='word_1_445' title='bbox 2498 3090 2549 3133; x_wconf 89' lang='lat' dir='ltr'><strong>et</strong></span> <span class='ocrx_word' id='word_1_446' title='bbox 2585 3080 2770 3136; x_wconf 89' lang='lat' dir='ltr'><strong>ﬁdeles</strong></span> <span class='ocrx_word' id='word_1_447' title='bbox 2806 3081 2899 3149; x_wconf 83' lang='lat' dir='ltr'><strong>qui</strong></span> <span class='ocrx_word' id='word_1_448' title='bbox 2932 3098 3055 3136; x_wconf 90' lang='lat' dir='ltr'><strong>cum</strong></span> <span class='ocrx_word' id='word_1_449' title='bbox 3091 3084 3171 3138; x_wconf 91' lang='lat' dir='ltr'><strong>eis</strong></span> <span class='ocrx_word' id='word_1_450' title='bbox 3201 3080 3708 3150; x_wconf 86' lang='lat' dir='ltr'><strong>communicarent,</strong></span> 
     </span>
    </p>
   </div>
   <div class='ocr_carea' id='block_1_58' title="bbox 2118 3149 3708 3218">
    <p class='ocr_par' dir='ltr' id='par_1_58' title="bbox 2118 3149 3708 3218">
     <span class='ocr_line' id='line_1_58' title="bbox 2118 3149 3708 3218; baseline 0.007 -17"><span class='ocrx_word' id='word_1_451' title='bbox 2118 3149 2219 3201; x_wconf 88' lang='lat' dir='ltr'><strong>hoc</strong></span> <span class='ocrx_word' id='word_1_452' title='bbox 2251 3159 2332 3202; x_wconf 84' lang='lat' dir='ltr'><strong>est</strong></span> <span class='ocrx_word' id='word_1_453' title='bbox 2357 3191 2370 3211; x_wconf 89' lang='lat'><strong>,</strong></span> <span class='ocrx_word' id='word_1_454' title='bbox 2401 3166 2592 3205; x_wconf 85' lang='lat' dir='ltr'><strong>onmes</strong></span> <span class='ocrx_word' id='word_1_455' title='bbox 2631 3150 2828 3207; x_wconf 63' lang='lat' dir='ltr'><strong>Africae</strong></span> <span class='ocrx_word' id='word_1_456' title='bbox 2876 3150 3060 3209; x_wconf 89' lang='lat' dir='ltr'><strong>ﬁdeles</strong></span> <span class='ocrx_word' id='word_1_457' title='bbox 3087 3195 3101 3218; x_wconf 91' lang='lat'><strong>,</strong></span> <span class='ocrx_word' id='word_1_458' title='bbox 3136 3154 3443 3210; x_wconf 80' lang='lat' dir='ltr'><strong>traditionis</strong></span> <span class='ocrx_word' id='word_1_459' title='bbox 3490 3149 3708 3212; x_wconf 87' lang='lat' dir='ltr'><strong>crimine</strong></span> 
     </span>
    </p>
   </div>
   <div class='ocr_carea' id='block_1_59' title="bbox 2114 3220 3707 3297">
    <p class='ocr_par' dir='ltr' id='par_1_59' title="bbox 2114 3220 3707 3297">
     <span class='ocr_line' id='line_1_59' title="bbox 2114 3220 3707 3297; baseline 0.005 -25"><span class='ocrx_word' id='word_1_460' title='bbox 2114 3235 2153 3297; x_wconf 90' lang='lat' dir='ltr'><strong>a_</strong></span> <span class='ocrx_word' id='word_1_461' title='bbox 2174 3220 2466 3297; x_wconf 70' lang='lat' dir='ltr'><strong>Donatistis</strong></span> <span class='ocrx_word' id='word_1_462' title='bbox 2495 3224 2818 3277; x_wconf 82' lang='lat' dir='ltr'><strong>notabantur</strong></span> <span class='ocrx_word' id='word_1_463' title='bbox 2844 3264 2858 3286; x_wconf 94' lang='lat'><strong>,</strong></span> <span class='ocrx_word' id='word_1_464' title='bbox 2887 3234 3047 3297; x_wconf 78' lang='lat' dir='ltr'><strong>atque</strong></span> <span class='ocrx_word' id='word_1_465' title='bbox 3074 3225 3142 3297; x_wconf 85' lang='lat' dir='ltr'><strong>ob</strong></span> <span class='ocrx_word' id='word_1_466' title='bbox 3172 3226 3557 3297; x_wconf 87' lang='lat' dir='ltr'><strong>hauecansam</strong></span> <span class='ocrx_word' id='word_1_467' title='bbox 3583 3229 3707 3297; x_wconf 83' lang='lat' dir='ltr'><strong>bap-</strong></span> 
     </span>
    </p>
   </div>
   <div class='ocr_carea' id='block_1_60' title="bbox 409 3280 3704 3371">
    <p class='ocr_par' dir='ltr' id='par_1_60' title="bbox 409 3280 3704 3371">
     <span class='ocr_line' id='line_1_60' title="bbox 409 3280 3704 3371; baseline 0.007 -41"><span class='ocrx_word' id='word_1_468' title='bbox 409 3288 684 3371; x_wconf 57' lang='lat' dir='ltr'><strong>nuncupat</strong></span> <span class='ocrx_word' id='word_1_469' title='bbox 702 3319 732 3371; x_wconf 48' lang='grc' dir='ltr'><strong>,ι</strong></span> <span class='ocrx_word' id='word_1_470' title='bbox 750 3289 803 3333; x_wconf 91' lang='lat' dir='ltr'><strong>et</strong></span> <span class='ocrx_word' id='word_1_471' title='bbox 844 3280 1143 3371; x_wconf 73' lang='lat' dir='ltr'><strong>secundum</strong></span> <span class='ocrx_word' id='word_1_472' title='bbox 1175 3285 1436 3371; x_wconf 65' lang='lat' dir='ltr'><strong>baptisma</strong></span> <span class='ocrx_word' id='word_1_473' title='bbox 1461 3328 1493 3370; x_wconf 42' lang='grc' dir='ltr'><em>η</em></span> <span class='ocrx_word' id='word_1_474' title='bbox 1522 3280 2004 3371; x_wconf 43' lang='lat' dir='ltr'><strong>aut_intelligi.aut</strong></span> <span class='ocrx_word' id='word_1_475' title='bbox 2037 3309 2080 3371; x_wconf 71' lang='grc' dir='ltr'><strong>ρ</strong></span> <span class='ocrx_word' id='word_1_476' title='bbox 2119 3291 2315 3345; x_wconf 85' lang='lat' dir='ltr'><strong>tizandi</strong></span> <span class='ocrx_word' id='word_1_477' title='bbox 2360 3302 2625 3362; x_wconf 80' lang='lat' dir='ltr'><strong>potestate</strong></span> <span class='ocrx_word' id='word_1_478' title='bbox 2664 3280 2855 3349; x_wconf 81' lang='lat' dir='ltr'><strong>carere</strong></span> <span class='ocrx_word' id='word_1_479' title='bbox 2880 3280 3184 3351; x_wconf 57' lang='lat' dir='ltr'><strong>ab&#39;iisdem</strong></span> <span class='ocrx_word' id='word_1_480' title='bbox 3236 3280 3704 3353; x_wconf 55' lang='lat' dir='ltr'><strong>existimabantur.</strong></span> 
     </span>
    </p>
   </div>
   <div class='ocr_carea' id='block_1_61' title="bbox 408 3349 2004 3429">
    <p class='ocr_par' dir='ltr' id='par_1_61' title="bbox 408 3349 2004 3429">
     <span class='ocr_line' id='line_1_61' title="bbox 408 3349 2004 3429; baseline 0.009 -28"><span class='ocrx_word' id='word_1_481' title='bbox 408 3350 618 3429; x_wconf 68' lang='lat' dir='ltr'><strong>restitui</strong></span> <span class='ocrx_word' id='word_1_482' title='bbox 648 3349 847 3429; x_wconf 78' lang='lat' dir='ltr'><strong>debere</strong></span> <span class='ocrx_word' id='word_1_483' title='bbox 874 3352 925 3429; x_wconf 73' lang='lat' dir='ltr'><strong>in</strong></span> <span class='ocrx_word' id='word_1_484' title='bbox 961 3353 1101 3429; x_wconf 84' lang='lat' dir='ltr'><strong>hunc</strong></span> <span class='ocrx_word' id='word_1_485' title='bbox 1122 3349 1339 3429; x_wconf 79' lang='lat' dir='ltr'><strong>modum</strong></span> <span class='ocrx_word' id='word_1_486' title='bbox 1363 3399 1378 3422; x_wconf 94' lang='lat'><strong>,</strong></span> <span class='ocrx_word' id='word_1_487' title='bbox 1406 3349 1493 3426; x_wconf 82' lang='lat' dir='ltr'><strong>qui</strong></span> <span class='ocrx_word' id='word_1_488' title='bbox 1521 3358 1573 3412; x_wconf 88' lang='lat' dir='ltr'><strong>in</strong></span> <span class='ocrx_word' id='word_1_489' title='bbox 1605 3349 1851 3413; x_wconf 62' lang='lat' dir='ltr'><strong>Trinitate</strong></span> <span class='ocrx_word' id='word_1_490' title='bbox 1880 3360 2004 3429; x_wconf 86' lang='lat' dir='ltr'><strong>bap-</strong></span> 
     </span>
    </p>
   </div>
   <div class='ocr_carea' id='block_1_62' title="bbox 409 3418 2003 3498">
    <p class='ocr_par' dir='ltr' id='par_1_62' title="bbox 409 3418 2003 3498">
     <span class='ocr_line' id='line_1_62' title="bbox 409 3418 2003 3498; baseline 0.009 -28"><span class='ocrx_word' id='word_1_491' title='bbox 409 3418 629 3498; x_wconf 69' lang='lat' dir='ltr'><strong>tismatis</strong></span> <span class='ocrx_word' id='word_1_492' title='bbox 648 3462 664 3487; x_wconf 92' lang='lat'><strong>,</strong></span> <span class='ocrx_word' id='word_1_493' title='bbox 691 3423 802 3491; x_wconf 87' lang='lat' dir='ltr'><strong>ejus</strong></span> <span class='ocrx_word' id='word_1_494' title='bbox 819 3464 833 3485; x_wconf 91' lang='lat'><strong>,</strong></span> <span class='ocrx_word' id='word_1_495' title='bbox 861 3424 976 3498; x_wconf 69' lang='lat' dir='ltr'><strong>siVe</strong></span> <span class='ocrx_word' id='word_1_496' title='bbox 1003 3426 1322 3496; x_wconf 81' lang='lat' dir='ltr'><strong>baptismatis</strong></span> <span class='ocrx_word' id='word_1_497' title='bbox 1344 3418 1628 3494; x_wconf 53' lang='lat' dir='ltr'><strong>,uin&#39;onem</strong></span> <span class='ocrx_word' id='word_1_498' title='bbox 1660 3418 2003 3498; x_wconf 74' lang='lat' dir='ltr'><strong>defendimus.</strong></span> 
     </span>
    </p>
   </div>
   <div class='ocr_carea' id='block_1_63' title="bbox 409 3488 2005 3573">
    <p class='ocr_par' dir='ltr' id='par_1_63' title="bbox 409 3488 2005 3573">
     <span class='ocr_line' id='line_1_63' title="bbox 409 3488 2005 3573; baseline 0.009 -31"><span class='ocrx_word' id='word_1_499' title='bbox 409 3488 665 3573; x_wconf 31' lang='lat' dir='ltr'><strong>Driorem.</strong></span> <span class='ocrx_word' id='word_1_500' title='bbox 677 3488 857 3573; x_wconf 78' lang='lat' dir='ltr'><strong>tamen</strong></span> <span class='ocrx_word' id='word_1_501' title='bbox 891 3488 1385 3573; x_wconf 79' lang='lat' dir='ltr'><strong>interpretationem</strong></span> <span class='ocrx_word' id='word_1_502' title='bbox 1419 3502 1589 3573; x_wconf 62' lang='lat' dir='ltr'><strong>magis</strong></span> <span class='ocrx_word' id='word_1_503' title='bbox 1612 3488 1810 3570; x_wconf 80' lang='lat' dir='ltr'><strong>probo,</strong></span> <span class='ocrx_word' id='word_1_504' title='bbox 1835 3519 2005 3573; x_wconf 85' lang='lat' dir='ltr'><strong>quatt-</strong></span> 
     </span>
    </p>
   </div>
   <div class='ocr_carea' id='block_1_64' title="bbox 409 3559 2002 3642">
    <p class='ocr_par' dir='ltr' id='par_1_64' title="bbox 409 3559 2002 3642">
     <span class='ocr_line' id='line_1_64' title="bbox 409 3559 2002 3642; baseline 0.011 -30"><span class='ocrx_word' id='word_1_505' title='bbox 409 3559 480 3613; x_wconf 89' lang='lat' dir='ltr'><strong>do</strong></span> <span class='ocrx_word' id='word_1_506' title='bbox 508 3570 562 3614; x_wconf 87' lang='lat' dir='ltr'><strong>et</strong></span> <span class='ocrx_word' id='word_1_507' title='bbox 595 3563 690 3642; x_wconf 83' lang='lat' dir='ltr'><strong>_alii_</strong></span> <span class='ocrx_word' id='word_1_508' title='bbox 740 3564 812 3617; x_wconf 87' lang='lat' dir='ltr'><strong>ita</strong></span> <span class='ocrx_word' id='word_1_509' title='bbox 845 3559 1063 3642; x_wconf 74' lang='lat' dir='ltr'><strong>quoque</strong></span> <span class='ocrx_word' id='word_1_510' title='bbox 1094 3569 1386 3642; x_wconf 75' lang='lat' dir='ltr'><strong>loquuntur</strong></span> <span class='ocrx_word' id='word_1_511' title='bbox 1411 3613 1424 3635; x_wconf 92' lang='lat'><strong>,</strong></span> <span class='ocrx_word' id='word_1_512' title='bbox 1458 3559 2002 3642; x_wconf 43' lang='lat' dir='ltr'><strong>inUTrinilale&#39;b&#39;apti-</strong></span> 
     </span>
    </p>
   </div>
   <div class='ocr_carea' id='block_1_65' title="bbox 409 3635 1997 3713">
    <p class='ocr_par' dir='ltr' id='par_1_65' title="bbox 409 3635 1997 3713">
     <span class='ocr_line' id='line_1_65' title="bbox 409 3635 1997 3713; baseline 0.01 -31"><span class='ocrx_word' id='word_1_513' title='bbox 409 3644 554 3713; x_wconf 46' lang='lat' dir='ltr'><strong>gare,</strong></span> <span class='ocrx_word' id='word_1_514' title='bbox 584 3635 811 3713; x_wconf 49' lang='grc' dir='ltr'><strong>ἀντίηιςοῆ</strong></span> <span class='ocrx_word' id='word_1_515' title='bbox 838 3636 891 3713; x_wconf 79' lang='lat' dir='ltr'><strong>in</strong></span> <span class='ocrx_word' id='word_1_516' title='bbox 914 3635 1440 3713; x_wconf 37' lang='lat' dir='ltr'><strong>nominelTrinitatis.</strong></span> <span class='ocrx_word' id='word_1_517' title='bbox 1473 3642 1700 3711; x_wconf 87' lang='lat' dir='ltr'><strong>Optatus</strong></span> <span class='ocrx_word' id='word_1_518' title='bbox 1724 3645 1839 3713; x_wconf 88' lang='lat' dir='ltr'><strong>ipse</strong></span> <span class='ocrx_word' id='word_1_519' title='bbox 1872 3635 1915 3699; x_wconf 47' lang='lat' dir='ltr'><strong>l.&#39;</strong></span> <span class='ocrx_word' id='word_1_520' title='bbox 1946 3660 1997 3710; x_wconf 89' lang='lat' dir='ltr'><strong>v,</strong></span> 
     </span>
    </p>
   </div>
   <div class='ocr_carea' id='block_1_66' title="bbox 410 3701 2004 3796">
    <p class='ocr_par' dir='ltr' id='par_1_66' title="bbox 410 3701 2004 3796">
     <span class='ocr_line' id='line_1_66' title="bbox 410 3701 2004 3796; baseline 0.011 -43"><span class='ocrx_word' id='word_1_521' title='bbox 410 3701 665 3796; x_wconf 48' lang='lat' dir='ltr'><strong>ﬂaplifnlta</strong></span> <span class='ocrx_word' id='word_1_522' title='bbox 688 3702 1374 3796; x_wconf 44' lang='lat' dir='ltr'><strong>giaristianorum.Trinitale</strong></span> <span class='ocrx_word' id='word_1_523' title='bbox 1402 3701 1720 3796; x_wconf 46' lang='lat' dir='ltr'><strong>confectum,</strong></span> <span class='ocrx_word' id='word_1_524' title='bbox 1746 3701 1852 3770; x_wconf 74' lang='lat' dir='ltr'><strong>etc.</strong></span> <span class='ocrx_word' id='word_1_525' title='bbox 1873 3758 1887 3779; x_wconf 93' lang='lat'><strong>,</strong></span> <span class='ocrx_word' id='word_1_526' title='bbox 1911 3701 2004 3771; x_wconf 51' lang='lat' dir='ltr'><strong>eo;</strong></span> 
     </span>
    </p>
   </div>
   <div class='ocr_carea' id='block_1_67' title="bbox 410 3772 2000 3856">
    <p class='ocr_par' dir='ltr' id='par_1_67' title="bbox 410 3772 2000 3856">
     <span class='ocr_line' id='line_1_67' title="bbox 410 3772 2000 3856; baseline 0.011 -30"><span class='ocrx_word' id='word_1_527' title='bbox 410 3772 534 3856; x_wconf 73' lang='lat' dir='ltr'><strong>dem</strong></span> <span class='ocrx_word' id='word_1_528' title='bbox 562 3773 654 3855; x_wconf 80' lang='lat' dir='ltr'><strong>lib.</strong></span> <span class='ocrx_word' id='word_1_529' title='bbox 685 3773 852 3829; x_wconf 83' lang='lat' dir='ltr'><strong>Nemo</strong></span> <span class='ocrx_word' id='word_1_530' title='bbox 881 3779 1266 3856; x_wconf 53' lang='lat' dir='ltr'><strong>adhuctinctus</strong></span> <span class='ocrx_word' id='word_1_531' title='bbox 1294 3790 1460 3854; x_wconf 80' lang='lat' dir='ltr'><strong>fuerat</strong></span> <span class='ocrx_word' id='word_1_532' title='bbox 1490 3772 1539 3839; x_wconf 79' lang='lat' dir='ltr'><strong>in</strong></span> <span class='ocrx_word' id='word_1_533' title='bbox 1568 3772 1840 3854; x_wconf 84' lang='lat' dir='ltr'><strong>Trinitate,</strong></span> <span class='ocrx_word' id='word_1_534' title='bbox 1859 3772 1965 3842; x_wconf 81' lang='lat' dir='ltr'><strong>etc.</strong></span> <span class='ocrx_word' id='word_1_535' title='bbox 1984 3829 2000 3856; x_wconf 93' lang='lat'><strong>,</strong></span> 
     </span>
    </p>
   </div>
   <div class='ocr_carea' id='block_1_68' title="bbox 408 3843 1355 3915">
    <p class='ocr_par' dir='ltr' id='par_1_68' title="bbox 408 3843 1355 3915">
     <span class='ocr_line' id='line_1_68' title="bbox 408 3843 1355 3915; baseline 0.014 -18"><span class='ocrx_word' id='word_1_536' title='bbox 408 3857 473 3899; x_wconf 90' lang='lat' dir='ltr'><strong>ac</strong></span> <span class='ocrx_word' id='word_1_537' title='bbox 500 3843 756 3914; x_wconf 88' lang='lat' dir='ltr'><strong>deinceps</strong></span> <span class='ocrx_word' id='word_1_538' title='bbox 778 3849 997 3915; x_wconf 77' lang='lat' dir='ltr'><strong>szepius.</strong></span> <span class='ocrx_word' id='word_1_539' title='bbox 1023 3851 1092 3904; x_wconf 86' lang='lat' dir='ltr'><strong>M.</strong></span> <span class='ocrx_word' id='word_1_540' title='bbox 1126 3843 1355 3909; x_wconf 59' lang='lat' dir='ltr'><strong>Cassiis.</strong></span> 
     </span>
    </p>
   </div>
   <div class='ocr_carea' id='block_1_69' title="bbox 478 3914 2001 4000">
    <p class='ocr_par' dir='ltr' id='par_1_69' title="bbox 478 3914 2001 4000">
     <span class='ocr_line' id='line_1_69' title="bbox 478 3914 2001 4000; baseline 0.01 -31"><span class='ocrx_word' id='word_1_541' title='bbox 478 3914 595 3987; x_wconf 71' lang='lat'><strong>(52)</strong></span> <span class='ocrx_word' id='word_1_542' title='bbox 780 3918 834 4000; x_wconf 82' lang='lat' dir='ltr'><strong>i_u</strong></span> <span class='ocrx_word' id='word_1_543' title='bbox 860 3914 1126 4000; x_wconf 17' lang='lat' dir='ltr'><strong>’Trinitate</strong></span> <span class='ocrx_word' id='word_1_544' title='bbox 1161 3924 1498 4000; x_wconf 62' lang='lat' dir='ltr'><strong>Baptismatis</strong></span> <span class='ocrx_word' id='word_1_545' title='bbox 1536 3928 1789 4000; x_wconf 6' lang='lat' dir='ltr'><strong>(unionem</strong></span> <span class='ocrx_word' id='word_1_546' title='bbox 1821 3929 2001 4000; x_wconf 76' lang='lat' dir='ltr'><strong>defen-</strong></span> 
     </span>
    </p>
   </div>
   <div class='ocr_carea' id='block_1_70' title="bbox 407 3986 2002 4061">
    <p class='ocr_par' dir='ltr' id='par_1_70' title="bbox 407 3986 2002 4061">
     <span class='ocr_line' id='line_1_70' title="bbox 407 3986 2002 4061; baseline 0.009 -21"><span class='ocrx_word' id='word_1_547' title='bbox 407 3986 599 4061; x_wconf 81' lang='lat' dir='ltr'><strong>dimus.</strong></span> <span class='ocrx_word' id='word_1_548' title='bbox 642 3990 744 4055; x_wconf 82' lang='lat' dir='ltr'><strong>Qui</strong></span> <span class='ocrx_word' id='word_1_549' title='bbox 798 3990 1126 4061; x_wconf 88' lang='lat' dir='ltr'><strong>baptismum</strong></span> <span class='ocrx_word' id='word_1_550' title='bbox 1177 3986 1427 4052; x_wconf 81' lang='lat' dir='ltr'><strong>invocato</strong></span> <span class='ocrx_word' id='word_1_551' title='bbox 1459 3998 1737 4052; x_wconf 87' lang='lat' dir='ltr'><strong>Trinitatis</strong></span> <span class='ocrx_word' id='word_1_552' title='bbox 1786 3986 2002 4056; x_wconf 74' lang='lat' dir='ltr'><strong>nomine</strong></span> 
     </span>
    </p>
   </div>
   <div class='ocr_carea' id='block_1_71' title="bbox 406 4059 2000 4136">
    <p class='ocr_par' dir='ltr' id='par_1_71' title="bbox 406 4059 2000 4136">
     <span class='ocr_line' id='line_1_71' title="bbox 406 4059 2000 4136; baseline 0.007 -22"><span class='ocrx_word' id='word_1_553' title='bbox 406 4059 665 4115; x_wconf 88' lang='lat' dir='ltr'><strong>collatum</strong></span> <span class='ocrx_word' id='word_1_554' title='bbox 696 4059 1009 4119; x_wconf 28' lang='lat' dir='ltr'><strong>unum‘esse</strong></span> <span class='ocrx_word' id='word_1_555' title='bbox 1032 4063 1370 4123; x_wconf 78' lang='lat' dir='ltr'><strong>defendimus</strong></span> <span class='ocrx_word' id='word_1_556' title='bbox 1390 4111 1406 4136; x_wconf 90' lang='lat'><strong>,</strong></span> <span class='ocrx_word' id='word_1_557' title='bbox 1440 4084 1541 4124; x_wconf 92' lang='lat' dir='ltr'><strong>nec</strong></span> <span class='ocrx_word' id='word_1_558' title='bbox 1569 4070 1752 4124; x_wconf 88' lang='lat' dir='ltr'><strong>iterari</strong></span> <span class='ocrx_word' id='word_1_559' title='bbox 1780 4070 2000 4127; x_wconf 89' lang='lat' dir='ltr'><strong>debere.</strong></span> 
     </span>
    </p>
   </div>
   <div class='ocr_carea' id='block_1_72' title="bbox 1481 4142 1713 4196">
    <p class='ocr_par' dir='ltr' id='par_1_72' title="bbox 1481 4142 1713 4196">
     <span class='ocr_line' id='line_1_72' title="bbox 1481 4142 1713 4196; baseline -0.009 0"><span class='ocrx_word' id='word_1_560' title='bbox 1481 4142 1713 4196; x_wconf 74' lang='lat' dir='ltr'><strong>ALBASP.</strong></span> 
     </span>
    </p>
   </div>
   <div class='ocr_carea' id='block_1_73' title="bbox 476 4200 2004 4278">
    <p class='ocr_par' dir='ltr' id='par_1_73' title="bbox 476 4200 2004 4278">
     <span class='ocr_line' id='line_1_73' title="bbox 476 4200 2004 4278; baseline 0.009 -23"><span class='ocrx_word' id='word_1_561' title='bbox 476 4201 599 4273; x_wconf 84' lang='lat'><strong>(5&#39;5)</strong></span> <span class='ocrx_word' id='word_1_562' title='bbox 640 4200 706 4256; x_wconf 87' lang='lat' dir='ltr'><strong>In</strong></span> <span class='ocrx_word' id='word_1_563' title='bbox 732 4206 900 4278; x_wconf 54' lang='lat' dir='ltr'><strong>:cujus</strong></span> <span class='ocrx_word' id='word_1_564' title='bbox 951 4207 1190 4278; x_wconf 79' lang='lat' dir='ltr'><strong>imagine.</strong></span> <span class='ocrx_word' id='word_1_565' title='bbox 1250 4208 1517 4266; x_wconf 85' lang='lat' dir='ltr'><strong>Diluvium</strong></span> <span class='ocrx_word' id='word_1_566' title='bbox 1564 4222 1619 4267; x_wconf 91' lang='lat' dir='ltr'><strong>et</strong></span> <span class='ocrx_word' id='word_1_567' title='bbox 1660 4213 2004 4269; x_wconf 87' lang='lat' dir='ltr'><strong>circumcisio</strong></span> 
     </span>
    </p>
   </div>
   <div class='ocr_carea' id='block_1_74' title="bbox 406 4275 1412 4346">
    <p class='ocr_par' dir='ltr' id='par_1_74' title="bbox 406 4275 1412 4346">
     <span class='ocr_line' id='line_1_74' title="bbox 406 4275 1412 4346; baseline 0.011 -20"><span class='ocrx_word' id='word_1_568' title='bbox 406 4284 565 4346; x_wconf 79' lang='lat' dir='ltr'><strong>erant</strong></span> <span class='ocrx_word' id='word_1_569' title='bbox 587 4275 846 4346; x_wconf 78' lang='lat' dir='ltr'><strong>imagines</strong></span> <span class='ocrx_word' id='word_1_570' title='bbox 876 4275 1150 4346; x_wconf 75' lang='lat' dir='ltr'><strong>baptismi.</strong></span> <span class='ocrx_word' id='word_1_571' title='bbox 1180 4278 1412 4336; x_wconf 78' lang='lat' dir='ltr'><strong>ALBASP.</strong></span> 
     </span>
    </p>
   </div>
   <div class='ocr_carea' id='block_1_75' title="bbox 478 4342 2004 4420">
    <p class='ocr_par' dir='ltr' id='par_1_75' title="bbox 478 4342 2004 4420">
     <span class='ocr_line' id='line_1_75' title="bbox 478 4342 2004 4420; baseline 0.01 -23"><span class='ocrx_word' id='word_1_572' title='bbox 478 4342 594 4416; x_wconf 76' lang='grc'>(54)</span> <span class='ocrx_word' id='word_1_573' title='bbox 752 4347 899 4420; x_wconf 81' lang='lat' dir='ltr'><strong>cuius</strong></span> <span class='ocrx_word' id='word_1_574' title='bbox 925 4342 1146 4420; x_wconf 75' lang='lat' dir='ltr'><strong>imagine</strong></span> <span class='ocrx_word' id='word_1_575' title='bbox 1189 4362 1306 4406; x_wconf 87' lang='lat' dir='ltr'><strong>sunt</strong></span> <span class='ocrx_word' id='word_1_576' title='bbox 1346 4354 1439 4408; x_wconf 85' lang='lat' dir='ltr'><strong>illa</strong></span> <span class='ocrx_word' id='word_1_577' title='bbox 1484 4354 1606 4408; x_wconf 83' lang='lat' dir='ltr'><strong>duo.</strong></span> <span class='ocrx_word' id='word_1_578' title='bbox 1640 4355 1907 4410; x_wconf 89' lang='lat' dir='ltr'><strong>Diluvium</strong></span> <span class='ocrx_word' id='word_1_579' title='bbox 1949 4366 2004 4413; x_wconf 87' lang='lat' dir='ltr'><strong>et</strong></span> 
     </span>
    </p>
   </div>
   <div class='ocr_carea' id='block_1_76' title="bbox 405 4414 2002 4491">
    <p class='ocr_par' dir='ltr' id='par_1_76' title="bbox 405 4414 2002 4491">
     <span class='ocr_line' id='line_1_76' title="bbox 405 4414 2002 4491; baseline 0.009 -24"><span class='ocrx_word' id='word_1_580' title='bbox 405 4414 753 4491; x_wconf 80' lang='lat' dir='ltr'><strong>circumcisio</strong></span> <span class='ocrx_word' id='word_1_581' title='bbox 782 4418 964 4491; x_wconf 80' lang='lat' dir='ltr'><strong>figura:</strong></span> <span class='ocrx_word' id='word_1_582' title='bbox 993 4414 1246 4491; x_wconf 76' lang='lat' dir='ltr'><strong>baptismi</strong></span> <span class='ocrx_word' id='word_1_583' title='bbox 1299 4441 1313 4477; x_wconf 89' lang='lat'><strong>:</strong></span> <span class='ocrx_word' id='word_1_584' title='bbox 1373 4432 1429 4481; x_wconf 86' lang='lat' dir='ltr'><strong>et</strong></span> <span class='ocrx_word' id='word_1_585' title='bbox 1454 4424 1593 4481; x_wconf 90' lang='lat' dir='ltr'><strong>sicut</strong></span> <span class='ocrx_word' id='word_1_586' title='bbox 1622 4443 1789 4481; x_wconf 91' lang='lat' dir='ltr'><strong>unum</strong></span> <span class='ocrx_word' id='word_1_587' title='bbox 1818 4436 1901 4482; x_wconf 92' lang='lat' dir='ltr'><strong>est</strong></span> <span class='ocrx_word' id='word_1_588' title='bbox 1921 4428 2002 4482; x_wconf 61' lang='lat' dir='ltr'><strong>di.</strong></span> 
     </span>
    </p>
   </div>
   <div class='ocr_carea' id='block_1_77' title="bbox 407 4486 2002 4571">
    <p class='ocr_par' dir='ltr' id='par_1_77' title="bbox 407 4486 2002 4571">
     <span class='ocr_line' id='line_1_77' title="bbox 407 4486 2002 4571; baseline 0.008 -30"><span class='ocrx_word' id='word_1_589' title='bbox 407 4486 609 4569; x_wconf 74' lang='lat' dir='ltr'><strong>luvium</strong></span> <span class='ocrx_word' id='word_1_590' title='bbox 630 4529 644 4550; x_wconf 89' lang='lat'><strong>,</strong></span> <span class='ocrx_word' id='word_1_591' title='bbox 678 4504 779 4571; x_wconf 78' lang='lat' dir='ltr'><strong>nec</strong></span> <span class='ocrx_word' id='word_1_592' title='bbox 802 4486 1032 4571; x_wconf 71' lang='lat' dir='ltr'><strong>iteratur</strong></span> <span class='ocrx_word' id='word_1_593' title='bbox 1049 4486 1389 4571; x_wconf 26' lang='lat' dir='ltr'><strong>ci-rc‘utttcisio</strong></span> <span class='ocrx_word' id='word_1_594' title='bbox 1410 4539 1445 4571; x_wconf 91' lang='lat'><strong>,_</strong></span> <span class='ocrx_word' id='word_1_595' title='bbox 1461 4498 1539 4571; x_wconf 76' lang='lat' dir='ltr'><strong>ita</strong></span> <span class='ocrx_word' id='word_1_596' title='bbox 1562 4513 1727 4553; x_wconf 89' lang='lat' dir='ltr'><strong>unum</strong></span> <span class='ocrx_word' id='word_1_597' title='bbox 1756 4510 1844 4554; x_wconf 85' lang='lat' dir='ltr'><strong>est</strong></span> <span class='ocrx_word' id='word_1_598' title='bbox 1872 4499 2002 4571; x_wconf 86' lang='lat' dir='ltr'><strong>bap-</strong></span> 
     </span>
    </p>
   </div>
   <div class='ocr_carea' id='block_1_78' title="bbox 406 4557 1636 4630">
    <p class='ocr_par' dir='ltr' id='par_1_78' title="bbox 406 4557 1636 4630">
     <span class='ocr_line' id='line_1_78' title="bbox 406 4557 1636 4630; baseline 0.01 -18"><span class='ocrx_word' id='word_1_599' title='bbox 406 4557 584 4625; x_wconf 88' lang='lat' dir='ltr'><strong>tisma,</strong></span> <span class='ocrx_word' id='word_1_600' title='bbox 607 4561 749 4630; x_wconf 92' lang='lat' dir='ltr'><strong>quod</strong></span> <span class='ocrx_word' id='word_1_601' title='bbox 772 4562 942 4617; x_wconf 90' lang='lat' dir='ltr'><strong>semel</strong></span> <span class='ocrx_word' id='word_1_602' title='bbox 967 4564 1391 4622; x_wconf 87' lang='lat' dir='ltr'><strong>administratur.</strong></span> <span class='ocrx_word' id='word_1_603' title='bbox 1413 4557 1496 4623; x_wconf 86' lang='lat' dir='ltr'><strong>Dn</strong></span> <span class='ocrx_word' id='word_1_604' title='bbox 1521 4569 1636 4624; x_wconf 76' lang='lat' dir='ltr'><strong>PIN.</strong></span> 
     </span>
    </p>
   </div>
   <div class='ocr_carea' id='block_1_79' title="bbox 474 4631 1995 4708">
    <p class='ocr_par' dir='ltr' id='par_1_79' title="bbox 474 4631 1995 4708">
     <span class='ocr_line' id='line_1_79' title="bbox 474 4631 1995 4708; baseline 0.008 -24"><span class='ocrx_word' id='word_1_605' title='bbox 474 4631 591 4708; x_wconf 56' lang='grc'>(55)</span> <span class='ocrx_word' id='word_1_606' title='bbox 633 4634 875 4708; x_wconf 77' lang='lat' dir='ltr'><strong>Quamvis</strong></span> <span class='ocrx_word' id='word_1_607' title='bbox 904 4645 959 4708; x_wconf 72' lang='lat' dir='ltr'><strong>et</strong></span> <span class='ocrx_word' id='word_1_608' title='bbox 995 4653 1081 4690; x_wconf 83' lang='lat' dir='ltr'><strong>vos</strong></span> <span class='ocrx_word' id='word_1_609' title='bbox 1111 4638 1230 4708; x_wconf 83' lang='lat' dir='ltr'><strong>ipsi.</strong></span> <span class='ocrx_word' id='word_1_610' title='bbox 1259 4640 1551 4695; x_wconf 76' lang='lat' dir='ltr'><strong>Donatista:</strong></span> <span class='ocrx_word' id='word_1_611' title='bbox 1595 4657 1699 4696; x_wconf 88' lang='lat' dir='ltr'><strong>non</strong></span> <span class='ocrx_word' id='word_1_612' title='bbox 1730 4640 1995 4697; x_wconf 90' lang='lat' dir='ltr'><strong>docebant</strong></span> 
     </span>
    </p>
   </div>
   <div class='ocr_carea' id='block_1_80' title="bbox 403 4699 1990 4781">
    <p class='ocr_par' dir='ltr' id='par_1_80' title="bbox 403 4699 1990 4781">
     <span class='ocr_line' id='line_1_80' title="bbox 403 4699 1990 4781; baseline 0.009 -29"><span class='ocrx_word' id='word_1_613' title='bbox 403 4699 725 4781; x_wconf 78' lang='lat' dir='ltr'><strong>baptismum</strong></span> <span class='ocrx_word' id='word_1_614' title='bbox 753 4705 1056 4781; x_wconf 78' lang='lat' dir='ltr'><strong>iterandum</strong></span> <span class='ocrx_word' id='word_1_615' title='bbox 1088 4699 1237 4774; x_wconf 76' lang='lat' dir='ltr'><strong>esse,</strong></span> <span class='ocrx_word' id='word_1_616' title='bbox 1262 4710 1356 4765; x_wconf 87' lang='lat' dir='ltr'><strong>sed</strong></span> <span class='ocrx_word' id='word_1_617' title='bbox 1380 4711 1785 4781; x_wconf 84' lang='lat' dir='ltr'><strong>rebaptizabant</strong></span> <span class='ocrx_word' id='word_1_618' title='bbox 1812 4714 1990 4768; x_wconf 89' lang='lat' dir='ltr'><strong>ortho-</strong></span> 
     </span>
    </p>
   </div>
   <div class='ocr_carea' id='block_1_81' title="bbox 402 4771 1996 4847">
    <p class='ocr_par' dir='ltr' id='par_1_81' title="bbox 402 4771 1996 4847">
     <span class='ocr_line' id='line_1_81' title="bbox 402 4771 1996 4847; baseline 0.009 -21"><span class='ocrx_word' id='word_1_619' title='bbox 402 4771 575 4847; x_wconf 85' lang='lat' dir='ltr'><strong>doxos</strong></span> <span class='ocrx_word' id='word_1_620' title='bbox 596 4815 611 4840; x_wconf 97' lang='lat'><strong>,</strong></span> <span class='ocrx_word' id='word_1_621' title='bbox 642 4775 789 4845; x_wconf 90' lang='lat' dir='ltr'><strong>quod</strong></span> <span class='ocrx_word' id='word_1_622' title='bbox 820 4791 1006 4831; x_wconf 91' lang='lat' dir='ltr'><strong>eorum</strong></span> <span class='ocrx_word' id='word_1_623' title='bbox 1056 4771 1345 4847; x_wconf 25' lang='lat' dir='ltr'><strong>aquis’vim</strong></span> <span class='ocrx_word' id='word_1_624' title='bbox 1374 4783 1442 4838; x_wconf 89' lang='lat' dir='ltr'><strong>ad</strong></span> <span class='ocrx_word' id='word_1_625' title='bbox 1483 4771 1673 4839; x_wconf 79' lang='lat' dir='ltr'><strong>sordes</strong></span> <span class='ocrx_word' id='word_1_626' title='bbox 1702 4784 1996 4841; x_wconf 89' lang='lat' dir='ltr'><strong>abluendas</strong></span> 
     </span>
    </p>
   </div>
   <div class='ocr_carea' id='block_1_82' title="bbox 401 4844 1143 4915">
    <p class='ocr_par' dir='ltr' id='par_1_82' title="bbox 401 4844 1143 4915">
     <span class='ocr_line' id='line_1_82' title="bbox 401 4844 1143 4915; baseline 0.008 -17"><span class='ocrx_word' id='word_1_627' title='bbox 401 4844 580 4900; x_wconf 88' lang='lat' dir='ltr'><strong>inesse</strong></span> <span class='ocrx_word' id='word_1_628' title='bbox 607 4844 887 4915; x_wconf 85' lang='lat' dir='ltr'><strong>negarent.</strong></span> <span class='ocrx_word' id='word_1_629' title='bbox 918 4844 1143 4904; x_wconf 58' lang='lat' dir='ltr'><strong>Amissi.</strong></span> 
     </span>
    </p>
   </div>
   <div class='ocr_carea' id='block_1_83' title="bbox 474 4915 1993 4990">
    <p class='ocr_par' dir='ltr' id='par_1_83' title="bbox 474 4915 1993 4990">
     <span class='ocr_line' id='line_1_83' title="bbox 474 4915 1993 4990; baseline 0.009 -20"><span class='ocrx_word' id='word_1_630' title='bbox 474 4915 593 4990; x_wconf 77' lang='lat'><strong>(56)</strong></span> <span class='ocrx_word' id='word_1_631' title='bbox 624 4917 821 4990; x_wconf 75' lang='lat' dir='ltr'><strong>Callide</strong></span> <span class='ocrx_word' id='word_1_632' title='bbox 850 4928 1067 4973; x_wconf 84' lang='lat' dir='ltr'><strong>vestram</strong></span> <span class='ocrx_word' id='word_1_633' title='bbox 1098 4939 1386 4990; x_wconf 82' lang='lat' dir='ltr'><strong>personam.</strong></span> <span class='ocrx_word' id='word_1_634' title='bbox 1420 4924 1622 4982; x_wconf 88' lang='lat' dir='ltr'><strong>Sensus</strong></span> <span class='ocrx_word' id='word_1_635' title='bbox 1651 4934 1771 4981; x_wconf 87' lang='lat' dir='ltr'><strong>est:</strong></span> <span class='ocrx_word' id='word_1_636' title='bbox 1799 4926 1903 4982; x_wconf 85' lang='lat' dir='ltr'><strong>Per</strong></span> <span class='ocrx_word' id='word_1_637' title='bbox 1930 4942 1993 4983; x_wconf 91' lang='lat' dir='ltr'><strong>ea</strong></span> 
     </span>
    </p>
   </div>
   <div class='ocr_carea' id='block_1_84' title="bbox 401 4988 1995 5063">
    <p class='ocr_par' dir='ltr' id='par_1_84' title="bbox 401 4988 1995 5063">
     <span class='ocr_line' id='line_1_84' title="bbox 401 4988 1995 5063; baseline 0.009 -24"><span class='ocrx_word' id='word_1_638' title='bbox 401 5001 523 5055; x_wconf 77' lang='lat' dir='ltr'><strong>qua:</strong></span> <span class='ocrx_word' id='word_1_639' title='bbox 544 4988 625 5063; x_wconf 28' lang='lat' dir='ltr'><strong>de‘</strong></span> <span class='ocrx_word' id='word_1_640' title='bbox 642 4989 895 5063; x_wconf 84' lang='lat' dir='ltr'><strong>baptismi</strong></span> <span class='ocrx_word' id='word_1_641' title='bbox 920 4988 1166 5045; x_wconf 83' lang='lat' dir='ltr'><strong>laudibus</strong></span> <span class='ocrx_word' id='word_1_642' title='bbox 1195 4997 1501 5063; x_wconf 68' lang='lat' dir='ltr'><strong>prmdicatis</strong></span> <span class='ocrx_word' id='word_1_643' title='bbox 1526 5014 1647 5053; x_wconf 86' lang='lat' dir='ltr'><strong>eum</strong></span> <span class='ocrx_word' id='word_1_644' title='bbox 1678 4998 1995 5054; x_wconf 83' lang='lat' dir='ltr'><strong>ortltodoxis</strong></span> 
     </span>
    </p>
   </div>
   <div class='ocr_carea' id='block_1_85' title="bbox 400 5059 1993 5138">
    <p class='ocr_par' dir='ltr' id='par_1_85' title="bbox 400 5059 1993 5138">
     <span class='ocr_line' id='line_1_85' title="bbox 400 5059 1993 5138; baseline 0.009 -28"><span class='ocrx_word' id='word_1_645' title='bbox 400 5059 692 5115; x_wconf 88' lang='lat' dir='ltr'><strong>convenire</strong></span> <span class='ocrx_word' id='word_1_646' title='bbox 741 5061 1033 5116; x_wconf 86' lang='lat' dir='ltr'><strong>videmini:</strong></span> <span class='ocrx_word' id='word_1_647' title='bbox 1067 5059 1253 5138; x_wconf 70' lang='lat' dir='ltr'><strong>verum</strong></span> <span class='ocrx_word' id='word_1_648' title='bbox 1298 5068 1456 5138; x_wconf 80' lang='lat' dir='ltr'><strong>longe</strong></span> <span class='ocrx_word' id='word_1_649' title='bbox 1498 5070 1651 5124; x_wconf 91' lang='lat' dir='ltr'><strong>aliter</strong></span> <span class='ocrx_word' id='word_1_650' title='bbox 1695 5079 1823 5125; x_wconf 89' lang='lat' dir='ltr'><strong>est:</strong></span> <span class='ocrx_word' id='word_1_651' title='bbox 1868 5086 1993 5125; x_wconf 90' lang='lat' dir='ltr'><strong>nam</strong></span> 
     </span>
    </p>
   </div>
   <div class='ocr_carea' id='block_1_86' title="bbox 401 5136 1991 5207">
    <p class='ocr_par' dir='ltr' id='par_1_86' title="bbox 401 5136 1991 5207">
     <span class='ocr_line' id='line_1_86' title="bbox 401 5136 1991 5207; baseline 0.011 -27"><span class='ocrx_word' id='word_1_652' title='bbox 401 5143 524 5207; x_wconf 75' lang='lat' dir='ltr'><strong>cum</strong></span> <span class='ocrx_word' id='word_1_653' title='bbox 567 5145 729 5184; x_wconf 91' lang='lat' dir='ltr'><strong>unum</strong></span> <span class='ocrx_word' id='word_1_654' title='bbox 779 5141 995 5207; x_wconf 73' lang='lat' dir='ltr'><strong>tantum</strong></span> <span class='ocrx_word' id='word_1_655' title='bbox 1022 5149 1145 5190; x_wconf 86' lang='lat' dir='ltr'><strong>esse</strong></span> <span class='ocrx_word' id='word_1_656' title='bbox 1188 5136 1453 5207; x_wconf 86' lang='lat' dir='ltr'><strong>baptisma</strong></span> <span class='ocrx_word' id='word_1_657' title='bbox 1479 5180 1495 5205; x_wconf 94' lang='lat'><strong>,</strong></span> <span class='ocrx_word' id='word_1_658' title='bbox 1528 5152 1581 5195; x_wconf 82' lang='lat' dir='ltr'><strong>et</strong></span> <span class='ocrx_word' id='word_1_659' title='bbox 1613 5140 1746 5196; x_wconf 89' lang='lat' dir='ltr'><strong>illttd</strong></span> <span class='ocrx_word' id='word_1_660' title='bbox 1785 5141 1852 5196; x_wconf 90' lang='lat' dir='ltr'><strong>ab</strong></span> <span class='ocrx_word' id='word_1_661' title='bbox 1885 5142 1991 5198; x_wconf 89' lang='lat' dir='ltr'><strong>illis</strong></span> 
     </span>
    </p>
   </div>
   <div class='ocr_carea' id='block_1_87' title="bbox 400 5198 1989 5280">
    <p class='ocr_par' dir='ltr' id='par_1_87' title="bbox 400 5198 1989 5280">
     <span class='ocr_line' id='line_1_87' title="bbox 400 5198 1989 5280; baseline 0.01 -29"><span class='ocrx_word' id='word_1_662' title='bbox 400 5198 682 5280; x_wconf 68' lang='lat' dir='ltr'><strong>dumtaxat</strong></span> <span class='ocrx_word' id='word_1_663' title='bbox 705 5202 1102 5280; x_wconf 80' lang='lat' dir='ltr'><strong>conferendum</strong></span> <span class='ocrx_word' id='word_1_664' title='bbox 1113 5221 1237 5280; x_wconf 74' lang='lat' dir='ltr'><strong>esse</strong></span> <span class='ocrx_word' id='word_1_665' title='bbox 1259 5198 1429 5277; x_wconf 78' lang='lat' dir='ltr'><strong>penes</strong></span> <span class='ocrx_word' id='word_1_666' title='bbox 1454 5198 1590 5280; x_wconf 81' lang='lat' dir='ltr'><strong>quos</strong></span> <span class='ocrx_word' id='word_1_667' title='bbox 1611 5222 1695 5267; x_wconf 89' lang='lat' dir='ltr'><strong>est</strong></span> <span class='ocrx_word' id='word_1_668' title='bbox 1718 5212 1957 5267; x_wconf 85' lang='lat' dir='ltr'><strong>Ecclesia</strong></span> <span class='ocrx_word' id='word_1_669' title='bbox 1975 5255 1989 5279; x_wconf 90' lang='lat'><strong>,</strong></span> 
     </span>
    </p>
   </div>
   <div class='ocr_carea' id='block_1_88' title="bbox 399 5269 1993 5351">
    <p class='ocr_par' dir='ltr' id='par_1_88' title="bbox 399 5269 1993 5351">
     <span class='ocr_line' id='line_1_88' title="bbox 399 5269 1993 5351; baseline 0.009 -27"><span class='ocrx_word' id='word_1_670' title='bbox 399 5269 673 5351; x_wconf 79' lang='lat' dir='ltr'><strong>doceatis;</strong></span> <span class='ocrx_word' id='word_1_671' title='bbox 702 5274 979 5351; x_wconf 84' lang='lat' dir='ltr'><strong>tacite,_et</strong></span> <span class='ocrx_word' id='word_1_672' title='bbox 1002 5276 1195 5351; x_wconf 81' lang='lat' dir='ltr'><strong>callide</strong></span> <span class='ocrx_word' id='word_1_673' title='bbox 1218 5269 1308 5347; x_wconf 84' lang='lat' dir='ltr'><strong>jtis</strong></span> <span class='ocrx_word' id='word_1_674' title='bbox 1338 5269 1644 5351; x_wconf 82' lang='lat' dir='ltr'><strong>baptizandi</strong></span> <span class='ocrx_word' id='word_1_675' title='bbox 1677 5283 1829 5338; x_wconf 88' lang='lat' dir='ltr'><strong>vobis</strong></span> <span class='ocrx_word' id='word_1_676' title='bbox 1863 5269 1993 5338; x_wconf 82' lang='lat' dir='ltr'><strong>solis</strong></span> 
     </span>
    </p>
   </div>
   <div class='ocr_carea' id='block_1_89' title="bbox 399 5342 1993 5423">
    <p class='ocr_par' dir='ltr' id='par_1_89' title="bbox 399 5342 1993 5423">
     <span class='ocr_line' id='line_1_89' title="bbox 399 5342 1993 5423; baseline 0.01 -28"><span class='ocrx_word' id='word_1_677' title='bbox 399 5342 674 5423; x_wconf 72' lang='lat' dir='ltr'><strong>adrogatis</strong></span> <span class='ocrx_word' id='word_1_678' title='bbox 696 5384 709 5405; x_wconf 92' lang='lat'><strong>,</strong></span> <span class='ocrx_word' id='word_1_679' title='bbox 744 5354 801 5423; x_wconf 80' lang='lat' dir='ltr'><strong>e_t_</strong></span> <span class='ocrx_word' id='word_1_680' title='bbox 829 5346 982 5423; x_wconf 75' lang='lat' dir='ltr'><strong>nobis</strong></span> <span class='ocrx_word' id='word_1_681' title='bbox 1011 5348 1101 5423; x_wconf 85' lang='lat' dir='ltr'><strong>qui</strong></span> <span class='ocrx_word' id='word_1_682' title='bbox 1136 5364 1201 5423; x_wconf 86' lang='lat' dir='ltr'><strong>ex</strong></span> <span class='ocrx_word' id='word_1_683' title='bbox 1219 5342 1699 5409; x_wconf 46' lang='lat' dir='ltr'><strong>vestra-sententia</strong></span> <span class='ocrx_word' id='word_1_684' title='bbox 1725 5396 1739 5416; x_wconf 90' lang='lat'><strong>,</strong></span> <span class='ocrx_word' id='word_1_685' title='bbox 1770 5355 1860 5423; x_wconf 93' lang='lat' dir='ltr'><strong>jus</strong></span> <span class='ocrx_word' id='word_1_686' title='bbox 1888 5355 1993 5411; x_wconf 83' lang='lat' dir='ltr'><strong>Ec-</strong></span> 
     </span>
    </p>
   </div>
   <div class='ocr_carea' id='block_1_90' title="bbox 397 5414 1849 5490">
    <p class='ocr_par' dir='ltr' id='par_1_90' title="bbox 397 5414 1849 5490">
     <span class='ocr_line' id='line_1_90' title="bbox 397 5414 1849 5490; baseline 0.008 -21"><span class='ocrx_word' id='word_1_687' title='bbox 397 5414 580 5471; x_wconf 66' lang='lat' dir='ltr'><strong>clesiae</strong></span> <span class='ocrx_word' id='word_1_688' title='bbox 606 5456 623 5484; x_wconf 96' lang='lat'><strong>,</strong></span> <span class='ocrx_word' id='word_1_689' title='bbox 666 5415 970 5474; x_wconf 86' lang='lat' dir='ltr'><strong>traditionis</strong></span> <span class='ocrx_word' id='word_1_690' title='bbox 1007 5414 1235 5476; x_wconf 84' lang='lat' dir='ltr'><strong>crimine</strong></span> <span class='ocrx_word' id='word_1_691' title='bbox 1274 5423 1554 5479; x_wconf 89' lang='lat' dir='ltr'><strong>amisimus</strong></span> <span class='ocrx_word' id='word_1_692' title='bbox 1579 5466 1594 5490; x_wconf 88' lang='lat'><strong>,</strong></span> <span class='ocrx_word' id='word_1_693' title='bbox 1643 5414 1849 5481; x_wconf 65' lang='lat' dir='ltr'><strong>tollit&#39;is.</strong></span> 
     </span>
    </p>
   </div>
   <div class='ocr_carea' id='block_1_91' title="bbox 1551 5498 1780 5554">
    <p class='ocr_par' dir='ltr' id='par_1_91' title="bbox 1551 5498 1780 5554">
     <span class='ocr_line' id='line_1_91' title="bbox 1551 5498 1780 5554; baseline 0.004 -1"><span class='ocrx_word' id='word_1_694' title='bbox 1551 5498 1780 5554; x_wconf 72' lang='lat' dir='ltr'><strong>ALBASP.</strong></span> 
     </span>
    </p>
   </div>
   <div class='ocr_carea' id='block_1_92' title="bbox 469 5564 1990 5642">
    <p class='ocr_par' dir='ltr' id='par_1_92' title="bbox 469 5564 1990 5642">
     <span class='ocr_line' id='line_1_92' title="bbox 469 5564 1990 5642; baseline 0.011 -23"><span class='ocrx_word' id='word_1_695' title='bbox 469 5564 585 5635; x_wconf 82' lang='lat'><strong>(57)</strong></span> <span class='ocrx_word' id='word_1_696' title='bbox 621 5564 691 5620; x_wconf 90' lang='lat' dir='ltr'><strong>Ut</strong></span> <span class='ocrx_word' id='word_1_697' title='bbox 718 5570 899 5642; x_wconf 86' lang='lat' dir='ltr'><strong>quasi,</strong></span> <span class='ocrx_word' id='word_1_698' title='bbox 927 5571 1050 5639; x_wconf 84' lang='lat' dir='ltr'><strong>quia</strong></span> <span class='ocrx_word' id='word_1_699' title='bbox 1073 5574 1226 5629; x_wconf 85' lang='lat' dir='ltr'><strong>semel</strong></span> <span class='ocrx_word' id='word_1_700' title='bbox 1255 5574 1410 5642; x_wconf 86' lang='lat' dir='ltr'><strong>licet,</strong></span> <span class='ocrx_word' id='word_1_701' title='bbox 1444 5578 1584 5631; x_wconf 81' lang='lat' dir='ltr'><strong>vobis</strong></span> <span class='ocrx_word' id='word_1_702' title='bbox 1612 5580 1777 5633; x_wconf 84' lang='lat' dir='ltr'><strong>liceat.</strong></span> <span class='ocrx_word' id='word_1_703' title='bbox 1814 5581 1990 5636; x_wconf 90' lang='lat' dir='ltr'><strong>Dona-</strong></span> 
     </span>
    </p>
   </div>
   <div class='ocr_carea' id='block_1_93' title="bbox 399 5635 1986 5715">
    <p class='ocr_par' dir='ltr' id='par_1_93' title="bbox 399 5635 1986 5715">
     <span class='ocr_line' id='line_1_93' title="bbox 399 5635 1986 5715; baseline 0.013 -27"><span class='ocrx_word' id='word_1_704' title='bbox 399 5635 535 5715; x_wconf 60' lang='lat' dir='ltr'><strong>tista;</strong></span> <span class='ocrx_word' id='word_1_705' title='bbox 565 5635 878 5715; x_wconf 80' lang='lat' dir='ltr'><strong>asserebant</strong></span> <span class='ocrx_word' id='word_1_706' title='bbox 918 5635 1165 5712; x_wconf 84' lang='lat' dir='ltr'><strong>equidem</strong></span> <span class='ocrx_word' id='word_1_707' title='bbox 1214 5635 1539 5715; x_wconf 79' lang='lat' dir='ltr'><strong>baptismum</strong></span> <span class='ocrx_word' id='word_1_708' title='bbox 1584 5652 1753 5705; x_wconf 82' lang='lat' dir='ltr'><strong>semel</strong></span> <span class='ocrx_word' id='word_1_709' title='bbox 1801 5635 1986 5708; x_wconf 74' lang='lat' dir='ltr'><strong>confe-</strong></span> 
     </span>
    </p>
   </div>
   <div class='ocr_carea' id='block_1_94' title="bbox 398 5707 1983 5790">
    <p class='ocr_par' dir='ltr' id='par_1_94' title="bbox 398 5707 1983 5790">
     <span class='ocr_line' id='line_1_94' title="bbox 398 5707 1983 5790; baseline 0.015 -33"><span class='ocrx_word' id='word_1_710' title='bbox 398 5707 624 5790; x_wconf 64' lang='lat' dir='ltr'><strong>rendum</strong></span> <span class='ocrx_word' id='word_1_711' title='bbox 652 5750 665 5773; x_wconf 93' lang='lat'><strong>,</strong></span> <span class='ocrx_word' id='word_1_712' title='bbox 698 5712 791 5790; x_wconf 76' lang='lat' dir='ltr'><strong>sed</strong></span> <span class='ocrx_word' id='word_1_713' title='bbox 834 5707 1095 5782; x_wconf 81' lang='lat' dir='ltr'><strong>negabant</strong></span> <span class='ocrx_word' id='word_1_714' title='bbox 1140 5707 1325 5772; x_wconf 78' lang='lat' dir='ltr'><strong>verum</strong></span> <span class='ocrx_word' id='word_1_715' title='bbox 1358 5735 1479 5775; x_wconf 87' lang='lat' dir='ltr'><strong>esse</strong></span> <span class='ocrx_word' id='word_1_716' title='bbox 1510 5717 1649 5790; x_wconf 78' lang='lat' dir='ltr'><strong>apud</strong></span> <span class='ocrx_word' id='word_1_717' title='bbox 1689 5722 1983 5780; x_wconf 80' lang='lat' dir='ltr'><strong>Catholicns</strong></span> 
     </span>
    </p>
   </div>
   <div class='ocr_carea' id='block_1_95' title="bbox 396 5773 1985 5853">
    <p class='ocr_par' dir='ltr' id='par_1_95' title="bbox 396 5773 1985 5853">
     <span class='ocr_line' id='line_1_95' title="bbox 396 5773 1985 5853; baseline 0.017 -27"><span class='ocrx_word' id='word_1_718' title='bbox 396 5773 662 5853; x_wconf 76' lang='lat' dir='ltr'><strong>baptisma</strong></span> <span class='ocrx_word' id='word_1_719' title='bbox 684 5820 699 5843; x_wconf 92' lang='lat'><strong>,</strong></span> <span class='ocrx_word' id='word_1_720' title='bbox 725 5781 888 5853; x_wconf 80' lang='lat' dir='ltr'><strong>idque</strong></span> <span class='ocrx_word' id='word_1_721' title='bbox 904 5773 1089 5840; x_wconf 54' lang='lat' dir='ltr'><strong>&quot;ratum</strong></span> <span class='ocrx_word' id='word_1_722' title='bbox 1125 5803 1189 5842; x_wconf 90' lang='lat' dir='ltr'><strong>ac</strong></span> <span class='ocrx_word' id='word_1_723' title='bbox 1232 5773 1985 5853; x_wconf 32' lang='lat' dir='ltr'><strong>validumtantumvessc-aie:</strong></span> 
     </span>
    </p>
   </div>
   <div class='ocr_carea' id='block_1_96' title="bbox 401 5849 1711 5922">
    <p class='ocr_par' dir='ltr' id='par_1_96' title="bbox 401 5849 1711 5922">
     <span class='ocr_line' id='line_1_96' title="bbox 401 5849 1711 5922; baseline 0.01 -16"><span class='ocrx_word' id='word_1_724' title='bbox 401 5849 533 5906; x_wconf 86' lang='lat' dir='ltr'><strong>baut</strong></span> <span class='ocrx_word' id='word_1_725' title='bbox 550 5886 565 5915; x_wconf 92' lang='lat'><strong>,</strong></span> <span class='ocrx_word' id='word_1_726' title='bbox 597 5850 739 5920; x_wconf 85' lang='lat' dir='ltr'><strong>quod</strong></span> <span class='ocrx_word' id='word_1_727' title='bbox 768 5849 942 5913; x_wconf 57' lang='lat' dir='ltr'><strong>a&#39;suis</strong></span> <span class='ocrx_word' id='word_1_728' title='bbox 970 5857 1465 5922; x_wconf 85' lang='lat' dir='ltr'><strong>administrabatur.</strong></span> <span class='ocrx_word' id='word_1_729' title='bbox 1493 5864 1570 5922; x_wconf 84' lang='lat' dir='ltr'><strong>Du</strong></span> <span class='ocrx_word' id='word_1_730' title='bbox 1598 5865 1711 5922; x_wconf 67' lang='lat' dir='ltr'><strong>Plx.</strong></span> 
     </span>
    </p>
   </div>
   <div class='ocr_carea' id='block_1_97' title="bbox 3258 3371 3495 3423">
    <p class='ocr_par' dir='ltr' id='par_1_97' title="bbox 3258 3371 3495 3423">
     <span class='ocr_line' id='line_1_97' title="bbox 3258 3371 3495 3423; baseline 0 0"><span class='ocrx_word' id='word_1_731' title='bbox 3258 3371 3495 3423; x_wconf 74' lang='lat' dir='ltr'><strong>ALBASP.</strong></span> 
     </span>
    </p>
   </div>
   <div class='ocr_carea' id='block_1_98' title="bbox 2183 3456 3702 3533">
    <p class='ocr_par' dir='ltr' id='par_1_98' title="bbox 2183 3456 3702 3533">
     <span class='ocr_line' id='line_1_98' title="bbox 2183 3456 3702 3533; baseline 0.005 -22"><span class='ocrx_word' id='word_1_732' title='bbox 2183 3456 2298 3533; x_wconf 80' lang='grc'>(59)</span> <span class='ocrx_word' id='word_1_733' title='bbox 2324 3457 2620 3533; x_wconf 68' lang='lat' dir='ltr'><strong>Principes.</strong></span> <span class='ocrx_word' id='word_1_734' title='bbox 2650 3458 2879 3530; x_wconf 82' lang='lat' dir='ltr'><strong>Majorcs</strong></span> <span class='ocrx_word' id='word_1_735' title='bbox 2904 3468 2959 3515; x_wconf 92' lang='lat' dir='ltr'><strong>et</strong></span> <span class='ocrx_word' id='word_1_736' title='bbox 2983 3470 3233 3516; x_wconf 87' lang='lat' dir='ltr'><strong>auctores</strong></span> <span class='ocrx_word' id='word_1_737' title='bbox 3254 3502 3269 3529; x_wconf 94' lang='lat'><strong>,</strong></span> <span class='ocrx_word' id='word_1_738' title='bbox 3295 3477 3324 3517; x_wconf 93' lang='lat' dir='ltr'><strong>a</strong></span> <span class='ocrx_word' id='word_1_739' title='bbox 3354 3462 3552 3533; x_wconf 90' lang='lat' dir='ltr'><strong>quibus</strong></span> <span class='ocrx_word' id='word_1_740' title='bbox 3581 3462 3702 3519; x_wconf 87' lang='lat' dir='ltr'><strong>des-</strong></span> 
     </span>
    </p>
   </div>
   <div class='ocr_carea' id='block_1_99' title="bbox 2107 3530 2618 3585">
    <p class='ocr_par' dir='ltr' id='par_1_99' title="bbox 2107 3530 2618 3585">
     <span class='ocr_line' id='line_1_99' title="bbox 2107 3530 2618 3585; baseline 0.016 -8"><span class='ocrx_word' id='word_1_741' title='bbox 2107 3531 2356 3584; x_wconf 80' lang='lat' dir='ltr'><strong>cetttitsli.</strong></span> <span class='ocrx_word' id='word_1_742' title='bbox 2390 3530 2618 3585; x_wconf 51' lang='lat' dir='ltr'><strong>ALBA‘P.</strong></span> 
     </span>
    </p>
   </div>
   <div class='ocr_carea' id='block_1_100' title="bbox 2182 3608 3701 3682">
    <p class='ocr_par' dir='ltr' id='par_1_100' title="bbox 2182 3608 3701 3682">
     <span class='ocr_line' id='line_1_100' title="bbox 2182 3608 3701 3682; baseline 0.005 -20"><span class='ocrx_word' id='word_1_743' title='bbox 2182 3608 2299 3680; x_wconf 86' lang='lat'><strong>(60)</strong></span> <span class='ocrx_word' id='word_1_744' title='bbox 2354 3608 2514 3681; x_wconf 81' lang='lat' dir='ltr'><strong>Origo</strong></span> <span class='ocrx_word' id='word_1_745' title='bbox 2571 3610 2897 3665; x_wconf 86' lang='lat' dir='ltr'><strong>Schismatis.</strong></span> <span class='ocrx_word' id='word_1_746' title='bbox 2942 3610 3187 3682; x_wconf 87' lang='lat' dir='ltr'><strong>Majorini</strong></span> <span class='ocrx_word' id='word_1_747' title='bbox 3244 3610 3539 3667; x_wconf 88' lang='lat' dir='ltr'><strong>ordinatio.</strong></span> <span class='ocrx_word' id='word_1_748' title='bbox 3594 3614 3701 3670; x_wconf 76' lang='lat' dir='ltr'><strong>At.-</strong></span> 
     </span>
    </p>
   </div>
   <div class='ocr_carea' id='block_1_101' title="bbox 2106 3694 2254 3735">
    <p class='ocr_par' dir='ltr' id='par_1_101' title="bbox 2106 3694 2254 3735">
     <span class='ocr_line' id='line_1_101' title="bbox 2106 3694 2254 3735; baseline 0 -2"><span class='ocrx_word' id='word_1_749' title='bbox 2106 3694 2254 3735; x_wconf 70' lang='lat' dir='ltr'><strong>BASP.</strong></span> 
     </span>
    </p>
   </div>
   <div class='ocr_carea' id='block_1_102' title="bbox 2177 3751 3695 3824">
    <p class='ocr_par' dir='ltr' id='par_1_102' title="bbox 2177 3751 3695 3824">
     <span class='ocr_line' id='line_1_102' title="bbox 2177 3751 3695 3824; baseline 0.002 -18"><span class='ocrx_word' id='word_1_750' title='bbox 2177 3751 2292 3824; x_wconf 87' lang='lat'><strong>(6|)</strong></span> <span class='ocrx_word' id='word_1_751' title='bbox 2335 3752 2458 3806; x_wconf 79' lang='lat' dir='ltr'><strong>Non</strong></span> <span class='ocrx_word' id='word_1_752' title='bbox 2486 3752 2835 3808; x_wconf 83' lang='lat' dir='ltr'><strong>emcndantus.</strong></span> <span class='ocrx_word' id='word_1_753' title='bbox 2868 3753 2987 3809; x_wconf 87' lang='lat' dir='ltr'><strong>Non</strong></span> <span class='ocrx_word' id='word_1_754' title='bbox 3018 3754 3429 3824; x_wconf 83' lang='lat' dir='ltr'><strong>rebaptizamus.</strong></span> <span class='ocrx_word' id='word_1_755' title='bbox 3467 3755 3695 3812; x_wconf 74' lang='lat' dir='ltr'><strong>ALassr.</strong></span> 
     </span>
    </p>
   </div>
   <div class='ocr_carea' id='block_1_103' title="bbox 2208 3822 3557 3896">
    <p class='ocr_par' dir='ltr' id='par_1_103' title="bbox 2208 3822 3557 3896">
     <span class='ocr_line' id='line_1_103' title="bbox 2208 3822 3557 3896; baseline 0.004 -21"><span class='ocrx_word' id='word_1_756' title='bbox 2208 3822 2298 3896; x_wconf 67' lang='lat'><strong>62)</strong></span> <span class='ocrx_word' id='word_1_757' title='bbox 2343 3824 2752 3896; x_wconf 63' lang='lat' dir='ltr'><strong>Sacramentum.</strong></span> <span class='ocrx_word' id='word_1_758' title='bbox 2786 3824 2961 3880; x_wconf 90' lang='lat' dir='ltr'><strong>Unum</strong></span> <span class='ocrx_word' id='word_1_759' title='bbox 3004 3822 3288 3896; x_wconf 78' lang='lat' dir='ltr'><strong>baptisma.</strong></span> <span class='ocrx_word' id='word_1_760' title='bbox 3324 3826 3557 3881; x_wconf 59' lang='lat' dir='ltr'><strong>Arene.</strong></span> 
     </span>
    </p>
   </div>
   <div class='ocr_carea' id='block_1_104' title="bbox 2180 3823 3695 3967">
    <p class='ocr_par' dir='ltr' id='par_1_104' title="bbox 2180 3823 3695 3967">
     <span class='ocr_line' id='line_1_104' title="bbox 2208 3823 3557 3896; baseline 0.003 -19"><span class='ocrx_word' id='word_1_761' title='bbox 2208 3823 2298 3894; x_wconf 67' lang='lat'><strong>62)</strong></span> <span class='ocrx_word' id='word_1_762' title='bbox 2344 3824 2752 3879; x_wconf 86' lang='lat' dir='ltr'><strong>Sacramentum.</strong></span> <span class='ocrx_word' id='word_1_763' title='bbox 2786 3824 2961 3880; x_wconf 90' lang='lat' dir='ltr'><strong>Unum</strong></span> <span class='ocrx_word' id='word_1_764' title='bbox 3004 3823 3288 3896; x_wconf 76' lang='lat' dir='ltr'><strong>baptiSma.</strong></span> <span class='ocrx_word' id='word_1_765' title='bbox 3324 3826 3557 3881; x_wconf 59' lang='lat' dir='ltr'><strong>Arene.</strong></span> 
     </span>
     <span class='ocr_line' id='line_1_105' title="bbox 2180 3823 3695 3967; baseline 0.002 -19"><span class='ocrx_word' id='word_1_766' title='bbox 2180 3823 2296 3965; x_wconf 62' lang='lat'><strong>(65)</strong></span> <span class='ocrx_word' id='word_1_767' title='bbox 2332 3894 2509 3950; x_wconf 87' lang='lat' dir='ltr'><strong>Nullis</strong></span> <span class='ocrx_word' id='word_1_768' title='bbox 2530 3897 2681 3950; x_wconf 86' lang='lat' dir='ltr'><strong>certis</strong></span> <span class='ocrx_word' id='word_1_769' title='bbox 2701 3898 2950 3967; x_wconf 83' lang='lat' dir='ltr'><strong>personis.</strong></span> <span class='ocrx_word' id='word_1_770' title='bbox 2977 3896 3146 3951; x_wconf 81' lang='lat' dir='ltr'><strong>Nullis</strong></span> <span class='ocrx_word' id='word_1_771' title='bbox 3170 3898 3399 3952; x_wconf 85' lang='lat' dir='ltr'><strong>testibus</strong></span> <span class='ocrx_word' id='word_1_772' title='bbox 3414 3909 3505 3951; x_wconf 91' lang='lat' dir='ltr'><strong>aut</strong></span> <span class='ocrx_word' id='word_1_773' title='bbox 3530 3898 3695 3952; x_wconf 83' lang='lat' dir='ltr'><strong>actis:</strong></span> 
     </span>
    </p>
   </div>
   <div class='ocr_carea' id='block_1_105' title="bbox 2106 3966 3699 4036">
    <p class='ocr_par' dir='ltr' id='par_1_105' title="bbox 2106 3966 3699 4036">
     <span class='ocr_line' id='line_1_106' title="bbox 2106 3966 3699 4036; baseline 0.003 -18"><span class='ocrx_word' id='word_1_774' title='bbox 2106 3966 2190 4019; x_wconf 85' lang='lat' dir='ltr'><strong>vel</strong></span> <span class='ocrx_word' id='word_1_775' title='bbox 2215 3967 2420 4021; x_wconf 92' lang='lat' dir='ltr'><strong>nullum</strong></span> <span class='ocrx_word' id='word_1_776' title='bbox 2441 3984 2505 4022; x_wconf 84' lang='lat' dir='ltr'><strong>ex</strong></span> <span class='ocrx_word' id='word_1_777' title='bbox 2527 3966 2842 4021; x_wconf 82' lang='lat' dir='ltr'><strong>orthodoxis</strong></span> <span class='ocrx_word' id='word_1_778' title='bbox 2866 3968 3121 4036; x_wconf 82' lang='lat' dir='ltr'><strong>peculiari</strong></span> <span class='ocrx_word' id='word_1_779' title='bbox 3147 3971 3366 4023; x_wconf 89' lang='lat' dir='ltr'><strong>nomine</strong></span> <span class='ocrx_word' id='word_1_780' title='bbox 3387 3978 3477 4023; x_wconf 87' lang='lat' dir='ltr'><strong>aut</strong></span> <span class='ocrx_word' id='word_1_781' title='bbox 3494 3968 3699 4024; x_wconf 85' lang='lat' dir='ltr'><strong>actione</strong></span> 
     </span>
    </p>
   </div>
   <div class='ocr_carea' id='block_1_106' title="bbox 2107 4038 3695 4106">
    <p class='ocr_par' dir='ltr' id='par_1_106' title="bbox 2107 4038 3695 4106">
     <span class='ocr_line' id='line_1_107' title="bbox 2107 4038 3695 4106; baseline 0.003 -15"><span class='ocrx_word' id='word_1_782' title='bbox 2107 4038 2347 4092; x_wconf 86' lang='lat' dir='ltr'><strong>instituta</strong></span> <span class='ocrx_word' id='word_1_783' title='bbox 2369 4079 2382 4104; x_wconf 94' lang='lat'><strong>,</strong></span> <span class='ocrx_word' id='word_1_784' title='bbox 2422 4038 2726 4093; x_wconf 86' lang='lat' dir='ltr'><strong>traditionis</strong></span> <span class='ocrx_word' id='word_1_785' title='bbox 2772 4039 3036 4093; x_wconf 87' lang='lat' dir='ltr'><strong>accusatis</strong></span> <span class='ocrx_word' id='word_1_786' title='bbox 3064 4055 3077 4106; x_wconf 92' lang='lat'>;</span> <span class='ocrx_word' id='word_1_787' title='bbox 3108 4041 3204 4095; x_wconf 90' lang='lat' dir='ltr'><strong>sed</strong></span> <span class='ocrx_word' id='word_1_788' title='bbox 3248 4053 3344 4095; x_wconf 89' lang='lat' dir='ltr'><strong>eos</strong></span> <span class='ocrx_word' id='word_1_789' title='bbox 3374 4054 3566 4095; x_wconf 86' lang='lat' dir='ltr'><strong>omnes</strong></span> <span class='ocrx_word' id='word_1_790' title='bbox 3597 4040 3695 4095; x_wconf 85' lang='lat' dir='ltr'><strong>hoc</strong></span> 
     </span>
    </p>
   </div>
   <div class='ocr_carea' id='block_1_107' title="bbox 2104 4110 2902 4166">
    <p class='ocr_par' dir='ltr' id='par_1_107' title="bbox 2104 4110 2902 4166">
     <span class='ocr_line' id='line_1_108' title="bbox 2104 4110 2902 4166; baseline 0.001 -3"><span class='ocrx_word' id='word_1_791' title='bbox 2104 4110 2330 4165; x_wconf 87' lang='lat' dir='ltr'><strong>crimine</strong></span> <span class='ocrx_word' id='word_1_792' title='bbox 2357 4110 2643 4166; x_wconf 87' lang='lat' dir='ltr'><strong>damnatis.</strong></span> <span class='ocrx_word' id='word_1_793' title='bbox 2671 4111 2902 4166; x_wconf 74' lang='lat' dir='ltr'><strong>ALDASP.</strong></span> 
     </span>
    </p>
   </div>
   <div class='ocr_carea' id='block_1_108' title="bbox 2181 4201 3696 4274">
    <p class='ocr_par' dir='ltr' id='par_1_108' title="bbox 2181 4201 3696 4274">
     <span class='ocr_line' id='line_1_109' title="bbox 2181 4201 3696 4274; baseline 0 -17"><span class='ocrx_word' id='word_1_794' title='bbox 2181 4202 2296 4273; x_wconf 65' lang='grc'>(64)</span> <span class='ocrx_word' id='word_1_795' title='bbox 2324 4203 2568 4274; x_wconf 79' lang='lat' dir='ltr'><strong>Operarii</strong></span> <span class='ocrx_word' id='word_1_796' title='bbox 2598 4203 2827 4256; x_wconf 82' lang='lat' dir='ltr'><strong>unitatis.</strong></span> <span class='ocrx_word' id='word_1_797' title='bbox 2864 4202 3063 4257; x_wconf 83' lang='lat' dir='ltr'><strong>Paulus</strong></span> <span class='ocrx_word' id='word_1_798' title='bbox 3090 4210 3145 4258; x_wconf 90' lang='lat' dir='ltr'><strong>et</strong></span> <span class='ocrx_word' id='word_1_799' title='bbox 3175 4201 3462 4265; x_wconf 83' lang='lat' dir='ltr'><strong>Macarius,</strong></span> <span class='ocrx_word' id='word_1_800' title='bbox 3496 4203 3586 4273; x_wconf 90' lang='lat' dir='ltr'><strong>qui</strong></span> <span class='ocrx_word' id='word_1_801' title='bbox 3632 4217 3696 4257; x_wconf 79' lang='lat' dir='ltr'><strong>ex</strong></span> 
     </span>
    </p>
   </div>
   <div class='ocr_carea' id='block_1_109' title="bbox 2106 4273 3695 4343">
    <p class='ocr_par' dir='ltr' id='par_1_109' title="bbox 2106 4273 3695 4343">
     <span class='ocr_line' id='line_1_110' title="bbox 2106 4273 3695 4343; baseline 0 -16"><span class='ocrx_word' id='word_1_802' title='bbox 2106 4275 2360 4329; x_wconf 89' lang='lat' dir='ltr'><strong>mandato</strong></span> <span class='ocrx_word' id='word_1_803' title='bbox 2396 4274 2706 4329; x_wconf 76' lang='lat' dir='ltr'><strong>Constantis</strong></span> <span class='ocrx_word' id='word_1_804' title='bbox 2742 4273 3083 4343; x_wconf 87' lang='lat' dir='ltr'><strong>Imperatoris</strong></span> <span class='ocrx_word' id='word_1_805' title='bbox 3133 4275 3393 4330; x_wconf 78' lang='lat' dir='ltr'><strong>unitatem</strong></span> <span class='ocrx_word' id='word_1_806' title='bbox 3439 4277 3492 4329; x_wconf 89' lang='lat' dir='ltr'><strong>in</strong></span> <span class='ocrx_word' id='word_1_807' title='bbox 3522 4275 3695 4329; x_wconf 84' lang='lat' dir='ltr'><strong>Africa</strong></span> 
     </span>
    </p>
   </div>
   <div class='ocr_carea' id='block_1_110' title="bbox 2105 4344 3698 4417">
    <p class='ocr_par' dir='ltr' id='par_1_110' title="bbox 2105 4344 3698 4417">
     <span class='ocr_line' id='line_1_111' title="bbox 2105 4344 3698 4417; baseline 0 -19"><span class='ocrx_word' id='word_1_808' title='bbox 2105 4344 2379 4413; x_wconf 84' lang='lat' dir='ltr'><strong>fecerant,</strong></span> <span class='ocrx_word' id='word_1_809' title='bbox 2414 4346 2517 4401; x_wconf 88' lang='lat' dir='ltr'><strong>hoc</strong></span> <span class='ocrx_word' id='word_1_810' title='bbox 2544 4356 2644 4409; x_wconf 91' lang='lat' dir='ltr'><strong>est,</strong></span> <span class='ocrx_word' id='word_1_811' title='bbox 2680 4346 2770 4417; x_wconf 92' lang='lat' dir='ltr'><strong>qui</strong></span> <span class='ocrx_word' id='word_1_812' title='bbox 2810 4348 3118 4400; x_wconf 81' lang='lat' dir='ltr'><strong>DonatiStas</strong></span> <span class='ocrx_word' id='word_1_813' title='bbox 3162 4347 3228 4400; x_wconf 88' lang='lat' dir='ltr'><strong>ad</strong></span> <span class='ocrx_word' id='word_1_814' title='bbox 3275 4346 3572 4402; x_wconf 86' lang='lat' dir='ltr'><strong>Ecclesiam</strong></span> <span class='ocrx_word' id='word_1_815' title='bbox 3598 4345 3698 4399; x_wconf 80' lang='lat' dir='ltr'><strong>Ca-</strong></span> 
     </span>
    </p>
   </div>
   <div class='ocr_carea' id='block_1_111' title="bbox 2106 4417 3264 4474">
    <p class='ocr_par' dir='ltr' id='par_1_111' title="bbox 2106 4417 3264 4474">
     <span class='ocr_line' id='line_1_112' title="bbox 2106 4417 3264 4474; baseline 0.001 -4"><span class='ocrx_word' id='word_1_816' title='bbox 2106 4418 2359 4472; x_wconf 85' lang='lat' dir='ltr'><strong>tholicam</strong></span> <span class='ocrx_word' id='word_1_817' title='bbox 2391 4417 2661 4473; x_wconf 87' lang='lat' dir='ltr'><strong>adducere</strong></span> <span class='ocrx_word' id='word_1_818' title='bbox 2690 4418 2999 4474; x_wconf 79' lang='lat' dir='ltr'><strong>Voluerant.</strong></span> <span class='ocrx_word' id='word_1_819' title='bbox 3034 4421 3264 4472; x_wconf 75' lang='lat' dir='ltr'><strong>ALBASP.</strong></span> 
     </span>
    </p>
   </div>
   <div class='ocr_carea' id='block_1_112' title="bbox 2178 4508 3693 4581">
    <p class='ocr_par' dir='ltr' id='par_1_112' title="bbox 2178 4508 3693 4581">
     <span class='ocr_line' id='line_1_113' title="bbox 2178 4508 3693 4581; baseline -0.003 -15"><span class='ocrx_word' id='word_1_820' title='bbox 2178 4509 2297 4581; x_wconf 83' lang='lat'><strong>(65)</strong></span> <span class='ocrx_word' id='word_1_821' title='bbox 2326 4509 2406 4565; x_wconf 84' lang='lat' dir='ltr'><strong>De</strong></span> <span class='ocrx_word' id='word_1_822' title='bbox 2449 4510 2559 4564; x_wconf 89' lang='lat' dir='ltr'><strong>oleo</strong></span> <span class='ocrx_word' id='word_1_823' title='bbox 2592 4520 2654 4581; x_wconf 10' lang='lat' dir='ltr'><strong>fet</strong></span> <span class='ocrx_word' id='word_1_824' title='bbox 2682 4511 2961 4579; x_wconf 83' lang='lat' dir='ltr'><strong>sacriﬁcio.</strong></span> <span class='ocrx_word' id='word_1_825' title='bbox 2993 4508 3050 4565; x_wconf 87' lang='lat' dir='ltr'><strong>Itt</strong></span> <span class='ocrx_word' id='word_1_826' title='bbox 3078 4509 3161 4564; x_wconf 92' lang='lat' dir='ltr'><strong>his</strong></span> <span class='ocrx_word' id='word_1_827' title='bbox 3186 4508 3397 4565; x_wconf 89' lang='lat' dir='ltr'><strong>duobus</strong></span> <span class='ocrx_word' id='word_1_828' title='bbox 3417 4525 3559 4581; x_wconf 90' lang='lat' dir='ltr'><strong>pene</strong></span> <span class='ocrx_word' id='word_1_829' title='bbox 3576 4524 3693 4563; x_wconf 86' lang='lat' dir='ltr'><strong>om-</strong></span> 
     </span>
    </p>
   </div>
   <div class='ocr_carea' id='block_1_113' title="bbox 2105 4580 3693 4661">
    <p class='ocr_par' dir='ltr' id='par_1_113' title="bbox 2105 4580 3693 4661">
     <span class='ocr_line' id='line_1_114' title="bbox 2105 4580 3693 4661; baseline -0.003 -26"><span class='ocrx_word' id='word_1_830' title='bbox 2105 4580 2195 4635; x_wconf 86' lang='lat' dir='ltr'><strong>nis</strong></span> <span class='ocrx_word' id='word_1_831' title='bbox 2234 4581 2520 4636; x_wconf 87' lang='lat' dir='ltr'><strong>sacerdotii</strong></span> <span class='ocrx_word' id='word_1_832' title='bbox 2554 4580 2634 4661; x_wconf 78' lang='lat' dir='ltr'><strong>vis</strong></span> <span class='ocrx_word' id='word_1_833' title='bbox 2661 4590 2717 4636; x_wconf 91' lang='lat' dir='ltr'><strong>et</strong></span> <span class='ocrx_word' id='word_1_834' title='bbox 2755 4583 2998 4649; x_wconf 89' lang='lat' dir='ltr'><strong>operatio</strong></span> <span class='ocrx_word' id='word_1_835' title='bbox 3044 4585 3296 4661; x_wconf 77' lang='lat' dir='ltr'><strong>consistit</strong></span> <span class='ocrx_word' id='word_1_836' title='bbox 3328 4596 3344 4639; x_wconf 84' lang='lat'><strong>;</strong></span> <span class='ocrx_word' id='word_1_837' title='bbox 3398 4580 3693 4661; x_wconf 75' lang='lat' dir='ltr'><strong>per_olenm</strong></span> 
     </span>
    </p>
   </div>
   <div class='ocr_carea' id='block_1_114' title="bbox 2105 4654 3693 4723">
    <p class='ocr_par' dir='ltr' id='par_1_114' title="bbox 2105 4654 3693 4723">
     <span class='ocr_line' id='line_1_115' title="bbox 2105 4654 3693 4723; baseline -0.001 -16"><span class='ocrx_word' id='word_1_838' title='bbox 2105 4655 2248 4707; x_wconf 90' lang='lat' dir='ltr'><strong>enim</strong></span> <span class='ocrx_word' id='word_1_839' title='bbox 2281 4668 2438 4722; x_wconf 86' lang='lat' dir='ltr'><strong>poene</strong></span> <span class='ocrx_word' id='word_1_840' title='bbox 2466 4654 2650 4708; x_wconf 89' lang='lat' dir='ltr'><strong>omnia</strong></span> <span class='ocrx_word' id='word_1_841' title='bbox 2694 4661 3033 4708; x_wconf 87' lang='lat' dir='ltr'><strong>sacramenta</strong></span> <span class='ocrx_word' id='word_1_842' title='bbox 3077 4654 3467 4721; x_wconf 85' lang='lat' dir='ltr'><strong>intelliguntur.</strong></span> <span class='ocrx_word' id='word_1_843' title='bbox 3500 4654 3552 4708; x_wconf 92' lang='lat' dir='ltr'><strong>in</strong></span> <span class='ocrx_word' id='word_1_844' title='bbox 3576 4654 3693 4723; x_wconf 88' lang='lat' dir='ltr'><strong>qui-</strong></span> 
     </span>
    </p>
   </div>
   <div class='ocr_carea' id='block_1_115' title="bbox 2104 4724 3283 4780">
    <p class='ocr_par' dir='ltr' id='par_1_115' title="bbox 2104 4724 3283 4780">
     <span class='ocr_line' id='line_1_116' title="bbox 2104 4724 3283 4780; baseline -0.001 0"><span class='ocrx_word' id='word_1_845' title='bbox 2104 4726 2201 4780; x_wconf 77' lang='lat' dir='ltr'><strong>bus</strong></span> <span class='ocrx_word' id='word_1_846' title='bbox 2231 4726 2411 4780; x_wconf 85' lang='lat' dir='ltr'><strong>oleum</strong></span> <span class='ocrx_word' id='word_1_847' title='bbox 2442 4738 2685 4779; x_wconf 78' lang='lat' dir='ltr'><strong>sanetum</strong></span> <span class='ocrx_word' id='word_1_848' title='bbox 2715 4724 3020 4779; x_wconf 87' lang='lat' dir='ltr'><strong>adhibetur.</strong></span> <span class='ocrx_word' id='word_1_849' title='bbox 3050 4724 3283 4780; x_wconf 76' lang='lat' dir='ltr'><strong>ALBASP.</strong></span> 
     </span>
    </p>
   </div>
   <div class='ocr_carea' id='block_1_116' title="bbox 2174 4815 3690 4895">
    <p class='ocr_par' dir='ltr' id='par_1_116' title="bbox 2174 4815 3690 4895">
     <span class='ocr_line' id='line_1_117' title="bbox 2174 4815 3690 4895; baseline -0.002 -25"><span class='ocrx_word' id='word_1_850' title='bbox 2174 4815 2288 4889; x_wconf 82' lang='grc'>(66)</span> <span class='ocrx_word' id='word_1_851' title='bbox 2320 4815 2640 4895; x_wconf 55' lang='lat' dir='ltr'><strong>[adigendos</strong></span> <span class='ocrx_word' id='word_1_852' title='bbox 2679 4832 2787 4869; x_wconf 79' lang='lat' dir='ltr'><strong>esse</strong></span> <span class='ocrx_word' id='word_1_853' title='bbox 2826 4816 3073 4895; x_wconf 71' lang='lat' dir='ltr'><strong>ciuitates.</strong></span> <span class='ocrx_word' id='word_1_854' title='bbox 3120 4815 3466 4895; x_wconf 72' lang='lat' dir='ltr'><strong>Indicandum</strong></span> <span class='ocrx_word' id='word_1_855' title='bbox 3501 4816 3553 4895; x_wconf 81' lang='lat' dir='ltr'><strong>in</strong></span> <span class='ocrx_word' id='word_1_856' title='bbox 3588 4828 3690 4895; x_wconf 78' lang='lat' dir='ltr'><strong>qua</strong></span> 
     </span>
    </p>
   </div>
   <div class='ocr_carea' id='block_1_117' title="bbox 2098 4887 3693 4967">
    <p class='ocr_par' dir='ltr' id='par_1_117' title="bbox 2098 4887 3693 4967">
     <span class='ocr_line' id='line_1_118' title="bbox 2098 4887 3693 4967; baseline -0.002 -24"><span class='ocrx_word' id='word_1_857' title='bbox 2098 4887 2318 4967; x_wconf 77' lang='lat' dir='ltr'><strong>civitate</strong></span> <span class='ocrx_word' id='word_1_858' title='bbox 2344 4888 2659 4967; x_wconf 63' lang='lat' dir='ltr'><strong>tradiderint</strong></span> <span class='ocrx_word' id='word_1_859' title='bbox 2677 4901 2862 4967; x_wconf 73' lang='lat' dir='ltr'><strong>sacros</strong></span> <span class='ocrx_word' id='word_1_860' title='bbox 2883 4887 3136 4953; x_wconf 71' lang='lat' dir='ltr'><strong>(lodices,</strong></span> <span class='ocrx_word' id='word_1_861' title='bbox 3163 4896 3220 4967; x_wconf 82' lang='lat' dir='ltr'><strong>u__t</strong></span> <span class='ocrx_word' id='word_1_862' title='bbox 3244 4902 3315 4967; x_wconf 64' lang='lat' dir='ltr'><strong>ex</strong></span> <span class='ocrx_word' id='word_1_863' title='bbox 3344 4887 3490 4967; x_wconf 79' lang='lat' dir='ltr'><strong>illius</strong></span> <span class='ocrx_word' id='word_1_864' title='bbox 3510 4888 3693 4967; x_wconf 74' lang='lat' dir='ltr'><strong>civita-</strong></span> 
     </span>
    </p>
   </div>
   <div class='ocr_carea' id='block_1_118' title="bbox 2100 4957 3692 5040">
    <p class='ocr_par' dir='ltr' id='par_1_118' title="bbox 2100 4957 3692 5040">
     <span class='ocr_line' id='line_1_119' title="bbox 2100 4957 3692 5040; baseline -0.003 -26"><span class='ocrx_word' id='word_1_865' title='bbox 2100 4960 2168 5014; x_wconf 86' lang='lat' dir='ltr'><strong>tis</strong></span> <span class='ocrx_word' id='word_1_866' title='bbox 2189 4960 2324 5015; x_wconf 89' lang='lat' dir='ltr'><strong>actis</strong></span> <span class='ocrx_word' id='word_1_867' title='bbox 2345 4960 2576 5040; x_wconf 78' lang='lat' dir='ltr'><strong>publicis</strong></span> <span class='ocrx_word' id='word_1_868' title='bbox 2601 4959 2947 5040; x_wconf 70' lang='lat' dir='ltr'><strong>manifestum</strong></span> <span class='ocrx_word' id='word_1_869' title='bbox 2976 4969 3160 5040; x_wconf 71' lang='lat' dir='ltr'><strong>posset</strong></span> <span class='ocrx_word' id='word_1_870' title='bbox 3182 4957 3400 5040; x_wconf 76' lang='lat' dir='ltr'><strong>fieri,_et</strong></span> <span class='ocrx_word' id='word_1_871' title='bbox 3426 4959 3549 5040; x_wconf 66' lang='lat' dir='ltr'><strong>legi,</strong></span> <span class='ocrx_word' id='word_1_872' title='bbox 3573 4957 3692 5038; x_wconf 84' lang='lat' dir='ltr'><strong>qui-</strong></span> 
     </span>
    </p>
   </div>
   <div class='ocr_carea' id='block_1_119' title="bbox 2099 5028 3691 5102">
    <p class='ocr_par' dir='ltr' id='par_1_119' title="bbox 2099 5028 3691 5102">
     <span class='ocr_line' id='line_1_120' title="bbox 2099 5028 3691 5102; baseline -0.002 -16"><span class='ocrx_word' id='word_1_873' title='bbox 2099 5047 2222 5086; x_wconf 93' lang='lat' dir='ltr'><strong>nam</strong></span> <span class='ocrx_word' id='word_1_874' title='bbox 2256 5028 2596 5096; x_wconf 81' lang='lat' dir='ltr'><strong>Diocletiani,</strong></span> <span class='ocrx_word' id='word_1_875' title='bbox 2627 5038 2719 5085; x_wconf 88' lang='lat' dir='ltr'><strong>aut</strong></span> <span class='ocrx_word' id='word_1_876' title='bbox 2755 5028 3012 5086; x_wconf 82' lang='lat' dir='ltr'><strong>Maxentii</strong></span> <span class='ocrx_word' id='word_1_877' title='bbox 3042 5039 3288 5102; x_wconf 89' lang='lat' dir='ltr'><strong>tempore</strong></span> <span class='ocrx_word' id='word_1_878' title='bbox 3326 5028 3431 5085; x_wconf 85' lang='lat' dir='ltr'><strong>hoc</strong></span> <span class='ocrx_word' id='word_1_879' title='bbox 3469 5030 3691 5085; x_wconf 86' lang='lat' dir='ltr'><strong>crimine</strong></span> 
     </span>
    </p>
   </div>
   <div class='ocr_carea' id='block_1_120' title="bbox 2099 5106 2697 5159">
    <p class='ocr_par' dir='ltr' id='par_1_120' title="bbox 2099 5106 2697 5159">
     <span class='ocr_line' id='line_1_121' title="bbox 2099 5106 2697 5159; baseline -0.003 -1"><span class='ocrx_word' id='word_1_880' title='bbox 2099 5113 2431 5159; x_wconf 88' lang='lat' dir='ltr'><strong>tenerentur.</strong></span> <span class='ocrx_word' id='word_1_881' title='bbox 2466 5106 2697 5158; x_wconf 74' lang='lat' dir='ltr'><strong>ALBASP.</strong></span> 
     </span>
    </p>
   </div>
   <div class='ocr_carea' id='block_1_121' title="bbox 2168 5192 3686 5275">
    <p class='ocr_par' dir='ltr' id='par_1_121' title="bbox 2168 5192 3686 5275">
     <span class='ocr_line' id='line_1_122' title="bbox 2168 5192 3686 5275; baseline -0.005 -24"><span class='ocrx_word' id='word_1_882' title='bbox 2168 5194 2283 5269; x_wconf 86' lang='lat'><strong>(67)</strong></span> <span class='ocrx_word' id='word_1_883' title='bbox 2299 5196 2374 5250; x_wconf 83' lang='lat' dir='ltr'><strong>Ab</strong></span> <span class='ocrx_word' id='word_1_884' title='bbox 2396 5195 2648 5275; x_wconf 74' lang='lat' dir='ltr'><strong>aperariis</strong></span> <span class='ocrx_word' id='word_1_885' title='bbox 2678 5194 2909 5275; x_wconf 59' lang='lat' dir='ltr'><strong>unitatis.</strong></span> <span class='ocrx_word' id='word_1_886' title='bbox 2936 5193 3015 5275; x_wconf 89' lang='lat' dir='ltr'><strong>De</strong></span> <span class='ocrx_word' id='word_1_887' title='bbox 3034 5192 3201 5275; x_wconf 77' lang='lat' dir='ltr'><strong>Paulo</strong></span> <span class='ocrx_word' id='word_1_888' title='bbox 3219 5201 3279 5275; x_wconf 83' lang='lat' dir='ltr'><strong>et</strong></span> <span class='ocrx_word' id='word_1_889' title='bbox 3296 5192 3526 5275; x_wconf 72' lang='lat' dir='ltr'><strong>Macario</strong></span> <span class='ocrx_word' id='word_1_890' title='bbox 3543 5205 3686 5275; x_wconf 63' lang='lat' dir='ltr'><strong>sem:</strong></span> 
     </span>
    </p>
   </div>
   <div class='ocr_carea' id='block_1_122' title="bbox 2098 5260 3684 5340">
    <p class='ocr_par' dir='ltr' id='par_1_122' title="bbox 2098 5260 3684 5340">
     <span class='ocr_line' id='line_1_123' title="bbox 2098 5260 3684 5340; baseline -0.006 -17"><span class='ocrx_word' id='word_1_891' title='bbox 2098 5260 2195 5340; x_wconf 74' lang='lat' dir='ltr'><strong>per</strong></span> <span class='ocrx_word' id='word_1_892' title='bbox 2222 5260 2518 5340; x_wconf 74' lang='lat' dir='ltr'><strong>conquesti</strong></span> <span class='ocrx_word' id='word_1_893' title='bbox 2549 5275 2676 5321; x_wconf 90' lang='lat' dir='ltr'><strong>sunt</strong></span> <span class='ocrx_word' id='word_1_894' title='bbox 2720 5266 3046 5340; x_wconf 63' lang='lat' dir='ltr'><strong>Donatistae,</strong></span> <span class='ocrx_word' id='word_1_895' title='bbox 3086 5273 3144 5340; x_wconf 74' lang='lat' dir='ltr'><strong>ut</strong></span> <span class='ocrx_word' id='word_1_896' title='bbox 3162 5265 3289 5320; x_wconf 88' lang='lat' dir='ltr'><strong>licet</strong></span> <span class='ocrx_word' id='word_1_897' title='bbox 3330 5264 3510 5340; x_wconf 65' lang='lat' dir='ltr'><strong>videre</strong></span> <span class='ocrx_word' id='word_1_898' title='bbox 3545 5260 3684 5330; x_wconf 85' lang='lat' dir='ltr'><strong>apud</strong></span> 
     </span>
    </p>
   </div>
   <div class='ocr_carea' id='block_1_123' title="bbox 2099 5334 3683 5416">
    <p class='ocr_par' dir='ltr' id='par_1_123' title="bbox 2099 5334 3683 5416">
     <span class='ocr_line' id='line_1_124' title="bbox 2099 5334 3683 5416; baseline -0.006 -21"><span class='ocrx_word' id='word_1_899' title='bbox 2099 5334 2279 5396; x_wconf 77' lang='lat' dir='ltr'><strong>divum</strong></span> <span class='ocrx_word' id='word_1_900' title='bbox 2296 5334 2655 5416; x_wconf 58' lang='lat' dir='ltr'><strong>Augustinum</strong></span> <span class='ocrx_word' id='word_1_901' title='bbox 2675 5355 2690 5404; x_wconf 90' lang='lat'><strong>;</strong></span> <span class='ocrx_word' id='word_1_902' title='bbox 2711 5337 3249 5416; x_wconf 77' lang='lat' dir='ltr'><strong>verum_Angnstinus</strong></span> <span class='ocrx_word' id='word_1_903' title='bbox 3269 5334 3562 5416; x_wconf 77' lang='lat' dir='ltr'><strong>e_t_0p_tatus</strong></span> <span class='ocrx_word' id='word_1_904' title='bbox 3587 5348 3683 5387; x_wconf 87' lang='lat' dir='ltr'><strong>nc-</strong></span> 
     </span>
    </p>
   </div>
   <div class='ocr_carea' id='block_1_124' title="bbox 2138 5406 3683 5478">
    <p class='ocr_par' dir='ltr' id='par_1_124' title="bbox 2138 5406 3683 5478">
     <span class='ocr_line' id='line_1_125' title="bbox 2138 5406 3683 5478; baseline -0.005 -14"><span class='ocrx_word' id='word_1_905' title='bbox 2138 5412 2297 5467; x_wconf 90' lang='lat' dir='ltr'><strong>abant</strong></span> <span class='ocrx_word' id='word_1_906' title='bbox 2346 5406 2409 5465; x_wconf 82' lang='lat' dir='ltr'><strong>ad</strong></span> <span class='ocrx_word' id='word_1_907' title='bbox 2442 5410 2736 5465; x_wconf 85' lang='lat' dir='ltr'><strong>Ecclesiam</strong></span> <span class='ocrx_word' id='word_1_908' title='bbox 2782 5406 3079 5478; x_wconf 84' lang='lat' dir='ltr'><strong>pertinere,</strong></span> <span class='ocrx_word' id='word_1_909' title='bbox 3121 5409 3164 5462; x_wconf 88' lang='lat' dir='ltr'><strong>si</strong></span> <span class='ocrx_word' id='word_1_910' title='bbox 3206 5406 3336 5477; x_wconf 90' lang='lat' dir='ltr'><strong>quid</strong></span> <span class='ocrx_word' id='word_1_911' title='bbox 3382 5406 3605 5478; x_wconf 81' lang='lat' dir='ltr'><strong>alienum</strong></span> <span class='ocrx_word' id='word_1_912' title='bbox 3650 5418 3683 5457; x_wconf 83' lang='lat' dir='ltr'><strong>a</strong></span> 
     </span>
    </p>
   </div>
   <div class='ocr_carea' id='block_1_125' title="bbox 2150 5476 3683 5550">
    <p class='ocr_par' dir='ltr' id='par_1_125' title="bbox 2150 5476 3683 5550">
     <span class='ocr_line' id='line_1_126' title="bbox 2150 5476 3683 5550; baseline -0.005 -14"><span class='ocrx_word' id='word_1_913' title='bbox 2150 5482 2406 5537; x_wconf 87' lang='lat' dir='ltr'><strong>hristiana</strong></span> <span class='ocrx_word' id='word_1_914' title='bbox 2450 5484 2712 5537; x_wconf 81' lang='lat' dir='ltr'><strong>charitate</strong></span> <span class='ocrx_word' id='word_1_915' title='bbox 2759 5476 2813 5536; x_wconf 85' lang='lat' dir='ltr'><strong>in</strong></span> <span class='ocrx_word' id='word_1_916' title='bbox 2861 5478 2953 5534; x_wconf 82' lang='lat' dir='ltr'><strong>illa</strong></span> <span class='ocrx_word' id='word_1_917' title='bbox 2992 5476 3339 5550; x_wconf 82' lang='lat' dir='ltr'><strong>expeditione</strong></span> <span class='ocrx_word' id='word_1_918' title='bbox 3379 5476 3565 5533; x_wconf 86' lang='lat' dir='ltr'><strong>factum</strong></span> <span class='ocrx_word' id='word_1_919' title='bbox 3597 5488 3683 5529; x_wconf 86' lang='lat' dir='ltr'><strong>es-</strong></span> 
     </span>
    </p>
   </div>
   <div class='ocr_carea' id='block_1_126' title="bbox 2103 5553 2461 5610">
    <p class='ocr_par' dir='ltr' id='par_1_126' title="bbox 2103 5553 2461 5610">
     <span class='ocr_line' id='line_1_127' title="bbox 2103 5553 2461 5610; baseline -0.003 0"><span class='ocrx_word' id='word_1_920' title='bbox 2103 5564 2205 5610; x_wconf 89' lang='lat' dir='ltr'><strong>set.</strong></span> <span class='ocrx_word' id='word_1_921' title='bbox 2233 5553 2461 5610; x_wconf 72' lang='lat' dir='ltr'><strong>ALBASP.</strong></span> 
     </span>
    </p>
   </div>
   <div class='ocr_carea' id='block_1_127' title="bbox 2167 5644 3681 5721">
    <p class='ocr_par' dir='ltr' id='par_1_127' title="bbox 2167 5644 3681 5721">
     <span class='ocr_line' id='line_1_128' title="bbox 2167 5644 3681 5721; baseline -0.006 -18"><span class='ocrx_word' id='word_1_922' title='bbox 2167 5649 2279 5720; x_wconf 89' lang='lat'><strong>(68)</strong></span> <span class='ocrx_word' id='word_1_923' title='bbox 2318 5648 2502 5721; x_wconf 83' lang='lat' dir='ltr'><strong>Oleum</strong></span> <span class='ocrx_word' id='word_1_924' title='bbox 2525 5646 2851 5721; x_wconf 76' lang='lat' dir='ltr'><strong>fugiendum.</strong></span> <span class='ocrx_word' id='word_1_925' title='bbox 2887 5644 3219 5716; x_wconf 85' lang='lat' dir='ltr'><strong>Fugiendum</strong></span> <span class='ocrx_word' id='word_1_926' title='bbox 3261 5654 3315 5701; x_wconf 90' lang='lat' dir='ltr'><strong>et</strong></span> <span class='ocrx_word' id='word_1_927' title='bbox 3341 5652 3681 5721; x_wconf 81' lang='lat' dir='ltr'><strong>contemnen-</strong></span> 
     </span>
    </p>
   </div>
   <div class='ocr_carea' id='block_1_128' title="bbox 2091 5719 3679 5787">
    <p class='ocr_par' dir='ltr' id='par_1_128' title="bbox 2091 5719 3679 5787">
     <span class='ocr_line' id='line_1_129' title="bbox 2091 5719 3679 5787; baseline -0.004 -13"><span class='ocrx_word' id='word_1_928' title='bbox 2091 5719 2216 5774; x_wconf 87' lang='lat' dir='ltr'><strong>dunt</strong></span> <span class='ocrx_word' id='word_1_929' title='bbox 2265 5730 2348 5775; x_wconf 86' lang='lat' dir='ltr'><strong>cst</strong></span> <span class='ocrx_word' id='word_1_930' title='bbox 2392 5720 2569 5773; x_wconf 88' lang='lat' dir='ltr'><strong>oleum</strong></span> <span class='ocrx_word' id='word_1_931' title='bbox 2606 5719 2984 5773; x_wconf 77' lang='lat' dir='ltr'><strong>lucreticorum</strong></span> <span class='ocrx_word' id='word_1_932' title='bbox 3016 5730 3107 5771; x_wconf 90' lang='lat' dir='ltr'><strong>aut</strong></span> <span class='ocrx_word' id='word_1_933' title='bbox 3144 5728 3522 5787; x_wconf 88' lang='lat' dir='ltr'><strong>peccatorum,</strong></span> <span class='ocrx_word' id='word_1_934' title='bbox 3552 5719 3679 5787; x_wconf 77' lang='lat' dir='ltr'><strong>quia</strong></span> 
     </span>
    </p>
   </div>
   <div class='ocr_carea' id='block_1_129' title="bbox 2086 5782 3676 5861">
    <p class='ocr_par' dir='ltr' id='par_1_129' title="bbox 2086 5782 3676 5861">
     <span class='ocr_line' id='line_1_130' title="bbox 2086 5782 3676 5861; baseline -0.005 -18"><span class='ocrx_word' id='word_1_935' title='bbox 2086 5793 2152 5845; x_wconf 87' lang='lat' dir='ltr'><strong>ad</strong></span> <span class='ocrx_word' id='word_1_936' title='bbox 2187 5793 2328 5844; x_wconf 91' lang='lat' dir='ltr'><strong>illius</strong></span> <span class='ocrx_word' id='word_1_937' title='bbox 2371 5793 2678 5847; x_wconf 86' lang='lat' dir='ltr'><strong>unctionem</strong></span> <span class='ocrx_word' id='word_1_938' title='bbox 2729 5789 2955 5861; x_wconf 85' lang='lat' dir='ltr'><strong>gratiam</strong></span> <span class='ocrx_word' id='word_1_939' title='bbox 2990 5782 3323 5846; x_wconf 56' lang='lat' dir='ltr'><strong>suam&#39;Dcus</strong></span> <span class='ocrx_word' id='word_1_940' title='bbox 3354 5802 3456 5844; x_wconf 91' lang='lat' dir='ltr'><strong>non</strong></span> <span class='ocrx_word' id='word_1_941' title='bbox 3495 5782 3676 5843; x_wconf 76' lang='lat' dir='ltr'><strong>iniun-</strong></span> 
     </span>
    </p>
   </div>
   <div class='ocr_carea' id='block_1_130' title="bbox 2083 5863 2445 5919">
    <p class='ocr_par' dir='ltr' id='par_1_130' title="bbox 2083 5863 2445 5919">
     <span class='ocr_line' id='line_1_131' title="bbox 2083 5863 2445 5919; baseline -0.011 0"><span class='ocrx_word' id='word_1_942' title='bbox 2083 5863 2179 5919; x_wconf 87' lang='lat' dir='ltr'><strong>dit.</strong></span> <span class='ocrx_word' id='word_1_943' title='bbox 2213 5864 2445 5918; x_wconf 70' lang='lat' dir='ltr'><strong>ALBASP.</strong></span> 
     </span>
    </p>
   </div>
  </div>
