3898 6320
466 291 574 352 903

1666 280 1913 341 SANCTI
1952 280 2201 340 OPTATI
2245 281 2558 340 EPISCOPI

3601 295 3681 351 9M

463 425 624 480 quem
653 417 678 445 ει
707 409 918 463 illorum
947 418 1088 471 esse,
1118 403 1184 460 ad
1224 418 1382 475 quem
1415 401 1529 475 (95)
1576 402 1764 458 hortus
1811 403 1902 458 ille
1931 417 2052 473 per-
2084 405 2134 463 Α
2162 401 2214 456 in
2246 415 2338 456 vos
2380 401 2581 458 dixisse
2614 403 2960 470 sententiam,
3005 420 3128 462 cum
3162 405 3504 466 schismaticis
3543 411 3686 470 lia-rc-

463 505 650 572 tineat,
684 505 736 559 in
778 519 884 572 quo
917 501 1058 556 Deus
1106 499 1426 555 arbusculas
1470 499 1698 568 plantat.
1749 498 1822 551 De
1865 497 2058 566 quibus

462 595 749 661 hazreticis,
782 592 1025 663 quamvis
1051 591 1118 646 ad
1147 598 1472 662 pnesentem
1505 603 1611 644 non
1641 590 1908 657 pertineat
1930 603 2060 641 cau-

459 704 598 756 sam,
629 687 772 760 quod
794 687 884 743 diu
908 688 1121 742 locutus
1145 701 1226 752 es,
1254 695 1310 741 et
1337 685 1626 741 suffecerat
1653 693 1706 738 et
1727 682 2056 738 abundabat.

458 782 564 838 Sed
597 780 783 848 miror,
813 779 939 852 quid
972 780 1069 834 tibi
1096 781 1267 835 visum
1296 788 1400 844 est,
1447 779 1610 834 etiam
1658 792 1756 832 vos
1785 776 1932 846 ipsos
1978 776 2057 831 eis

459 877 769 946 atljungere,
802 890 939 945 quos
965 889 1087 930 esse
1114 873 1491 928 scliismaticos
1519 880 1752 936 constat,
1781 868 1899 944 (9i)
1923 871 2052 924 dum

460 968 719 1024 Ecclesiae
747 967 902 1023 dotes
931 977 980 1022 et
1027 966 1326 1031 haereticis,
1351 966 1502 1036 ipsis,
1537 975 1591 1021 et
1619 965 1769 1019 vobis
1796 963 2061 1019 schisma-

459 1063 580 1117 ticis
603 1061 901 1132 denegasti.
932 1061 1122 1115 Dixisti
1167 1062 1310 1115 enim
1360 1061 1497 1114 inter
1525 1069 1721 1115 ctetera
1749 1101 1763 1125 ,
1797 1059 2059 1114 schisma-

459 1154 596 1210 ticos
619 1153 733 1225 (95)
766 1169 794 1208 a
823 1153 954 1220 vile,
980 1154 1124 1208 velut
1151 1160 1425 1208 sarmenta
1452 1167 1572 1208 esse
1599 1153 1848 1208 concisos
1874 1169 1886 1204 :
1937 1152 2060 1207 des-

459 1247 658 1302 tinatos
685 1245 712 1283 δ
743 1246 938 1316 pmnis,
974 1254 1225 1314 tanquam
1254 1246 1396 1316 ligna
1429 1244 1601 1310 arida,
1631 1245 1892 1316 gehennze
1926 1245 2061 1315 igni-

457 1339 559 1394 bus
587 1339 876 1396 reservari.
920 1339 1028 1395 Sed
1055 1339 1211 1394 video
1235 1348 1288 1395 te
1316 1338 1489 1394 adhuc
1517 1339 1765 1409 ignorare
1812 1338 2050 1392 schisma

455 1432 596 1503 apud
644 1431 1023 1501 Carthaginem
1088 1447 1118 1486 a
1181 1431 1376 1487 vestris
1429 1431 1759 1500 principibus
1827 1431 2048 1483 factum.

455 1524 648 1594 Qumre
698 1528 888 1580 harum
926 1523 1190 1595 originem
1239 1540 1442 1592 rerum,
1469 1534 1522 1579 et
1553 1524 1798 1579 invenies
1829 1532 1880 1577 te
1911 1521 2052 1576 hanc

2162 503 2298 558 ticos
2349 503 2586 558 sociasti.
2635 502 2751 557 Non
2799 505 2944 560 enim
2998 505 3112 578 (96)
3158 504 3460 562 Ciccilianus
3502 511 3686 565 exivit:

2160 603 2422 673 Majorino
2455 601 2570 675 (97)
2599 603 2831 674 (98)avo
2864 614 2954 660 tuo
2976 605 3092 678 (99)
3129 625 3142 662 :
3169 608 3262 664 sed
3290 607 3369 681 (f)
3403 609 3690 680 Majorinusa

2167 704 2458 761 Creciliano
2485 722 2498 760 :
2530 705 2611 778 (ἓ)
2640 722 2741 762 nec
2765 706 3086 764 Caecilianus
3126 711 3347 766 recessit
3373 713 3445 782 (5)
3472 727 3498 766 a
3531 713 3690 769 Cathe-

2164 805 2260 860 dra
2319 805 2459 861 Petri
2509 805 2585 878 (vl)
2645 807 2730 862 vel
2782 808 3038 880 Cypriani
3086 809 3167 881 (5)
3209 826 3224 865 :
3265 811 3356 868 sed
3405 813 3688 886 Majorinus,

2166 907 2246 980 (6)
2279 907 2432 979 cujus
2475 919 2528 963 tu
2556 906 2881 966 Cathedram
2911 911 3092 981 sedes,
3133 930 3254 985 quae
3291 923 3406 970 ante
3437 919 3524 989 ιι
3553 917 3691 988 ipsum

2163 1008 2481 1079 Majorinum
2512 1010 2595 1080 (7)
2641 1011 2906 1082 originem
2939 1029 3046 1068 non
3095 1015 3322 1071 habebat
3345 1027 3365 1055 τ
3396 1016 3487 1090 (8).
3521 1019 3692 1075 Etcum

2163 1108 2278 1164 haec
2308 1110 2376 1164 ita
2409 1120 2558 1180 gesta
2600 1124 2722 1165 esse
2766 1110 3206 1168 manifestissime
3245 1125 3444 1170 consret
3479 1111 3524 1182 δ,
3555 1126 3600 1172 et
3621 1133 3694 1175 vos

2164 1211 2411 1266 brercdes
2433 1226 2552 1266 csse
2575 1211 2893 1267 traditorum
2911 1223 2964 1268 et
2987 1214 3446 1272 schismaticorum
3466 1217 3695 1274 evidenter

2161 1321 2455 1386 appareat:
2489 1315 2619 1368 satis
2657 1324 2709 1369 te
2757 1314 2954 1383 miror,
3007 1316 3177 1373 frater
3219 1318 3570 1386 Parmeuiane,
3595 1335 3692 1378 cum

2160 1416 2542 1472 schismaticus
2587 1415 2683 1481 sis,
2736 1417 3111 1475 schismaticos
3164 1419 3428 1477 haereticis
3456 1422 3695 1492 jungeree

2159 1519 2418 1573 voluisse.
2451 1516 2558 1573 Aut
2577 1516 2622 1571 si
2650 1518 2728 1573 sic
2756 1519 2851 1574 tibi
2878 1519 3111 1589 videtur,
3131 1532 3184 1578 et
3213 1523 3283 1577 ita
3310 1524 3474 1596 placet
3505 1543 3515 1578 :
3543 1524 3608 1598 (9)
3625 1541 3699 1581 cu-

1685 1639 2062 1698 LECTIUNES
2104 1635 2510 1694 VARIANTES.

517 1739 544 1804 ξι
578 1736 632 1804 in
650 1751 740 1789 ms.
766 1740 818 1788 S.
838 1738 899 1804 (ᾖ.
923 1751 1010 1804 nec
1029 1739 1162 1804 apud
1179 1737 1409 1804 aliquem,
1430 1739 1559 1791 haud
1580 1746 1737 1791 recte.

515 1798 545 1840 ι»
581 1801 633 1850 1η
658 1815 748 1850 ms.
848 1802 906 1852 G.
934 1798 1204 1854 destinatis.

517 1865 541 1894 ο
578 1863 636 1913 In
657 1876 748 1914 ms.
773 1867 824 1916 S.
855 1863 914 1916 G.
938 1877 1032 1917 non
1052 1864 1210 1917 habet.

2079 1741 2127 1802 Β
2213 1733 2240 1804 (ξ
2275 1734 2329 1804 [η
2349 1747 2463 1804 mss.
2487 1735 2540 1784 S.
2565 1733 2624 1804 ξς.
2655 1741 2706 1784 et
2728 1735 2782 1784 P.
2803 1737 2857 1785 S.
2878 1743 3107 1804 constent,
3129 1740 3219 1804 sed
3241 1753 3507 1804 perperam.

2220 1801 2244 1827 θ
2279 1796 2352 1846 Ita
2378 1797 2427 1845 in
2451 1797 2680 1848 omnibus
2703 1812 2816 1848 mss.
2839 1812 2937 1848 non
2962 1808 3016 1850 ut
3038 1803 3089 1851 in
3113 1796 3279 1864 editis,
3297 1796 3564 1870 adiungere.

1808 1968 2166 2027 VARIORUM
2191 1927 2420 2027 nom.

549 2085 644 2212 93)
679 2083 891 2139 Hortus.
923 2085 1185 2150 Ecclesia,
1221 2085 1271 2140 ni
1297 2084 1478 2140 fallor.
1507 2084 1736 2140 ALBASP.

549 2158 618 2212 94
681 2155 819 2209 Dum
848 2156 1095 2211 Ecclesia:
1121 2159 1278 2212 dotes.
1322 2156 1455 2210 Cum
1490 2157 1736 2212 haeretici

549 2155 644 2231 94)
672 2155 819 2231 ριηη
848 2156 1095 2231 Ecclesia:
1114 2159 1278 2231 dotes.
1308 2156 1760 2231 Cum-haereticis
1790 2156 2053 2231 schisma-

455 2227 592 2284 ticos
617 2227 898 2298 adjungas,
930 2229 1084 2282 dotes
1113 2228 1370 2282 Ecclesi:e
1396 2227 1550 2284 vobis
1577 2229 1880 2300 denegatis,
1916 2245 2051 2300 quos

452 2309 666 2356 constat
691 2314 811 2354 esse
834 2301 1228 2354 schismaticos.
1259 2301 1486 2354 Ausus».

531 2371 650 2445 (95)
678 2371 720 2424 Α
746 2371 861 2424 vite.
890 2369 1008 2426 Non
1035 2372 1244 2426 videtur
1271 2371 1356 2426 his
1391 2371 1639 2427 assentiri
1671 2372 1922 2498 aptatus.

1725 2460 1904 2498 LBASP.

1725 2460 1904 2498 LBASI’.

527 2513 644 2586 (96)
677 2514 998 2570 chiliunus.
1033 2514 1307 2586 Successit
1335 2514 1628 2580 Mcnsurio,
1665 2525 1718 2569 et
1749 2519 1847 2570 sub
1876 2531 1964 2581 eo,
1995 2524 2052 2570 et

455 2584 675 2658 propter
701 2602 827 2658 eum
853 2595 1031 2658 ortum
1059 2596 1142 2641 est
1167 2584 1423 2658 schisma.
1457 2589 1688 2641 ALBASP.
1721 2656 1729 2658 _
1907 2591 1911 2594 ’

550 2658 640 2731 97)
691 2656 859 2712 Exivit
897 2675 929 2711 a
975 2656 1257 2731 ﬁlajoriito.
1302 2657 1621 2731 Caecilianus
1651 2656 2050 2731 primumerat

453 2729 734 2784 ordinatus
763 2729 1098 2798 Episcopus,
1133 2729 1425 2797 Majoriuus
1451 2738 1638 2783 contra
1675 2745 1800 2784 eum
1825 2729 2047 2785 ordina-

454 2810 540 2856 tus
569 2801 637 2856 ab
664 2801 780 2871 cjus
811 2801 1194 2855 communione
1220 2800 1467 2853 descivit.
1505 2801 1578 2855 Du
1608 2800 1723 2855 PIN.

526 2879 659 2935 Ibid.
700 2878 892 2933 Exivit.
927 2878 1250 2934 Caecilianus
1279 2878 1514 2948 legitima
1557 2889 1611 2934 et
1647 2879 1918 2935 ordinaria
1961 2881 2045 2936 via

455 2952 556 3006 fuit
581 2950 860 3005 ordinatus
889 2958 1010 3017 post
1041 2950 1388 3014 Mensurium,
1417 2960 1540 3018 post
1569 2951 1722 3017 cujus
1751 2952 2048 3007 ordinatio-

455 3037 579 3078 nem
604 3021 838 3076 factione
862 3021 1005 3076 illius
1029 3021 1268 3092 mulieris
1293 3020 1389 3075 fuit
1412 3022 1692 3076 ordinatus
1713 3024 2041 3092 Majorinus;

454 3109 621 3164 quare
651 3092 940 3164 Majorinus
975 3091 1254 3164 exivit,et
1283 3094 1502 3148 secessit
1533 3109 1561 3146 a
1588 3091 1906 3160 Ca-ciliano;
1938 3109 2044 3149 non

453 3163 632 3220 autem
671 3163 993 3219 Caecilianus
1031 3179 1061 3216 a
1089 3163 1352 3231 Majnritto
1384 3181 1396 3217 :
1428 3163 1473 3217 is
1501 3164 1645 3219 enim
1671 3165 1820 3220 exire
1855 3181 2045 3220 cense-

2228 2086 2306 2156 (2)
2342 2085 2449 2141 Nec
2483 2083 2792 2141 chiliauus
2821 2087 3028 2141 recessit
3056 2104 3086 2140 α
3114 2086 3173 2142 C.
3212 2088 3284 2144 Ρ.
3315 2090 3461 2147 Scire
3485 2101 3532 2148 te
3554 2092 3700 2159 velim,

2155 2159 2390 2223 Lector,
2443 2159 2608 2212 multa
2665 2159 2789 2213 hinc
2839 2168 2894 2212 et
2941 2159 3208 2214 similibus
3237 2163 3362 2216 aliis
3407 2180 3468 2218 ex
3517 2165 3628 2219 locis
3651 2167 3701 2220 ad

2155 2246 2370 2306 caiisam
2401 2229 2680 2306 religionis
2713 2231 3372 2306 trahere“Albaspinaeum
3399 2277 3412 2299 ,
3444 2241 3702 2306 passimque

2154 2319 2218 2376 ex
2240 2303 2499 2376 Barronio
2523 2301 2892 2376 Perronioque
2915 2302 3110 2356 Cardd.
3140 2303 3250 2358 inte
3261 2301 3478 2371 rserere,
3505 2324 3608 2376 qua:
3627 2301 3704 2362 nos

2155 2375 2223 2429 de
2265 2373 2526 2446 industria
2552 2374 2727 2446 missa
2759 2371 2988 2426 facimus
3023 2376 3226 2428 omnia.
3266 2376 3502 2432 Fecimus
3522 2371 3699 2446 autem,

2160 2455 2270 2499 tum
2300 2445 2418 2520 qnia
2450 2443 2759 2514 prolixioris
2784 2453 2940 2520 erant.
2960 2460 3156 2520 operae
3203 2455 3259 2501 et
3289 2463 3317 2501 a
3351 2451 3601 2520 proposito
3623 2443 3701 2506 no?

2159 2527 2274 2569 stro
2304 2516 2528 2578 alienat;
2567 2524 2674 2568 ttun
2707 2517 2832 2585 quia
2861 2517 2992 2570 nihil
3022 2518 3089 2570 ab
3115 2533 3181 2572 eo
3218 2516 3410 2574 norum
3440 2516 3702 2576 ridebamus

2164 2586 2348 2641 afferri
2377 2587 2517 2656 qttod
2563 2601 2666 2640 non
2692 2586 2800 2656 jam
2829 2587 3182 2662 ad_nauseatn
3226 2606 3393 2662 usque
3420 2593 3550 2647 ultro
3570 2597 3703 2648 citro-

2157 2675 2260 2733 que
2292 2668 2489 2711 tortum
2514 2668 2860 2733 ac_retor_tum
2895 2660 3088 2733 fuerit,
3121 2660 3501 2730 sitque'hodie,
3524 2665 3700 2733 scriptis

2155 2731 2272 2798 ejus
2294 2729 2592 2798 argumenti
2626 2731 2867 2794 plurimis
2903 2729 3244 2786 tritissimum
3277 2750 3341 2790 ac
3373 2729 3702 2791 decantatissi-

2156 2816 2324 2855 mum.
2359 2801 2427 2854 Μ.
2461 2799 2688 2855 ΟΑεΑυΒ.

2111 2901 2115 2904 ·
2154 2943 2187 2944 η
2226 2872 2307 2944 (5)
2340 2872 2380 2944 Α
2406 2871 2660 2944 Cathedrn
2690 2870 2854 2928 Petri.
2885 2873 3001 2928 Una
3042 2883 3125 2929 est
3148 2885 3358 2931 tantum
3398 2879 3637 2934 Cathedra
3658 2879 3699 2933 in

2152 2943 2388 3019 Ecelesia
2416 2958 2577 3019 quam
2627 2943 2818 3019 Petrus
2858 2946 3066 3019 accepit
3112 2962 3142 3019 a
3173 2948 3393 3004 Christo
3417 2991 3432 3014 ,
3478 2965 3700 3019 quamque

2148 3015 2372 3091 singulis
2414 3015 2695 3091 Episcopis
2733 3018 3192 3091 communicavit,
3231 3030 3288 3074 et
3319 3015 3534 3091 singulis
3567 3015 3698 3076 etiam

2150 3101 2290 3138 nunc
2321 3086 2509 3140 diebus
2538 3086 2898 3140 communicat
2928 3103 3021 3163 per
3066 3090 3355 3147 Pootilices
3393 3086 3477 3163 qui
3517 3109 3621 3149 eum
3651 3107 3701 3146 eo

2147 3165 2439 3232 censentur
2463 3199 2480 3223 ,
2527 3167 2579 3232 et
2608 3165 2732 3211 sunt
2760 3173 2862 3232 una
2898 3160 3198 3231 eademque
3244 3178 3372 3219 caro
3409 3160 3461 3218 et
3487 3179 3696 3232 persona.

456 3247 544 3291 tur
565 3236 653 3305 qui
683 3235 918 3291 scliisma
954 3236 1098 3299 facit,
1126 3227 1189 3290 et
1208 3238 1318 3304 qui,
1350 3236 1459 3289 alio
1488 3236 1732 3302 sedente,
1779 3237 1958 3291 locum
1989 3231 2113 3294 etC
2149 3227 2274 3306 Ηίεο
2313 3239 2395 3306 (ἶδι
2438 3228 2781 3306 θῐιὲ,ίί1¹¹9ι“ι¹ῐ¹¹
2813 3227 3343 3306 ἀίιειτίη³,τίηει“ἱιο
3388 3227 3541 3306 ἱεῖῐὶιῐ·
3578 3243 3702 3291 νοω

452 3309 638 3364 sedem
668 3321 934 3378 occupare
967 3307 1172 3361 nititur.
1210 3310 1435 3362 ALBASP.

527 3378 642 3453 (98)
671 3381 775 3453 Atio
798 3391 902 3433 tuo.
935 3379 1060 3453 [lare
1087 3393 1322 3453 pugnare
1351 3379 1602 3453 videntnr
1625 3389 1810 3453 contra
1837 3395 1897 3434 ea
1922 3395 2044 3453 quas

452 3451 686 3507 diximus
729 3451 782 3506 in
826 3451 978 3506 tertia
1009 3451 1389 3505 observatione
1417 3453 1483 3504 de
1527 3451 1730 3504 Donato
1773 3452 1996 3506 Casensi
2025 3492 2041 3516 ,

453 3525 540 3577 cui
569 3523 746 3576 nullus
771 3522 922 3592 locus
948 3523 1267 3591 relinquitur
1288 3522 1341 3592 in
1369 3521 1499 3577 sede
1527 3521 1961 3592 Carthaginensi,
1995 3523 2043 3577 si

455 3607 553 3663 pro
581 3608 682 3646 avo
713 3591 1027 3662 Majorinum
1075 3593 1263 3647 habuit
1287 3591 1675 3648 Parmenianus
1709 3591 1877 3648 {nam
1906 3610 2040 3649 con-

452 3673 562 3720 stat
587 3665 979 3735 e_um,extincto
1001 3679 1193 3734 magno
1218 3664 1446 3731 Donato,
1475 3665 1802 3735 Carthagine
1827 3664 2044 3720 ordina-

454 3744 566 3790 tum
597 3732 762 3789 fuisse
796 3751 810 3789 :
841 3732 1108 3788 exe-terum
1127 3736 1514 3804 Episcoporum
1542 3732 1914 3792 successiones
1939 3778 1953 3802 ,
1988 3744 2043 3791 et

453 3807 824 3861 ordinationes
852 3821 956 3858 non
980 3806 1134 3877 aliter
1153 3817 1494 3877 exponuntur
1515 3807 1582 3860 ab
1603 3808 1859 3877 antiquis,
1878 3823 2040 3876 quam

452 3877 760 3932 mortalium
803 3876 1177 3946 generationes
1217 3876 1632 3948 ct_affinitates;
1677 3876 1852 3948 neque
1883 3881 2042 3933 aliter

451 3950 520 4004 tle
551 3949 614 4003 iis
646 3947 965 4017 loquuntur,
995 3962 1154 4016 quam
1191 3949 1234 4000 si
1263 3946 1331 4001 de
1358 3948 1535 4017 aliqua
1569 3946 1776 4002 familia
1798 3959 1851 4004 et
1879 3950 2040 4004 domo

451 4021 824 4091 loquerentur.
857 4017 1157 4091 Ephelipus
1185 4019 1326 4091 enim
1357 4020 1445 4091 qui
1484 4019 1831 4074 ordinabatur
1870 4021 1922 4074 in
1955 4035 2042 4076 se-

452 4087 575 4146 dein
609 4092 883 4155 defuncti,
924 4087 1069 4143 filius
1093 4097 1148 4142 et
1180 4089 1358 4157 proles
1397 4087 1541 4142 illius
1573 4092 1623 4142 in
1677 4093 1830 4158 cujus
1862 4091 2037 4147 locum

451 4163 838 4241 sufficiehatur,
865 4161 1195 4241 vocabatur:
1229 4161 1398 4241 series
1425 4159 1818 4241 ordinationum
1842 4201 1856 4228 ,
1890 4163 2041 4218 hisce

669 4248 789 4284 01118
816 4246 994 4284 νθΐυιὸ
1026 4246 1432 4284 numerabatur.
1462 4246 1690 4284 ALBASP.

453 4233 789 4301 cegnationis
816 4230 994 4284 verbis
1026 4231 1432 4285 numerabatur.
1462 4231 1690 4284 ALBASP.

524 4303 639 4373 (99)
668 4301 928 4370 Majoriuo
965 4317 1058 4354 avo
1088 4311 1193 4373 tuo.
1232 4303 1552 4356 Successore
1582 4303 1786 4373 scilicet
1825 4303 2036 4371 Donati,

450 4375 540 4444 qui
575 4371 695 4443 post
734 4373 1051 4444 Majormum
1089 4371 1562 4441 Carthaginiensem
1593 4371 1914 4429 Cathedram
1960 4379 2040 4430 in-

450 4443 683 4500 vaserat.
715 4443 939 4514 August.
971 4445 1021 4497 in
1057 4444 1170 4497 Lib.
1201 4444 1442 4514 Rctractﬁ.
1477 4459 1535 4508 tt,
1566 4460 1613 4498 c.
1649 4445 1747 4498 l7:
1781 4444 1845 4498 In
1879 4447 2038 4500 tribus

451 4515 614 4580 libris,
646 4513 845 4585 inquit,
880 4525 1055 4568 contra
1084 4514 1368 4581 Epistolam
1401 4513 1758 4577 Parmenioni,
1794 4516 2038 4570 Donatis-

451 4597 618 4641 tarum
656 4584 1068 4656 Cartltagineusis
1099 4585 1347 4655 Episcopi
1384 4589 1785 4655 successorisque
1817 4587 2030 4642 Donati.

448 4657 598 4712 Idem
633 4660 855 4727 August.
887 4658 983 4711 lih.
1015 4673 1051 4711 tt
1087 4669 1272 4712 eontra
1318 4657 1418 4727 Ep.
1453 4657 1656 4723 Parm.,
1692 4658 2031 4726 Majorinum,

449 4731 713 4784 Donatum
744 4740 797 4783 et
826 4727 1241 4782 Parmenianum
1271 4730 1434 4784 veluti
1465 4737 1597 4795 tres,
1629 4731 1746 4784 sine
1782 4730 2038 4786 interme-

447 4800 538 4856 dio
584 4813 929 4855 successores
958 4809 1259 4853 enumerat.
1303 4799 1455 4866 Quod
1501 4810 1679 4854 autem
1710 4801 1920 4867 quidam
1957 4803 2036 4855 itt-

445 4872 705 4927 feruntex
734 4870 994 4926 Sermone
1023 4872 1080 4924 ὃ.
1105 4873 1406 4940 Augustini,
1434 4871 1496 4924 de
1521 4869 1656 4924 Pace
1680 4881 1726 4925 et
1751 4870 2032 4938 Cliaritate,

445 4952 572 4996 ante
612 4943 957 4997 collationem
989 4940 1170 4996 habito
1195 4984 1210 5006 ,
1243 4944 1426 4996 Caium
1459 4951 1512 4996 et
1542 4941 1763 4996 Lucium
1809 4943 2031 5012 Episcoo

446 5027 546 5082 pos
576 5012 737 5068 fuisse
765 5013 1103 5082 Carthaginis
1144 5013 1284 5067 inter
1332 5014 1595 5067 Donatum
1636 5024 1690 5068 et
1724 5013 2035 5068 Parmenia-

447 5099 575 5154 pum
598 5124 611 5144 ,
648 5083 798 5139 futile
837 5093 940 5138 est.
977 5085 1055 5138 Eu
1098 5088 1260 5138 verba
1290 5085 1574 5154 Augustini
1608 5101 1620 5137 :
1668 5083 1790 5138 Non
1831 5084 2031 5140 dimitto

445 5152 739 5225 Donntum,
776 5170 876 5207 non
923 5155 1121 5208 dimitto
1163 5156 1331 5208 nescio
1378 5152 1527 5225 quem
1565 5154 1780 5219 Cuium,
1815 5155 2034 5211 Lucium

444 5235 496 5280 et
554 5223 974 5286 Parmenianum,
1020 5225 1159 5280 mille
1221 5223 1428 5278 nomine
1472 5267 1487 5292 ,
1560 5227 1700 5279 mille
1761 5228 2028 5282 scissuras.

443 5296 575 5352 Inde
634 5299 777 5352 enim
846 5294 1030 5350 inferri
1089 5307 1291 5350 tantttm
1351 5306 1523 5364 potest
1578 5296 1762 5351 Caium
1823 5310 1876 5352 et
1928 5299 2033 5354 Lu-

445 5370 591 5424 cium
635 5369 802 5423 fuisse
837 5382 868 5422 e
895 5368 1216 5437 primoribus
1263 5367 1542 5436 Episc0pis
1585 5368 1981 5424 Donatistarum
2016 5388 2028 5423 ε

441 5449 499 5494 at
546 5438 1397 5510 Carthaginensi-Donatistarum
1448 5439 1702 5510 Ecclesia:
1749 5437 2031 5510 praefectos

440 5513 629 5576 fuisse,
665 5509 787 5566 hinc
817 5526 920 5564 non
955 5511 1089 5564 bene
1117 5511 1407 5580 Colligitur.
1444 5509 1521 5564 Du
1549 5509 1666 5564 PIN.

514 5583 596 5655 (1)
639 5581 952 5655 .Ifujoriiius.
986 5582 1321 5655 Domesticus
1362 5581 1580 5655 Lucillae
1608 5581 1856 5655 Hispana:
1882 5623 1896 5646 ,
1938 5586 2031 5654 qui

441 5652 755 5723 eratlector
788 5652 889 5707 sub
916 5652 1235 5720 Cmciliano,
1270 5661 1324 5706 ct
1351 5654 1441 5723 qui
1471 5653 1569 5706 fuit
1597 5654 1874 5710 ordinatus
1905 5652 2035 5709 con-

443 5737 525 5779 tra
551 5721 916 5790 Czecilianum,
949 5734 1001 5778 et
1031 5725 1201 5779 altare
1226 5721 1413 5782 contra
1435 5723 1601 5781 altare
1621 5727 1792 5782 erexit
1817 5727 1871 5782 in
1903 5727 2033 5783 civi-

445 5800 555 5863 iate
577 5792 1003 5866 Carthagincnsi.
1036 5795 1266 5853 ALnasc.

2062 4627 2116 4687 D

2148 3299 2470 3374 Cathedram
2502 3299 2978 3374 Carthaginiensem
3006 3344 3020 3364 ,
3050 3301 3377 3360 Cathedram
3407 3299 3538 3362 l’etri
3563 3349 3576 3371 ,
3602 3309 3700 3374 quia

2148 3369 2482 3442 Petrusieam
2511 3372 2716 3440 genuit,
2746 3383 2801 3442 ut
2831 3372 3064 3442 loquitur
3089 3374 3472 3431 Tertullianus.
3503 3369 3698 3433 Aesisr.

2223 3443 2302 3518 (4)
2349 3440 2441 3518 γει
2471 3441 2733 3518 (Syprinui.
2772 3440 3022 3518 Cypriani
3057 3448 3390 3502 mentionem
3423 3449 3539 3518 facit
3560 3492 3572 3511 ,
3603 3449 3699 3518 quia

2149 3506 2327 3590 nullus
2347 3506 3067 3590 hanc'Cathedran't'majori
3099 3532 3222 3571 cum
3247 3521 3435 3590 gloria,
3464 3506 3699 3574 au't'sa'nc-

2150 3584 2478 3662 titaJis_far_na
2511 3594 2901 3662 occupaverat;
2933 3587 3012 3641 vel
3031 3590 3200 3662 etiam
3228 3584 3352 3659 q'uia
3381 3593 3445 3646 de
3471 3592 3575 3662 ejus
3599 3591 3700 3646 sede

2135 3655 2485 3726 ttCathedra
2517 3672 2620 3708 non
2652 3658 2996 3726 ambigebant
3031 3655 3350 3716 Donatistm.
3384 3655 3593 3717 Atnisr.

2221 3726 2302 3801 (5)
2420 3723 2675 3780 Cat/tedra
2724 3723 2881 3804 l’eiri
2908 3729 3003 3804 vel-
3031 3727 3308 3800 Cypriani.
3353 3733 3544 3788 Eadem
3573 3748 3700 3804 argu-

2147 3799 2328 3854 menta
2361 3800 2536 3868 legere
2562 3809 2644 3852 est
2677 3799 2814 3869 apud
2829 3799 3173 3870 (Cyprianum
3209 3803 3264 3857 in
3297 3804 3415 3859 Lib.
3445 3808 3504 3859 de
3532 3799 3701 3860 Unitate

2150 3870 2411 3933 Ecclesite,
2442 3877 2494 3946 et
2520 3884 2605 3938 ep.
2636 3868 2786 3935 iuit,
2812 3868 3081 3946 Cathedra
3105 3888 3200 3927 seu
3226 3876 3403 3931 Sedes
3424 3878 3700 3946 episcopalis

2145 3952 2226 3995 est
2254 3942 2552 3994 auctoritas
2585 3956 2834 4008 suprema
2864 3945 3113 4012 regenda:
3145 3946 3321 4012 plebis
3349 3949 3396 4000 vi
3427 3942 3698 4009 sacerdotii,

2145 4014 2285 4082 quod
2315 4029 2481 4089 unum
2511 4021 2624 4089 est,
2659 4012 2810 4081 cujus
2840 4014 2890 4065 itt
2921 4015 3152 4089 solidum
3186 4032 3214 4068 a
3249 4019 3476 4089 singulis
3505 4036 3610 4087 pars
3637 4028 3699 4072 tc-

2145 4094 2320 4139 netur.
2351 4085 2452 4150 Qui
2481 4083 2792 4151 episcopum
2822 4100 2977 4138 suum
3021 4087 3263 4155 legitime
3312 4083 3632 4144 constitutum
3657 4099 3699 4142 et

2143 4158 2450 4209 ordinatum
2483 4171 2585 4206 rion
2618 4156 2804 4222 audit,
2837 4156 2929 4209 sed
2968 4156 3037 4210 ab
3062 4173 3127 4211 eo
3168 4161 3416 4225 recedit,
3446 4171 3497 4216 et
3522 4163 3592 4216 vel
3619 4175 3697 4221 se.

2147 4228 2230 4280 vel
2270 4228 2433 4280 alium
2473 4239 2569 4292 pro
2610 4226 2863 4294 episcopo
2901 4227 3099 4293 habet;
3141 4233 3402 4288 recedere
3441 4237 3613 4288 merito
3637 4231 3702 4284 di-

2141 4301 2281 4352 citur
2319 4314 2346 4350 a
2378 4295 2644 4350 Cathedra
2689 4299 2924 4367 episc0pi
2969 4299 3050 4352 sui
3095 4312 3149 4354 et
3179 4318 3208 4354 a
3242 4303 3508 4358 Cathedra
3547 4302 3698 4365 Petri,

2144 4367 2245 4424 hoc
2275 4379 2356 4423 est
2386 4369 2455 4446 ab
2495 4370 2789 4446 apostolica
2825 4371 2992 4446 sede,
3040 4386 3162 4446 cum
3192 4390 3298 4444 qua
3341 4377 3608 4446 episcopus
3630 4374 3700 4428 ille

2141 4443 2520 4494 communione
2545 4439 2763 4506 junctus
2791 4451 2892 4494 est.
2932 4441 3008 4494 Du
3043 4442 3154 4496 l’tN.

2213 4513 2294 4591 (ii)
2327 4511 2490 4594 Cujus
2511 4509 2918 4594 tu‘Cathedi-am.
2942 4511 3287 4586 Carthaginis
3315 4529 3430 4574 erat
3456 4519 3699 4591 episcopus

2141 4582 2533 4636 scliismaticus.
2568 4585 2791 4635 Amse.

2214 4653 2344 4731 lhid.
2379 4653 2546 4732 Cujus
2558 4662 2613 4705 tu
2636 4651 2952 4732 Cathedram
2973 4656 3135 4710 sedes.
3155 4658 3370 4732 Sedere
3393 4678 3486 4732 pro
3513 4661 3700 4716 insidere

2141 4725 2265 4802 huic
2290 4722 2495 4802 anctori
2524 4723 2785 4802 familiare
2812 4735 2918 4802 est,
2948 4737 3002 4802 ut
3037 4729 3269 4786 suadere
3301 4722 3519 4802 usurpat
3543 4733 3698 4802 Vicen-

2141 4797 2262 4872 tius.
2297 4794 2495 4872 _Veri_un
2530 4795 2645 4872 hoc
2659 4795 2826 4872 nostri
2854 4797 3076 4872 verbum
3105 4810 3188 4855 est
3219 4794 3554 4860 sacerdotale
3581 4821 3594 4857 :
3619 4801 3700 4872 Cy-

2139 4866 2308 4934 priani
2347 4867 2493 4934 cujus
2521 4875 2576 4919 tu
2605 4865 2915 4921 Cathedram
2936 4869 3099 4924 sedes.
3132 4872 3349 4929 Bun'rn.

2208 4939 2290 5019 (ἲ).
2335 4937 2619 5019 Originem.
2652 4936 2920 5019 Cathedra
2955 4940 3296 5019 [farmeniani
3327 4950 3577 5019 originem
3612 4961 3695 5000 non

2139 5006 2401 5089 habebat,
2437 5006 2566 5078 quia
2609 5011 2955 5089 succedebat_
2972 5011 3235 5089 Majoriito
3257 5059 3282 5089 ,ί
3312 5006 3694 5089 «ιιιὶυωηεοτίηιις

2139 5081 2337 5133 nemini
2368 5089 2736 5147 successerat;
2771 5097 2893 5135 nam
2916 5083 3242 5141 Cteciliauus
3272 5081 3534 5146 Mensurii
3549 5090 3694 5144 locum

2135 5158 2192 5206 et
2221 5152 2704 5223 sedcmhabehat;
2742 5162 2796 5206 et
2834 5153 2904 5206 ita
2951 5153 3192 5223 Majorini
3226 5163 3486 5216 cathedra
3527 5163 3692 5216 nullam

2135 5222 2656 5300 originemihabebat
2681 5240 2693 5276 :
2723 5233 2778 5277 et
2803 5234 2924 5300 erat
2943 5222 3184 5282 adultera
3205 5271 3220 5293 ,
3254 5231 3386 5285 falsa
3409 5275 3424 5300 ,
3453 5249 3574 5288 nova
3600 5233 3694 5285 sine

2136 5301 2306 5362 patre.
2341 5304 2394 5347 et
2423 5310 2517 5362 per
2544 5293 2777 5348 sehisma
2807 5296 2984 5363 genita
3014 5307 3066 5351 et
3099 5293 3429 5357 introducta.
3464 5306 3661 5360 Auusr.

2206 5371 2581 5447 (8)_0rig_inem
2608 5391 2711 5427 non
2737 5375 2968 5428 habebat.
2999 5376 3296 5447 Majorinus
3322 5387 3450 5438 nulli
3476 5384 3692 5440 succede-

2133 5443 2241 5516 bat.
2273 5443 2596 5498 Caecilianus
2631 5447 2884 5516 Mensurii
2917 5443 3098 5502 sedem
3132 5460 3184 5506 et
3211 5456 3524 5511 cathedram
3559 5455 3692 5511 babe-

2135 5513 2261 5597 bat:
2303 5526 2423 5597 p_ost
2461 5513 2880 5597 ipsins‘ntortem
2919 5519 2972 5572 in
3002 5519 3120 5597 ejus
3148 5523 3330 5597 locum
3361 5527 3583 5597 legitime
3605 5524 3693 5580 suf-

2134 5586 2302 5640 fectus
2327 5588 2519 5713 fulera
2547 5592 2613 5643 At
2633 5587 2924 5658 Majorinus
2946 5586 3150 5647 nullum
3173 5586 3692 5669 habebatvpraadeces-

2134 5671 2332 5712 soi'cm.
2410 5674 2440 5713 υ
2515 5675 2587 5713 IN.

2133 5671 2332 5712 SOI‘Cm.
2368 5669 2440 5714 UU
2472 5669 2587 5714 PIN.

2206 5728 2284 5800 (9)
2316 5728 2505 5784 Contra
2548 5729 2661 5784 illa.
2716 5731 2974 5797 Quaedam
3023 5733 3330 5795 desiderari
3376 5742 3609 5796 videntur
3647 5741 3688 5794 iu

2134 5797 2234 5856 hac
2266 5797 2572 5872 Sententia;
2615 5802 2709 5860 sed
2753 5817 2947 5861 sensus
2987 5816 3102 5865 est:
3131 5808 3182 5866 Si
3219 5812 3318 5866 tibi
3349 5813 3520 5886 placet
3543 5812 3688 5871 schis-
