3898 6320
197 277 301 335 905
1010 281 1099 339 DE
1138 281 1523 343 SCHISMATE
1569 284 2107 349 DONATISTARUM
2145 291 2352 352 LIBER
2391 248 2695 357 PRIMUS.-

3393 304 3502 365 906

199 390 343 495 mula
374 391 503 495 ,ιιιαὶ
534 401 559 431 ιι
603 391 725 495 (10)
776 408 897 468 quin
943 410 973 451 a
1022 404 1074 453 te
1119 399 1436 495 paulo‘ante
1468 400 1795 495 suntdicta.
1827 404 1876 466 Α
1978 403 2069 460 X1.
2114 406 2270 464 Nota:
2311 408 2555 468 Ecclesia:
2581 412 2851 469 cat/taliae
2879 423 2926 469 et
2951 413 3262 474 schismiitis.
3290 448 3363 461 -
3392 421 3506 495 (16)

196 483 387 541 Dixisti
417 486 560 541 enim
599 487 715 542 ﬁeri
754 502 862 543 non
909 504 1091 560 posse,
1128 501 1184 546 ut
1228 491 1365 547 falso
1404 492 1433 531 1³
1466 484 1792 565 baptismate
1897 496 2231 556 Catholicam
2276 502 2401 559 facit
2439 505 2667 575 simplex
2708 517 2762 562 et
2801 523 2964 563 verus
3005 509 3317 568 intellectus
3349 483 3511 570 in‘le-I-

191 576 505 649 inquinatus
531 579 737 648 abluat,
771 581 1081 639 immundus
1112 585 1390 652 cmundct,
1417 588 1793 658 supplantatar

190 671 385 744 erigat,
418 672 664 744 perditus
701 674 931 744 liberet,
974 693 1099 734 reus
1129 679 1340 735 veniam
1375 680 1596 749 tribuat,
1640 682 1793 737 dam-

185 774 344 822 natus
370 765 637 823 absolvat.
657 768 805 825 Bene
827 767 941 826 haec
960 771 1139 826 omnia
1165 781 1188 810 ο
1212 780 1506 843 potuerunt
1526 769 1555 811 (ι
1572 774 1686 846 (11)
1717 772 1785 829 ad

187 859 337 917 solos
368 858 656 917 haereticos
684 863 959 933 pertinere
984 906 1000 931 ,
1030 865 1121 935 qui
1149 874 1173 903 θ
1199 863 1535 922 falsaverunt
1563 867 1786 939 symbo-

186 953 296 1011 lum
328 971 344 1010 :
376 953 506 1011 dum
534 955 672 1011 alter
698 956 897 1013 dixerit
932 955 952 995 ί
993 956 1131 1014 duos
1159 957 1300 1014 Deos
1332 957 1468 1032 (12),
1494 975 1616 1015 cum
1648 960 1792 1018 Deus

187 1065 326 1106 unus
370 1049 446 1106 sit
480 1065 496 1117 ;
529 1051 667 1107 alter
707 1051 922 1109 Patrem
953 1052 1069 1108 vult
1108 1054 1160 1109 in
1193 1070 1420 1125 persona
1455 1064 1480 1103 ε
1525 1055 1648 1111 Filii
1696 1072 1790 1113 co-

187 1139 452 1215 gnoscih;
480 1143 623 1219 alter
643 1159 864 1201 carnem
900 1145 1209 1203 subdueens
1236 1146 1352 1218 (13)
1384 1147 1522 1204 Filio
1548 1148 1666 1211 Dei.
1693 1166 1791 1220 per

184 1254 345 1311 quam
382 1238 493 1295 Deo
524 1240 909 1299 reconciliatus
937 1250 1020 1297 est
1059 1241 1328 1310 mundus;
1373 1253 1427 1299 et
1468 1244 1653 1300 caeteri
1685 1244 1787 1326 hu-j

179 1330 441 1403 jusmodi,
474 1332 565 1405 qui
590 1332 705 1408 (14)
732 1350 761 1390 a
788 1337 1142 1392 sacramentis
1170 1335 1453 1395 catholicis
1484 1337 1643 1395 alieni
1667 1355 1791 1397 esse

183 1435 510 1482 noscuntur.
565 1427 744 1495 Quare
795 1429 1055 1500 pmniteat
1105 1439 1157 1486 te
1212 1430 1410 1488 talibus
1477 1431 1789 1490 hominibus

181 1520 344 1577 etiam
384 1519 760 1578 schismaticos
804 1521 1117 1593 adjunxisse
1150 1540 1165 1579 :
1199 1524 1253 1581 in
1288 1533 1341 1581 te
1380 1526 1525 1582 enim
1557 1542 1787 1585 conver-

181 1611 294 1668 tisti
321 1613 441 1685 (15)
473 1615 760 1670 sementim
789 1615 1058 1685 gladium,
1092 1617 1219 1674 dum
1250 1620 1485 1676 aestimas
1506 1662 1521 1688 ,
1554 1621 1679 1693 quia
1709 1622 1788 1677 al-

180 1713 325 1763 teros
352 1707 647 1779 appetebas
676 1726 689 1765 :
712 1718 766 1765 et
794 1726 899 1765 non
931 1711 1214 1768 attendisti
1242 1713 1384 1769 inter
1404 1714 1788 1773 scltismaticos

1894 604 1963 661 ge
2000 587 2042 659 ί,
2074 594 2346 664 singulare
2376 611 2441 651 ac
2467 600 2811 655 verissimum
2844 600 2958 675 (17)
2987 616 3423 676 sacramentum,
3456 620 3511 664 et

1895 684 2010 758 (18)
2052 687 2232 743 unitas
2269 692 2595 748 animorum.
2642 693 2888 751 Schisma
2929 712 3091 766 vero,
3145 696 3261 774 (l9)
3317 716 3508 771 sparso

1895 783 2123 854 coagulo
2161 783 2346 855 pacis,
2387 787 2664 859 dissipatis
2703 792 2956 849 sensibus
2984 806 3298 865 generatur,
3334 798 3507 858 livore

1894 876 2151 948 nutritur,
2183 880 2529 937 aemulatione
2560 891 2614 939 et
2640 883 2829 941 litibus
2856 886 3167 956 roboratur,
3199 901 3259 945 ut
3287 891 3505 949 deserta

1894 981 2070 1027 matre
2110 972 2411 1043 catholica,
2458 975 2607 1046 impii
2650 977 2738 1033 lilii
2770 978 2898 1034 dum
2931 979 3078 1037 foras
3104 992 3336 1050 exeunt,
3365 997 3418 1041 et
3444 1001 3508 1043 se
3596 970 3603 973 λ

1893 1080 2151 1139 separant
2188 1070 2208 1144 (
2230 1079 2287 1125 ut
2315 1086 2412 1128 vos
2439 1071 2684 1143 fecistis)
2716 1090 2744 1128 a
2774 1076 2958 1133 radice
2990 1078 3180 1136 matris
3208 1080 3465 1138 Ecclesia:
3486 1125 3502 1151 ,

1895 1158 2109 1216 invidia:
2142 1160 2369 1220 falcibus
2414 1166 2710 1235 amputati,
2744 1168 2979 1224 errando
3030 1170 3265 1228 rebelles
3315 1174 3507 1231 absce-

1890 1249 2063 1308 dunt:
2111 1256 2211 1327 12
2252 1269 2352 1310 nec
2392 1264 2617 1326 possunt
2674 1272 2871 1315 novum
2924 1260 3168 1333 aliquid,
3213 1274 3319 1320 aut
3353 1266 3497 1323 aliud

1890 1358 2051 1416 agere
2071 1385 2088 1410 ,
2120 1346 2220 1401 nisi
2252 1345 2395 1417 quod
2420 1346 2743 1416 jamdudum
2775 1350 2891 1425 (20)
2920 1353 3064 1424 apud
3102 1370 3256 1411 suam
3297 1356 3503 1416 didice-

1892 1445 2020 1493 runt
2047 1444 2274 1492 matrem
2307 1437 2449 1511 (21).
3252 1460 3257 1461 ν

1961 1527 2079 1584 XII.
2113 1526 2309 1585 Iterum
2341 1530 2405 1584 de
2433 1524 2799 1590 Itlet'elicorum
2828 1547 2878 1592 et
2906 1538 3357 1599 schismaticorum
3395 1546 3504 1601 dis-

1889 1622 2121 1677 crimine.
2147 1652 2220 1664 -—-
2248 1622 2499 1680 Haeretici
2540 1641 2698 1695 vero,
2740 1632 2990 1689 veritatis
3027 1635 3251 1706 exules,
3293 1639 3411 1695 sani
3450 1649 3505 1698 et

1896 1713 2014 1785 (22)
2046 1715 2317 1772 verissimi
2351 1716 2365 1768 l
2406 1718 2637 1791 symboli
2665 1720 3009 1794 desertores,
3042 1726 3111 1784 de
3140 1729 3263 1787 sinu
3300 1740 3504 1791 sancta:

180 1808 234 1856 et
252 1798 566 1869 htereticos,
588 1817 748 1870 quam
772 1803 1046 1875 sitmagna
1062 1804 1339 1862 distantia.
1355 1805 1487 1863 inde
1508 1816 1615 1875 est,
1637 1809 1781 1881 quod
1814 1812 1861 1873 B
1890 1806 2151 1864 Ecclesiae
2180 1807 2360 1881 impiis
2390 1813 2946 1887 sensibusldepravati
2972 1861 2987 1880 ,
3020 1833 3334 1896 contempto
3357 1829 3501 1897 quod

176 1890 417 1963 ignoras.
465 1901 520 1948 et
563 1906 683 1964 qua:
727 1894 798 1950 sit
845 1906 1033 1952 sancta
1066 1895 1352 1967 Ecclesia:
1387 1907 1441 1955 ct
1487 1898 1566 1956 sic
1606 1901 1786 1957 omnia

179 1987 473 2048 miscuisti.

1897 1899 2015 1973 (23)
2046 1904 2184 1959 bene
2215 1901 2431 1960 fuerant
2459 1907 2664 1977 geniti,
2700 1915 2758 1964 ut
2785 1910 3096 1982 ignorantes
3122 1925 3179 1973 et
3205 1920 3372 1977 rudes
3400 1921 3501 1978 de-

1892 1995 2175 2068 ciperent,
2251 1997 2366 2071 (21)
2433 1999 2504 2057 de
2574 2017 2635 2058 se
2710 2006 2860 2063 nasci
2932 2009 3242 2069 voluerunt.
3301 2017 3366 2073 Et
3406 2019 3498 2091 qui

1402 2109 1797 2169 LECTIONES
1835 2109 2260 2168 VARIANTES.

241 2199 273 2230 ⁸
301 2197 684 2267 MendosissLme
702 2198 915 2267 ineditis
932 2198 1205 2267 habebatur
1227 2207 1397 2267 contra
1427 2199 1535 2267 illa,
1562 2217 1656 2255 nec
1678 2218 1786 2256 me-

176 2261 275 2336 lius
300 2262 352 2311 in
376 2275 491 2312 mss.
519 2261 655 2336 SAT.
677 2268 729 2336 et
755 2261 814 2312 P.
848 2262 902 2313 8.
929 2274 1039 2336 cum
1081 2260 1189 2314 illa.
1236 2263 1375 2316 Hane
1418 2260 1785 2319 restitutionem

174 2325 425 2375 debemus
448 2339 537 2376 ms.
557 2323 1026 2376 San—Germanensi.

237 2384 271 2462 ξ
302 2387 362 2462 [ιι
386 2388 536 2462 editis
560 2395 612 2438 et
631 2388 823 2462 inﬁmis.
847 2386 902 2438 S.
927 2387 985 2438 Τ.
1010 2394 1063 2441 et
1080 2388 1140 2440 P.
1162 2389 1217 2441 S.
1237 2389 1291 2442 in
1311 2387 1451 2455 falso.

241 2452 266 2482 ε
302 2450 465 2501 Deest
486 2452 536 2502 in
560 2464 650 2501 ms.
676 2450 729 2501 8.
756 2450 817 2501 G.

238 2509 270 2580 (ξ
302 2512 377 2580 ita
395 2514 444 2580 in
463 2515 829 2580 omnibus_m_ss.
856 2512 987 2580 Male
1008 2515 1067 2580 it_1_
1078 2515 1226 2580 editis
1245 2520 1485 2580 poterunt.

241 2578 270 2607 ο
303 2574 380 2626 Ita
403 2578 453 2651 in
477 2589 569 2651 ms.
593 2577 648 2628 S.
674 2575 735 2628 G.
761 2576 922 2630 Iams.
944 2577 998 2628 S.
1027 2576 1163 2629 T.P.
1205 2574 1258 2631 Si
1300 2581 1428 2632 etin
1465 2579 1634 2646 editis,
1671 2580 1788 2647 quia

175 2650 277 2690 non
300 2650 518 2690 omnino.

175 2761 186 2770 ,
238 2700 266 2742 f
304 2702 366 2754 In
388 2701 638 2755 ms.S.G.
677 2699 825 2755 dixit.

1955 2206 1982 2276 ἕ
2015 2204 2072 2276 ξι]
2099 2206 2378 2276 mss._S._T.
2395 2213 2448 2259 et
2465 2208 2525 2259 P.
2550 2210 2602 2261 8.
2628 2207 2681 2263 in
2696 2226 2970 2276 personam.

1952 2266 1986 2306 h
2018 2268 2073 2319 lu
2094 2283 2183 2320 ms.
2212 2270 2265 2321 S.
2290 2269 2351 2321 G.
2375 2283 2683 2325 cognoscere.

1890 2348 1893 2353 ι
1953 2329 1971 2370 ί
2005 2330 2069 2404 .lu
2095 2333 2257 2404 editis,
2279 2329 2556 2404 intelligere
2584 2346 2773 2404 :_a_tque
2797 2341 2844 2390 in
2867 2355 2981 2393 mss.
3008 2345 3060 2395 S.
3086 2344 3147 2396 Τ.
3177 2355 3230 2400 et
3252 2349 3311 2399 P.
3329 2352 3380 2403 S.
3406 2353 3498 2403 sed

1889 2394 2255 2468 magisnarridet
2278 2394 2332 2447 in
2351 2394 2480 2468 lege,
2499 2401 2629 2468 quod
2653 2394 2867 2453 habetur
2890 2406 2938 2454 in
2966 2394 3056 2458 ms.
3077 2394 3127 2458 8.
3148 2394 3502 2468 Gfu't'séiu'ééi

1888 2456 2694 2540 999.599???esseesset;
2733 2456 3495 2540 sinceraﬁdésidﬁéeihEéiifﬁ?

1887 2520 2575 2606 remetireeerstistei
2592 2520 2905 2606 serena-au»
2930 2530 3023 2582 ιιοο
3046 2520 3496 2606 escas-aiis-

1885 2580 2169 2643 telligéntia
2193 2585 2352 2649 posita
2377 2591 2472 2648 est,
2495 2594 2549 2637 et
2564 2591 2727 2639 unitas
2746 2580 3038 2645 animorum.

1964 2645 1980 2696 1
2024 2644 2082 2696 In
2106 2658 2197 2698 ms.
2222 2646 2276 2698 S.
2302 2646 2360 2700 G.
2385 2660 2508 2700 verr.

2051 2658 2508 2700 οιηε.δ.ιά.υρνι

1526 2789 1893 2852 VARIORUM
1930 2793 2166 2854 ΝΟΤΛΕ.

174 2890 410 2965 maticos
437 2891 711 2965 haereticis
739 2892 1072 2965 adjungere,
1107 2893 1276 2951 miror
1311 2896 1364 2951 te
1402 2894 1613 2965 aliquid
1654 2912 1787 2954 con-

1892 2905 2177 2983 usurpari,
2218 2916 2276 2961 ut
2312 2908 2599 2983 sententia:
2626 2909 2755 2967 nihil
2784 2912 3016 2983 intersit,
3044 2917 3092 2974 si
3125 2919 3365 2979 tollatur.
3399 2923 3496 2981 In-

176 2964 577 3068 teresse
606 2964 1110 3068 ιξιιξετεηρξιξιιξ
1135 2967 1789 3068 erismae.eam
1892 2964 2122 3068 ςειςεηρε
2147 2964 2326 3068 item
2357 2988 2417 3068 «ει
2439 2964 2909 3068 ίηιςιίίθςηάαἱιῖ
2923 2964 3494 3068 ‘sznisa'_aars22;;rzi

172 3037 411 3094 cendum
448 3045 566 3103 est,
609 3046 665 3094 et
703 3036 772 3093 de
802 3036 1096 3094 Donatistis
1134 3038 1224 3110 qui
1268 3048 1396 3168 inut
1432 3038 1785 3099 schismatici.

1319 3126 1500 3167 susp.

1319 3126 1500 3167 LBASP.

239 3180 387 3239 Ibid.
427 3180 620 3237 Contra
658 3180 754 3237 illa
791 3196 908 3252 aute
943 3198 975 3237 a
1015 3190 1062 3253 te
1086 3182 1258 3253 (paulo
1298 3194 1419 3237 ante
1457 3193 1576 3239 sunt
1620 3186 1779 3242 dicta.

174 3251 370 3309 Contra
398 3254 484 3310 hic
508 3254 648 3308 idem
676 3262 760 3310 est
781 3251 956 3326 ,acsi
982 3251 1212 3311 dixisset
1232 3296 1247 3318 ,
1276 3272 1302 3310 e
1323 3256 1545 3323 diverso,
1575 3273 1777 3326 rursus,

170 3331 316 3391 sive,
347 3336 454 3381 tum
480 3341 634 3381 vero:
657 3324 952 3396 repetendo
975 3327 1196 3380 verbum
1224 3328 1403 3393 miror,
1430 3342 1459 3381 a
1489 3324 1774 3398 principio.

170 3397 308 3453 Cum
350 3407 529 3453 tamen
553 3407 736 3469 postea
766 3407 1026 3468 sequatur
1050 3438 1066 3465 ,
1096 3398 1151 3452 in
1182 3407 1229 3453 te
1257 3400 1546 3454 convertisti
1574 3397 1779 3457 senten-

170 3470 252 3525 tt'te
297 3471 573 3545 gladium,
615 3469 738 3545 dum
778 3469 1204 3545 testimas_,__quia
1242 3470 1429 3525 alteros
1468 3472 1778 3540 appetebas:

170 3557 272 3597 non
299 3541 464 3597 'male
502 3541 754 3597 restituas
792 3550 974 3595 contra
992 3542 1106 3613 illa
1140 3557 1256 3613 quae
1293 3554 1414 3597 ante
1453 3546 1609 3611 paulo
1639 3546 1778 3599 dicta

167 3625 287 3685 sunt
310 3656 324 3677 ,
358 3612 559 3669 d'm'stt'.
593 3613 761 3669 Error
789 3614 858 3668 ab
887 3627 954 3668 eo
983 3611 1166 3685 fonte,
1198 3628 1306 3684 quo
1334 3614 1488 3668 multi
1536 3617 1733 3685 passim
1760 3634 1773 3670 :

168 3684 296 3757 inde
328 3700 530 3756 nempe
557 3686 699 3755 quod
731 3686 957 3740 alteram
997 3684 1176 3739 dixisti
1215 3686 1458 3753 proxime
1496 3684 1773 3757 sequatur.

168 3755 507 3827 Quamquam
539 3772 638 3812 nec
664 3756 976 3829 _illo.4dt'xisti
1004 3771 1140 3829 opus
1168 3759 1273 3812 erit
1292 3799 1315 3829 ,ν
1337 3758 1382 3812 si
1424 3767 1545 3812 sunt
1571 3755 1655 3813 vel
1686 3760 1775 3829 fa-

168 3829 306 3885 ciunt
336 3829 632 3901 intelligas.
655 3827 763 3901 Sed
792 3827 896 3883 hoc
922 3828 1062 3883 leve.
1093 3827 1427 3901 Monendnm,
1445 3839 1621 3885 tamen
1653 3827 1773 3899 fuit,

166 3915 232 3957 ne
274 3902 405 3974 quis
447 3899 569 3958 cum
609 3899 956 3972 Albaspinteo
995 3910 1145 3972 putet
1143 3900 1375 4028 ὗιιιὲιίἓ
1416 3900 1505 4028 Ιιιξθ
1557 3901 1770 3960 deesse.

1203 4013 1216 4027 .
1301 3989 1331 4027 Α
1368 3989 1435 4028 an
1476 4014 1489 4027 .

1203 4013 1216 4027 .
1258 3987 1489 4029 LASAUB.

230 4043 353 4119 (10)
394 4043 619 4119 Cumulo
654 4044 766 4119 illa.
812 4042 943 4119 Post
979 4043 1122 4100 hanc
1146 4046 1591 4119 restitutionem,
1637 4045 1773 4103 nihil

160 4115 215 4172 in
257 4114 365 4174 hoc
408 4117 551 4184 loco,
584 4117 674 4188 qui
704 4114 1283 4188 Expusitorespﬁrum
1315 4115 1369 4171 in
1400 4118 1618 4173 modum
1659 4127 1774 4173 tor-

160 4200 343 4258 serat,
374 4186 716 4261 difﬁcultatis
758 4186 1027 4259 superem.
1072 4186 1207 4261 Vide
1252 4187 1381 4261 quid
1419 4204 1450 4245 e
1488 4188 1772 4261 principiis

162 4261 263 4315 tuis
314 4260 584 4317 adversus
633 4268 685 4316 te
732 4258 1033 4329 sequatur;
1083 4260 1127 4315 si
1176 4258 1323 4315 inter
1370 4258 1681 4318 haereticos
1717 4272 1772 4320 et

157 4332 544 4388 schismaticos
574 4332 781 4387 nullum
813 4331 1098 4388 discrimen
1120 4343 1226 4387 est.
1255 4332 1333 4387 Du
1360 4332 1474 4389 Pm.

226 4404 346 4477 (11)
393 4403 476 4458 Ad
504 4404 640 4459 solos
664 4401 1100 4477 ltwreticos._Non
1130 4403 1242 4477 vult
1271 4403 1459 4477 dicere
1484 4404 1771 4463 ltmreticos

157 4489 263 4530 non
314 4474 484 4546 posse
530 4475 835 4545 baptizare.
881 4474 977 4530 sed
1023 4490 1117 4547 eos
1155 4474 1421 4547 duntaxat
1450 4476 1766 4547 haereticos,

158 4550 247 4617 qui
276 4545 390 4603 nou
424 4547 701 4619 tingebant
738 4548 793 4602 in
825 4547 1043 4602 nomine
1076 4546 1280 4610 Patris.
1329 4545 1481 4614 Filii,
1514 4555 1569 4603 et
1598 4545 1772 4618 Spiri-

1893 3049 2087 3127 tatione
2112 3091 2155 3116 ,-
2186 3061 2243 3105 ιιι
2295 3051 2464 3127 vulgo
2496 3049 2827 3127 loquimur}
2885 3060 3029 3127 apud
3081 3049 3496 3127 Ecclesiasticos

1892 3120 2192 3211 scriptores
2220 3120 2625 3211 translatitiuni.
2649 3126 2768 3211 Mos
2795 3120 2976 3211 autem
2992 3173 3008 3200 ,
3032 3149 3192 3211 quem
3210 3120 3494 3211 edenda,

1811 3218 1856 3284 ϐ
2247 3195 2543 3284 abscedunt,
2562 3212 2659 3284 pro
2688 3191 3492 3284 subjunctivo'(quodﬁeratile:

1885 3264 2159 3340 gitimutn)
2190 3265 2335 3336 legat
2359 3268 2451 3324 ille
2476 3279 2521 3322 et
2549 3264 2751 3326 deserta
2766 3264 2917 3336 ,vnon
2950 3285 3006 3331 ut
3033 3264 3124 3333 hic
3149 3291 3203 3334 ut
3232 3264 3492 3340 demat—li-

1887 3337 1975 3409 ter
2001 3345 2177 3409 tamen
2206 3353 2307 3409 ego
2331 3342 2529 3395 sentio.
2558 3340 2630 3396 M.
2661 3342 2895 3400 CASAUB.

1956 3406 2077 3490 (1:7)
2109 3406 2522 3490 Sacramentum.
2569 3411 2745 3470 Unum
2786 3418 3124 3490 symbolum;
3166 3440 3329 3483 unam
3362 3428 3487 3488 ﬁdei

1883 3479 2146 3549 regulam.
2179 3483 2406 3538 ALBASP.
2816 3479 2834 3488 ’
3054 3504 3067 3511 δ

1954 3550 2073 3631 (18)
2100 3552 2297 3631 _Unitas
2331 3556 2639 3631 animorum.
2677 3557 3001 3617 Communio
3036 3564 3249 3626 interna
3279 3573 3489 3631 anima-

1880 3638 1999 3696 rum
2020 3642 2031 3676 :
2050 3624 2203 3696 idem
2232 3641 2461 3695 sensus,
2496 3629 2684 3685 eadem
2712 3631 2978 3688 voluntas.
3012 3624 3243 3696 ALBASP.

1952 3693 2067 3775 (
2091 3696 2366 3775 Schisma,
2391 3693 2571 3775 sparso
2592 3702 2811 3775 coagulo
2837 3706 2977 3773 pacis
2996 3748 3012 3774 ,
3041 3693 3334 3775 generatur.
3365 3717 3489 3774 Ele-

1878 3767 2197 3863 gantissime
2225 3767 2497 3863 coagulum
2518 3787 2615 3856 pro
2635 3767 2825 3845 co'pula
2837 3767 3026 3848 posuit
3041 3767 3307 3843 Varroin
3322 3767 3484 3863 sat):-

1880 3852 2060 3894 rarum
2084 3840 2421 3911 fragmentis,
2443 3840 2693 3902 desino:

2093 3931 2202 3984 Hoc
2221 3937 2443 3987 continet
2462 3936 2721 3999 coagulum
2745 3941 2984 3993 convivia.

1880 4016 1947 4073 Et
1976 4017 2202 4076 Publius
2228 4019 2400 4092 Syrus
2429 4023 2484 4077 in
2511 4021 2719 4079 Mimis:

2092 4112 2335 4166 Amicitiae
2352 4116 2612 4180 coagulum
2635 4118 2832 4170 unicum
2850 4128 2929 4173 est
2946 4120 3089 4175 ﬁdes.
3156 4123 3352 4180 Iacens.

1946 4199 2318 4291 Sparso
2347 4203 2584 4291 coagula
2597 4206 2759 4291 pacis.
2799 4206 3237 4291 Elegantissime
3286 4206 3480 4291 coagu-

1875 4271 1983 4328 lum
2013 4288 2113 4345 pro
2138 4271 2324 4348 copula
2354 4271 2508 4331 dixit.
2543 4271 2769 4334 Publius
2798 4271 2973 4337 Minus
2999 4300 3011 4337 :

2092 4367 2332 4420 Amicitia:
2356 4369 2613 4433 coagulum
2642 4373 2839 4423 unicum
2862 4380 2942 4427 est
2960 4375 3100 4429 tides.

1875 4450 2048 4507 Varro
2073 4451 2143 4508 de
2171 4454 2295 4509 vin‘o
2320 4472 2334 4508 :

2088 4530 2195 4582 Hoc
2216 4534 2440 4584 continet
2456 4532 2714 4598 coagulum
2738 4538 2977 4588 convivia.

156 4613 243 4702 tus
281 4619 467 4702 sancti
485 4613 529 4684 ,⁷
544 4622 747 4690 quique
785 4618 853 4675 de
894 4619 1068 4675 tribus
1107 4619 1358 4689 personis
1396 4613 1538 4676 male
1567 4613 1770 4677 sentie-
1793 4625 1848 4686 1)
1878 4613 2014 4702 Vide
2053 4617 2393 4702 plura-infra“
2411 4618 2603 4702 horum
2650 4632 2943 4702 comment.
2992 4622 3195 4698 Copula
3232 4634 3477 4702 perﬁdia:

156 4689 307 4746 bant.
347 4695 589 4748 Amas».

223 4762 350 4835 (12)
385 4764 535 4818 Alter
560 4762 745 4818 dixerit
775 4763 907 4818 duos
936 4762 1078 4819 deos.
1112 4760 1329 4835 Cerdou
1352 4803 1367 4828 ,
1399 4762 1658 4820 Marcion.

224 4906 347 4981 (15)
386 4907 529 4981 Alter
557 4923 763 4962 carnem
784 4906 1094 4963 subducens.
1127 4834 1635 4964 Valentiifufielialii
1666 4908 1772 4965 Do-

153 4980 331 5036 cetie.’
361 4981 442 5035 Du
472 4980 590 5035 Pm.

220 5050 357 5125 (11)
385 5053 428 5105 Α
456 5052 789 5107 sacramentis
819 5049 1121 5108 Catholicis.
1156 5052 1204 5106 A
1233 5051 1485 5124 symbolo
1514 5062 1569 5108 et
1603 5053 1769 5110 rebus

150 5121 298 5180 ﬁdei.
329 5121 569 5182 Amase.
988 5132 999 5149 κ

218 5197 343 5269 (15)
385 5195 688 5251 Sententiae.
740 5194 1007 5269 Probastii
1040 5205 1091 5252 te
1139 5210 1249 5251 non
1300 5210 1461 5268 posse
1500 5194 1763 5269 (conferre

148 5267 488 5350 baptismum
504 5308 520 5329 ,
540 5271 708 5350 _qt't_ia_
735 5268 1109 5350 schismatieos
1154 5284 1275 5350 cum
1305 5267 1593 5350 fltrereticis
1633 5267 1761 5324 mis-

148 5338 353 5411 cuisti,
396 5339 491 5411 qui
521 5338 595 5395 de
618 5338 881 5394 Trinitate
912 5341 1050 5397 male
1079 5342 1338 5396 sentiunt.
1385 5344 1614 5395 ALBASP.

217 5410 345 5485 (16)
377 5408 698 5485 catholicam
742 5412 1129 5485 facitgsimplea:
1171 5422 1217 5466 et
1259 5427 1406 5467 verus
1446 5411 1755 5485 intellectus,

1873 4687 2028 4760 apud
2047 4688 2329 4760 Virgilium
2361 4690 2471 4747 fine
2501 4690 2592 4745 lib.
2620 4706 2657 4747 ι.
2686 4690 2893 4749 ΒΑιιτιι.

1948 4758 2081 4843 (20).
2114 4758 2269 4831 Apud
2306 4778 2453 4816 suam
2496 4762 3055 4843 didiceruut_matrem.
3094 4771 3249 4843 Apud
3289 4791 3474 4834 veram

1874 4831 2172 4912 Ecclesiam
2190 4876 2205 4901 ,
2229 4849 2266 4912 a_
2280 4848 2384 4904 qua
2401 4849 2525 4889 cum
2546 4839 2904 4912 recesserint,
2931 4855 3040 4896 non
3068 4831 3293 4912 possunt
3319 4831 3477 4905 aliter

1874 4904 1943 4960 de
1982 4903 2089 4960 title
2115 4903 2590 4985 ,εθιιιίέθηιιεξιιιιᾳ
2617 4908 2778 4964 aliter
2813 4903 3151 4970 sacramenta
3192 4903 3474 4979 celebrare

1874 4990 2034 5047 quam
2065 4977 2239 5032 m'ater
2266 4977 2532 5033 Ecclesia.
2562 4979 2794 5038 ALBASP.

1945 5047 2062 5122 (21)
2090 5048 2246 5124 Apud
2292 5066 2438 5105 suam
2464 5051 2755 5107 didicerunt
2781 5065 3011 5110 matrem.
3042 5056 3343 5119 Ecclesium
3370 5068 3478 5124 sci-

1870 5120 1996 5178 licet
2021 5136 2139 5190 qua:
2170 5120 2316 5190 prius
2344 5138 2528 5178 eorum
2557 5134 2674 5180 erat
2703 5135 2893 5184 mater.
2928 5129 3003 5183 Du
3032 5128 3147 5185 Pm.

1937 5191 2056 5270 (22)
2090 5190 2323 5264 Symboli
2351 5195 2957 5270 desetLtores.»_Regnlam
2997 5202 3120 5259 fidei
3160 5217 3473 5269 avertentes

1864 5274 1921 5322 et
1940 5265 2277 5333 deserentes,
2303 5275 2361 5321 ut
2382 5275 2458 5321 att
2476 5265 2835 5325 Tertullianus
2848 5270 2915 5349 de
2943 5265 3469 5349 Prtescriptionilms:

1935 5407 2052 5490 (23)
2081 5407 2232 5490 Quod
2259 5410 2383 5468 bene
2407 5414 2611 5485 fuerant
2632 5415 2809 5486 geniti.
2836 5341 3261 5490 Fitzititstigeniti
3289 5422 3340 5479 in
3370 5424 3472 5481 Ec-

146 5480 462 5554 intélligerc.
508 5483 577 5540 Ut
615 5480 810 5553 aliquis
851 5483 920 5537 sit
958 5480 1186 5553 sensus,
1226 5485 1308 5539 vel
1344 5483 1757 5553 expungendum
1863 5480 2052 5554 clesia'.
2081 5480 2313 5554 ᾼιιιιιςι».

144 5564 233 5611 est
256 5554 401 5626 illud
427 5554 740 5625 intelligere,
770 5555 913 5626 quod
941 5571 1074 5612 sane
1103 5556 1295 5610 melius
1320 5555 1492 5621 absit,
1521 5566 1613 5609 aut
1637 5571 1761 5611 con-

141 5625 489 5700 iungendum
518 5641 652 5700 (cum
694 5625 1055 5700 prmcedenti,
1101 5629 1258 5699 facit:
1289 5626 1758 5700 facitintetligere,

146 5699 198 5754 id
240 5708 367 5765 est,
415 5698 674 5763 declarat,
713 5698 930 5756 indicat.
970 5698 1129 5770 Saepe
1155 5698 1299 5756 enim
1338 5698 1603 5755 redundat
1630 5698 1762 5755 illttd

145 5771 475 5842 intelligere,
500 5781 573 5845 ut
608 5770 909 5845 intelligeris
934 5771 1214 5845 ignorare,
1245 5787 1346 5845 pro,
1367 5771 1577 5845 ignoras
1597 5812 1612 5837 ,
1643 5779 1766 5845 post

146 5840 369 5916 pauca,
407 5852 460 5898 et
499 5843 592 5898 lib.
624 5858 659 5898 ιι
687 5840 897 5911 {semel
930 5840 1664 5916 iterumque'animadvertas
1692 5843 1764 5901 ita

690 5937 809 5999 Pu
822 5955 967 5998 ιιοι..
1029 5936 1145 6001 XI.

1942 5553 2058 5628 (21)
2089 5552 2167 5633 De
2216 5572 2270 5610 se
2295 5556 2450 5633 nasci
2483 5554 2790 5633 voluerunt;
2824 5556 3030 5633 Novum
3061 5572 3255 5633 caput,
3301 5576 3359 5621 ut
3396 5567 3472 5624 ait

1867 5624 2105 5683 Joannes
2133 5624 2735 5709 lemsolymitanus_ad_
2751 5628 3117 5709 Epiphanith
3129 5624 3427 5709 'ereierttnt
3450 5683 3466 5709 ,

1870 5707 1924 5754 et
1950 5714 2148 5753 novam
2173 5700 2578 5755 constituerunt
2615 5700 2944 5770 Ecclesiam,
2985 5712 3041 5759 et
3075 5702 3401 5766 Cathedram
3441 5700 3474 5771 εἰ

1870 5771 2022 5826 nullo
2076 5781 2389 5841 prognatam
2438 5782 2495 5827 et
2541 5771 2998 5841 descendentem;
3042 5775 3147 5832 hoc
3184 5788 3269 5836 est
3301 5782 3373 5838 de
3414 5800 3475 5842 se

1871 5842 2058 5911 nasci;
2098 5842 2213 5899 sive
2247 5843 2510 5915 originem
2556 5843 2705 5899 illam
2744 5860 2905 5916 quam
2937 5845 3209 5907 habebant
3239 5854 3480 5929 relique-

2922 5941 3003 6003 29
