3898 6320
421 284 527 344 927

1643 290 1889 350 SANC'I‘I
1929 290 2184 350 OP'I‘ATI
2226 291 2533 352 EPISCOPI

3580 299 3668 358 928

419 409 808 484 indulgentiam
840 412 1035 469 meruit
1067 411 1242 486 (laute
1269 413 1368 487 ut)
1396 423 1446 469 ι.
1499 412 1615 493 (64)
1647 413 1938 471 Videamus
1976 414 2020 469 si
2051 416 2098 476 Α
2128 413 2428 470 absorbuit.
2460 412 2577 487 (65)
2611 412 2753 470 Intra
2786 413 3047 471 momenti
3075 414 3326 488 spatium,
3348 416 3412 471 ad
3442 418 3674 489 transglu-

422 505 627 576 aliquid
657 506 762 563 tale
789 508 1064 563 consecuti
1093 517 1216 564 sunt
1250 508 1301 562 hi
1325 509 1417 579 qui
1446 509 1673 579 populos
1703 508 1797 563 Dei
1831 507 2017 576 primis

422 604 511 654 tus
537 599 652 654 ausi
684 608 810 655 sunt
838 598 1107 656 scindere.
1138 599 1242 656 Tot
1269 600 1509 656 millibus
1555 599 1785 656 filiorum
1831 599 2019 668 Israel,

421 705 653 762 quorum
698 708 728 746 a
772 691 1073 749 cervicibus
1110 691 1293 748 divina
1326 692 1660 763 providentia
1685 694 1870 765 jugum
1900 708 2021 749 ser-

421 785 529 842 vile
559 785 856 858 deiecerat,
886 791 1064 844 Aaron
1089 798 1335 843 sanctum
1379 803 1542 844 unum
1588 780 1905 861 praefecerat
1937 802 2025 843 sa-

421 878 700 937 cerdotem
728 879 917 953 (Nam.
951 880 1093 950 xvr).
1127 880 1236 937 Sed
1268 897 1387 938 cum
1422 880 1655 937 ministri
1687 882 1807 952 ejus
1834 895 2020 936 sacer-

422 973 629 1031 dotium
681 989 789 1030 non
842 974 946 1034 sibi
996 974 1240 1031 debitum
1289 975 1768 1045 concupiscentes,
1799 974 2023 1030 seducta

425 1079 585 1140 parte
614 1068 796 1139 pepuli
828 1067 1017 1125 illicite
1044 1068 1395 1136 invaderent,
1428 1069 1590 1125 ritum
1616 1067 1806 1124 imitati
1837 1083 2021 1124 sacro-

423 1177 569 1229 rum,
599 1161 861 1218 ducentos
884 1202 900 1229 ,
926 1169 984 1217 et
1011 1161 1154 1231 quod
1184 1162 1446 1225 excurrit,
1481 1162 1755 1218 ministros
1781 1176 1966 1218 secum
1994 1162 2024 1204 1³

425 1257 729 1328 perituros,
758 1270 882 1311 cum
925 1254 1214 1312 thuribulis
1258 1255 1315 1311 in
1362 1254 1544 1313 fronte
1590 1255 1801 1313 seducti
1841 1256 2027 1327 populi

350 1346 359 1351 “
430 1356 778 1420 posuerunt:
806 1347 951 1405 Dens
971 1349 1058 1405 cui
1086 1348 1337 1420 displicet
1376 1349 1634 1413 schisma,
1666 1348 1769 1404 hoc
1794 1349 2029 1405 libenter

428 1440 614 1497 videre
642 1456 749 1496 non
780 1442 972 1510 potuit.
1017 1440 1327 1497 lndixeraut
1353 1441 1751 1512 quodammodo
1783 1442 1890 1497 Deo
1916 1441 2027 1497 bel-

431 1535 565 1599 lum,
593 1535 745 1604 quasi
769 1542 916 1591 esset
943 1536 1081 1591 alter
1108 1536 1267 1600 Deus,
1292 1535 1383 1606 qui
1403 1535 1632 1590 alterum
1654 1535 1925 1605 acciperet
1943 1548 2029 1590 sa-

433 1629 723 1687 criﬁcium.
768 1630 935 1702 Igitur
968 1631 1114 1688 Deus
1146 1646 1243 1701 pro
1270 1630 1529 1703 neglectis
1561 1631 1830 1685 mandatis
1860 1632 1973 1685 suis
2000 1637 2025 1667 °

434 1724 606 1780 iratus
635 1732 718 1779 est
745 1725 823 1779 ira
850 1739 1065 1795 magna,
1096 1733 1153 1779 et
1189 1724 1331 1795 quod
1362 1726 1413 1779 in
1452 1724 1747 1793 sacrilegos
1772 1734 1826 1779 et
1855 1724 2027 1792 parri-

2129 507 2340 563 tiendos
2370 508 2659 578 praedictos
2690 519 2827 564 terra
2860 511 3051 581 patuit,
3086 511 3279 582 rapuit,
3313 509 3481 567 clausa
3505 521 3593 567 est.
3614 513 3673 570 Et

2127 617 2196 657 ne
2223 602 2543 659 beneficium
2573 604 2641 660 de
2684 605 2874 660 mortis
2921 605 3243 675 compendio
3281 608 3518 677 consequi
3545 607 3671 665 vide-

2126 706 2335 766 rentur,
2363 698 2488 753 dum
2536 713 2641 753 non
2688 709 2870 754 essent
2915 690 3060 770 digni
3090 701 3292 765 vivere,
3321 699 3384 754 iis
3427 715 3519 757 nec
3558 702 3673 758 mori

2126 804 2442 846 concessum
2472 801 2557 847 est
2585 809 2598 846 :
2632 798 2871 847 tartareo
2904 806 3126 847 carcere
3161 792 3336 847 subito
3363 793 3545 858 clausi,
3573 803 3678 850 ante

2127 892 2255 938 sunt
2288 884 2482 953 sepulti
2512 900 2670 955 quam
2704 884 2923 940 mortui.
2944 885 3287 940 Etmiramini
3317 883 3494 941 vobisf
3510 885 3680 957 aliquid

2130 978 2236 1032 tale
2264 992 2457 1047 aspere
2488 977 2683 1032 factum
2706 1019 2718 1040 ,
2751 978 2842 1047 qui
2883 977 3119 1033 schisma
3149 989 3243 1033 aut
3267 977 3436 1033 facitis
3460 987 3544 1032 aut
3567 978 3681 1033 coli-

2128 1069 2196 1125 tis
2226 1079 2275 1137 π,
2303 1085 2425 1124 cum
2451 1070 2681 1126 videatis
2709 1069 2839 1142 quid
2886 1071 3125 1140 magistri
3170 1071 3326 1141 primi
3351 1066 3380 1107 ιι
3416 1069 3683 1127 schismatis

2129 1165 2237 1237 pati
2267 1173 2603 1221 meruerunt.
2629 1162 2746 1238 (66)
2778 1165 2861 1222 An
2891 1165 3021 1237 quia
3050 1158 3228 1220 c'essat
3256 1164 3373 1220 talis
3410 1165 3560 1220 modo
3582 1165 3683 1220 vin-

2131 1256 2295 1324 dicta,
2326 1256 2449 1313 ideo
2481 1258 2576 1315 tibi
2603 1273 2725 1314 cum
2753 1259 2857 1315 tuis
2878 1258 3124 1314 vindicas
3155 1257 3541 1313 innocentiam?
3568 1257 3683 1314 Deus

2131 1349 2184 1405 in
2211 1350 2436 1421 singulis
2476 1352 2641 1421 rebus
2668 1352 3044 1421 exemplorum
3089 1350 3271 1423 posuit
3315 1350 3558 1415 formam;
3586 1351 3685 1424 (6⁵1)

2132 1453 2191 1499 ut
2235 1446 2303 1501 sit
2346 1446 2489 1516 quod
2536 1447 2765 1516 imputet
2796 1425 3138 1501 imitantibus
3170 1463 3184 1500 :
3217 1446 3608 1516 primapeccata
3632 1443 3686 1500 ad

2132 1538 2439 1607 exemplum
2474 1553 2713 1609 praisens
2741 1553 2897 1608 ptena
2934 1538 3255 1609 compressit
3283 1580 3297 1604 ,
3333 1516 3689 1608 secunda'jutli-

2133 1628 2219 1685 cio
2248 1630 2545 1685 reservabit
2573 1628 2619 1687 ί.
2648 1631 2789 1700 Quid
2818 1631 2886 1686 ad
2919 1631 3035 1686 haec
3063 1629 3263 1686 dicturi
3293 1631 3442 1694 estis,
3469 1630 3548 1699 qui
3573 1630 3691 1684 schi-

2134 1732 2546 1793 sma,usurpato
2572 1722 2828 1780 Ecclesia:
2856 1725 3105 1791 nomine,
3129 1733 3186 1779 et
3213 1724 3423 1779 occulte
3452 1722 3689 1792 inutritis,

431 1818 607 1872 eidam
641 1830 746 1872 non
788 1816 1011 1883 fecerat,
1041 1818 1094 1873 in
1127 1817 1502 1874 schismaticos
1544 1817 1688 1872 fecit.
1718 1816 1904 1873 Stabat
1933 1816 2110 1905 liti-.B
2137 1824 2191 1871 et
2221 1815 2565 1886 impudenter
2590 1815 2924 1873 defenditis?

428 1909 726 1965 nisuorum
757 1909 902 1966 acies
929 1918 985 1966 et
1022 1909 1308 1965 multitudo
1334 1910 1620 1979 sacrilega,
1647 1924 1769 1964 cum
1802 1909 2026 1964 interdi-

431 2004 533 2061 ctis
560 2005 843 2061 sacriliciis
869 2005 981 2060 suis
1021 2005 1167 2060 illico
1218 2009 1486 2075 peritura;
1536 2012 1787 2075 negatum
1824 2012 1879 2060 et
1906 2004 2036 2060 sub-

435 2099 660 2155 ductum
702 2108 784 2154 est
832 2099 1166 2167 ptenitentiie
1215 2107 1447 2169 tempus,
1479 2099 1601 2169 quia
1636 2114 1744 2154 nun
1771 2098 1892 2154 talis
1919 2105 2037 2155 erat

435 2191 595 2261 culpa
625 2206 747 2261 quae
778 2192 990 2247 veniam
1032 2200 1351 2248 mereretur.
1385 2192 1633 2247 Mandata
1662 2201 1747 2248 est
1775 2204 1933 2248 terra:
1958 2194 2037 2247 la-

443 2299 560 2341 mes
595 2302 607 2338 :
640 2285 820 2340 statim
871 2284 1052 2341 fauces
1092 2300 1216 2342 suas
1241 2286 1295 2341 in
1330 2287 1511 2357 populi
1554 2286 1822 2342 divisores
1852 2283 1879 2324 ἀ
1908 2302 2038 2357 ape-

439 2376 569 2447 ruit,
592 2386 645 2435 et
675 2388 1080 2451 contemptores
1125 2380 1502 2436 mandatorum
1549 2381 1665 2449 Dei,
1693 2380 1854 2435 avido
1882 2395 1979 2437 ore
2009 2383 2033 2412 θ

2208 1913 2313 1984 22
2343 1910 2509 1967 XXII.
2569 1910 2784 1967 Littera:
2834 1913 3193 1986 episcOporum
3222 1913 3387 1983 partis
3429 1909 3598 1966 Donati
3638 1910 3694 1964 ad

2134 2003 2530 2059 Constantinum
2552 2006 2737 2074 imper.
2766 2005 2951 2076 quibus
2972 2005 3070 2059 sibi
3091 2015 3268 2078 petunt
3291 2005 3404 2059 dari
3421 2003 3689 2078 judicen—

2139 2099 2245 2157 Sed
2273 2101 2395 2171 quia
2441 2100 2602 2155 audio
2632 2100 2844 2170 aliquos
2875 2100 2940 2156 de
2968 2100 3233 2156 societate
3281 2106 3399 2165 tua,
3428 2096 3643 2169 litigandi
3673 2094 3696 2133 ι

2140 2196 2322 2252 studio
2353 2197 2466 2269 (68)
2494 2195 2710 2252 chartas
2735 2195 2938 2252 habere
2970 2196 3153 2252 nescio
3178 2210 3354 2267 quas;
3388 2191 3715 2265 quaerendum,

2140 2297 2224 2345 est
2243 2332 2257 2356 ,
2288 2290 2484 2362 quibus
2508 2289 2581 2344 sit
2612 2288 2998 2346 accommanda
3052 2288 3207 2356 fides,
3237 2302 3362 2358 qua:
3385 2301 3499 2343 cum
3523 2286 3698 2340 ratione

2138 2383 2505 2451 concordent,
2550 2400 2669 2456 qua)
2700 2383 2816 2456 (69)
2872 2398 2994 2441 cum
3042 2382 3271 2438 veritate
3323 2375 3699 2437 conlibulentli

1646 2501 2027 2560 LECTIONES
2063 2503 2482 2561 VARIANTES.

463 2657 475 2667 ο
501 2595 528 2626 ⁸
564 2595 617 2646 In
642 2610 729 2647 ms.
759 2598 809 2648 S.
834 2597 894 2649 G.
908 2596 1101 2664 jejunio
1116 2600 1257 2664 parvi
1278 2597 1504 2664 temporis
1520 2596 1759 2650 celebrato
1781 2595 2035 2665 indulgen-

436 2663 555 2709 tiam
581 2668 877 2714 meruerunt.

500 2719 527 2758 Ι»
564 2721 719 2776 Deest
742 2726 790 2774 in
816 2738 905 2775 ms.
926 2726 975 2774 S.
1006 2725 1066 2776 G.

500 2787 525 2817 °
565 2786 633 2836 Ita
667 2794 715 2839 tu
755 2802 869 2839 mss.
903 2790 955 2837 ὃ.
984 2788 1040 2839 'l'.
1072 2795 1123 2838 et
1160 2788 1212 2837 P.
1246 2788 1299 2839 S.
1338 2799 1400 2837 ex
1432 2787 1611 2849 quibus
1648 2786 1788 2849 suppl
1826 2793 1905 2836 tur
1943 2799 2037 2837 vox

434 2851 557 2911 suis,
584 2863 694 2911 quze
718 2852 892 2900 deerat
922 2853 970 2899 in
993 2850 1154 2900 editis.
1192 2850 1477 2913 Exscriptor
1501 2851 1680 2899 codicis
1708 2850 1759 2899 S.
1787 2849 1847 2900 G.
1879 2857 2037 2899 marte

434 2926 527 2963 suo
553 2912 1042 2976 videturexplicassc
1068 2914 1173 2964 hinc
1197 2912 1500 2976 verba,cum
1537 2914 1641 2963 loco
1665 2925 1835 2962 eorum
1856 2915 2036 2975 posuit,

436 2987 527 3039 pro
548 2970 676 3039 [acto
698 2970 969 3039 schismate.

501 3046 530 3076 α
566 3037 616 3103 in
647 3054 736 3090 ms.
764 3041 815 3090 S.
843 3039 902 3103 β.
927 3036 981 3103 in
1004 3050 1169 3089 necem
1193 3035 1359 3103 pepuli
1383 3036 1625 3100 divisoris,
1665 3041 1828 3090 minus
1851 3038 2003 3088 bene.

504 3104 530 3133 θ
566 3100 617 3151 In
644 3118 731 3154 ms.
755 3104 804 3152 S.
835 3102 893 3152 G.
917 3100 1069 3155 hiatu.

506 3162 530 3235 ξ
559 3165 618 3235 _In
639 3180 729 3216 ms.
756 3167 809 3235 ξ.
832 3164 893 3235 9.
916 3165 965 3217 in
983 3179 1117 3235 pos...

503 3229 530 3269 8
559 3231 610 3281 lu
634 3243 726 3279 ms.
753 3228 994 3292 S.‘G.Aqui
1013 3226 1223 3281 scltisma
1240 3233 1468 3292 usurpato
1490 3226 1724 3281 Ecclesia!
1745 3228 1935 3280 nomine
1956 3236 2038 3279 aut

435 3291 600 3354 facitis
631 3298 712 3343 aut
736 3288 979 3354 colligitis.

497 3355 529 3396 h
545 3345 550 3346 ν
568 3358 618 3407 lu
644 3372 732 3405 nis.
758 3356 811 3405 S.
837 3345 895 3406 (ξ.
922 3350 1142 3419 ittagistti
1159 3353 1305 3405 vestri
1325 3351 1570 3419 primitivi.

508 3420 524 3459 ί
564 3419 722 3469 Locus
747 3420 840 3469 iste
862 3416 1158 3480 perdiﬂicilis
1179 3416 1465 3479 quibusdam
1493 3420 1625 3468 visus
1649 3424 1744 3476 est,
1770 3425 1821 3467 et
1847 3419 1982 3468 varie
2010 3433 2036 3469 a

439 3486 586 3534 variis
613 3490 844 3541 vexatus;
870 3481 1013 3542 hujus
1038 3489 1201 3529 tamen
1233 3480 1384 3530 t'acnlis
1414 3494 1465 3530 et
1491 3480 1629 3543 plana
1656 3489 1730 3531 est.
1753 3482 2001 3531 ειιιιιριιιία
2021 3517 2035 3541 ,

439 3544 650 3623 simodo
676 3547 737 3594 ita
760 3547 1152 3623 interﬂttti‘galttr,
1182 3550 1237 3615 ut
1257 3557 1283 3591 a
1305 3544 1445 3593 nobis
1468 3546 1644 3623 [actum
1666 3552 1761 3623 est‘3
1788 3552 1838 3593 ct
1862 3544 2037 3623 obser:

442 3614 602 3656 vatum
622 3608 671 3657 in
696 3620 787 3656 ms.
806 3608 861 3657 S.
886 3604 943 3656 Τ.
969 3610 1035 3657 ita
1062 3614 1114 3657 ut
1136 3604 1297 3670 prima
1317 3611 1534 3670 peccata,
1558 3620 1653 3657 non
1677 3606 1956 3656 referantur
1977 3608 2037 3657 ad

2142 2599 2446 2662 participium
2468 2595 2781 2656 imitantibus.
2804 2598 2895 2648 sed
2920 2597 2979 2647 ad
3007 2596 3272 2662 sequentia
3296 2609 3308 2644 :
3332 2602 3443 2662 tunc
3467 2592 3583 2662 enim
3603 2588 3702 2640 nihil

2139 2655 2348 2724 amplius
2365 2662 2679 2724 obscuritatis
2707 2655 2803 2724 est,
2830 2663 2878 2711 in
2906 2655 3165 2724 posteriori
3205 2658 3459 2724 membro,
3481 2655 3543 2705 ad
3562 2665 3701 2724 essent-

2139 2715 2274 2787 plu'm
2296 2720 2457 2786 prima
2479 2731 2677 2787 peream
2697 2715 2917 2785 prte'sens'
2933 2736 3075 2786 mena
3098 2719 3412 2787 compressit,
3428 2715 3622 2787 secunda
3639 2715 3702 2787 iu:

2142 2759 2275 2855 ᾆξ’ἆὲ
2296 2759 3504 2855 iiiiﬁitisiif'ﬁi_t§ii§{éwtgéii'§"iﬁ'iiié'siféi‘ijEt
3522 2759 3651 2855 P._s.'
3660 2783 3703 2855 tu

2143 2850 2221 2916 hic
2238 2850 2403 2912 jacet,
2426 2852 2524 2916 nisi
2556 2850 2685 2914 quod
2720 2857 2830 2916 post
2857 2850 3061 2916 verbum
3093 2846 3295 2916 imputet
3319 2887 3332 2912 ,
3356 2846 3507 2916 addita
3530 2849 3596 2891 est
3613 2854 3704 2916 goq-

2135 2903 2326 2975 junétio
2348 2903 2402 2964 εί
2423 2915 2467 2961 in
2499 2903 2627 2963 hunc
2654 2903 2866 2968 modum.
2890 2912 3087 2975 imputet
3110 2903 3497 2975 et'imitahtiltus,
3518 2903 3628 2968 quod
3646 2903 3704 2951 Vi-

2139 2970 2289 3039 detur
2311 2977 2635 3039 superﬂuum.
2665 2976 2727 3024 At
2760 2970 3034 3037 exscriptor
3067 2975 3250 3039 codicis
3292 2975 3347 3025 S.
3373 2970 3432 3021 (ἱ.
3458 2971 3597 3039 locant
3625 2977 3702 3038 non

2146 3032 2452 3099 intelligens,
2488 3039 2771 3099 depravavit
2805 3046 2857 3087 et
2887 3032 3198 3099 interpolavit
3226 3037 3323 3087 hoc
3353 3032 3645 3099 pacto:Deus
3664 3032 3703 3076 in

2143 3078 2355 3173 signa
2369 3078 2874 3173 έῑῡμζέέέὶὶιὶῦνιῑῆι
2889 3078 3481 3173 ’ῡὸὲιλίῡιῑιθξσῖιῐῖυῑέίῑ
3498 3078 3703 3173 ite}:-

2144 3161 2272 3227 put'et
2297 3162 2591 3216 imitantibus
2613 3176 2630 3213 :
2653 3161 2823 3233 prima,
2851 3161 3097 3233 praecepta
3115 3164 3195 3233 _ad_
3204 3223 3215 3233 .
3227 3161 3501 3233 eaemphtm
3513 3165 3702 3233 laeum.

2144 3222 2359 3291 'praastms
2381 3239 2522 3291 paena
2544 3222 3083 3291 compressiﬂsecwtda
3108 3222 3297 3289 iudicio
3322 3222 3581 3276 reservabit.

2215 3289 2232 3342 ἱ
2275 3290 2330 3341 In
2354 3303 2441 3340 ms.
2469 3290 2517 3339 S.
2547 3288 2605 3339 G.
2626 3288 2786 3340 stulte.

2207 3354 2235 3391 Ιι
2271 3353 2325 3403 in
2349 3367 2439 3403 ms.
2466 3353 2519 3403 S.
2546 3351 2603 3416 G,
2627 3349 2887 3416 litigantes,
2915 3350 3004 3416 sed
3029 3348 3173 3399 male.

2210 3416 2229 3457 1
2270 3416 2322 3465 ln
2348 3431 2463 3467 mss.
2481 3411 2797 3485 con[abulént.
2816 3414 2876 3465 In
2896 3414 3056 3485 editis,
3075 3411 3703 3485 cottfabulentm._Ami§m

2140 3480 2198 3541 ad
2223 3492 2442 3538 sensum,
2467 3475 2776 3541 conlibulent,
2799 3491 2885 3539 pro
2906 3475 3177 3541 concinnat,
3202 3475 3554 3541 connectuntur.
3578 3475 3703 3525 Fibu-

2139 3538 2265 3603 larc,
2290 3548 2344 3592 et
2361 3542 2451 3593 hoc
2472 3537 2622 3593 seu'su
2658 3543 2706 3592 in
2730 3537 2821 3593 usu
2847 3547 2924 3592 est
2944 3539 3071 3603 apud
3094 3537 3431 3591 Columellam.

1781 3715 2140 3773 VARIORUM
2178 3714 2409 3772 ΝΟΤιΕ.

517 3812 631 3887 (6i)
662 3811 940 3887 Videamus
961 3811 1242 3887 sialiquid
1267 3811 1368 3866 tale
1390 3812 1647 3866 consecuti
1671 3821 1811 3870 sunt.
1839 3810 1900 3867 Si
1931 3814 2044 3868 ἀντὶ

446 3884 548 3941 Au.
577 3885 693 3941 Val.
727 3884 956 3940 Flaccus
981 3885 1073 3942 lib.
1116 3900 1209 3939 vttt
1243 3901 1256 3937 :
1705 3892 1708 3895 '

693 3999 874 4051 Oculos
898 3999 1043 4061 longe
1064 4004 1226 4063 tenet,
1252 4012 1402 4049 aurea
1426 4002 1464 4050 si
1486 4000 1582 4063 jam

635 4063 806 4127 Pollis,
836 4063 1084 4114 etoblatis
1100 4061 1369 4113 clarescant
1393 4061 1515 4112 atria
1541 4061 1684 4114 villis.
1720 4064 1725 4069 ’
1750 4063 1947 4115 Iacens.

517 4190 628 4263 (65)
671 4191 821 4260 Infra
851 4190 1094 4263 momenti
1121 4190 1681 4260 spatium,adtransg.,
1709 4198 1815 4245 etc.
1851 4190 2044 4245 Trans-

448 4263 636 4335 glutire
663 4263 799 4318 dixit
831 4277 928 4330 pro
958 4262 1225 4335 deglutire.
1274 4263 1555 4331 Quomodo
1595 4263 1894 4335 Cyprianus
1938 4266 2038 4335 tan

443 4320 871 4399 Tertullianusi)
924 4335 975 4387 in
1022 4320 1216 4391 Cenesi
1276 4320 1562 4404 poetttate,
1614 4320 1691 4390 vi.
1722 4334 1787 4390 51
1835 4344 1888 4390 et
1934 4320 2038 4402 57,

444 4414 716 4461 transvena
750 4420 844 4475 pro
864 4405 1059 4461 advena
1086 4405 1272 4461 utitur.
1317 4406 1533 4462 lucsn'r.

516 4477 650 4534 ibid.
685 4476 834 4533 Intra
858 4480 1097 4534 momenti
1127 4479 1376 4544 spatium,
1409 4487 1515 4533 etc.
1548 4477 1838 4549 Eleganter
1866 4476 1952 4533 hic
1970 4477 2041 4533 ab

447 4546 644 4616 Optato
682 4551 748 4605 ad
778 4550 1189 4621 exprimendam
1222 4551 1301 4606 rei
1329 4546 1886 4616 celeritatem'nratio,
1917 4565 2039 4621 qua:

449 4630 675 4703 vocatur
710 4621 1362 4703 c’zabaderoc.adlii_ltctut‘,_
1396 4622 1549 4703 quasi
1602 4621 1842 4703 inritatus
1894 4631 2039 4703 esset
2072 4643 2118 4703 ι)

447 4692 576 4747 illud
602 4692 833 4749 Ctesaris
853 4736 868 4758 ,
910 4694 1052 4760 veni,
1082 4695 1207 4757 vidi,
1262 4694 1380 4749 vici.
1413 4693 1483 4748 Et
1523 4708 1654 4750 sane
1681 4693 1822 4766 haud
1853 4693 2043 4766 vulga-

447 4780 559 4819 rem
590 4766 707 4835 ejus
733 4766 1053 4833 elegantiam
1077 4806 1092 4830 ,
1117 4780 1216 4819 nec
1239 4766 1414 4820 minus
1442 4767 1739 4835 ingenium,
1773 4763 2040 4835 principue

447 4852 570 4908 cum
611 4838 885 4908 quippiam
929 4847 1111 4891 narrat
1144 4844 1237 4890 aut
1264 4837 1523 4893 describit
1552 4838 1716 4892 multa
1747 4845 2037 4891 testantur.

449 4906 664 4964 Utinam
699 4906 795 4979 par
824 4908 1016 4964 fuisset
1040 4908 1297 4963 eruditio.
1326 4908 1457 4963 Nam
1481 4909 1790 4979 disputante
1817 4909 1907 4963 illo
1930 4911 2046 4976 ple-

449 4996 677 5051 rumque
710 5001 723 5036 :
760 4982 854 5037 sed
887 4980 955 5036 de
983 4989 1170 5035 sancto
1218 4981 1336 5034 viro
1380 4981 1507 5035 nolo
1559 4981 1850 5051 quidquam
1894 4994 2046 5035 acer-

449 5048 603 5116 biusi
632 5054 898 5123 praecipue
926 5068 1048 5108 cum
1083 5053 1342 5121 temporis
1386 5068 1546 5123 quam
1577 5048 1820 5107 hominis
1870 5050 2048 5108 infeli-

450 5122 588 5178 citas
619 5126 733 5178 tunc
763 5122 942 5180 fuerit.
975 5125 1045 5180 Μ.
1078 5123 1309 5180 ΟΑεΑυιι.

523 5194 639 5269 (66)
697 5196 775 5250 An
801 5197 920 5266 quia
948 5209 1130 5252 cessat.
1157 5196 1526 5251 Tertulliauus
1549 5196 1616 5251 de
1648 5194 1910 5269 Patientia
1946 5214 1959 5251 :
1994 5206 2049 5269 ut

448 5267 543 5322 sua
572 5268 668 5322 sibi
699 5269 942 5337 patientia
979 5268 1249 5334 detrahat;
1276 5270 1446 5338 plures
1489 5269 1621 5323 enim
1667 5268 1940 5323 Dominum
1968 5267 2050 5321 id-

447 5341 585 5395 circo
612 5358 715 5396 non
744 5343 954 5397 credunt
971 5383 987 5409 ,
1017 5341 1138 5410 quia
1156 5339 1345 5394 swcttlo
1365 5340 1552 5394 iratum
1575 5340 1767 5394 tamdiu
1790 5341 2045 5397 nesciunt.

1630 5416 1855 5465 ALBASP.

523 5483 644 5556 (67)
672 5485 738 5542 Ut
758 5482 821 5543 sit
837 5486 975 5558 quod
999 5485 1211 5554 iutputet
1223 5493 1270 5538 et
1289 5481 1610 5558 imitantibus
1630 5483 1797 5558 prima
1818 5493 2042 5558 peccata.

449 5554 633 5626 Tb'et,
664 5554 879 5615 nonest
910 5560 999 5615 hic
1046 5561 1282 5613 otiosmn
1307 5598 1321 5621 ,
1365 5555 1460 5610 sed
1497 5554 1673 5626 magni
1700 5563 1755 5609 et
1783 5555 2050 5625 elegantis

456 5646 603 5687 usus.
642 5631 711 5687 Ut
733 5631 804 5685 sit
826 5673 839 5694 ,
873 5633 1079 5701 inquit,
1109 5629 1263 5703 quod
1286 5628 1482 5684 merito
1530 5627 1595 5683 iis
1626 5629 1883 5696 imputet,
1913 5643 2049 5698 quo-

453 5718 557 5779 que
584 5703 981 5779 ἁναπολογήτοις
1011 5719 1113 5779 eos
1134 5702 1362 5779 reddat,
1386 5703 1708 5779 quicumque
1738 5711 2050 5779 peccatores

456 5776 659 5844 primus
689 5782 799 5830 tam
816 5773 1206 5844 exetnplariter
1236 5790 1264 5829 a
1301 5773 1409 5829 Deo
1439 5774 1673 5843 punitos,
1706 5787 1868 5843 porro
1888 5775 2050 5828 susti-

441 5852 571 5900 ucut
600 5845 815 5901 imitari.
846 5844 1002 5915 Quod
1029 5855 1208 5902 autem
1239 5846 1487 5918 sequitur
1513 5845 1567 5900 iu
1598 5844 1788 5901 eadem
1824 5854 2046 5901 senten-

2149 3811 2219 3866 tia
2256 3838 2268 3864 -.
2300 3810 2367 3865 ad
2395 3808 2684 3874 exemplum
2719 3823 2946 3879 prwsens
2977 3821 3125 3877 plena
3154 3805 3488 3879 compressit,
3516 3803 3704 3879 secanda

2139 3883 2357 3957 judicio
2374 3881 2677 3957 reservabit,
2710 3878 3018 3957 c‘ttntnulla-
3048 3878 3339 3957 commoda
3385 3878 3626 3933 sententia
3650 3891 3702 3929 c1

2151 3950 2233 4010 his
2276 3955 2416 4010 ellici
2465 3953 2674 4021 possit,
2726 3950 2881 4006 facile
2930 3950 3059 4004 mihi
3110 3950 3357 4020 quemvis
3404 3963 3702 4005 accessurum

2152 4036 2278 4096 puto
2299 4070 2313 4092 ,
2348 4041 2443 4095 per
2472 4041 2628 4094 quem
2662 4024 2764 4078 levi
2793 4038 2855 4078 ac
2876 4022 3020 4096 nulla
3042 4022 3535 4096 pr0pe_litterarum
3558 4029 3704 4074 muta-

2150 4092 2297 4155 tione
2325 4092 2701 4167 corrigendum
2732 4111 2854 4167 esse
2876 4136 2890 4159 ,
2919 4094 2988 4146 ad
3017 4092 3313 4154 exemplum
3343 4109 3557 4165 prtcsens
3581 4106 3703 4167 pana

2150 4187 2266 4224 cum
2297 4166 2582 4237 prtecessit,
2614 4166 2891 4222 secundum
2927 4167 3132 4237 judicio
3177 4167 3493 4230 reservabit,
3525 4166 3599 4219 γει
3638 4179 3704 4216 sc-

2148 4242 2316 4314 cnnda
2333 4242 2538 4314 judicio
2560 4238 2916 4314 reservabitur.
2951 4238 3083 4291 Cum
3115 4237 3307 4314 inquit,
3329 4253 3477 4314 paena
3495 4249 3702 4314 presens,

2149 4313 2202 4368 id
2233 4304 2416 4369 est'in
2447 4316 2548 4367 hoc
2598 4311 2794 4365 szeculu
2838 4319 3025 4365 exacta
3060 4304 3275 4378 publice
3306 4304 3363 4363 et
3400 4310 3451 4364 in
3495 4304 3704 4378 omnium

2148 4394 2473 4452 conSpectu,
2504 4383 2568 4438 ad
2600 4383 2940 4451 exemplum;
2972 4376 3269 4452 postquam
3304 4380 3422 4436 bzec
3450 4394 3593 4449 pinna
3613 4376 3703 4452 jam

2149 4446 2586 4527 prazcessit,'non
2610 4446 2801 4527 mirum
2831 4461 2909 4507 est
2930 4494 2944 4519 ,
2973 4446 3019 4509 si
3055 4446 3197 4507 Deus
3225 4450 3435 4508 similes
3451 4446 3625 4527 'pmuas
3649 4446 3704 4527 ab

2147 4521 2400 4584 omnibus
2424 4525 2787 4600 schismaticis
2810 4540 2920 4600 non
2954 4527 3131 4592 exigat
3155 4565 3171 4589 ,
3199 4521 3636 4600 cumsecuudam
3661 4525 3705 4600 et

2148 4615 2500 4671 quaecumque
2528 4609 2708 4667 postea
2734 4597 3078 4671 debebuntur
3106 4595 3426 4671 eonomine
3448 4595 3704 4663 peccatori-

2146 4666 2245 4745 bus
2265 4666 2479 4745 Ρωιιείξ,
2514 4666 2822 4745 omnes‘eas
2849 4668 3141 4745 universali
3178 4666 3386 4745 judicio
3431 4675 3705 4745 reservave-

2141 4744 2234 4798 rit.
2264 4739 2498 4799 Possunt
2521 4741 2685 4797 etiam
2715 4743 2829 4795 haec
2857 4741 3014 4796 latius
3043 4739 3110 4794 de
3137 4739 3419 4809 quibusvis
3440 4739 3705 4809 peccatori-

2144 4814 2243 4871 bus
2275 4814 2519 4885 intelligi.
2551 4814 2616 4869 M.
2647 4812 2879 4869 Casaun.
2963 4838 2965 4842 Α

2221 4909 2338 4983 (68)
2369 4872 2588 4983 Charias
2610 4906 2815 4983 habere.
2842 4904 3089 4983 Mandata
3119 4872 3448 4983 principum,
3476 4911 3583 4983 acta
3601 4914 3708 4981 con-

2147 4975 2419 5048 ciliOrum,
2445 4980 2705 5043 epistolas
2732 4978 2986 5033 Mensurii
3005 5018 3021 5044 ,
3043 4986 3098 5032 et
3127 4977 3322 5032 similia
3366 4976 3437 5033 de
3463 4975 3640 5045 quibus
3662 4975 3703 5024 in

2123 5054 2439 5109 eollatione
2465 5051 2603 5107 facta
2635 5059 2721 5105 est
2745 5049 2965 5104 mentio.
2998 5057 3226 5105 Massa.

2228 5125 2344 5199 (69)
2378 5121 2507 5179 Cum
2536 5123 2745 5178 veritate
2775 5121 3190 5199 confabulemur.
3233 5118 3566 5191 Confabulari
3585 5157 3600 5184 ,
3626 5126 3707 5187 pro

2153 5193 2469 5259 consentire,
2502 5205 2743 5265 usurpat.
2778 5193 2982 5248 Burin.

2227 5269 2359 5325 Ibid.
2392 5269 2519 5334 Quae
2538 5261 2653 5319 cuni
2679 5266 2887 5319 ueritate
2907 5263 3320 5335 confabulemur.
3346 5262 3461 5318 Non
3488 5261 3705 5317 observa.

2154 5352 2264 5395 tum
2295 5341 2423 5394 mihi
2453 5338 2582 5393 alibi
2610 5338 2832 5395 verbum
2864 5337 2964 5391 bac
2992 5334 3230 5393 notione.
3250 5334 3703 5406 Egoadulterinum

2149 5426 2446 5479 censeo,ac
2475 5411 2594 5464 loco
2616 5409 2759 5464 illius
2780 5407 3169 5479 reponendum,
3194 5402 3576 5479 couﬁbuteutur.
3597 5402 3706 5456 Ter—

2154 5484 2405 5538 tullianus
2448 5484 2524 5537 sic
2569 5492 2789 5552 usurpat
2819 5478 2923 5533 non
2951 5478 3155 5554 semel,
3188 5488 3255 5554 et
3283 5478 3704 5554 quidem_pra:_ce-

2151 5556 2314 5613 dente
2338 5598 2353 5621 ,
2388 5564 2445 5609 ttt
2475 5555 2579 5617 hic,
2607 5543 2894 5608 concordia:
2924 5552 3006 5605 vel
3036 5543 3384 5605 concordandi
3411 5543 3599 5621 verba:
3625 5543 3701 5598 lib.

2152 5628 2221 5684 de
2246 5617 2438 5683 Trinit.
2472 5626 2609 5697 (sive
2632 5625 2722 5680 ille
2748 5624 3065 5697 Tertulliani
3091 5624 3251 5680 italus
3278 5630 3368 5697 est.
3387 5664 3401 5687 ,
3426 5621 3536 5697 sive
3555 5617 3705 5697 Nova-

2154 5700 2306 5772 liaui)
2352 5700 2419 5755 de
2467 5692 2685 5772 Christo
2716 5697 2941 5772 loquens
2970 5714 2984 5750 :
3031 5695 3283 5772 Quoniam
3313 5696 3358 5748 si
3384 5693 3452 5747 ad
3480 5692 3706 5772 hominem

2150 5762 2491 5845 veniebanut
2519 5762 2909 5825 mediator—Dei
2954 5778 3001 5823 et
3021 5762 3311 5845 feminum
3349 5780 3460 5820 esse
3500 5762 3702 5845 deberet:

2149 5845 2374 5912 aportnit
2397 5835 2544 5899 illum
2571 5858 2684 5898 cum
2707 5857 2770 5896 eo
2790 5857 2919 5907 esse,
2939 5850 2987 5894 et
3021 5838 3242 5895 Verbum
3269 5852 3475 5894 carnem
3500 5835 3634 5903 ﬁeri,
3654 5836 3703 5882 at

2742 6094 2767 6110 κ
