3898 6320
236 286 348 370 945

989 317 1078 377 DE
1116 317 1506 379 SClilSMATE
1546 321 2088 381 DONATISTARUM
2155 325 2356 382 LIBER
2396 325 2783 386 SECUNDUS.

3428 334 3533 391 946

235 436 342 497 tur,
396 429 534 486 facta
559 439 664 499 est,
697 442 747 488 et
772 431 935 490 debet
962 434 1147 491 laudes
1170 438 1402 493 creatori
1434 454 1552 493 suo.
1587 440 1827 511 Denique
1855 445 1905 504 Α
1933 438 2199 508 Ecclesia,
2228 458 2348 514 qua:
2374 443 2427 500 in
2453 444 2571 517 lege
2598 432 2680 501 est
2703 446 2726 499 ?
2753 460 2912 517 quam
2943 446 2989 502 si
3016 448 3159 517 apud
3179 464 3271 505 vos
3293 458 3528 506 tantum-

231 536 716 593 commemoratur,
750 528 952 600 Spiritu
976 540 1169 585 sancto
1211 530 1480 599 hortante,
1511 542 1563 589 et
1616 533 1831 591 dicente

228 617 285 673 in
314 633 427 674 exn
447 619 687 691 psalmo,
708 620 835 676 dum
869 621 1032 679 dicit:
1068 622 1381 680 laudandum
1414 643 1596 682 nomen
1625 628 1831 683 Domini

223 711 292 765 ab
345 723 462 766 ortu
494 714 619 769 solis
648 730 805 787 usque
848 715 918 770 ad
964 731 1243 773 occasum:
1290 728 1345 774 et
1386 720 1580 774 iterum
1626 718 1679 775 in
1726 735 1829 775 xcv

226 806 483 880 psalmo:
514 819 716 864 cantate
758 808 982 866 Domino
1024 812 1279 866 canticum
1323 829 1528 867 novum.
1579 812 1632 869 Si
1687 811 1829 870 hunc

226 915 453 956 versum
500 902 678 956 solum
718 902 945 968 diceret,
994 903 1228 975 possetis
1277 904 1296 925 '
1345 905 1549 972 dicere,
1577 906 1700 976 quia
1728 921 1829 961 vos

224 994 377 1050 solos
409 996 658 1052 hortatus
701 1006 785 1052 est
811 996 1045 1070 Spiritus
1075 1007 1311 1053 sanctus.
1341 998 1447 1056 Sed
1485 1008 1539 1053 ut
1569 999 1825 1059 o~tende-

224 1097 331 1155 ret,
365 1091 491 1160 quia
524 1106 630 1146 non
660 1092 727 1146 ad
755 1107 849 1147 vos
877 1094 1021 1148 solos
1042 1092 1246 1149 dictum
1277 1103 1357 1149 est
1379 1136 1393 1160 ,
1424 1092 1519 1149 sed
1544 1093 1609 1148 ad
1642 1094 1827 1150 Eccle-

225 1182 363 1237 siam
409 1198 533 1255 quae
581 1184 781 1256 ubique
814 1195 932 1252 'est,
981 1194 1199 1241 secutus
1232 1195 1336 1250 est,
1369 1186 1595 1241 dicens:
1627 1195 1827 1242 cantate

223 1273 492 1338 Dentium.
512 1320 527 1345 ,
559 1280 726 1334 omnis
753 1287 887 1334 terra
909 1296 928 1335 :
950 1281 1281 1351 pronuntiate
1308 1281 1361 1335 in
1391 1280 1624 1353 gentibus
1655 1292 1677 1321 ο
1710 1272 1825 1355 glo-

221 1368 354 1423 riam
383 1370 573 1440 ipsius,
616 1372 670 1425 in
710 1371 945 1427 omnibus
978 1371 1184 1445 populis
1228 1373 1486 1427 mirabilia
1526 1374 1655 1446 ejus.
1688 1372 1823 1428 Pro-

220 1465 481 1530 nuntiate,
505 1465 696 1537 inquit,
730 1467 781 1521 in
810 1465 1043 1540 gentibus
1071 1463 1098 1504 ἀ
1120 1486 1139 1522 :
1176 1482 1281 1523 non
1306 1467 1442 1524 dixit
1471 1468 1522 1524 in
1557 1468 1820 1540 particula

217 1555 437 1624 Alricm,
485 1558 571 1613 ubi
606 1574 701 1613 vos
738 1560 868 1613 estis
897 1575 910 1613 :
941 1561 1273 1631 pronuntiate
1294 1604 1307 1624 ,
1344 1560 1536 1632 inquit,
1566 1562 1620 1615 in
1650 1561 1818 1616 omni-

215 1651 309 1708 bus
334 1654 546 1723 populis
579 1669 598 1708 :
624 1654 713 1725 qui
743 1668 933 1727 omnes
964 1654 1192 1725 populos
1232 1654 1390 1722 dixit,
1421 1656 1692 1712 nemiuem
1724 1671 1819 1711 ex-

212 1746 399 1818 cepit:
453 1754 511 1802 et
545 1744 654 1802 vos
677 1747 825 1803 solos
867 1747 934 1803 ab
972 1747 1224 1803 omnibus
1253 1748 1486 1819 populis,
1525 1748 1593 1805 de
1620 1749 1819 1821 quibus

210 1840 320 1897 hoc
349 1843 663 1899 mandatum
706 1852 810 1911 est,
856 1852 1137 1916 separatos
1168 1857 1288 1899 esse
1315 1842 1662 1916 gratulamini
1694 1862 1709 1899 :
1756 1853 1811 1901 et
1843 1851 1893 1913 Β

208 1934 378 1991 vultis
427 1942 525 1991 sos
580 1936 729 1995 solos
782 1951 905 1992 esse
956 1945 1123 1991 totum
1146 1962 1165 2001 -,
1197 1937 1288 2007 qui
1312 1937 1364 1991 in
1386 1938 1533 1992 omni
1566 1944 1682 1993 toto
1710 1954 1816 1995 non

206 2033 347 2088 estis
380 2040 428 2084 ι’.
473 2028 853 2098 Laudandum,
877 2029 1077 2102 inquit,
1108 2047 1288 2085 nomen
1311 2029 1541 2099 Domini,
1574 2042 1625 2087 et
1654 2049 1686 2087 a
1706 2041 1813 2087 tota

207 2132 371 2189 terra,
411 2132 460 2177 et
494 2122 558 2177 ab
590 2134 708 2178 ortu
747 2123 874 2179 solis
902 2140 1061 2195 usque
1096 2124 1165 2179 ad
1187 2140 1459 2192 occasum.
1495 2123 1613 2195 (10)
1644 2123 1809 2180 Num-

203 2215 341 2287 quid
370 2214 570 2288 Pagani
598 2225 749 2272 extra
777 2215 980 2288 legales
1016 2213 1035 2254 ί
1068 2215 1184 2288 (11)
1219 2226 1444 2287 possunt
1468 2228 1559 2272 aut
1589 2226 1810 2273 cantare

204 2306 348 2378 Deo,
390 2316 481 2364 aut
510 2307 733 2366 laudare
763 2324 960 2366 nomen
1006 2308 1240 2377 Domini,
1287 2318 1343 2367 et
1389 2325 1499 2366 non
1538 2310 1653 2366 sola
1684 2309 1805 2383 (12)

1935 531 2097 587 modo
2145 549 2267 590 esse
2297 535 2497 602 dicitis,
2530 536 2793 596 fraudatis
2820 554 2979 596 aures
3018 540 3132 598 Dei.
3180 542 3235 600 Si
3288 558 3385 600 vos
3428 545 3531 601 soli

1933 623 2181 687 laudatis,
2215 633 2357 682 tutus
2388 629 2584 686 tacebit
2617 631 2765 686 orbis
2791 673 2805 700 ,
2861 632 2949 703 qui
3007 643 3088 688 est
3136 635 3204 689 ab
3234 644 3353 690 ortu
3401 636 3531 693 solis

1931 734 2104 788 usque
2126 721 2191 775 ad
2213 736 2486 778 occasum.
2517 724 2793 782 Clausistis
2820 742 2912 782 ora
2932 728 3170 784 omnium
3198 728 3534 787 Christiana-

1930 830 2048 869 rum
2081 817 2315 887 gentium
2344 836 2357 871 :
2392 818 2660 874 indixistis
2690 819 2964 876 silentium
2995 822 3206 893 p0pulis
3233 825 3525 895 universis,

1929 909 2098 966 Deum
2129 926 2224 980 per
2251 922 2523 967 momenta
2557 911 2780 967 laudare
2807 917 3169 984 cupientibus.
3203 916 3370 989 Igitur
3395 919 3441 974 si
3470 928 3527 975 et

1929 1002 2071 1059 Deus
2097 1003 2304 1059 debitas
2336 1004 2438 1060 sibi
2469 1004 2655 1061 laudes
2686 1016 3055 1077 exspectat,et
3077 1018 3133 1063 ut
3163 1022 3379 1077 sonent,
3402 1010 3525 1081 Spi-

1927 1094 2062 1150 ritus
2102 1105 2318 1151 sauctus
2364 1095 2636 1163 hortatur,
2684 1107 2739 1154 et
2780 1082 2924 1155 tot-us
2971 1102 3120 1156 orbis
3170 1103 3310 1173 quod
3360 1103 3527 1159 debet

1925 1186 2060 1253 Deo,
2119 1196 2337 1259 paratus
2362 1198 2445 1245 est
2467 1191 2719 1258 reddere,
2752 1207 2820 1248 ne
2848 1193 3127 1250 fraudetur
3158 1195 3325 1252 Deus:
3358 1198 3522 1253 etiam

1925 1304 2026 1346 vos
2050 1289 2148 1361 ipsi
2175 1291 2388 1348 laudate
2409 1308 2530 1348 cum
2554 1294 2840 1362 omnibus;
2870 1303 2963 1351 aut
2988 1298 3110 1369 quia
3139 1299 3387 1355 noluistis
3403 1314 3527 1358 esse

1922 1408 2045 1450 cum
2069 1394 2347 1463 omnibus,
2377 1395 2481 1452 soli
2512 1397 2879 1454 conticescite.
2936 1401 2941 1407 '

1992 1495 2057 1551 Il.
2089 1494 2431 1563 Catbedram,
2481 1500 2701 1569 primaut
2730 1498 2978 1557 Ecclesia’
3007 1502 3195 1567 dotem,
3232 1502 3527 1561 Catholica-

1920 1613 2037 1653 rum
2060 1614 2189 1664 esse,
2223 1616 2327 1655 non
2351 1600 2759 1671 Donatistarum,
2804 1604 2983 1675 probat
3026 1622 3091 1660 ea:
3129 1603 3388 1661 Cat/terim
3424 1605 3527 1663 Pe-

1922 1701 2007 1755 tri.
2034 1730 2107 1742 —
2132 1700 2278 1773 Ergo
2302 1702 2797 1788 probavimuseam
2829 1718 2952 1759 esse
2990 1703 3288 1761 Ecclesium
3338 1707 3525 1762 catho-

1917 1802 2098 1865 licam,
2146 1818 2266 1875 quae
2291 1812 2376 1859 est
2401 1813 2425 1851 8
2457 1803 2509 1859 in
2540 1812 2655 1859 toto
2679 1815 2943 1860 terrarum
2984 1805 3117 1862 orbe
3145 1805 3373 1874 ditiusa;
3408 1808 3526 1879 ejus

1920 1903 2032 1976 jam
2076 1905 2554 1961 commemoranda
2585 1916 2712 1963 sunt
2754 1915 3073 1965 ornamenta
3100 1925 3113 1962 :
3144 1917 3198 1964 et
3227 1907 3519 1965 videndum

1921 2006 2012 2064 ubi
2053 2007 2163 2064 sint
2188 2008 2432 2083 31(15)
2461 2009 2696 2079 quinque
2742 2008 2919 2075 dotes,
2971 2023 3105 2081 quas
3158 2020 3213 2065 tu
3256 2023 3356 2066 sex
3399 2025 3523 2068 esse

1917 2106 2099 2164 dixisti
2130 2107 2244 2183 (14)
2274 2126 2287 2163 :
2322 2109 2463 2166 inter
2500 2125 2633 2181 quas
2672 2108 2787 2182 (15)
2815 2108 3068 2166 cathedra
3098 2118 3178 2165 est
3208 2110 3401 2181 prima,
3433 2110 3523 2167 ubi

1923 2211 2026 2268 nisi
2054 2210 2264 2269 sederit
2291 2209 2599 2283 episcopus,
2632 2210 2752 2285 (16)
2781 2210 3033 2283 conjungi
3061 2210 3229 2266 altera
3278 2211 3383 2267 dos
3408 2226 3518 2268 non

1911 2319 2086 2384 potest
2146 2309 2176 2349 ιι
2229 2310 2346 2385 (17)
2401 2312 2493 2384 qui
2543 2324 2625 2369 est
2686 2312 2910 2384 angelus
2945 2321 2962 2350 ι
3024 2330 3037 2365 :
3088 2311 3378 2393 videndum
3441 2321 3526 2369 est

1421 2443 1803 2503 LECTIONES
1849 2444 2273 2504 VARIANTES.

278 2561 307 2627 ξ
338 2560 396 2627 in
416 2574 508 2612 ms.
533 2560 589 2627 ξ.
609 2561 667 2627 (ξ.
693 2557 983 2627 potuissetis.

276 2619 307 2660 ιι
340 2623 395 2673 iu
416 2638 505 2675 ms.
531 2623 584 2674 S.
612 2624 670 2675 ϐ.
694 2619 815 2675 'Deo.

277 2688 304 2753 (ξ
341 2685 397 2753 in
419 2700 508 2736 ms.
527 2686 581 2753 S.
606 2686 666 2753 (ξ.
694 2686 821 2753 inter
847 2694 1028 2753 gentes.

274 2746 305 2788 d
341 2749 395 2815 In
419 2763 511 2800 ms.
537 2752 591 2815 S.
619 2750 679 2815 fi.
699 2752 821 2815 inter
846 2746 1026 2815 gentes.

281 2815 308 2842 ο
342 2811 508 2879 Iunis.
531 2814 582 2861 S.
610 2812 670 2865 G.
694 2812 778 2879 qui
800 2810 995 2866 omnino
1016 2815 1066 2865 in
1088 2818 1185 2879 toto
1217 2827 1313 2865 non
1336 2810 1493 2879 estis:
1509 2812 1706 2874 melius,
1730 2813 1815 2879 qui

201 2874 261 2927 in
287 2874 526 2941 ormitoto
547 2888 654 2941 non,
665 2874 777 2941 estis
798 2890 822 2941 7:
855 2879 940 2941 qui
965 2891 1062 2928 non
1098 2878 1221 2928 estis
1244 2889 1355 2941 pars
1378 2876 1547 2938 totius,
1573 2890 1669 2928 nou
1696 2874 1816 2928 estis

204 2951 328 3003 pars
351 2940 596 2988 universa)
618 2938 888 2989 Ecclesiae.‘

281 2998 302 3040 τ
341 2999 399 3051 lu
418 3015 511 3052 tos.
532 3002 586 3052 S.
613 3001 834 3055 (λίθακι-α
860 2999 908 3053 le

367 3015 399 3051 ιι
418 3015 511 3052 nos.
532 3015 586 3052 δ.
613 3015 673 3053 u.
690 3015 834 3055 extra
860 3015 1011 3069 teges.

1985 2564 2011 2603 ε
2048 2562 2105 2613 In
2127 2577 2217 2613 ms.
2244 2564 2298 2615 S.
2324 2562 2384 2615 (ἱ.
2414 2569 2465 2614 et
2489 2564 2537 2613 in
2563 2564 2712 2616 editis
2732 2564 2809 2617 sit.

1980 2625 2013 2666 ιι
2046 2625 2118 2676 Ita
2134 2630 2186 2676 in
2207 2628 2433 2677 omnibus
2450 2640 2564 2677 mss.

1988 2689 2005 2728 i
2044 2689 2118 2740 Ita
2144 2691 2191 2739 in
2210 2702 2300 2756 ms.
2328 2691 2380 2756 S,
2402 2688 2462 2756 G_.
2487 2688 2544 2756 in
2570 2702 2682 2739 mss.
2710 2688 2762 2756 S_.
2814 2688 2907 2756 Th.
2953 2698 3016 2756 et_
3042 2690 3138 2742 Ph.
3171 2690 3225 2756 S.
3270 2691 3470 2756 angelus
3502 2707 3521 2745 :

1918 2764 2214 2816 quamquam
2242 2753 2288 2801 iu
2312 2754 2460 2814 priori
2485 2750 2692 2815 litterag
2716 2753 2985 2811 sitabrasa,
3007 2754 3273 2813 legendum
3296 2750 3518 2823 angelus,

1920 2827 2031 2864 nam
2053 2816 2115 2863 de
2139 2827 2200 2864 eo
2225 2821 2393 2866 postea
2417 2822 2470 2863 ut
2492 2816 2556 2863 de
2576 2816 2788 2865 secunda
2830 2814 3063 2865 Ecclesiae
3088 2817 3201 2866 dote
3224 2820 3387 2866 aaitur
3411 2828 3518 2866 host

1920 2828 2031 2864 nam
2053 2828 2115 2863 ue
2139 2828 2200 2864 eo
2225 2828 2393 2876 pOSlca
2417 2828 2470 2863 ut
2492 2828 2556 2863 ue
2576 2828 2788 2865 secunda
2830 2828 3063 2865 ECCIt‘SItB
3088 2828 3201 2866 uate
3224 2828 3387 2880 agitur
3411 2828 3521 2881 post

1918 2877 2203 2952 cathedram
2226 2874 2413 2949 gigitur
2436 2876 2501 2927 de
2522 2874 2718 2952 dotibus
2727 2878 3057 2952 supradictis
3080 2877 3315 2932 cathedra
3334 2886 3403 2933 est
3444 2878 3521 2945 (ut

1918 2940 2156 3003 diximus)
2176 2939 2394 3003 prima...
2409 2978 2440 2991 ..
2469 2952 2579 3005 qua:
2602 2939 2737 2992 ducit
2755 2939 2821 2992 ad
2844 2954 2896 2993 se
2914 2939 3157 3009 angelum.

1575 3089 1930 3149 νΑιιιυιιυΜ
1968 3090 2197 3148 NOTAE.

206 3204 570 3292 nullommodo
610 3220 806 3292 potest:
826 3211 939 3292 .Ait
967 3210 1124 3283 igitur
1148 3218 1369 3292 vocatos
1397 3224 1518 3266 esse
1546 3210 1798 3292 gentiles,
1830 3212 1872 3273 C
1907 3209 2614 3292 nuncupatas,endem‘lib.
2652 3223 2698 3292 v_
2731 3209 2992 3292 reperias,
3040 3224 3161 3292 qua:
3189 3217 3241 3292 et
3265 3218 3518 3292 prterepta

208 3289 325 3352 etc.
358 3278 505 3334 Sicut
538 3280 757 3350 legitur,
788 3283 838 3336 id
866 3278 1455 3352 estfquemadmodum
1485 3278 1801 3349 praedictum

208 3349 424 3424 fuerat;
459 3352 541 3406 vel
563 3349 619 3407 ut
649 3372 711 3409 cx
738 3354 961 3409 historia
992 3349 1267 3423 propagati
1300 3370 1394 3421 per
1416 3362 1603 3424 gentes
1632 3352 1812 3407 Evan-

208 3422 366 3493 gelii,
391 3440 551 3492 quam
578 3427 715 3481 sacri
740 3425 874 3482 N.T.
893 3422 1186 3497 scriptorcs
1208 3422 1620 3489 contexuerunt,
1656 3424 1815 3480 latius

211 3503 386 3550 natet.
408 3495 477 3550 ill.
500 3493 731 3550 Csssun.
758 3540 763 3545 .

288 3503 386 3550 ιρι.
410 3503 477 3550 Μ.
500 3503 731 3555 UASAUB.
758 3540 763 3545 .

211 3508 386 3566 patet.
410 3508 477 3550 tu.
500 3508 731 3555 cassus.
758 3540 763 3545 .

215 3632 226 3640 O
457 3566 654 3638 l’agani
693 3579 838 3625 extra
871 3570 1079 3672 legales.
1126 3567 1287 3625 Nobis
1317 3584 1389 3652 ex.
1408 3569 1558 3652 leges.
1592 3568 1811 3624 iNCl-ZRT.

318 3640 389 3692 Im
416 3679 430 3692 .
468 3638 843 3692 Extraleaales.
876 3643 1035 3692 I.xtra
1065 3641 1239 3692 leuem
1265 3638 1484 3692 Christi.
1511 3640 1738 3692 ALBASP.

318 3638 430 3713 bid.
468 3638 843 3713 Extralegales.
876 3638 1035 3697 Iixtra
1065 3638 1484 3713 legemChristi.
1510 3640 1738 3697 ALBASP.

293 3710 417 3786 (11)
462 3709 838 3786 PaganiIextru
875 3714 1082 3786 legales.
1115 3713 1216 3782 Qui
1248 3712 1381 3783 legis
1414 3712 1611 3767 divinae
1648 3712 1814 3784 parti-

212 3782 369 3853 cipes
401 3783 525 3837 lacti
546 3782 662 3839 'nou
677 3795 822 3840 sunt.
849 3782 1070 3840 thl’tn.

293 3863 415 3935 (η)
445 3862 676 3920 Ecclesia
696 3882 812 3935 qua:
835 3866 888 3920 in
927 3866 1036 3935 lege
1063 3877 1158 3920 est.
1202 3864 1357 3937 Lege,
1392 3864 1440 3919 id
1475 3873 1577 3937 est,
1606 3865 1812 3937 pedere,

219 3946 275 3993 et
308 3950 469 4008 extra
497 3937 716 4007 legales,
747 3938 840 4008 qui
865 3937 1070 3994 laedere
1102 3936 1305 3994 exclusi
1335 3936 1651 3991 suut.Uuue
1677 3946 1729 3992 et
1761 3937 1813 3992 in

217 4007 414 4064 collat.
458 4006 778 4079 Carthagini
810 4008 940 4077 571,
970 4009 1109 4077 575,
1160 4010 1347 4079 legulia
1378 4018 1635 4063 vocantur
1660 4008 1817 4079 docu-

216 4090 417 4146 menta,
447 4081 567 4135 sive
597 4078 925 4152 teStimonia,
967 4096 1087 4152 qua:
1129 4078 1305 4135 Lumen
1336 4095 1384 4152 e_
1410 4079 1475 4135 N.
1526 4080 1590 4152 'l‘.
1639 4078 1817 4152 prole-

218 4160 442 4225 runtur.
484 4152 642 4225 Apud
692 4149 1025 4225 Cyprianum
1057 4167 1293 4225 quoque
1340 4149 1604 4225 Evangelii
1653 4150 1816 4225 legem

218 4234 309 4278 est
334 4223 558 4278 alicubi.
601 4222 770 4294 Hujus
815 4222 1101 4279 IncutiOnis
1138 4222 1402 4294 ignoratio
1445 4222 1814 4279 doctissimum

218 4294 549 4366 Balduiuum
591 4297 645 4351 in
677 4293 925 4366 magnum
965 4311 1206 4352 errorem
1240 4293 1466 4350 induxit.
1509 4294 1641 4350 Nam
1673 4294 1817 4366 quod

219 4364 459 4437 Optatus
484 4367 577 4421 lih.
605 4383 624 4422 ι
648 4386 663 4423 :
690 4364 816 4422 Huic
850 4368 985 4422 enim
1029 4377 1203 4422 nostra
1233 4382 1330 4422 vos:
1368 4376 1462 4431 est,
1503 4366 1669 4436 quiin
1707 4364 1819 4420 Tri-

220 4440 389 4494 nitate
415 4438 736 4507 baptismatis
777 4441 1015 4494 unionem
1042 4437 1365 4508 defendimus
1392 4454 1410 4493 :
1444 4454 1547 4492 non
1592 4454 1684 4506 pro
1728 4453 1818 4492 vo-

221 4510 348 4588 bis._
375 4512 462 4579 qui
490 4509 740 4588 baptisma
778 4514 831 4564 in
868 4514 1016 4588 cujus
1040 4511 1264 4588 imagine
1303 4521 1420 4588 sunt
1445 4510 1565 4588 illa
1599 4508 1821 4588 duo‘au-

222 4583 449 4649 daciler,
472 4591 521 4636 et
546 4580 683 4653 quod
707 4593 884 4637 contra
914 4584 1047 4652 leges
1073 4580 1165 4644 est,
1189 4580 1416 4647 iteratis;
1445 4580 1497 4634 id
1530 4580 1819 4636 Balduiuus

1920 3280 2107 3337 abillo
2136 3289 2471 3352 repetuntur.
2499 3280 2654 3344 Vide,
2685 3280 2875 3347 lector,
2907 3290 3166 3350 quantum
3193 3282 3263 3335 sit
3298 3280 3350 3334 in
3390 3297 3514 3336 ver-

1919 3355 2006 3410 bis
2049 3354 2133 3409 vel
2164 3354 2396 3408 miuimis
2427 3364 2575 3408 recte
2599 3353 2850 3421 expensis
2878 3361 2931 3405 et
2953 3352 3273 3417 intellectis,
3305 3359 3513 3407 tantum

1919 3434 2069 3482 certe
2095 3426 2212 3480 sani
2248 3424 2506 3495 cujusque
2530 3423 2756 3494 judicio,
2792 3432 2848 3476 ut
2876 3424 2964 3493 qui
3008 3422 3128 3495 inec
3159 3423 3434 3493 nogligunt
3460 3434 3517 3480 et

1919 3496 2232 3564 fastidiunt,
2263 3494 2325 3551 ut
2351 3496 2511 3552 hodie
2548 3496 2697 3550 multi
2726 3495 2814 3566 qui
2843 3496 2941 3549 soli
2971 3494 3070 3549 sibi
3102 3509 3295 3566 sapere
3325 3495 3515 3566 viden-

1921 3578 2031 3634 tur,
2084 3569 2168 3623 vel
2208 3570 2443 3639 optimas
2470 3581 2712 3639 quosque
2748 3565 2969 3621 veteres
3015 3565 3513 3639 scriptureshlasti-

1919 3641 2071 3697 diant
2101 3636 2324 3695 necesse
2369 3641 2468 3704 sit;
2490 3636 2590 3692 ’vel
2622 3639 2665 3691 si
2696 3637 2894 3708 legant,
2929 3646 3132 3691 tantum
3182 3654 3251 3692 ex
3298 3636 3511 3695 illorum

1921 3712 2155 3784 lectione
2184 3711 2495 3784 proﬁciant,
2545 3717 2805 3781 quantum
2848 3710 2894 3765 si
2926 3723 3200 3780 nunquam
3230 3707 3519 3765 vidissent.

1920 3784 1992 3841 M.
2023 3783 2255 3841 Cssstfs.

1993 3858 2106 3928 (i5)
2151 3854 2387 3924 Quinque
2427 3853 2589 3928 dotes.
2632 3852 2902 3909 Cathcdra
2925 3892 2941 3919 ,
2981 3850 3168 3907 missio
3189 3892 3204 3918 ,
3235 3850 3468 3908 annulus
3496 3895 3512 3921 ,

1920 3924 2307 3994 sacerdotium,
2343 3936 2397 3981 et
2426 3924 2645 3981 similia.
2676 3928 2905 3980 ALBASP.

1998 3999 2111 4084 (14)
2128 3999 2362 4084 Quingue
2375 3997 2527 4084 _dotes
2548 3995 2987 4084 (Eglesicelquas
3010 4003 3065 4084 tu
3074 4011 3175 4084 seat
3192 3995 3511 4084 essediaisti,

1920 4068 2171 4151 Quinque
2213 4068 2330 4151 illa;
2356 4070 2511 4125 dotes
2537 4068 2565 4121 a
2606 4068 2963 4151 Parmeniano
3008 4077 3342 4151 memoratae,
3368 4081 3511 4151 quas

1922 4137 2163 4214 agnoscit
2207 4140 2457 4214 Optatus,
2485 4149 2612 4195 sunt
2639 4138 3206 4214 cathedra,'uangelus,
3251 4137 3508 4214 Spiritus,

1924 4209 2355 4285 lous,‘sigillum.
2389 4213 2554 4269 Sexta
2579 4228 2739 4285 quam
2769 4210 3036 4285 repudiat,
3064 4220 3149 4266 est
3175 4209 3504 4266 umbilicus:

1923 4286 1977 4343 id
2008 4283 2190 4342 videre
2218 4297 2300 4339 est
2320 4285 2374 4340 in
2396 4283 2775 4355 sequentibus.
2801 4284 2877 4338 Du
2912 4283 3026 4341 PIN.

1996 4358 2113 4428 (15)
2153 4357 2408 4413 Catltedra
2433 4351 2505 4411 est
2531 4357 2717 4427 prima.
2756 4354 2999 4411 Potestas
3027 4354 3282 4420 clavium,
3305 4359 3359 4407 et
3382 4351 3511 4408 mis.

1923 4430 2005 4485 siu
2029 4441 2114 4485 est
2136 4428 2327 4500 prima.
2364 4432 2592 4483 Mense.
2658 4499 2662 4500 ν
3191 4496 3201 4500 _
3434 4470 3439 4473 _

2000 4502 2115 4574 (16)
2137 4496 2415 4574 ’βοιιίιηιθε
2441 4501 2604 4574 altera
2630 4499 2725 4574 dos
2753 4514 2854 4574 non
2883 4502 3090 4568 poterit,
3118 4496 3201 4564 qni
3241 4504 3315 4574 e_s_t
3336 4510 3509 4551 annu-

1926 4566 2027 4629 lus'.
2044 4566 2231 4629 Merito
2259 4566 2520 4641 suspicari
2545 4570 2649 4641 hoc
2675 4568 2778 4622 loci
2802 4566 3100 4641 possumus
3115 4566 3296 4641 annuli
3316 4580 3506 4622 vocem

222 4655 299 4709 de
339 4638 986 4724 legibus'imperatorum"
1012 4638 1303 4724 accipiens,
1337 4638 1563 4707 multum
1612 4665 1691 4724 se“
1714 4661 1823 4706 tor-
1847 4642 1903 4703 D
1926 4645 1979 4724 in
2008 4644 2206 4699 mendo
2247 4638 2609 4724 decumbere}
2641 4640 2713 4694 ita
2742 4638 3318 4724 ut'repoucndumhsit
3349 4654 3511 4724 auge-

222 4722 469 4797 quet,'ut
516 4722 783 4792 inveniat,
825 4741 960 4797 quas
990 4722 1398 4797 imperatorum
1454 4724 1599 4793 leges
1640 4722 1823 4797 ΔΟριτι-

226 4794 319 4853 [us
348 4797 651 4868 intelligere
690 4794 942 4867 potuerit.
972 4794 1135 4867 Atqui
1166 4796 1251 4852 vel
1301 4806 1589 4868 sequentes
1640 4794 1815 4857 linea}.

221 4871 467 4941 quamvis
495 4865 547 4924 ei
571 4886 656 4924 vos
681 4865 779 4939 ipsi
810 4885 912 4924 non
939 4865 1148 4941 negetis,
1174 4869 1299 4941 quia
1318 4884 1420 4941 non
1451 4865 1594 4921 debet
1619 4868 1819 4941 iterari,

222 4938 373 5019 quod
396 4938 775 5019 semeljussuttt
815 4951 887 4996 est
1104 4938 1514 5019 πολυθρύλλῃτᾳ,
1543 4945 1599 4992 (οι
1625 4938 1822 5019 desalt-

225 5010 505 5079 tatissima
530 5014 614 5069 illa
642 5013 761 5083 :qui
784 5010 1095 5068 semellotus
1118 5022 1212 5078 est,
1245 5010 1346 5066 non
1374 5010 1521 5066 habet
1547 5010 1822 5083 necessita-

226 5095 336 5140 tem
376 5085 564 5141 iterum
602 5082 840 5151 lauandi,
883 5084 1079 5156 quibus
1114 5100 1173 5139 se
1217 5083 1554 5153 potissimum
1603 5082 1818 5138 illorum

227 5167 539 5230 temporum
611 5168 878 5230 martyres
929 5170 1141 5230 armare
1189 5163 1580 5230 coasueverant
1632 5165 1820 5209 contra

225 5225 431 5284 vim’et
457 5225 916 5299 importunitatem
943 5226 1323 5299 hzereticorum
1364 5225 1699 5299 rebaptizare
1725 5241 1822 5280 vo-

228 5302 489 5368 lentium,
515 5297 742 5372 qumque
780 5300 847 5353 ab
873 5300 989 5372 ipso
1014 5299 1209 5371 Optato
1234 5298 1345 5372 lib.
1376 5314 1447 5372 v,‘
1474 5297 1656 5352 nmltis
1682 5306 1822 5372 tract

230 5382 445 5438 tantur,
486 5368 745 5429 revocare
790 5368 903 5443 ipsi
928 5372 979 5425 iu
1024 5368 1336 5443 memoriam
1364 5368 1684 5443 debuerunt,
1720 5368 1824 5443 sed

230 5453 297 5498 ut
326 5445 392 5498 ad
425 5444 516 5500 illa
545 5440 1161 5513 Optatum'respexisse,
1195 5456 1257 5497 ac
1279 5442 1381 5497 isto
1405 5441 1561 5495 semel
1581 5440 1825 5513 allusisse

229 5511 623 5588 intelligerent.
650 5514 823 5588 Quod
850 5511 1029 5570 contra
1076 5513 1209 5588 leges
1250 5523 1345 5588 est,
1394 5513 1584 5584 igitur,
1629 5511 1681 5567 id
1719 5522 1823 5588 e_st,

230 5587 383 5659 quod
416 5582 607 5643 contra
636 5587 942 5659 Scripturas
969 5594 1029 5659 et
1060 5582 1369 5659 evangelica
1405 5582 1704 5659 prmcepta.
1723 5582 1824 5659 δε-

233 5656 345 5715 mel
366 5660 499 5715 illud
541 5661 610 5714 ita
650 5656 884 5729 explicat
908 5665 964 5714 et
982 5657 1075 5730 lib.
1098 5672 1155 5730 v,
1201 5658 1265 5711 de
1294 5657 1389 5730 hoc
1420 5656 1622 5710 lavacro
1645 5656 1780 5730 dixit
1805 5672 1824 5710 :

231 5732 336 5800 qui
373 5731 543 5789 semel
572 5728 842 5797 lotus’est,
869 5746 974 5785 non
1024 5728 1186 5785 liabet
1222 5728 1414 5783 iterum
1447 5728 1823 5800 necessitatem

231 5799 477 5859 lavandi.
512 5804 615 5872 Qui
641 5803 807 5859 semel
851 5802 1005 5869 dixit,
1044 5800 1301 5872 prohibuit
1326 5800 1509 5855 iterum
1534 5800 1667 5872 ﬁeri.
1715 5799 1823 5857 Sed

234 5883 303 5935 et
324 5870 545 5947 pmprie
560 5891 625 5932 ac
656 5873 1017 5947 peculiariter,
1036 5870 1171 5944 leges
1188 5872 1507 5944 baptismatis
1531 5870 1599 5928 ab
1627 5872 1825 5945 Optato

1930 4715 2050 4782 lus;
2083 4730 2204 4773 nam
2246 4726 2369 4769 ante
2405 4728 2527 4768 eum
2568 4711 2636 4767 de
2663 4711 2897 4767 secunda
2925 4710 3053 4767 dote
3082 4710 3321 4782 loquitur
3346 4709 3512 4782 Opta:

1929 4779 2039 4851 tus,
2060 4788 2133 4843 ita
2157 4785 2413 4857 scriptum
2442 4794 2650 4849 exstat,
2670 4792 2726 4857 et
2752 4782 2967 4857 quidem
2990 4779 3260 4857 suasione
3283 4779 3421 4857 facta
3443 4779 3513 4835 ad

1927 4870 2135 4931 septem
2183 4851 2404 4931 angelos
2428 4897 2444 4923 ,
2480 4857 2552 4931 de
2602 4851 2797 4931 quibus
2841 4854 2906 4908 D.
2940 4851 3513 4931 Joannesll‘h‘eologus

1926 4924 2268 5003 Apocalypsi
2287 4945 2407 5003 cap.
2439 4944 2477 4983 ι.
2515 4927 2590 4983 Ex
2612 4925 2808 5003 quibus
2838 4925 3103 5003 suspicari
3128 4924 3324 4995 aliquis
3340 4924 3515 4993 possit

1925 4996 2455 5075 angelus’legend'um
2492 4996 2643 5055 esse.
2665 4996 2775 5053 Nos
2795 5004 2974 5054 tamen
3024 4998 3098 5054 nil
3157 5005 3362 5051 temere
3392 5010 3515 5051 mu-

1922 5073 2026 5140 tari
2060 5076 2329 5130 volumus.
2354 5073 2557 5129 ΒΑιιτιι.

2003 5152 2121 5282 (11)
2160 5155 2264 5221 Qui
2288 5164 2363 5210 est
2382 5150 3077 5238 'annutus..Per'annulum,
3108 5148 3165 5205 ni
3208 5147 3397 5215 fallor,
3430 5148 3515 5233 iu-

2029 5238 2123 5282 tatt
2154 5234 2473 5282 potestatem
2499 5222 2664 5280 dandi
2703 5225 2964 5282 Smrttum
3003 5229 3272 5282 sanctum,
3296 5222 3381 5276 vel
3431 5236 3513 5282 ip-

1927 5220 2123 5298 telligit
2154 5220 2473 5304 putestatem
2499 5222 2664 5280 dandi
2703 5225 2966 5304 Spiritum
3003 5229 3272 5304 sanctum,
3296 5220 3513 5304 velo‘ip-

1924 5291 2166 5355 Δθιιιιιῖιιεί
2184 5298 2440 5368 Spiritum
2463 5308 2729 5352 sanctum.
2744 5291 3107 5368 Tertullianus
3127 5292 3197 5347 de
3212 5291 3476 5368 Pudicitia
3497 5309 3512 5344 :

1926 5361 2242 5440 recuperabii
2268 5371 2423 5441 igitur
2446 5378 2491 5423 et
2518 5378 2752 5439 apostata
2772 5377 2955 5441 vestem
2981 5366 3225 5441 priorem,
3246 5361 3520 5441 indumen-

1932 5432 2059 5497 tum.
2081 5432 2311 5513 Spiritus
2354 5441 2516 5513 sancti
2544 5432 2591 5495 et
2620 5432 3058 5513 annulunrdenuo
3086 5433 3406 5513 signaculum
3436 5432 3517 5487 la-

1931 5516 2090 5580 uacri,
2121 5507 2167 5569 et
2198 5530 2377 5569 rursus
2408 5512 2486 5586 illi
2514 5511 2816 5586 mactabitur
2846 5509 3102 5586 Christus1
3131 5507 3278 5586 item
3307 5516 3517 5586 :rannu-

1932 5586 2040 5642 lum
2068 5577 2266 5657 quoque
2289 5585 2481 5656 accepit
2517 5593 2621 5637 tum
2659 5577 2901 5657 primum,
2929 5596 3035 5657 quo.
3069 5577 3196 5657 ﬁdei
3226 5577 3515 5657 pactionem

1929 5648 2272 5731 interroga-tus
2300 5648 2551 5726 obsignat,
2584 5648 2735 5731 atque
2770 5656 2842 5731 ita
2877 5648 3372 5731 exinde-opimitate
3400 5648 3514 5731 do-

1933 5732 2110 5786 minici
2124 5719 2364 5801 "corporis
2386 5719 2606 5801 uescitur
2616 5767 2631 5793 ,
2650 5719 2993 5801 'Eucharistia
3010 5719 3251 5801 scilicet.
3264 5719 3511 5775 Annulus

1933 5801 2097 5874 igitur
2125 5791 2266 5858 inter
2286 5812 2570 5874 utrumque
2592 5791 2846 5874 baptismi
2872 5804 2929 5850 et
2954 5791 3306 5874 Eucharistia:
3332 5802 3515 5874 saera-

1933 5863 2175 5932 mentum
2204 5863 2600 5931 concedebatur
2623 5888 2640 5927 :
2666 5863 2818 5925 unde
2839 5874 2984 5939 patet
3006 5865 3076 5923 de
3099 5863 3511 5921 conﬁrmatione
