3898 6320
435 276 536 334 951

1618 271 1860 331 SANCTI
1899 268 2153 330 opra'rt
2191 267 2501 330 EPISCOPI
3065 243 3067 246 ⁴
3565 281 3648 340 952

433 397 658 464 erroris,
693 405 976 468 protentus
1006 395 1073 452 de
1105 397 1408 464 mendacio,
1434 411 1540 452 non
1570 395 1637 450 de
1674 395 1852 450 radice
1893 396 2036 450 veri-
2061 398 2111 458 Λ
2138 402 2432 449 sanctorum
2480 392 2914 450 communicantes
2940 391 3059 466 (50)
3103 392 3271 466 (Rom.
3313 410 3398 464 xu,
3424 397 3517 472 l3).
3540 398 3651 458 Ecce

438 493 584 546 tatis.
613 493 856 564 Denique
882 493 924 547 si
949 491 1065 563 (43)
1091 491 1363 547 Macrobio
1391 492 1604 548 dicatnr
1623 533 1638 556 ,
1665 489 1782 562 (44)
1808 490 1896 544 ubi
1924 491 2032 547 illic

435 583 644 652 sedeat,
666 585 922 656 numquid
950 594 1128 656 potest
1154 584 1356 648 dicere,
1391 585 1442 639 itt
1461 584 1575 654 (45)
1595 584 1846 638 cathedra
1868 583 2039 639 Petri?

441 696 604 750 quant
657 681 842 736 nescio
876 680 991 751 (46)
1039 680 1086 736 si
1133 679 1216 734 vel
1262 679 1432 734 oculis
1471 680 1577 752 33
1610 679 1778 745 novit,
1811 687 1864 732 et
1921 677 2034 748 (47)

432 773 500 830 ad
528 774 682 844 cujus
708 775 1026 830 memoriam
1055 788 1162 829 non
1194 773 1401 828 accedit
1431 772 1582 843 quasi
1615 771 1997 828 schismaticus
2024 807 2040 835 ,

433 864 552 938 (48)
575 874 764 922 contra
788 866 1104 939 Apostolum
1135 865 1358 934 faciens,
1383 867 1476 938 qui
1502 865 1610 920 ait:
1639 863 1752 938 (49)
1775 863 2033 917 memoriis

2135 488 2249 561 (5|)
2285 498 2584 558 prmsentes
2605 497 2731 545 sunt
2761 489 2832 544 ibi
2872 488 3104 544 duorum
3135 492 3387 546 memorie
3415 493 3650 562 Apostolo-

2138 597 2277 637 rum.
2308 581 2444 654 (52).
2475 582 2647 638 Dicite
2693 583 2737 637 si
2782 583 2849 636 ad
2873 581 2968 636 has
3004 581 3119 653 (55)
3144 582 3338 653 ingredi
3367 587 3542 654 potuit;
3564 586 3653 659 (54)

2140 683 2232 730 aut
2257 674 2456 731 obtulit
2476 675 2587 733 illic
2609 685 2656 741 ⁸,
2684 675 2778 730 ubi
2805 685 3116 730 sanctorum
3150 677 3418 731 memorias
3438 693 3540 733 esse
3557 695 3655 735 con-

2140 776 2268 824 stat.
2299 767 2443 840 Ergo
2465 777 2654 834 restat,
2676 776 2736 823 ut
2758 767 2992 823 fateatur
3013 769 3189 825 socius
3205 779 3371 826 vester
3388 770 3656 840 Macrobius,

2141 877 2202 920 se
2229 863 2300 918 ibi
2340 862 2561 930 sedere,
2586 862 2679 920 ubi
2705 862 3000 936 aliquando
3024 863 3165 921 sedit
3189 864 3456 940 Encolpius
3472 865 3497 906 ι)
3523 886 3533 922 :
3558 869 3594 924 si
3618 878 3660 927 et

1641 995 1938 1055 LECTION
1944 997 2026 1055 ES
2061 997 2481 1056 VARIANTES.

493 1092 523 1125 ⁸
555 1092 614 1146 In
637 1093 804 1156 editis,
827 1087 896 1146 ita
919 1096 969 1144 ut
986 1090 1206 1146 obtulerit
1225 1086 1344 1142 illic.

2200 1088 2228 1128 δ
2261 1089 2316 1142 In
2340 1105 2432 1143 ms.
2457 1092 2511 1143 S.
2538 1090 2599 1144 (ἓ.
2618 1090 2894 1158 Bnclopius.

1797 1196 2160 1255 VARIORUM
2197 1197 2426 1255 NOTAE.

510 1319 628 1392 (45)
671 1318 987 1376 Macrobius.
1019 1317 1116 1376 llle
1138 1315 1228 1389 qui
1260 1324 1386 1371 tunc
1413 1329 1513 1387 pro
1534 1311 1830 1370 Donatistis
1850 1312 2038 1369 Romae

435 1393 650 1468 ascbct-
677 1395 916 1468 Aruse-

510 1464 629 1536 (44)
675 1463 776 1520 Ubi
817 1465 928 1518 illic
955 1460 1146 1517 sedeat.
1177 1460 1350 1530 Quam
1394 1461 1770 1516 auctoritatem
1817 1457 2034 1526 habeat,

439 1545 495 1595 et
521 1552 550 1591 a
579 1535 687 1606 quo
717 1536 945 1605 acce’pit.
980 1535 1207 1606 ALDASP.

511 1601 628 1681 (45)
669 1607 750 1681 In
773 1601 1019 1662 cathedra
1052 1605 1220 1662 Petri.
1263 1603 1397 1659 Cum
1427 1602 1654 1681 Siricins
1687 1603 1738 1657 in
1767 1601 1910 1656 Petri
1929 1618 2037 1681 _ca-

441 1674 631 1736 tbedra
659 1679 898 1742 sederet,
928 1692 1153 1733 necesse
1182 1685 1301 1734 erat
1331 1684 1389 1730 ut
1417 1675 1578 1729 aliam
1610 1682 1902 1745 occuparet
1928 1674 2037 1729 Ma-

440 1752 682 1809 crobius.
717 1753 947 1806 ALBASP.

517 1821 633 1894 (46)
677 1822 738 1878 Si
767 1823 846 1878 vel
879 1821 1044 1876 oculis
1092 1821 1248 1875 novit.
1278 1819 1466 1894 Neque
1497 1819 1669 1894 oculis
1701 1817 2047 1894 novitaltare

442 1889 535 1950 tibi
591 1895 782 1950 Petrus
841 1894 1066 1956 obtulit.
1102 1908 1279 1962 neque
1319 1891 1622 1962 Ecclesiam
1675 1891 1762 1944 ubi
1797 1889 2045 1944 fidelibus

447 1965 776 2040 pratifuitaet
805 1965 859 2020 in
889 1981 992 2034 qua
1015 1961 1673 2040 apostolatumexercuit.
1705 1963 1934 2040 Acssse.

516 2039 633 2112 (4'?)
676 2036 756 2092 Ad
805 2040 957 2112 cujus
1007 2037 1328 2112 memoriam.
1372 2033 1452 2089 Ad
1498 2033 1646 2112 Petri
1673 2034 1992 2112 ntenLoriatn
2027 2051 2041 2112 ξ

450 2104 555 2165 hoc
589 2104 712 2164 luco
735 2104 932 2176 accipit
956 2108 1276 2162 memoriam
1310 2121 1408 2176 pro
1438 2106 1680 2172 reliquiis
1713 2106 1774 2158 υ.
1806 2104 1950 2160 Petri
1975 2104 2040 2158 ad

445 2196 583 2253 quas
612 2195 718 2234 non
767 2180 1003 2253 audebat
1045 2179 1314 2253 accedere
1344 2177 1656 2253 Macrobius
1679 2185 1780 2253 ,Aet
1820 2177 2043 2253 curn_iis

443 2247 882 2318 communicare,
909 2251 1031 2320 quia
1082 2259 1199 2304 erat
1241 2250 1640 2304 schismaticus.
1671 2248 1871 2302 Omnes
1914 2247 2040 2302 olim

444 2324 685 2395 episcopi
717 2339 838 2395 cum
884 2321 1406 2395 decessoribussuis
1447 2322 1886 2374 communionem
1913 2335 2042 2388 age-

449 2391 578 2450 bant
599 2438 612 2456 .
635 2391 770 2462 'quia
794 2409 915 2458 eum
947 2394 1027 2447 eis
1055 2407 1157 2446 una
1188 2391 1485 2459 eademque
1509 2407 1737 2458 persona
1768 2399 1824 2444 et
1846 2406 2043 2455 corpus

447 2467 834 2530 censebantur,
868 2475 925 2519 et
948 2465 1072 2534 quia
1097 2465 1258 2519 etiam
1286 2478 1485 2532 eorpus
1513 2462 1714 2534 Christi
1740 2478 1843 2514 non
1870 2464 2040 2516 solum

450 2547 665 2592 constat
693 2553 763 2590 ex
796 2533 1052 2591 membris
1091 2551 1210 2601 qua:
1237 2534 1492 2590 videntur
1515 2576 1527 2598 ,
1561 2533 1654 2588 sed
1687 2549 1754 2587 ex
1783 2533 1850 2588 iis
1880 2535 2041 2588 etiant

449 2624 571 2680 qua:
598 2611 648 2663 in
703 2623 835 2678 pace
881 2617 1229 2663 recesserunt
1266 2625 1279 2662 :
1313 2614 1642 2680 quapropter
1691 2615 1748 2658 ut
1805 2605 2042 2680 perfecta

451 2677 599 2737 esset
625 2680 974 2742 communio,
1003 2689 1058 2734 et
1102 2687 1159 2733 ut
1190 2678 1506 2732 cont-innata
1565 2677 1737 2744 primo
1789 2677 2047 2745 episcooo

455 2753 544 2824 qui
582 2754 631 2807 in
663 2769 727 2806 ea
749 2751 878 2806 sede
904 2750 1140 2813 sederet,
1173 2750 1623 2824 videretur._c_utn
1656 2748 1905 2824 omnibus
1933 2750 2043 2818 cpi-

452 2819 633 2892 scopii
661 2825 887 2877 mortuis
918 2823 1352 2877 communionem
1384 2819 1689 2874 faciebant:
1735 2820 1834 2873 hoc
1865 2829 2044 2892 autem

453 2890 617 2950 ﬁebat
645 2896 828 2949 multis
850 2894 1047 2959 modis,
1069 2895 1152 2948 vel
1177 2893 1372 2948 missas
1393 2907 1558 2960 super
1579 2908 1766 2946 eorum
1791 2890 2048 2958 reliquias

455 2966 802 3028 celebrando,
835 2967 918 3020 vel
942 2980 1035 3018 eas
1056 2963 1443 3026 deosculandu,
1487 2963 1573 3016 vel
1598 2979 1786 3018 eorum
1827 2965 2046 3018 nomina

457 3039 599 3093 inter
627 3053 682 3091 sa
697 3052 782 3091 "ra
818 3052 850 3092 e
878 3035 1150 3108 diptychis
1181 3033 1475 3108 efferendo.
1533 3033 1603 3108 Ut
1649 3033 2045 3108 ergo_0ptatns

2144 1312 2276 1390 mihi
2295 1357 2309 1379 .
2336 1315 2445 1390 nisi
2458 1315 2694 1390 fortasse
2735 1316 2790 1372 in
2812 1332 3099 1390 _perquam
3145 1318 3340 1389 paucis,
3376 1318 3518 1390 plane
3541 1324 3667 1380 omit-

2144 1387 2338 1465 tendus
2383 1387 2781 1465 AlbaSpingeus.
2811 1387 3158 1465 Illud‘etiam'
3202 1387 3443 1465 lectorem
3472 1405 3666 1465 rogatum

2141 1459 2340 1534 velim,
2373 1470 2430 1514 ut
2479 1461 2524 1514 si
2571 1459 2698 1534 quid
2729 1471 2979 1517 occurret
3009 1463 3290 1518 obscurius
3326 1478 3354 1516 a
3385 1479 3463 1518 me
3487 1459 3667 1534 prater-

2143 1531 2402 1597 missum,
2438 1547 2506 1586 ne
2549 1531 2700 1600 prius
2760 1533 2890 1588 mihi
2921 1533 3054 1588 vitio
3096 1542 3271 1589 vertat
3307 1550 3455 1603 quam
3491 1531 3670 1593 'Baldui-

2115 1603 2271 1676 ’nurn
2291 1604 2644 1676 consuluerit,
2674 1605 2815 1676 apud
2837 1621 2996 1672 quem
3020 1620 3182 1674 spero
3201 1615 3455 1674 repertum
3477 1608 3530 1662 iri
3549 1609 3672 1676 quid-

2146 1673 2272 1744 quid
2303 1675 2357 1729 in
2390 1675 2473 1729 his
2503 1676 2647 1729 notis
2668 1673 3086 1732 desiderabitur.
3113 1678 3183 1732 Μ.
3219 1673 3437 1733 Cissus.

2223 1744 2340 1816 (49)
2374 1745 2637 1801 Memoriis
2683 1758 2976 1802 sanctorum
3004 1750 3444 1804 communicantes.
3468 1749 3596 1804 Hunc
3621 1751 3672 1807 ad

2149 1815 2428 1872 Romanos
2455 1819 2633 1873 locum
2673 1817 2742 1873 de
2764 1819 3010 1889 reliquiis
3035 1819 3181 1875 etde
3213 1819 3473 1875 memoriis
3506 1831 3676 1876 sanctoo

2150 1904 2288 1960 rum,
2318 1904 2424 1944 non
2450 1890 2517 1945 de
2547 1890 2957 1946 necessitatibus
2983 1893 3220 1960 explicat
3239 1907 3357 1947 cum
3380 1892 3574 1950 Ililario.
3593 1893 3678 1948 Ru-

2151 1959 2258 2014 fino
2283 1969 2337 2014 ct
2358 1959 2648 2034 Ambrosio
2670 2003 2685 2027 ,
2717 1977 2836 2034 qua:
2865 1963 3024 2018 lectio
3051 1959 3224 2034 magis
3253 1974 3584 2020 consentanea
3605 1981 3673 2021 cs-

2147 2043 2228 2086 set
2256 2034 2423 2087 veteri
2455 2032 2773 2100 disciplinae.
2804 2033 3034 2090 ALBASP.

2219 2101 2336 2175 (50)
2385 2103 2650 2175 Memoriis
2709 2117 3004 2160 sanctorum
3060 2106 3494 2162 communicantes.
3544 2105 3680 2163 Locus

2147 2174 2376 2244 apostoli
2411 2174 2559 2230 Pauli
2591 2192 2655 2231 es
2683 2191 2770 2246 ep.
2797 2177 2866 2232 ’ad
2909 2177 3066 2232 Rom.
3097 2193 3148 2234 c.
3176 2193 3250 2233 stt
3270 2220 3284 2243 ,
3318 2195 3367 2231 ν.
3400 2179 3480 2242 l3,
3508 2179 3583 2232 ubi
3609 2179 3680 2233 ba-

2146 2246 2306 2302 betttr
2327 2248 2708 2326 necessitatibus
2735 2263 2832 2303 sett
2858 2249 3179 2326 indigentiis,
3210 2254 3680 2326 Taic_19£ia_t:,}anc-

2147 2328 2314 2371 torum
2353 2322 2806 2375 communicantes.
2853 2318 3208 2390 Sediqttidam
3249 2318 3454 2376 codices
3492 2321 3682 2376 habuere

2147 2399 2268 2464 rei;
2297 2399 2510 2464 μνειᾳῖς,
2537 2392 2836 2464 memoriis;
2863 2402 2919 2448 et
2946 2394 3014 2446 ita
3037 2407 3144 2446 non
3173 2394 3321 2448 solus
3342 2395 3460 2464 legit
3477 2393 3679 2459 Optatos,

2150 2461 2323 2533 sedet
2347 2461 2583 2518 Hilarius
2602 2463 2638 2516 1.
2665 2464 2718 2516 in
2744 2462 3156 2528 Constantium,
3185 2461 3433 2524 Rufinus.
3463 2465 3682 2533 Pelagius,

2149 2531 2569 2607 Ambrosiaster,
2600 2533 3266 2607 Sedulius,Cbrysologus
3315 2536 3486 2590 homil.
3516 2531 3618 2591 ΗΟ.
3643 2545 3683 2589 et

2149 2603 2445 2678 Gregorius
2471 2605 2611 2678 min
2642 2606 2800 2676 epist.
2831 2606 2898 2661 ad
2921 2603 3227 2678 Optimates
3249 2617 3299 2663 et
3327 2607 3556 2678 populum
3581 2607 3684 2660 Ger-

2151 2677 2364 2731 maniae.
2393 2676 2448 2730 ld
2476 2677 2638 2731 etiam
2665 2676 3049 2746 interpretatur
3071 2678 3140 2734 de
3181 2676 3455 2735 memoriis
3476 2695 3560 2734 seu
3587 2678 3687 2731 reli-

2151 2746 2290 2817 quiis
2333 2758 2642 2803 sanctorum
2694 2748 3027 2818 Augustinus
3081 2765 3250 2805 serm.
3301 2751 3368 2806 de
3398 2751 3559 2804 verbis
3604 2750 3682 2802 Do-

2154 2819 2282 2892 mini
2313 2833 2454 2872 nunc
2486 2819 2608 2884 157,
2638 2835 2686 2876 c.
2717 2821 2837 2885 ult.,
2867 2822 3258 2876 communicatis
3281 2821 3686 2892 membrisAposto-

2152 2889 2338 2961 lorum,
2371 2892 2757 2946 communicatis
2799 2895 3056 2947 memoriis
3094 2904 3390 2948 sanctorum
3426 2889 3685 2961 Martyrum.

2152 2959 2402 3035 Attamen
2432 2963 2500 3035 de
2529 2963 2940 3019 necessitatibus
2965 2977 3021 3019 et
3053 2965 3362 3035 indigentiis
3390 2959 3686 3025 sanctorum,

2153 3032 2257 3106 hoc
2285 3042 2399 3106 est,
2431 3034 2872 3106 christianorum.
2905 3032 3316 3106 intelligendum
3356 3051 3472 3091 esse
3500 3037 3690 3098 Aposto-

455 3109 707 3186 qstendat
755 3103 1083 3186 Macrobiitm
1138 3122 1243 3162 non
1299 3121 1420 3186 esse
1462 3105 1756 3186 legitimum
1789 3106 2046 3160 Romamn
2073 3123 2118 3186 (ς
2155 3105 2263 3186 lum
2295 3103 2454 3173 longe
2487 3105 2833 3160 verisimilius
2871 3119 2972 3161 est.
3005 3103 3109 3186 sed
3141 3108 3478 3186 excusandus
3505 3107 3689 3174 Optatos

461 3180 733 3252 Ecclesi:c_
751 3182 1104 3252 episcopum,
1134 3188 1296 3252 atque
1321 3179 1460 3252 adeo
1483 3177 1645 3232 Petro
1671 3192 1775 3231 non
1798 3192 2043 3252 commu-

457 3254 639 3308 nicare
664 3293 682 3318 ,
705 3248 838 3308 dicit
865 3267 988 3306 eum
1018 3248 1088 3305 ad
1127 3250 1244 3321 ejus
1272 3249 1528 3320 reliquias
1572 3264 1678 3304 non
1724 3250 2043 3305 accessisse.

456 3325 690 3382 Atnssr.
1749 3384 1754 3389 η

532 3395 648 3468 (48)
679 3393 873 3451 Contra
916 3394 1221 3468 Apostalum
1253 3395 1448 3468 faciens
1473 3433 1487 3456 ,
1520 3392 1607 3468 qui
1635 3394 1740 3456 ait,
1790 3393 2048 3447 memoriis

462 3464 800 3530 sanctorum,
831 3476 938 3521 etc.
965 3464 1132 3522 Rom.
1166 3481 1242 3520 xu
1264 3509 1278 3528 ,
1308 3466 1376 3519 13
1400 3506 1414 3527 ,
1448 3480 1556 3535 quo
1585 3464 1702 3518 loco
1733 3470 1922 3536 μνείαις
1951 3479 2047 3533 pro

460 3543 669 3616 χρείαις
697 3539 764 3616 ab
795 3539 1029 3608 antiquis
1059 3537 1332 3616 nonnullis
1375 3545 1466 3616 est_
1505 3538 1720 3616 lectum.
1759 3537 2048 3616 Balduinus

465 3608 532 3665 id
562 3611 704 3664 hunc
727 3610 902 3663 locum
930 3610 1130 3678 notavit
1155 3650 1170 3673 ,
1193 3619 1244 3664 et
1271 3609 1420 3677 plura
1447 3608 1618 3663 Lucas
1650 3608 1959 3678 Brugensis,
1993 3609 2047 3663 in

463 3683 606 3736 notis
634 3681 699 3734 ad
725 3679 788 3735 N.
824 3679 886 3733 Τ.
923 3682 1040 3735 Alb.
1074 3679 1395 3749 ubicumque
1419 3681 1690 3734 ntemorias
1715 3682 1939 3749 reperit,
1965 3697 2046 3736 rc-

463 3751 651 3822 liquias
681 3752 1138 3822 interpretandum
1184 3761 1371 3821 putat;
1414 3767 1536 3806 cum
1572 3761 1748 3805 tamen
1797 3768 1862 3806 ex
1909 3753 2048 3806 anti-

462 3824 739 3892 quissimis
785 3825 873 3892 qui
905 3822 1154 3878 lectionis
1206 3823 1348 3877 illius
1378 3824 1778 3888 meminerunt,
1828 3823 2045 3892 quidam

465 3911 564 3967 pro
589 3898 944 3950 recordatione
999 3895 1335 3964 acceperint,
1371 3896 1476 3967 sed
1521 3910 1692 3960 neque
1735 3895 1872 3962 apud
1912 3895 2048 3949 alios

462 3965 720 4022 memoria:
751 3967 889 4021 idem
919 3967 1059 4037 quod
1091 3967 1339 4037 reliquiae.
1370 3965 1725 4035 Erigehantur
1763 3967 1906 4020 enim
1937 3982 2045 4018 me-

463 4041 661 4106 ntorice,
686 4040 918 4110 reliquit:
939 4038 1330 4093 condebantur.
1368 4037 1723 4108 Erigebantur
1749 4047 1927 4090 autem
1960 4037 2043 4091 vel

464 4114 662 4178 templa
685 4153 698 4174 ,
730 4109 813 4166 vel
862 4110 1051 4164 altaria
1079 4152 1092 4176 ,
1126 4110 1178 4164 in
1219 4109 1413 4179 quibus
1439 4153 1453 4174 ,
1487 4110 1528 4162 si
1557 4124 1689 4176 quas
1735 4118 2043 4163 sanctorum

383 4237 386 4240 .
471 4197 620 4236 veras
651 4182 910 4252 reliquias
939 4180 1220 4246 ltaberent,
1250 4181 1485 4236 condere
1515 4179 1763 4252 solebant
1791 4188 1846 4234 et
1871 4196 2047 4234 asser-

465 4267 614 4307 vare.
645 4251 912 4306 Memoria:
951 4254 1110 4320 igitur
1129 4262 1256 4307 sunt
1285 4254 1481 4322 templa
1513 4260 1568 4305 ut
1595 4251 1916 4320 plurimum,
1948 4253 2046 4307 ali-

465 4323 682 4394 quando
715 4333 917 4378 tantum
957 4324 1144 4378 altaria
1171 4367 1186 4392 ,
1218 4339 1340 4395 qua:
1369 4324 1596 4380 seorsim
1652 4332 1706 4377 et
1753 4323 2042 4394 singularia

463 4411 610 4465 saepe
637 4395 1350 4451 exstruebantur.C:ctcrum
1365 4395 1739 4464 Albaspinaius
1763 4396 1892 4449 tanti
1922 4397 2046 4451 facit

464 4465 605 4522 hanc
633 4467 914 4523 lectionem
942 4467 1013 4522 ita
1043 4482 1072 4520 a
1098 4483 1158 4522 se
1186 4470 1487 4537 expositam
1514 4474 1570 4520 et
1604 4475 1909 4520 enarratum
1932 4509 1948 4532 ,
1988 4477 2044 4522 ut

461 4539 566 4594 etsi
595 4541 824 4608 vulgata:
856 4539 1118 4594 versionis
1153 4539 1221 4594 ab
1247 4539 1497 4594 omnibus
1539 4549 1809 4604 receptam
1853 4539 2040 4593 lectio-

465 4625 589 4665 nem
611 4652 625 4671 .
657 4611 1038 4665 necessitatibus
1066 4620 1360 4665 sanctorum
1389 4613 1850 4671 communicantes,
1887 4612 2043 4674 plane

461 4681 753 4751 repudiare
795 4697 900 4736 non
923 4683 1154 4746 audeat.
1197 4683 1418 4737 alteram
1463 4692 1638 4736 tamen
1679 4684 1846 4736 Veteri
1877 4680 2041 4736 disci-

461 4753 646 4824 plinm,
679 4752 724 4808 si
754 4753 1108 4822 reciperetur,
1139 4754 1309 4824 magis
1339 4762 1761 4824 consentaneum
1791 4768 1895 4806 non
1951 4768 2044 4808 ve—

460 4823 646 4880 reatur
691 4826 1056 4896 pronuntiare.
1099 4823 1249 4881 Adeo
1279 4825 1533 4880 sordebat
1566 4823 1768 4878 homini
1799 4840 1864 4878 ex
1895 4839 2046 4896 mera

459 4895 699 4966 quantus
747 4907 865 4952 erat
917 4896 1235 4968 antiquitate
1284 4897 1615 4966 composito,
1664 4896 1920 4967 quidquid
1975 4895 2045 4951 ad

465 4978 699 5034 veteres,
731 4982 826 5023 seu
858 4983 1049 5033 veros,
1079 4982 1175 5022 seu
1221 4969 1374 5021 fictos
1413 4968 1482 5022 ab
1511 4968 1628 5033 ipso
1656 4969 1792 5022 ritus
1834 4969 2047 5022 trahere

460 5051 570 5092 non
601 5049 828 5106 poterat.
855 5039 969 5108 Ego
991 5055 1120 5094 vero
1151 5038 1318 5094 veteri
1345 5039 1646 5108 disciplinae
1675 5050 1782 5093 tam
1813 5053 2045 5094 consen-

460 5117 675 5164 taneatn
723 5124 846 5165 esse
887 5111 1033 5165 illam
1079 5112 1383 5165 versiOnem
1436 5111 1608 5164 ausim
1660 5121 1956 5180 praestare.
1988 5119 2047 5166 ut

458 5180 604 5236 nulla
634 5181 808 5252 magis
844 5196 966 5236 esse
993 5193 1176 5252 queat.
1211 5181 1364 5238 Unde
1395 5181 1591 5236 factum
1651 5192 1732 5236 cst
1776 5190 1833 5234 ιιι
1877 5184 2003 5237 olim
2025 5225 2041 5250 ,

459 5253 672 5324 quoties
714 5251 847 5307 nihil
875 5251 1055 5316 esset,
1101 5252 1243 5309 unde
1290 5252 1702 5308 neceSsitatibus
1747 5267 2044 5322 pauperum

459 5324 872 5392 subveniretur,
915 5324 1254 5380 sanctissima
1294 5340 1523 5395 quaeque
1579 5325 1686 5395 lleo
1730 5335 2045 5380 consecrata

457 5411 606 5460 vasa,
631 5397 770 5461 vela,
795 5395 997 5464 qumvis
1028 5397 1153 5462 alia,
1181 5394 1441 5459 conflare,
1466 5394 1824 5465 confringere,
1851 5395 2048 5452 distra-

460 5467 614 5535 here,
645 5468 791 5523 nulla
820 5467 1009 5538 religio
1035 5478 1205 5536 esset,
1238 5484 1345 5539 quo
1381 5465 1724 5539 sanctissimo
1755 5470 1876 5520 huic
1907 5479 2043 5535 pra:-

462 5549 620 5610 cepto
649 5554 864 5610 quoquo
894 5537 1054 5596 modo
1091 5537 1396 5596 satisfierct.
1439 5537 1493 5593 Id
1527 5553 1671 5607 saepe
1711 5553 1739 5589 a
1774 5540 2043 5595 veteribus

462 5612 720 5667 Ecclesia:
752 5611 1095 5680 praesulibus,
1129 5611 1257 5666 viris
1285 5625 1425 5667 vera:
1453 5620 1508 5664 ct
1529 5618 1761 5677 anttqttm
1791 5610 2003 5678 pietatis
2022 5655 2038 5678 ,

461 5685 562 5738 etsi
594 5679 862 5738 interdum
891 5697 996 5739 non
1018 5685 1136 5739 sine
1157 5684 1377 5750 invidia,
1406 5679 1596 5750 majori
1623 5694 1798 5735 tamen
1829 5695 2044 5751 semper

463 5767 588 5808 cum
629 5755 787 5808 laude
811 5753 1110 5810 factitatum
1142 5771 1263 5812 esse
1303 5763 1470 5810 testes
1499 5753 1712 5807 illorum
1738 5761 2042 5820 temporum

464 5823 722 5882 historia}.
765 5823 871 5882 Sed
897 5841 966 5882 ne
1027 5835 1169 5885 notae
1215 5827 1438 5884 nimium
1463 5835 1744 5895 crescant,
1785 5823 2042 5898 deinceps

2149 3177 2241 3302 gini
2258 3191 2609 3303 lcommunem
2640 3192 2739 3232 suo
2772 3187 3014 3250 tempore
3059 3181 3350 3236 lectionem
3385 3188 3584 3235 secutus
3605 3183 3687 3232 est.

2196 3264 2227 3303 υ
2301 3263 2372 3303 IN.

2196 3264 2227 3303 υ
2260 3263 2372 3303 ΙἸΝ.

2225 3320 2344 3390 (51)
2376 3319 2660 3376 Prtesentes
2700 3331 2818 3376 sunt
2834 3321 2905 3376 ibi
2930 3324 3154 3378 duorum
3180 3325 3439 3378 memoria:
3458 3320 3690 3391 Apostolo-

2148 3407 2282 3446 rum.
2317 3391 2575 3462 Reliquize
2615 3394 2675 3447 ι).
2709 3392 2856 3450 Petri
2901 3405 2957 3451 et
3001 3395 3161 3453 Pauli
3185 3405 3348 3452 erant
3374 3395 3550 3450 Roma:
3584 3403 3691 3448 tetu-

2151 3478 2282 3534 pore
2301 3463 2500 3533 Optati.
2528 3470 2758 3520 ALBASP.

2223 3534 2340 3606 (5‘2)
2371 3535 2656 3591 Prtesentes
2684 3546 2803 3590 sunt
2843 3536 2914 3591 ibi
2949 3537 3174 3592 duorum
3204 3537 3465 3592 memoria:
3483 3534 3694 3607 apostolo-

2149 3623 2287 3661 rum.
2320 3608 2590 3662 Memoria:
2610 3649 2624 3670 ,
2667 3616 2796 3664 sunt
2821 3608 2966 3664 {cdes
2997 3625 3168 3664 sacra:
3191 3619 3290 3666 aut
3318 3609 3500 3664 altaria
3527 3611 3572 3662 in
3599 3607 3693 3674 qui-

2149 3678 2250 3752 bus
2273 3687 2487 3734 exstant
2508 3680 3252 3752 reliqttitemartyrum,conc.
3271 3680 3460 3737 Cartlt.
3483 3696 3530 3741 ν,
3549 3694 3592 3736 c.
3614 3677 3694 3732 li:

2155 3749 2360 3804 Placuit
2389 3759 2443 3804 ut
2473 3751 2662 3825 altaria
2685 3767 2801 3821 qua:
2823 3749 3016 3824 passim
3049 3770 3139 3822 per
3172 3770 3328 3825 agros
3358 3761 3445 3806 aut
3472 3752 3567 3805 uias
3597 3761 3697 3825 tant-

2151 3837 2307 3891 quam
2340 3824 2599 3877 memoria:
2623 3820 2905 3893 ntartyrum
2930 3820 3338 3880 constituuntur.
3366 3826 3420 3880 ln
3442 3839 3580 3877 conc.
3607 3820 3699 3893 Citl-

2149 3894 2268 3948 Cetl.
2314 3905 2419 3947 act.
2470 3895 2534 3969 l_.
2565 3893 2640 3969 Ἐν
2661 3891 2944 3969 τῶνήᾷγίων
2977 3902 3239 3969 μνήμαις,
3276 3912 3376 3966 pro
3419 3897 3470 3948 in
3515 3891 3696 3969 ecclesiis

2149 3973 2464 4019 sanctorum.
2492 3964 2673 4030 Caius,
2704 3961 2938 4036 scriptor
2966 3961 3160 4035 Optato
3186 3961 3348 4037 longe
3373 3965 3626 4025 vetustior.
3649 3961 3701 4017 de

2152 4037 2568 4111 templisillisin
2598 4039 2974 4111 quihus_erant
3023 4039 3416 4111 Apostolorum
3461 4037 3697 4111 sepulcra,

2149 4110 2228 4162 sic
2278 4107 2513 4175 loquitur
2585 4105 2725 4178 apud
2797 4105 3088 4165 Eusebium
3136 4112 3233 4166 lib.
3270 4127 3307 4166 ll
3355 4111 3486 4166 Hist.
3529 4123 3572 4162 c.
3608 4105 3698 4160 9.5:

2148 4178 2272 4256 ’μςγώ
2294 4179 2347 4236 δὲ
2372 4183 2438 4256 τὰ
2462 4181 2689 4256 spondeo:
2710 4189 2810 4236 τῶν
2832 4179 3289 4256 ’Λτιξρστόλωνᾲῖχω
3321 4183 3500 4247 δεῖξαι·
3528 4183 3602 4236 ἐὰν
3626 4178 3702 4256 γὰρ

2162 4203 2272 4306 super
2294 4203 2347 4236 οε
2372 4204 2438 4236 τα
2462 4203 2689 4256 τροπαια
2710 4203 2810 4236 των
2845 4203 3148 4239 armoraceae
3169 4207 3289 4256 εχω
3321 4203 3500 4247 οειζαι·
3528 4203 3602 4236 εαν
3626 4203 3702 4252 γαρ

2148 4253 2198 4308 6⁸
2228 4257 2358 4329 ἦσηῖ
2383 4254 2610 4308 ἀπελθεῖν
2635 4255 2738 4329 λέπί
2899 4253 3012 4310 ὁδὸν
3031 4261 3122 4316 τήν
3147 4253 3396 4329 Ὀστίαντ
3423 4252 3704 4329 sementes

2150 4326 2376 4402 τρόπαια
2409 4333 2509 4402 τῶν
2552 4327 2744 4385 ταύτην
2777 4323 3132 4402 ἱδρυσαμένων
3158 4333 3252 4387 τὴν
3299 4320 3572 4402 {ﬂlaciam
3615 4320 3703 4401 E90

2148 4394 2641 4466 veroiapostolorum
2672 4394 2866 4464 tropea
2894 4415 3102 4466 possum
3132 4400 3424 4453 ostendere.
3467 4397 3592 4451 Nam
3616 4394 3706 4466 sm

2148 4415 2266 4450 vero
2292 4415 2641 4466 aPOSIOIOTan
2672 4415 2866 4464 troptza
2929 4415 3102 4451 ossam
3132 4415 3424 4453 attendere.
3467 4415 3592 4451 nam
3624 4415 3702 4445 NW

2148 4467 2203 4522 in
2245 4465 2580 4533 Vaticanum,
2611 4468 2714 4522 sive
2747 4469 2816 4522 ad
2859 4415 3140 4524 (ﬂuensaut
3178 4471 3318 4524 uiam
3355 4483 3551 4539 pergere
3573 4463 3702 4527 libet,

2070 4515 2125 4576 D
2150 4515 2547 4612 euagatis;
2560 4515 2775 4612 ᾆνῖῥῖεᾶ
2783 4515 3430 4612 ἓονὶιὶὶὶξᾘιῖέἶςὲὲῖέἓξᾶὗὲ
3445 4515 3587 4595 ῗῐίιὶηᾶ
3611 4515 3707 4608 fini

2143 4609 2411 4664 daverunt.
2449 4611 2525 4667 Du
2559 4610 2674 4666 PIN.

2223 4681 2338 4752 (55)
2382 4681 2589 4754 [ngredi
2619 4683 2807 4754 potuit.
2836 4681 2918 4737 Ad
2949 4683 3126 4739 locum
3157 4693 3214 4739 et
3267 4684 3339 4739 ad
3368 4682 3612 4739 sacellum
3635 4675 3704 4732 ubi

2152 4751 2262 4807 illa:
2295 4751 2538 4822 reliquiae
2563 4751 2916 4824 quiescebant
2949 4764 3005 4810 et
3029 4756 3379 4812 colebantur.
3409 4755 3619 4811 Auasr.

2222 4823 2336 4896 (54)
2379 4820 2466 4880 Ita
2510 4820 2860 4881 ut'obtuterit.
2896 4825 2972 4881 Ita
3003 4836 3063 4882 ut
3088 4828 3421 4883 sacrificium
3453 4829 3615 4882 tuisse
3632 4820 3708 4896 ob—

2149 4892 2331 4951 tulerit
2359 4913 2521 4967 super
2552 4897 2816 4968 ejusmodi
2847 4898 3140 4968 reliquias;
3173 4915 3347 4966 quare
3377 4915 3498 4955 cum
3535 4892 3707 4968 sacriﬁ-

2148 4968 2293 5022 cium
2317 4964 2439 5023 non—
2464 4964 2696 5034 potuerit
2732 4967 2930 5024 offerre
2959 4964 3419 5042 sitperreliquias
3463 4971 3523 5024 D.
3554 4964 3704 5024 Petti.

2146 5054 2366 5114 cumgeo
2396 5055 2500 5095 non
2547 5041 2911 5114 communicat
2943 5061 2956 5097 :
2986 5052 3042 5096 et
3071 5058 3262 5114 rursus
3282 5041 3425 5114 quia
3454 5050 3708 5114 nomentu-

2147 5111 2386 5166 municat
2413 5127 2534 5166 cum
2560 5111 2622 5166 D.
2653 5110 2835 5174 Petro.
2861 5129 2968 5168 non
2997 5111 3150 5168 sedet
3180 5114 3235 5168 in
3267 5106 3526 5170 cathedra
3555 5106 3702 5170 Petri;

2147 5193 2202 5238 ct
2231 5183 2274 5237 si
2299 5197 2404 5237 non
2429 5183 2579 5239 sedet
2604 5183 2657 5237 in
2680 5183 2958 5246 cathedra,
2993 5185 3191 5240 nullam
3220 5200 3322 5241 vos
3349 5201 3471 5240 cum
3498 5183 3706 5237 Romano

2147 5253 2401 5324 pontifice
2449 5255 2884 5310 communionem
2935 5255 3186 5324 habetis,
3229 5265 3290 5312 et
3353 5257 3426 5311 ita
3473 5250 3707 5310 cathedra

2148 5335 2342 5398 vestra:
2368 5327 2632 5398 originem
2656 5342 2762 5382 non
2787 5329 3011 5398 potestis
3040 5327 3293 5384 reddere.
3321 5329 3581 5384 Caeterum
3607 5331 3707 5377 nota

2147 5413 2214 5453 cx
2240 5396 2420 5470 Optati
2462 5396 2707 5470 doctrina
2734 5440 2750 5466 ,
2789 5396 3025 5470 cancros
3045 5399 3264 5470 quidem
3300 5401 3580 5469 episcopos
3618 5408 3706 5447 sua:

2146 5469 2417 5524 cathedra;
2456 5468 2720 5525 rationem
2762 5469 2991 5526 reddere
3037 5468 3102 5527 es
3151 5468 3536 5526 communione
3574 5480 3704 5538 quant

2148 5538 2348 5596 habent
2375 5556 2496 5595 cum
2526 5557 2736 5597 summo
2775 5542 3061 5611 pontillce;
3096 5541 3389 5611 pontitices
3417 5552 3585 5595 autem
3617 5551 3707 5589 ma-

2147 5613 2323 5684 ximos
2350 5627 2461 5667 sua:
2491 5613 2752 5668 rationem
2784 5628 2888 5668 non
2916 5624 3096 5684 petere
3122 5632 3185 5670 es
3208 5615 3588 5669 communione
3604 5621 3704 5684 cum

2147 5683 2359 5738 caeteris
2385 5685 2677 5754 episcopis,
2709 5684 2802 5740 sed
2833 5702 2896 5741 ex
2917 5681 3313 5742 communione
3338 5702 3499 5756 quam
3537 5681 3708 5756 habent

2146 5763 2241 5808 aut
2268 5752 2467 5829 habere
2492 5752 2694 5812 debent
2721 5772 2844 5812 cum
2877 5758 3120 5829 reliquiis
3142 5758 3203 5812 D.
3231 5752 3386 5816 Petri
3417 5765 3472 5814 ct
3493 5769 3604 5811 cum
3639 5752 3705 5820 ip-

2146 5835 2324 5884 somet
2352 5827 2415 5884 D.
2447 5828 2608 5886 Petro
2639 5845 2651 5883 :
2686 5829 2804 5886 haec
2824 5840 2972 5887 nota.
2995 5827 3225 5887 Atsssr.
