  <div class='ocr_page' id='page_1' title='image "/cluster/home/n/w/nwhite01/storage/ocr_20150623/11/hvd.32044015471287/484.png"; bbox 0 0 3898 6320; ppageno 0'>
   <div class='ocr_carea' id='block_1_1' title="bbox 933 245 1739 326">
    <p class='ocr_par' dir='ltr' id='par_1_1' title="bbox 933 245 1739 311">
     <span class='ocr_line' id='line_1_1' title="bbox 933 245 1739 311; baseline 0.002 -3"><span class='ocrx_word' id='word_1_1' title='bbox 933 248 1025 308; x_wconf 84' lang='lat' dir='ltr'><strong>DE</strong></span> <span class='ocrx_word' id='word_1_2' title='bbox 1061 245 1457 310; x_wconf 77' lang='lat' dir='ltr'><strong>SCHISMATE</strong></span> <span class='ocrx_word' id='word_1_3' title='bbox 1497 250 1739 311; x_wconf 79' lang='lat' dir='ltr'><strong>DONATI</strong></span> 
     </span>
    </p>
   </div>
   <div class='ocr_carea' id='block_1_2' title="bbox 1856 245 2706 326">
    <p class='ocr_par' dir='ltr' id='par_1_2' title="bbox 1856 252 2706 326">
     <span class='ocr_line' id='line_1_2' title="bbox 1856 252 2706 326; baseline -0.012 -5"><span class='ocrx_word' id='word_1_4' title='bbox 1856 252 2038 326; x_wconf 58' lang='lat' dir='ltr'><strong>illum</strong></span> <span class='ocrx_word' id='word_1_5' title='bbox 2075 252 2279 315; x_wconf 80' lang='lat' dir='ltr'><strong>LIBER</strong></span> <span class='ocrx_word' id='word_1_6' title='bbox 2318 253 2706 315; x_wconf 83' lang='lat' dir='ltr'><strong>SECUNDUS.</strong></span> 
     </span>
    </p>
   </div>
   <div class='ocr_carea' id='block_1_3' title="bbox 3362 257 3479 329">
    <p class='ocr_par' dir='ltr' id='par_1_3' title="bbox 3362 257 3479 329">
     <span class='ocr_line' id='line_1_3' title="bbox 3362 257 3479 329; baseline 0 0"><span class='ocrx_word' id='word_1_7' title='bbox 3362 257 3479 329; x_wconf 62' lang='grc'><strong>958</strong></span> 
     </span>
    </p>
   </div>
   <div class='ocr_carea' id='block_1_4' title="bbox 150 370 3479 453">
    <p class='ocr_par' dir='ltr' id='par_1_4' title="bbox 150 370 3479 453">
     <span class='ocr_line' id='line_1_4' title="bbox 150 370 3479 453; baseline -0.001 -21"><span class='ocrx_word' id='word_1_8' title='bbox 150 372 309 445; x_wconf 60' lang='grc' dir='ltr'><strong>οῲε</strong></span> <span class='ocrx_word' id='word_1_9' title='bbox 359 371 536 437; x_wconf 64' lang='lat' dir='ltr'><strong>Judaei</strong></span> <span class='ocrx_word' id='word_1_10' title='bbox 581 386 685 430; x_wconf 85' lang='lat' dir='ltr'><strong>nec</strong></span> <span class='ocrx_word' id='word_1_11' title='bbox 712 370 1037 439; x_wconf 69' lang='lat' dir='ltr'><strong>vestimenta</strong></span> <span class='ocrx_word' id='word_1_12' title='bbox 1083 370 1333 428; x_wconf 89' lang='lat' dir='ltr'><strong>scindere</strong></span> <span class='ocrx_word' id='word_1_13' title='bbox 1371 372 1659 428; x_wconf 87' lang='lat' dir='ltr'><strong>voluerunt</strong></span> <span class='ocrx_word' id='word_1_14' title='bbox 1689 382 1715 409; x_wconf 77' lang='grc' dir='ltr'><strong>ἰ</strong></span> <span class='ocrx_word' id='word_1_15' title='bbox 1746 390 1763 429; x_wconf 84' lang='lat'><strong>:</strong></span> <span class='ocrx_word' id='word_1_16' title='bbox 1789 377 1841 440; x_wconf 80' lang='grc' dir='ltr'>Α</span> <span class='ocrx_word' id='word_1_17' title='bbox 1869 390 1990 430; x_wconf 82' lang='grc' dir='ltr'><strong>ηαηι</strong></span> <span class='ocrx_word' id='word_1_18' title='bbox 2019 375 2356 447; x_wconf 80' lang='lat' dir='ltr'><strong>fundamenta</strong></span> <span class='ocrx_word' id='word_1_19' title='bbox 2384 375 2527 448; x_wconf 80' lang='lat' dir='ltr'><strong>pacis</strong></span> <span class='ocrx_word' id='word_1_20' title='bbox 2547 375 2602 431; x_wconf 85' lang='lat' dir='ltr'><strong>in</strong></span> <span class='ocrx_word' id='word_1_21' title='bbox 2647 372 2776 433; x_wconf 90' lang='lat' dir='ltr'><strong>Sion</strong></span> <span class='ocrx_word' id='word_1_22' title='bbox 2825 372 2962 447; x_wconf 78' lang='lat' dir='ltr'><strong>(Es.</strong></span> <span class='ocrx_word' id='word_1_23' title='bbox 2996 389 3096 453; x_wconf 78' lang='lat' dir='ltr'><strong>1.x,</strong></span> <span class='ocrx_word' id='word_1_24' title='bbox 3118 370 3260 447; x_wconf 85' lang='lat' dir='ltr'><strong>l7):</strong></span> <span class='ocrx_word' id='word_1_25' title='bbox 3291 383 3348 431; x_wconf 91' lang='lat' dir='ltr'><strong>et</strong></span> <span class='ocrx_word' id='word_1_26' title='bbox 3366 375 3479 443; x_wconf 75' lang='lat' dir='ltr'><strong>alio</strong></span> 
     </span>
    </p>
   </div>
   <div class='ocr_carea' id='block_1_5' title="bbox 148 463 1757 536">
    <p class='ocr_par' dir='ltr' id='par_1_5' title="bbox 148 463 1757 536">
     <span class='ocr_line' id='line_1_5' title="bbox 148 463 1757 536; baseline 0.002 -17"><span class='ocrx_word' id='word_1_27' title='bbox 148 481 275 529; x_wconf 78' lang='lat' dir='ltr'><strong>cum</strong></span> <span class='ocrx_word' id='word_1_28' title='bbox 301 467 587 536; x_wconf 78' lang='lat' dir='ltr'><strong>apostolus</strong></span> <span class='ocrx_word' id='word_1_29' title='bbox 612 465 810 525; x_wconf 85' lang='lat' dir='ltr'><strong>Paulus</strong></span> <span class='ocrx_word' id='word_1_30' title='bbox 836 465 1035 523; x_wconf 87' lang='lat' dir='ltr'><strong>clamet</strong></span> <span class='ocrx_word' id='word_1_31' title='bbox 1071 474 1129 522; x_wconf 91' lang='lat' dir='ltr'><strong>et</strong></span> <span class='ocrx_word' id='word_1_32' title='bbox 1152 463 1321 533; x_wconf 87' lang='lat' dir='ltr'><strong>dicat,</strong></span> <span class='ocrx_word' id='word_1_33' title='bbox 1351 465 1598 536; x_wconf 83' lang='lat' dir='ltr'><strong>numquid</strong></span> <span class='ocrx_word' id='word_1_34' title='bbox 1627 465 1757 523; x_wconf 82' lang='lat' dir='ltr'><strong>divi-</strong></span> 
     </span>
    </p>
   </div>
   <div class='ocr_carea' id='block_1_6' title="bbox 147 557 1757 632">
    <p class='ocr_par' dir='ltr' id='par_1_6' title="bbox 147 557 1757 632">
     <span class='ocr_line' id='line_1_6' title="bbox 147 557 1757 632; baseline -0.001 -14"><span class='ocrx_word' id='word_1_35' title='bbox 147 578 238 618; x_wconf 78' lang='lat' dir='ltr'><strong>sus</strong></span> <span class='ocrx_word' id='word_1_36' title='bbox 257 569 332 618; x_wconf 83' lang='lat' dir='ltr'><strong>est</strong></span> <span class='ocrx_word' id='word_1_37' title='bbox 360 559 598 617; x_wconf 70' lang='lat' dir='ltr'><strong>Christus</strong></span> <span class='ocrx_word' id='word_1_38' title='bbox 642 558 697 631; x_wconf 83' lang='grc' dir='ltr'><strong>(Ι</strong></span> <span class='ocrx_word' id='word_1_39' title='bbox 725 558 846 614; x_wconf 82' lang='lat' dir='ltr'><strong>Car.</strong></span> <span class='ocrx_word' id='word_1_40' title='bbox 878 557 971 632; x_wconf 75' lang='lat'><strong>1)?</strong></span> <span class='ocrx_word' id='word_1_41' title='bbox 1001 557 1069 616; x_wconf 85' lang='lat' dir='ltr'><strong>Et</strong></span> <span class='ocrx_word' id='word_1_42' title='bbox 1092 558 1304 616; x_wconf 86' lang='lat' dir='ltr'><strong>utinam</strong></span> <span class='ocrx_word' id='word_1_43' title='bbox 1343 557 1391 615; x_wconf 90' lang='lat' dir='ltr'><strong>si</strong></span> <span class='ocrx_word' id='word_1_44' title='bbox 1418 557 1529 627; x_wconf 82' lang='lat' dir='ltr'><strong>jam</strong></span> <span class='ocrx_word' id='word_1_45' title='bbox 1557 559 1757 616; x_wconf 89' lang='lat' dir='ltr'><strong>malam</strong></span> 
     </span>
    </p>
   </div>
   <div class='ocr_carea' id='block_1_7' title="bbox 148 654 1754 729">
    <p class='ocr_par' dir='ltr' id='par_1_7' title="bbox 148 654 1754 729">
     <span class='ocr_line' id='line_1_7' title="bbox 148 654 1754 729; baseline -0.002 -14"><span class='ocrx_word' id='word_1_46' title='bbox 148 656 297 715; x_wconf 77' lang='lat' dir='ltr'><strong>viam</strong></span> <span class='ocrx_word' id='word_1_47' title='bbox 321 656 695 723; x_wconf 84' lang='lat' dir='ltr'><strong>intraverant;</strong></span> <span class='ocrx_word' id='word_1_48' title='bbox 716 655 902 729; x_wconf 81' lang='lat' dir='ltr'><strong>agnito</strong></span> <span class='ocrx_word' id='word_1_49' title='bbox 920 654 1285 728; x_wconf 80' lang='lat' dir='ltr'><strong>peccato,(80)</strong></span> <span class='ocrx_word' id='word_1_50' title='bbox 1300 669 1463 727; x_wconf 90' lang='lat' dir='ltr'><strong>super</strong></span> <span class='ocrx_word' id='word_1_51' title='bbox 1478 668 1538 711; x_wconf 91' lang='lat' dir='ltr'><strong>se</strong></span> <span class='ocrx_word' id='word_1_52' title='bbox 1571 669 1754 711; x_wconf 72' lang='lat' dir='ltr'><strong>rever~</strong></span> 
     </span>
    </p>
   </div>
   <div class='ocr_carea' id='block_1_8' title="bbox 148 745 1758 820">
    <p class='ocr_par' dir='ltr' id='par_1_8' title="bbox 148 745 1758 820">
     <span class='ocr_line' id='line_1_8' title="bbox 148 745 1758 820; baseline -0.004 -13"><span class='ocrx_word' id='word_1_53' title='bbox 148 757 418 814; x_wconf 87' lang='lat' dir='ltr'><strong>terentur,</strong></span> <span class='ocrx_word' id='word_1_54' title='bbox 461 747 519 805; x_wconf 89' lang='lat' dir='ltr'><strong>id</strong></span> <span class='ocrx_word' id='word_1_55' title='bbox 544 757 631 807; x_wconf 82' lang='lat' dir='ltr'><strong>est</strong></span> <span class='ocrx_word' id='word_1_56' title='bbox 658 747 1014 807; x_wconf 80' lang='lat' dir='ltr'><strong>amandarent</strong></span> <span class='ocrx_word' id='word_1_57' title='bbox 1038 745 1183 820; x_wconf 88' lang='lat' dir='ltr'><strong>quod</strong></span> <span class='ocrx_word' id='word_1_58' title='bbox 1222 754 1571 813; x_wconf 76' lang='lat' dir='ltr'><strong>erraverunt;</strong></span> <span class='ocrx_word' id='word_1_59' title='bbox 1596 760 1758 803; x_wconf 84' lang='lat' dir='ltr'><strong>revo-</strong></span> 
     </span>
    </p>
   </div>
   <div class='ocr_carea' id='block_1_9' title="bbox 143 838 1759 913">
    <p class='ocr_par' dir='ltr' id='par_1_9' title="bbox 143 838 1759 913">
     <span class='ocr_line' id='line_1_9' title="bbox 143 838 1759 913; baseline -0.002 -15"><span class='ocrx_word' id='word_1_60' title='bbox 143 848 339 898; x_wconf 83' lang='lat' dir='ltr'><strong>carent</strong></span> <span class='ocrx_word' id='word_1_61' title='bbox 388 855 551 913; x_wconf 79' lang='lat' dir='ltr'><strong>quam</strong></span> <span class='ocrx_word' id='word_1_62' title='bbox 596 840 918 912; x_wconf 85' lang='lat' dir='ltr'><strong>fugaverant</strong></span> <span class='ocrx_word' id='word_1_63' title='bbox 960 854 1171 911; x_wconf 81' lang='lat' dir='ltr'><strong>pacem.</strong></span> <span class='ocrx_word' id='word_1_64' title='bbox 1223 838 1337 895; x_wconf 79' lang='lat' dir='ltr'><strong>Hoc</strong></span> <span class='ocrx_word' id='word_1_65' title='bbox 1388 847 1509 897; x_wconf 88' lang='lat' dir='ltr'><strong>erat</strong></span> <span class='ocrx_word' id='word_1_66' title='bbox 1553 838 1622 895; x_wconf 90' lang='lat' dir='ltr'><strong>de</strong></span> <span class='ocrx_word' id='word_1_67' title='bbox 1667 839 1759 895; x_wconf 97' lang='lat' dir='ltr'><strong>via</strong></span> 
     </span>
    </p>
   </div>
   <div class='ocr_carea' id='block_1_10' title="bbox 144 933 1758 1008">
    <p class='ocr_par' dir='ltr' id='par_1_10' title="bbox 144 933 1758 1008">
     <span class='ocr_line' id='line_1_10' title="bbox 144 933 1758 1008; baseline 0 -15"><span class='ocrx_word' id='word_1_68' title='bbox 144 935 347 993; x_wconf 73' lang='lat' dir='ltr'><strong>reverti</strong></span> <span class='ocrx_word' id='word_1_69' title='bbox 370 954 387 993; x_wconf 85' lang='lat'><strong>;</strong></span> <span class='ocrx_word' id='word_1_70' title='bbox 410 933 528 1008; x_wconf 79' lang='lat' dir='ltr'><strong>(8i)</strong></span> <span class='ocrx_word' id='word_1_71' title='bbox 553 935 608 991; x_wconf 87' lang='lat' dir='ltr'><strong>in</strong></span> <span class='ocrx_word' id='word_1_72' title='bbox 633 935 717 991; x_wconf 84' lang='lat' dir='ltr'><strong>via</strong></span> <span class='ocrx_word' id='word_1_73' title='bbox 763 934 909 991; x_wconf 79' lang='lat' dir='ltr'><strong>enim</strong></span> <span class='ocrx_word' id='word_1_74' title='bbox 938 934 1268 1002; x_wconf 75' lang='lat' dir='ltr'><strong>ambulatur,</strong></span> <span class='ocrx_word' id='word_1_75' title='bbox 1297 948 1404 991; x_wconf 91' lang='lat' dir='ltr'><strong>nou</strong></span> <span class='ocrx_word' id='word_1_76' title='bbox 1418 943 1611 990; x_wconf 84' lang='lat' dir='ltr'><strong>statur.</strong></span> <span class='ocrx_word' id='word_1_77' title='bbox 1645 933 1758 993; x_wconf 82' lang='lat' dir='ltr'><strong>Sed</strong></span> 
     </span>
    </p>
   </div>
   <div class='ocr_carea' id='block_1_11' title="bbox 140 1028 1756 1103">
    <p class='ocr_par' dir='ltr' id='par_1_11' title="bbox 140 1028 1756 1103">
     <span class='ocr_line' id='line_1_11' title="bbox 140 1028 1756 1103; baseline 0 -18"><span class='ocrx_word' id='word_1_78' title='bbox 140 1030 270 1102; x_wconf 80' lang='lat' dir='ltr'><strong>quia</strong></span> <span class='ocrx_word' id='word_1_79' title='bbox 299 1040 552 1101; x_wconf 67' lang='lat' dir='ltr'><strong>parentes</strong></span> <span class='ocrx_word' id='word_1_80' title='bbox 579 1029 745 1093; x_wconf 79' lang='lat' dir='ltr'><strong>vestri</strong></span> <span class='ocrx_word' id='word_1_81' title='bbox 776 1030 974 1086; x_wconf 81' lang='lat' dir='ltr'><strong>reverti</strong></span> <span class='ocrx_word' id='word_1_82' title='bbox 1005 1028 1334 1096; x_wconf 84' lang='lat' dir='ltr'><strong>noluerunt;</strong></span> <span class='ocrx_word' id='word_1_83' title='bbox 1369 1028 1519 1103; x_wconf 87' lang='lat' dir='ltr'><strong>ipsos</strong></span> <span class='ocrx_word' id='word_1_84' title='bbox 1543 1035 1756 1085; x_wconf 83' lang='lat' dir='ltr'><strong>constat</strong></span> 
     </span>
    </p>
   </div>
   <div class='ocr_carea' id='block_1_12' title="bbox 143 1120 1748 1193">
    <p class='ocr_par' dir='ltr' id='par_1_12' title="bbox 143 1120 1748 1193">
     <span class='ocr_line' id='line_1_12' title="bbox 143 1120 1748 1193; baseline -0.002 -14"><span class='ocrx_word' id='word_1_85' title='bbox 143 1123 201 1179; x_wconf 83' lang='lat' dir='ltr'><strong>in</strong></span> <span class='ocrx_word' id='word_1_86' title='bbox 227 1122 315 1181; x_wconf 86' lang='lat' dir='ltr'><strong>via</strong></span> <span class='ocrx_word' id='word_1_87' title='bbox 348 1133 694 1193; x_wconf 62' lang='lat' dir='ltr'><strong>[necaturum</strong></span> <span class='ocrx_word' id='word_1_88' title='bbox 724 1122 965 1187; x_wconf 81' lang='lat' dir='ltr'><strong>stetisse.</strong></span> <span class='ocrx_word' id='word_1_89' title='bbox 995 1121 1235 1190; x_wconf 85' lang='lat' dir='ltr'><strong>Quarum</strong></span> <span class='ocrx_word' id='word_1_90' title='bbox 1263 1134 1485 1192; x_wconf 75' lang='lat' dir='ltr'><strong>gressus</strong></span> <span class='ocrx_word' id='word_1_91' title='bbox 1516 1120 1748 1191; x_wconf 82' lang='lat' dir='ltr'><strong>impule-</strong></span> 
     </span>
    </p>
   </div>
   <div class='ocr_carea' id='block_1_13' title="bbox 143 1200 1756 1288">
    <p class='ocr_par' dir='ltr' id='par_1_13' title="bbox 143 1200 1756 1288">
     <span class='ocr_line' id='line_1_13' title="bbox 143 1200 1756 1288; baseline 0 -17"><span class='ocrx_word' id='word_1_92' title='bbox 143 1224 227 1271; x_wconf 79' lang='lat' dir='ltr'><strong>rat</strong></span> <span class='ocrx_word' id='word_1_93' title='bbox 257 1213 435 1280; x_wconf 84' lang='lat' dir='ltr'><strong>furor.</strong></span> <span class='ocrx_word' id='word_1_94' title='bbox 475 1224 717 1272; x_wconf 84' lang='lat' dir='ltr'><strong>retentos</strong></span> <span class='ocrx_word' id='word_1_95' title='bbox 757 1215 942 1287; x_wconf 78' lang='lat' dir='ltr'><strong>ligavit</strong></span> <span class='ocrx_word' id='word_1_96' title='bbox 973 1216 1123 1288; x_wconf 89' lang='lat' dir='ltr'><strong>pigra</strong></span> <span class='ocrx_word' id='word_1_97' title='bbox 1146 1214 1457 1273; x_wconf 88' lang='lat' dir='ltr'><strong>discordia:</strong></span> <span class='ocrx_word' id='word_1_98' title='bbox 1484 1222 1541 1271; x_wconf 88' lang='lat' dir='ltr'><strong>et</strong></span> <span class='ocrx_word' id='word_1_99' title='bbox 1569 1200 1638 1277; x_wconf 82' lang='lat' dir='ltr'><strong>ne</strong></span> <span class='ocrx_word' id='word_1_100' title='bbox 1663 1230 1756 1271; x_wconf 87' lang='lat' dir='ltr'><strong>rc-</strong></span> 
     </span>
    </p>
   </div>
   <div class='ocr_carea' id='block_1_14' title="bbox 143 1305 1752 1379">
    <p class='ocr_par' dir='ltr' id='par_1_14' title="bbox 143 1305 1752 1379">
     <span class='ocr_line' id='line_1_14' title="bbox 143 1305 1752 1379; baseline 0.002 -19"><span class='ocrx_word' id='word_1_101' title='bbox 143 1306 300 1379; x_wconf 67' lang='lat' dir='ltr'><strong>gredi</strong></span> <span class='ocrx_word' id='word_1_102' title='bbox 352 1307 421 1363; x_wconf 88' lang='lat' dir='ltr'><strong>ad</strong></span> <span class='ocrx_word' id='word_1_103' title='bbox 472 1307 697 1364; x_wconf 75' lang='lat' dir='ltr'><strong>meliora</strong></span> <span class='ocrx_word' id='word_1_104' title='bbox 755 1308 1095 1379; x_wconf 86' lang='lat' dir='ltr'><strong>potuissent,</strong></span> <span class='ocrx_word' id='word_1_105' title='bbox 1139 1305 1243 1379; x_wconf 89' lang='lat' dir='ltr'><strong>ipsi</strong></span> <span class='ocrx_word' id='word_1_106' title='bbox 1287 1305 1390 1375; x_wconf 82' lang='lat' dir='ltr'><strong>sibi</strong></span> <span class='ocrx_word' id='word_1_107' title='bbox 1441 1305 1752 1363; x_wconf 84' lang='lat' dir='ltr'><strong>schismatis</strong></span> 
     </span>
    </p>
   </div>
   <div class='ocr_carea' id='block_1_15' title="bbox 142 1397 1759 1472">
    <p class='ocr_par' dir='ltr' id='par_1_15' title="bbox 142 1397 1759 1472">
     <span class='ocr_line' id='line_1_15' title="bbox 142 1397 1759 1472; baseline -0.002 -13"><span class='ocrx_word' id='word_1_108' title='bbox 142 1399 444 1472; x_wconf 75' lang='lat' dir='ltr'><strong>compedes</strong></span> <span class='ocrx_word' id='word_1_109' title='bbox 475 1397 504 1438; x_wconf 70' lang='grc' dir='ltr'>δ</span> <span class='ocrx_word' id='word_1_110' title='bbox 532 1410 851 1471; x_wconf 86' lang='lat' dir='ltr'><strong>posuerunt.</strong></span> <span class='ocrx_word' id='word_1_111' title='bbox 877 1411 936 1456; x_wconf 89' lang='lat' dir='ltr'><strong>ut</strong></span> <span class='ocrx_word' id='word_1_112' title='bbox 963 1400 1016 1456; x_wconf 87' lang='lat' dir='ltr'><strong>in</strong></span> <span class='ocrx_word' id='word_1_113' title='bbox 1043 1414 1231 1457; x_wconf 89' lang='lat' dir='ltr'><strong>errore</strong></span> <span class='ocrx_word' id='word_1_114' title='bbox 1277 1413 1379 1461; x_wconf 84' lang='lat' dir='ltr'><strong>suo</strong></span> <span class='ocrx_word' id='word_1_115' title='bbox 1410 1399 1759 1472; x_wconf 79' lang='lat' dir='ltr'><strong>pertinaciter</strong></span> 
     </span>
    </p>
   </div>
   <div class='ocr_carea' id='block_1_16' title="bbox 140 1492 1759 1565">
    <p class='ocr_par' dir='ltr' id='par_1_16' title="bbox 140 1492 1759 1565">
     <span class='ocr_line' id='line_1_16' title="bbox 140 1492 1759 1565; baseline 0.002 -19"><span class='ocrx_word' id='word_1_116' title='bbox 140 1498 383 1558; x_wconf 76' lang='lat' dir='ltr'><strong>starent,</strong></span> <span class='ocrx_word' id='word_1_117' title='bbox 435 1507 505 1550; x_wconf 91' lang='lat' dir='ltr'><strong>ne</strong></span> <span class='ocrx_word' id='word_1_118' title='bbox 549 1492 617 1547; x_wconf 84' lang='lat' dir='ltr'><strong>ad</strong></span> <span class='ocrx_word' id='word_1_119' title='bbox 662 1507 886 1563; x_wconf 91' lang='lat' dir='ltr'><strong>pacem,</strong></span> <span class='ocrx_word' id='word_1_120' title='bbox 927 1506 1087 1565; x_wconf 86' lang='lat' dir='ltr'><strong>quam</strong></span> <span class='ocrx_word' id='word_1_121' title='bbox 1134 1494 1512 1562; x_wconf 85' lang='lat' dir='ltr'><strong>deseruerant,</strong></span> <span class='ocrx_word' id='word_1_122' title='bbox 1560 1492 1759 1549; x_wconf 90' lang='lat' dir='ltr'><strong>reverti</strong></span> 
     </span>
    </p>
   </div>
   <div class='ocr_carea' id='block_1_17' title="bbox 146 1583 1760 1658">
    <p class='ocr_par' dir='ltr' id='par_1_17' title="bbox 146 1583 1760 1658">
     <span class='ocr_line' id='line_1_17' title="bbox 146 1583 1760 1658; baseline 0.001 -17"><span class='ocrx_word' id='word_1_123' title='bbox 146 1583 481 1656; x_wconf 85' lang='lat' dir='ltr'><strong>potuissent.</strong></span> <span class='ocrx_word' id='word_1_124' title='bbox 511 1583 622 1642; x_wconf 83' lang='lat' dir='ltr'><strong>Nec</strong></span> <span class='ocrx_word' id='word_1_125' title='bbox 649 1585 937 1649; x_wconf 87' lang='lat' dir='ltr'><strong>audierunt</strong></span> <span class='ocrx_word' id='word_1_126' title='bbox 963 1584 1227 1658; x_wconf 88' lang='lat' dir='ltr'><strong>Spiritum</strong></span> <span class='ocrx_word' id='word_1_127' title='bbox 1255 1596 1508 1643; x_wconf 88' lang='lat' dir='ltr'><strong>sanctum</strong></span> <span class='ocrx_word' id='word_1_128' title='bbox 1527 1628 1543 1654; x_wconf 89' lang='lat'><strong>,</strong></span> <span class='ocrx_word' id='word_1_129' title='bbox 1572 1586 1760 1643; x_wconf 88' lang='lat' dir='ltr'><strong>dicen-</strong></span> 
     </span>
    </p>
   </div>
   <div class='ocr_carea' id='block_1_18' title="bbox 140 1677 1757 1753">
    <p class='ocr_par' dir='ltr' id='par_1_18' title="bbox 140 1677 1757 1753">
     <span class='ocr_line' id='line_1_18' title="bbox 140 1677 1757 1753; baseline 0.001 -20"><span class='ocrx_word' id='word_1_130' title='bbox 140 1686 252 1743; x_wconf 78' lang='lat' dir='ltr'><strong>tem</strong></span> <span class='ocrx_word' id='word_1_131' title='bbox 288 1678 342 1747; x_wconf 83' lang='lat' dir='ltr'><strong>in</strong></span> <span class='ocrx_word' id='word_1_132' title='bbox 378 1678 588 1751; x_wconf 82' lang='lat' dir='ltr'><strong>psalmo</strong></span> <span class='ocrx_word' id='word_1_133' title='bbox 621 1694 790 1735; x_wconf 70' lang='lat' dir='ltr'><strong>sum</strong></span> <span class='ocrx_word' id='word_1_134' title='bbox 831 1678 903 1752; x_wconf 83' lang='grc' dir='ltr'><strong>(υ.</strong></span> <span class='ocrx_word' id='word_1_135' title='bbox 951 1677 1069 1750; x_wconf 76' lang='grc'><strong>15).</strong></span> <span class='ocrx_word' id='word_1_136' title='bbox 1110 1678 1303 1736; x_wconf 86' lang='lat' dir='ltr'><strong>diverte</strong></span> <span class='ocrx_word' id='word_1_137' title='bbox 1331 1696 1364 1734; x_wconf 90' lang='lat' dir='ltr'><strong>a</strong></span> <span class='ocrx_word' id='word_1_138' title='bbox 1388 1680 1546 1747; x_wconf 89' lang='lat' dir='ltr'><strong>malo,</strong></span> <span class='ocrx_word' id='word_1_139' title='bbox 1585 1688 1631 1735; x_wconf 88' lang='lat' dir='ltr'><strong>et</strong></span> <span class='ocrx_word' id='word_1_140' title='bbox 1673 1681 1757 1753; x_wconf 79' lang='lat' dir='ltr'><strong>fac</strong></span> 
     </span>
    </p>
   </div>
   <div class='ocr_carea' id='block_1_19' title="bbox 1865 464 3475 542">
    <p class='ocr_par' dir='ltr' id='par_1_19' title="bbox 1865 464 3475 542">
     <span class='ocr_line' id='line_1_19' title="bbox 1865 464 3475 542; baseline 0 -19"><span class='ocrx_word' id='word_1_141' title='bbox 1865 467 1986 524; x_wconf 92' lang='lat' dir='ltr'><strong>loco</strong></span> <span class='ocrx_word' id='word_1_142' title='bbox 2017 466 2095 542; x_wconf 92' lang='lat' dir='ltr'><strong>(in</strong></span> <span class='ocrx_word' id='word_1_143' title='bbox 2127 470 2334 539; x_wconf 87' lang='lat' dir='ltr'><strong>psalmo</strong></span> <span class='ocrx_word' id='word_1_144' title='bbox 2361 465 2616 541; x_wconf 71' lang='lat' dir='ltr'><strong>uxxrv),</strong></span> <span class='ocrx_word' id='word_1_145' title='bbox 2642 466 2905 523; x_wconf 82' lang='lat' dir='ltr'><strong>videamus</strong></span> <span class='ocrx_word' id='word_1_146' title='bbox 2939 466 3064 539; x_wconf 86' lang='lat' dir='ltr'><strong>quid</strong></span> <span class='ocrx_word' id='word_1_147' title='bbox 3094 466 3335 537; x_wconf 79' lang='lat' dir='ltr'><strong>loquatur</strong></span> <span class='ocrx_word' id='word_1_148' title='bbox 3365 464 3475 523; x_wconf 90' lang='lat' dir='ltr'><strong>Do-</strong></span> 
     </span>
    </p>
   </div>
   <div class='ocr_carea' id='block_1_20' title="bbox 1866 557 3474 633">
    <p class='ocr_par' dir='ltr' id='par_1_20' title="bbox 1866 557 3474 633">
     <span class='ocr_line' id='line_1_20' title="bbox 1866 557 3474 633; baseline 0.001 -18"><span class='ocrx_word' id='word_1_149' title='bbox 1866 561 2036 615; x_wconf 81' lang='lat' dir='ltr'><strong>minus</strong></span> <span class='ocrx_word' id='word_1_150' title='bbox 2061 600 2076 625; x_wconf 90' lang='lat'><strong>,</strong></span> <span class='ocrx_word' id='word_1_151' title='bbox 2108 562 2354 633; x_wconf 85' lang='lat' dir='ltr'><strong>quoniam</strong></span> <span class='ocrx_word' id='word_1_152' title='bbox 2388 560 2624 631; x_wconf 82' lang='lat' dir='ltr'><strong>loquetur</strong></span> <span class='ocrx_word' id='word_1_153' title='bbox 2653 576 2829 630; x_wconf 85' lang='lat' dir='ltr'><strong>pacem</strong></span> <span class='ocrx_word' id='word_1_154' title='bbox 2866 559 2921 614; x_wconf 89' lang='lat' dir='ltr'><strong>in</strong></span> <span class='ocrx_word' id='word_1_155' title='bbox 2958 557 3155 630; x_wconf 78' lang='lat' dir='ltr'><strong>plebem</strong></span> <span class='ocrx_word' id='word_1_156' title='bbox 3178 576 3325 615; x_wconf 85' lang='lat' dir='ltr'><strong>suam</strong></span> <span class='ocrx_word' id='word_1_157' title='bbox 3356 602 3371 626; x_wconf 90' lang='lat'><strong>,</strong></span> <span class='ocrx_word' id='word_1_158' title='bbox 3416 569 3474 616; x_wconf 89' lang='lat' dir='ltr'><strong>et</strong></span> 
     </span>
    </p>
   </div>
   <div class='ocr_carea' id='block_1_21' title="bbox 1859 649 3477 727">
    <p class='ocr_par' dir='ltr' id='par_1_21' title="bbox 1859 649 3477 727">
     <span class='ocr_line' id='line_1_21' title="bbox 1859 649 3477 727; baseline 0.001 -21"><span class='ocrx_word' id='word_1_159' title='bbox 1859 653 1965 708; x_wconf 89' lang='lat' dir='ltr'><strong>alio</strong></span> <span class='ocrx_word' id='word_1_160' title='bbox 1996 652 2115 709; x_wconf 91' lang='lat' dir='ltr'><strong>loco</strong></span> <span class='ocrx_word' id='word_1_161' title='bbox 2141 651 2231 727; x_wconf 84' lang='lat' dir='ltr'><strong>(in</strong></span> <span class='ocrx_word' id='word_1_162' title='bbox 2261 652 2465 724; x_wconf 85' lang='lat' dir='ltr'><strong>psalmo</strong></span> <span class='ocrx_word' id='word_1_163' title='bbox 2495 651 2656 723; x_wconf 77' lang='lat' dir='ltr'><strong>Lxxv)</strong></span> <span class='ocrx_word' id='word_1_164' title='bbox 2678 693 2692 716; x_wconf 88' lang='lat'><strong>,</strong></span> <span class='ocrx_word' id='word_1_165' title='bbox 2714 653 2848 707; x_wconf 81' lang='lat' dir='ltr'><strong>venit</strong></span> <span class='ocrx_word' id='word_1_166' title='bbox 2871 650 3039 707; x_wconf 87' lang='lat' dir='ltr'><strong>Filius</strong></span> <span class='ocrx_word' id='word_1_167' title='bbox 3067 649 3185 719; x_wconf 90' lang='lat' dir='ltr'><strong>Dei,</strong></span> <span class='ocrx_word' id='word_1_168' title='bbox 3233 660 3281 708; x_wconf 83' lang='lat' dir='ltr'><strong>et</strong></span> <span class='ocrx_word' id='word_1_169' title='bbox 3305 658 3477 725; x_wconf 80' lang='lat' dir='ltr'><strong>[actus</strong></span> 
     </span>
    </p>
   </div>
   <div class='ocr_carea' id='block_1_22' title="bbox 1860 744 3471 822">
    <p class='ocr_par' dir='ltr' id='par_1_22' title="bbox 1860 744 3471 822">
     <span class='ocr_line' id='line_1_22' title="bbox 1860 744 3471 822; baseline 0.001 -20"><span class='ocrx_word' id='word_1_170' title='bbox 1860 758 1934 802; x_wconf 86' lang='lat' dir='ltr'><strong>est</strong></span> <span class='ocrx_word' id='word_1_171' title='bbox 1958 748 2013 801; x_wconf 86' lang='lat' dir='ltr'><strong>in</strong></span> <span class='ocrx_word' id='word_1_172' title='bbox 2040 762 2167 818; x_wconf 85' lang='lat' dir='ltr'><strong>pace</strong></span> <span class='ocrx_word' id='word_1_173' title='bbox 2214 746 2357 803; x_wconf 83' lang='lat' dir='ltr'><strong>locus</strong></span> <span class='ocrx_word' id='word_1_174' title='bbox 2372 749 2485 822; x_wconf 89' lang='lat' dir='ltr'><strong>ejus</strong></span> <span class='ocrx_word' id='word_1_175' title='bbox 2511 762 2531 802; x_wconf 89' lang='lat'><strong><em>:</em></strong></span> <span class='ocrx_word' id='word_1_176' title='bbox 2561 754 2616 805; x_wconf 92' lang='lat' dir='ltr'><strong>et</strong></span> <span class='ocrx_word' id='word_1_177' title='bbox 2643 744 2749 803; x_wconf 88' lang='lat' dir='ltr'><strong>alio</strong></span> <span class='ocrx_word' id='word_1_178' title='bbox 2777 746 2897 802; x_wconf 92' lang='lat' dir='ltr'><strong>loco</strong></span> <span class='ocrx_word' id='word_1_179' title='bbox 2928 745 3014 818; x_wconf 90' lang='lat' dir='ltr'><strong>(in</strong></span> <span class='ocrx_word' id='word_1_180' title='bbox 3063 745 3272 818; x_wconf 91' lang='lat' dir='ltr'><strong>psalmo</strong></span> <span class='ocrx_word' id='word_1_181' title='bbox 3303 747 3471 819; x_wconf 77' lang='lat' dir='ltr'><strong>uxr),</strong></span> 
     </span>
    </p>
   </div>
   <div class='ocr_carea' id='block_1_23' title="bbox 1858 837 3464 921">
    <p class='ocr_par' dir='ltr' id='par_1_23' title="bbox 1858 837 3464 921">
     <span class='ocr_line' id='line_1_23' title="bbox 1858 837 3464 921; baseline -0.001 -27"><span class='ocrx_word' id='word_1_182' title='bbox 1858 837 2144 921; x_wconf 76' lang='lat' dir='ltr'><strong>suscipiant</strong></span> <span class='ocrx_word' id='word_1_183' title='bbox 2179 849 2374 895; x_wconf 88' lang='lat' dir='ltr'><strong>montes</strong></span> <span class='ocrx_word' id='word_1_184' title='bbox 2415 855 2592 915; x_wconf 78' lang='lat' dir='ltr'><strong>pacem</strong></span> <span class='ocrx_word' id='word_1_185' title='bbox 2618 839 2829 910; x_wconf 86' lang='lat' dir='ltr'><strong>populo,</strong></span> <span class='ocrx_word' id='word_1_186' title='bbox 2872 847 2918 893; x_wconf 91' lang='lat' dir='ltr'><strong>et</strong></span> <span class='ocrx_word' id='word_1_187' title='bbox 2960 838 3116 894; x_wconf 88' lang='lat' dir='ltr'><strong>colles</strong></span> <span class='ocrx_word' id='word_1_188' title='bbox 3151 838 3464 909; x_wconf 84' lang='lat' dir='ltr'><strong>justitiam;</strong></span> 
     </span>
    </p>
   </div>
   <div class='ocr_carea' id='block_1_24' title="bbox 1860 929 3469 1004">
    <p class='ocr_par' dir='ltr' id='par_1_24' title="bbox 1860 929 3469 1004">
     <span class='ocr_line' id='line_1_24' title="bbox 1860 929 3469 1004; baseline -0.002 -17"><span class='ocrx_word' id='word_1_189' title='bbox 1860 931 1988 987; x_wconf 89' lang='lat' dir='ltr'><strong>etin</strong></span> <span class='ocrx_word' id='word_1_190' title='bbox 2016 929 2332 1003; x_wconf 82' lang='lat' dir='ltr'><strong>Evangelia,</strong></span> <span class='ocrx_word' id='word_1_191' title='bbox 2362 947 2540 1001; x_wconf 88' lang='lat' dir='ltr'><strong>pacem</strong></span> <span class='ocrx_word' id='word_1_192' title='bbox 2592 946 2757 985; x_wconf 89' lang='lat' dir='ltr'><strong>meam</strong></span> <span class='ocrx_word' id='word_1_193' title='bbox 2793 929 2860 986; x_wconf 86' lang='lat' dir='ltr'><strong>do</strong></span> <span class='ocrx_word' id='word_1_194' title='bbox 2901 929 3063 995; x_wconf 81' lang='lat' dir='ltr'><strong>vobis,</strong></span> <span class='ocrx_word' id='word_1_195' title='bbox 3086 947 3263 1004; x_wconf 87' lang='lat' dir='ltr'><strong>pacem</strong></span> <span class='ocrx_word' id='word_1_196' title='bbox 3303 947 3469 987; x_wconf 87' lang='lat' dir='ltr'><strong>meam</strong></span> 
     </span>
    </p>
   </div>
   <div class='ocr_carea' id='block_1_25' title="bbox 1861 1021 3465 1101">
    <p class='ocr_par' dir='ltr' id='par_1_25' title="bbox 1861 1021 3465 1101">
     <span class='ocr_line' id='line_1_25' title="bbox 1861 1021 3465 1101; baseline 0 -23"><span class='ocrx_word' id='word_1_197' title='bbox 1861 1023 2094 1096; x_wconf 74' lang='lat' dir='ltr'><strong>relinquo</strong></span> <span class='ocrx_word' id='word_1_198' title='bbox 2158 1025 2299 1081; x_wconf 80' lang='lat' dir='ltr'><strong>vobis</strong></span> <span class='ocrx_word' id='word_1_199' title='bbox 2351 1021 2556 1101; x_wconf 79' lang='lat' dir='ltr'><strong>(Joan.</strong></span> <span class='ocrx_word' id='word_1_200' title='bbox 2618 1038 2729 1091; x_wconf 80' lang='lat' dir='ltr'><strong>xw,</strong></span> <span class='ocrx_word' id='word_1_201' title='bbox 2779 1021 2898 1095; x_wconf 77' lang='lat'><strong>27)</strong></span> <span class='ocrx_word' id='word_1_202' title='bbox 2943 1041 2956 1077; x_wconf 87' lang='lat'><strong>:</strong></span> <span class='ocrx_word' id='word_1_203' title='bbox 3015 1031 3068 1079; x_wconf 92' lang='lat' dir='ltr'><strong>et</strong></span> <span class='ocrx_word' id='word_1_204' title='bbox 3117 1023 3316 1080; x_wconf 85' lang='lat' dir='ltr'><strong>Paulus</strong></span> <span class='ocrx_word' id='word_1_205' title='bbox 3368 1023 3465 1086; x_wconf 87' lang='lat' dir='ltr'><strong>ait.</strong></span> 
     </span>
    </p>
   </div>
   <div class='ocr_carea' id='block_1_26' title="bbox 1858 1114 3463 1192">
    <p class='ocr_par' dir='ltr' id='par_1_26' title="bbox 1858 1114 3463 1192">
     <span class='ocr_line' id='line_1_26' title="bbox 1858 1114 3463 1192; baseline 0.001 -22"><span class='ocrx_word' id='word_1_206' title='bbox 1858 1118 1948 1187; x_wconf 90' lang='lat' dir='ltr'><strong>qui</strong></span> <span class='ocrx_word' id='word_1_207' title='bbox 2000 1132 2179 1190; x_wconf 89' lang='lat' dir='ltr'><strong>pacem</strong></span> <span class='ocrx_word' id='word_1_208' title='bbox 2232 1117 2396 1183; x_wconf 90' lang='lat' dir='ltr'><strong>serit,</strong></span> <span class='ocrx_word' id='word_1_209' title='bbox 2462 1132 2637 1191; x_wconf 83' lang='lat' dir='ltr'><strong>pacem</strong></span> <span class='ocrx_word' id='word_1_210' title='bbox 2688 1125 2736 1170; x_wconf 91' lang='lat' dir='ltr'><strong>et</strong></span> <span class='ocrx_word' id='word_1_211' title='bbox 2809 1125 2959 1172; x_wconf 86' lang='lat' dir='ltr'><strong>metet</strong></span> <span class='ocrx_word' id='word_1_212' title='bbox 2997 1114 3018 1192; x_wconf 92' lang='lat'><strong>(</strong></span> <span class='ocrx_word' id='word_1_213' title='bbox 3060 1116 3101 1173; x_wconf 88' lang='lat' dir='ltr'><strong>ll</strong></span> <span class='ocrx_word' id='word_1_214' title='bbox 3131 1114 3277 1184; x_wconf 89' lang='lat' dir='ltr'><strong>Cor.,</strong></span> <span class='ocrx_word' id='word_1_215' title='bbox 3329 1132 3382 1173; x_wconf 86' lang='lat' dir='ltr'><strong>Ix</strong></span> <span class='ocrx_word' id='word_1_216' title='bbox 3409 1117 3463 1188; x_wconf 92' lang='lat'><strong>):</strong></span> 
     </span>
    </p>
   </div>
   <div class='ocr_carea' id='block_1_27' title="bbox 1859 1209 3460 1285">
    <p class='ocr_par' dir='ltr' id='par_1_27' title="bbox 1859 1209 3460 1285">
     <span class='ocr_line' id='line_1_27' title="bbox 1859 1209 3460 1285; baseline 0 -18"><span class='ocrx_word' id='word_1_217' title='bbox 1859 1221 1914 1267; x_wconf 87' lang='lat' dir='ltr'><strong>et</strong></span> <span class='ocrx_word' id='word_1_218' title='bbox 1958 1211 2009 1267; x_wconf 91' lang='lat' dir='ltr'><strong>in</strong></span> <span class='ocrx_word' id='word_1_219' title='bbox 2040 1210 2292 1267; x_wconf 86' lang='lat' dir='ltr'><strong>omnibus</strong></span> <span class='ocrx_word' id='word_1_220' title='bbox 2321 1211 2432 1285; x_wconf 76' lang='lat'><strong>36</strong></span> <span class='ocrx_word' id='word_1_221' title='bbox 2460 1209 2704 1282; x_wconf 90' lang='lat' dir='ltr'><strong>epistolis</strong></span> <span class='ocrx_word' id='word_1_222' title='bbox 2728 1210 2863 1278; x_wconf 81' lang='lat' dir='ltr'><strong>suis,</strong></span> <span class='ocrx_word' id='word_1_223' title='bbox 2895 1228 2997 1282; x_wconf 71' lang='lat' dir='ltr'><strong>pax</strong></span> <span class='ocrx_word' id='word_1_224' title='bbox 3033 1212 3087 1266; x_wconf 88' lang='lat' dir='ltr'><strong>in</strong></span> <span class='ocrx_word' id='word_1_225' title='bbox 3114 1212 3253 1267; x_wconf 80' lang='lat' dir='ltr'><strong>vobis</strong></span> <span class='ocrx_word' id='word_1_226' title='bbox 3291 1212 3460 1268; x_wconf 85' lang='lat' dir='ltr'><strong>abun-</strong></span> 
     </span>
    </p>
   </div>
   <div class='ocr_carea' id='block_1_28' title="bbox 1859 1302 3469 1379">
    <p class='ocr_par' dir='ltr' id='par_1_28' title="bbox 1859 1302 3469 1379">
     <span class='ocr_line' id='line_1_28' title="bbox 1859 1302 3469 1379; baseline 0.002 -22"><span class='ocrx_word' id='word_1_227' title='bbox 1859 1302 2089 1369; x_wconf 71' lang='lat' dir='ltr'><strong>det°;et</strong></span> <span class='ocrx_word' id='word_1_228' title='bbox 2121 1303 2174 1358; x_wconf 90' lang='lat' dir='ltr'><strong>in</strong></span> <span class='ocrx_word' id='word_1_229' title='bbox 2207 1303 2417 1375; x_wconf 84' lang='lat' dir='ltr'><strong>psalmo</strong></span> <span class='ocrx_word' id='word_1_230' title='bbox 2469 1319 2638 1379; x_wconf 69' lang='grc' dir='ltr'>χχχιιι</span> <span class='ocrx_word' id='word_1_231' title='bbox 2699 1303 2771 1378; x_wconf 82' lang='grc' dir='ltr'><strong>(υ.</strong></span> <span class='ocrx_word' id='word_1_232' title='bbox 2825 1302 2913 1377; x_wconf 82' lang='grc'><strong>15)</strong></span> <span class='ocrx_word' id='word_1_233' title='bbox 2947 1319 3116 1375; x_wconf 67' lang='lat' dir='ltr'><strong>qurere</strong></span> <span class='ocrx_word' id='word_1_234' title='bbox 3164 1322 3376 1378; x_wconf 85' lang='lat' dir='ltr'><strong>pacem,</strong></span> <span class='ocrx_word' id='word_1_235' title='bbox 3421 1313 3469 1361; x_wconf 85' lang='lat' dir='ltr'><strong>et</strong></span> 
     </span>
    </p>
   </div>
   <div class='ocr_carea' id='block_1_29' title="bbox 1859 1395 3468 1471">
    <p class='ocr_par' dir='ltr' id='par_1_29' title="bbox 1859 1395 3468 1471">
     <span class='ocr_line' id='line_1_29' title="bbox 1859 1395 3468 1471; baseline 0.004 -20"><span class='ocrx_word' id='word_1_236' title='bbox 1859 1398 2182 1468; x_wconf 87' lang='lat' dir='ltr'><strong>consequeris</strong></span> <span class='ocrx_word' id='word_1_237' title='bbox 2224 1412 2359 1452; x_wconf 90' lang='lat' dir='ltr'><strong>eam.</strong></span> <span class='ocrx_word' id='word_1_238' title='bbox 2408 1395 2617 1469; x_wconf 85' lang='lat' dir='ltr'><strong>Fugata</strong></span> <span class='ocrx_word' id='word_1_239' title='bbox 2665 1404 2967 1454; x_wconf 84' lang='lat' dir='ltr'><strong>recesserat</strong></span> <span class='ocrx_word' id='word_1_240' title='bbox 3009 1414 3109 1469; x_wconf 79' lang='lat' dir='ltr'><strong>pax</strong></span> <span class='ocrx_word' id='word_1_241' title='bbox 3139 1412 3168 1453; x_wconf 91' lang='lat' dir='ltr'><strong>a</strong></span> <span class='ocrx_word' id='word_1_242' title='bbox 3224 1399 3468 1471; x_wconf 85' lang='lat' dir='ltr'><strong>patribus</strong></span> 
     </span>
    </p>
   </div>
   <div class='ocr_carea' id='block_1_30' title="bbox 1859 1488 3464 1565">
    <p class='ocr_par' dir='ltr' id='par_1_30' title="bbox 1859 1488 3464 1565">
     <span class='ocr_line' id='line_1_30' title="bbox 1859 1488 3464 1565; baseline 0.001 -18"><span class='ocrx_word' id='word_1_243' title='bbox 1859 1490 2077 1557; x_wconf 86' lang='lat' dir='ltr'><strong>vestris;</strong></span> <span class='ocrx_word' id='word_1_244' title='bbox 2108 1505 2204 1545; x_wconf 89' lang='lat' dir='ltr'><strong>vos</strong></span> <span class='ocrx_word' id='word_1_245' title='bbox 2235 1504 2379 1557; x_wconf 88' lang='lat' dir='ltr'><strong>eam,</strong></span> <span class='ocrx_word' id='word_1_246' title='bbox 2410 1488 2570 1546; x_wconf 88' lang='lat' dir='ltr'><strong>sicuti</strong></span> <span class='ocrx_word' id='word_1_247' title='bbox 2609 1504 2639 1544; x_wconf 88' lang='lat' dir='ltr'><strong>a</strong></span> <span class='ocrx_word' id='word_1_248' title='bbox 2668 1490 2779 1546; x_wconf 89' lang='lat' dir='ltr'><strong>Deo</strong></span> <span class='ocrx_word' id='word_1_249' title='bbox 2821 1490 3133 1546; x_wconf 89' lang='lat' dir='ltr'><strong>mandatum</strong></span> <span class='ocrx_word' id='word_1_250' title='bbox 3173 1500 3280 1557; x_wconf 90' lang='lat' dir='ltr'><strong>est,</strong></span> <span class='ocrx_word' id='word_1_251' title='bbox 3312 1505 3464 1565; x_wconf 72' lang='lat' dir='ltr'><strong>qua--</strong></span> 
     </span>
    </p>
   </div>
   <div class='ocr_carea' id='block_1_31' title="bbox 1864 1580 3463 1657">
    <p class='ocr_par' dir='ltr' id='par_1_31' title="bbox 1864 1580 3463 1657">
     <span class='ocr_line' id='line_1_31' title="bbox 1864 1580 3463 1657; baseline 0.002 -18"><span class='ocrx_word' id='word_1_252' title='bbox 1864 1597 1986 1639; x_wconf 83' lang='lat' dir='ltr'><strong>rere</strong></span> <span class='ocrx_word' id='word_1_253' title='bbox 2012 1580 2286 1639; x_wconf 85' lang='lat' dir='ltr'><strong>deberetis</strong></span> <span class='ocrx_word' id='word_1_254' title='bbox 2315 1581 2335 1621; x_wconf 71' lang='grc' dir='ltr'>ῐ</span> <span class='ocrx_word' id='word_1_255' title='bbox 2359 1622 2377 1650; x_wconf 85' lang='grc'><strong><em>,</em></strong></span> <span class='ocrx_word' id='word_1_256' title='bbox 2407 1596 2568 1653; x_wconf 90' lang='lat' dir='ltr'><strong>quam</strong></span> <span class='ocrx_word' id='word_1_257' title='bbox 2614 1597 2714 1639; x_wconf 88' lang='lat' dir='ltr'><strong>nec</strong></span> <span class='ocrx_word' id='word_1_258' title='bbox 2743 1583 2886 1638; x_wconf 88' lang='lat' dir='ltr'><strong>ultro</strong></span> <span class='ocrx_word' id='word_1_259' title='bbox 2911 1583 3158 1641; x_wconf 86' lang='lat' dir='ltr'><strong>voluistis</strong></span> <span class='ocrx_word' id='word_1_260' title='bbox 3194 1599 3463 1657; x_wconf 72' lang='lat' dir='ltr'><strong>qua-rere,</strong></span> 
     </span>
    </p>
   </div>
   <div class='ocr_carea' id='block_1_32' title="bbox 1862 1660 3467 1751">
    <p class='ocr_par' dir='ltr' id='par_1_32' title="bbox 1862 1660 3467 1751">
     <span class='ocr_line' id='line_1_32' title="bbox 1862 1660 3467 1751; baseline 0 -18"><span class='ocrx_word' id='word_1_261' title='bbox 1862 1676 1978 1751; x_wconf 68' lang='lat'><strong>(8‘2)</strong></span> <span class='ocrx_word' id='word_1_262' title='bbox 2011 1692 2113 1734; x_wconf 91' lang='lat' dir='ltr'><strong>nec</strong></span> <span class='ocrx_word' id='word_1_263' title='bbox 2127 1676 2365 1734; x_wconf 89' lang='lat' dir='ltr'><strong>oblatam</strong></span> <span class='ocrx_word' id='word_1_264' title='bbox 2395 1677 2630 1733; x_wconf 89' lang='lat' dir='ltr'><strong>libenter</strong></span> <span class='ocrx_word' id='word_1_265' title='bbox 2673 1660 2953 1750; x_wconf 64' lang='lat' dir='ltr'><strong>accipere.</strong></span> <span class='ocrx_word' id='word_1_266' title='bbox 2974 1677 3108 1746; x_wconf 78' lang='lat' dir='ltr'><strong>Quis</strong></span> <span class='ocrx_word' id='word_1_267' title='bbox 3135 1679 3281 1734; x_wconf 88' lang='lat' dir='ltr'><strong>enim</strong></span> <span class='ocrx_word' id='word_1_268' title='bbox 3301 1678 3353 1734; x_wconf 90' lang='lat' dir='ltr'><strong>in</strong></span> <span class='ocrx_word' id='word_1_269' title='bbox 3386 1685 3467 1733; x_wconf 89' lang='lat' dir='ltr'><strong>tot</strong></span> 
     </span>
    </p>
   </div>
   <div class='ocr_carea' id='block_1_33' title="bbox 138 1770 3467 1849">
    <p class='ocr_par' dir='ltr' id='par_1_33' title="bbox 138 1770 3467 1849">
     <span class='ocr_line' id='line_1_33' title="bbox 138 1770 3467 1849; baseline 0 -23"><span class='ocrx_word' id='word_1_270' title='bbox 138 1770 386 1827; x_wconf 75' lang='lat' dir='ltr'><strong>bonum:</strong></span> <span class='ocrx_word' id='word_1_271' title='bbox 418 1771 620 1843; x_wconf 84' lang='lat' dir='ltr'><strong>inquire</strong></span> <span class='ocrx_word' id='word_1_272' title='bbox 653 1789 854 1843; x_wconf 75' lang='lat' dir='ltr'><strong>pacein,</strong></span> <span class='ocrx_word' id='word_1_273' title='bbox 884 1781 932 1834; x_wconf 86' lang='lat' dir='ltr'><strong>et</strong></span> <span class='ocrx_word' id='word_1_274' title='bbox 955 1789 1254 1844; x_wconf 82' lang='lat' dir='ltr'><strong>persequere</strong></span> <span class='ocrx_word' id='word_1_275' title='bbox 1291 1789 1438 1841; x_wconf 85' lang='lat' dir='ltr'><strong>eam;</strong></span> <span class='ocrx_word' id='word_1_276' title='bbox 1465 1772 1560 1832; x_wconf 86' lang='lat' dir='ltr'><strong>sed</strong></span> <span class='ocrx_word' id='word_1_277' title='bbox 1590 1782 1756 1831; x_wconf 68' lang='lat' dir='ltr'><strong>stcle~</strong></span> <span class='ocrx_word' id='word_1_278' title='bbox 1786 1785 1833 1847; x_wconf 80' lang='grc' dir='ltr'><strong>Β</strong></span> <span class='ocrx_word' id='word_1_279' title='bbox 1863 1771 2186 1849; x_wconf 69' lang='lat' dir='ltr'><strong>provinciis,</strong></span> <span class='ocrx_word' id='word_1_280' title='bbox 2222 1771 2418 1845; x_wconf 80' lang='lat' dir='ltr'><strong>quibus</strong></span> <span class='ocrx_word' id='word_1_281' title='bbox 2452 1771 2563 1828; x_wconf 89' lang='lat' dir='ltr'><strong>nati</strong></span> <span class='ocrx_word' id='word_1_282' title='bbox 2598 1772 2758 1837; x_wconf 89' lang='lat' dir='ltr'><strong>estis,</strong></span> <span class='ocrx_word' id='word_1_283' title='bbox 2802 1770 3052 1827; x_wconf 84' lang='lat' dir='ltr'><strong>audivit?</strong></span> <span class='ocrx_word' id='word_1_284' title='bbox 3080 1780 3136 1828; x_wconf 90' lang='lat' dir='ltr'><strong>et</strong></span> <span class='ocrx_word' id='word_1_285' title='bbox 3185 1772 3229 1827; x_wconf 90' lang='lat' dir='ltr'><strong>si</strong></span> <span class='ocrx_word' id='word_1_286' title='bbox 3266 1771 3467 1844; x_wconf 79' lang='lat' dir='ltr'><strong>aliquis</strong></span> 
     </span>
    </p>
   </div>
   <div class='ocr_carea' id='block_1_34' title="bbox 146 1864 1751 1937">
    <p class='ocr_par' dir='ltr' id='par_1_34' title="bbox 146 1864 1751 1937">
     <span class='ocr_line' id='line_1_34' title="bbox 146 1864 1751 1937; baseline 0.002 -15"><span class='ocrx_word' id='word_1_287' title='bbox 146 1873 284 1922; x_wconf 84' lang='lat' dir='ltr'><strong>runt</strong></span> <span class='ocrx_word' id='word_1_288' title='bbox 310 1864 369 1920; x_wconf 88' lang='lat' dir='ltr'><strong>in</strong></span> <span class='ocrx_word' id='word_1_289' title='bbox 400 1865 486 1933; x_wconf 85' lang='lat' dir='ltr'><strong>via</strong></span> <span class='ocrx_word' id='word_1_290' title='bbox 524 1874 865 1937; x_wconf 87' lang='lat' dir='ltr'><strong>peccatorum</strong></span> <span class='ocrx_word' id='word_1_291' title='bbox 896 1881 1141 1924; x_wconf 87' lang='lat' dir='ltr'><strong>suorum.</strong></span> <span class='ocrx_word' id='word_1_292' title='bbox 1174 1865 1446 1924; x_wconf 89' lang='lat' dir='ltr'><strong>Sederunt</strong></span> <span class='ocrx_word' id='word_1_293' title='bbox 1475 1869 1637 1925; x_wconf 87' lang='lat' dir='ltr'><strong>etiam</strong></span> <span class='ocrx_word' id='word_1_294' title='bbox 1699 1870 1751 1925; x_wconf 90' lang='lat' dir='ltr'><strong>in</strong></span> 
     </span>
    </p>
   </div>
   <div class='ocr_carea' id='block_1_35' title="bbox 139 1956 1754 2034">
    <p class='ocr_par' dir='ltr' id='par_1_35' title="bbox 139 1956 1754 2034">
     <span class='ocr_line' id='line_1_35' title="bbox 139 1956 1754 2034; baseline 0.004 -22"><span class='ocrx_word' id='word_1_295' title='bbox 139 1956 410 2013; x_wconf 90' lang='lat' dir='ltr'><strong>cathedra</strong></span> <span class='ocrx_word' id='word_1_296' title='bbox 439 1960 785 2029; x_wconf 74' lang='lat' dir='ltr'><strong>pestilentiae,</strong></span> <span class='ocrx_word' id='word_1_297' title='bbox 810 1976 930 2032; x_wconf 61' lang='lat' dir='ltr'><strong>qua}</strong></span> <span class='ocrx_word' id='word_1_298' title='bbox 951 1961 971 2032; x_wconf 93' lang='lat'><strong>(</strong></span> <span class='ocrx_word' id='word_1_299' title='bbox 993 1968 1052 2016; x_wconf 91' lang='lat' dir='ltr'><strong>ut</strong></span> <span class='ocrx_word' id='word_1_300' title='bbox 1080 1976 1242 2033; x_wconf 85' lang='lat' dir='ltr'><strong>supra</strong></span> <span class='ocrx_word' id='word_1_301' title='bbox 1275 1962 1533 2034; x_wconf 82' lang='lat' dir='ltr'><strong>diximus)</strong></span> <span class='ocrx_word' id='word_1_302' title='bbox 1560 1963 1754 2019; x_wconf 84' lang='lat' dir='ltr'><strong>seduc-</strong></span> 
     </span>
    </p>
   </div>
   <div class='ocr_carea' id='block_1_36' title="bbox 137 2051 1751 2127">
    <p class='ocr_par' dir='ltr' id='par_1_36' title="bbox 137 2051 1751 2127">
     <span class='ocr_line' id='line_1_36' title="bbox 137 2051 1751 2127; baseline 0.002 -20"><span class='ocrx_word' id='word_1_303' title='bbox 137 2059 225 2107; x_wconf 75' lang='lat' dir='ltr'><strong>tus</strong></span> <span class='ocrx_word' id='word_1_304' title='bbox 270 2051 443 2108; x_wconf 87' lang='lat' dir='ltr'><strong>mittit</strong></span> <span class='ocrx_word' id='word_1_305' title='bbox 479 2051 545 2107; x_wconf 90' lang='lat' dir='ltr'><strong>ad</strong></span> <span class='ocrx_word' id='word_1_306' title='bbox 574 2063 596 2091; x_wconf 78' lang='grc' dir='ltr'><strong>ο</strong></span> <span class='ocrx_word' id='word_1_307' title='bbox 641 2061 896 2109; x_wconf 90' lang='lat' dir='ltr'><strong>mortem.</strong></span> <span class='ocrx_word' id='word_1_308' title='bbox 934 2053 1039 2110; x_wconf 91' lang='lat' dir='ltr'><strong>Sed</strong></span> <span class='ocrx_word' id='word_1_309' title='bbox 1073 2063 1129 2109; x_wconf 92' lang='lat' dir='ltr'><strong>et</strong></span> <span class='ocrx_word' id='word_1_310' title='bbox 1176 2053 1302 2109; x_wconf 91' lang='lat' dir='ltr'><strong>dum</strong></span> <span class='ocrx_word' id='word_1_311' title='bbox 1341 2069 1437 2110; x_wconf 91' lang='lat' dir='ltr'><strong>vos</strong></span> <span class='ocrx_word' id='word_1_312' title='bbox 1467 2065 1751 2127; x_wconf 86' lang='lat' dir='ltr'><strong>parentum</strong></span> 
     </span>
    </p>
   </div>
   <div class='ocr_carea' id='block_1_37' title="bbox 136 2144 1751 2214">
    <p class='ocr_par' dir='ltr' id='par_1_37' title="bbox 136 2144 1751 2214">
     <span class='ocr_line' id='line_1_37' title="bbox 136 2144 1751 2214; baseline 0.002 -13"><span class='ocrx_word' id='word_1_313' title='bbox 136 2160 393 2201; x_wconf 88' lang='lat' dir='ltr'><strong>errorem</strong></span> <span class='ocrx_word' id='word_1_314' title='bbox 423 2146 691 2214; x_wconf 87' lang='lat' dir='ltr'><strong>colentes,</strong></span> <span class='ocrx_word' id='word_1_315' title='bbox 718 2145 963 2201; x_wconf 83' lang='lat' dir='ltr'><strong>studiose</strong></span> <span class='ocrx_word' id='word_1_316' title='bbox 991 2144 1304 2212; x_wconf 83' lang='lat' dir='ltr'><strong>defenditis,</strong></span> <span class='ocrx_word' id='word_1_317' title='bbox 1338 2145 1585 2203; x_wconf 83' lang='lat' dir='ltr'><strong>h:credes</strong></span> <span class='ocrx_word' id='word_1_318' title='bbox 1629 2163 1751 2204; x_wconf 85' lang='lat' dir='ltr'><strong>sce-</strong></span> 
     </span>
    </p>
   </div>
   <div class='ocr_carea' id='block_1_38' title="bbox 135 2229 1754 2312">
    <p class='ocr_par' dir='ltr' id='par_1_38' title="bbox 135 2229 1754 2312">
     <span class='ocr_line' id='line_1_38' title="bbox 135 2229 1754 2312; baseline 0.001 -17"><span class='ocrx_word' id='word_1_319' title='bbox 135 2238 271 2295; x_wconf 85' lang='lat' dir='ltr'><strong>leris</strong></span> <span class='ocrx_word' id='word_1_320' title='bbox 299 2253 428 2295; x_wconf 89' lang='lat' dir='ltr'><strong>esse</strong></span> <span class='ocrx_word' id='word_1_321' title='bbox 452 2239 720 2305; x_wconf 88' lang='lat' dir='ltr'><strong>voluistis,</strong></span> <span class='ocrx_word' id='word_1_322' title='bbox 751 2255 875 2295; x_wconf 90' lang='lat' dir='ltr'><strong>cum</strong></span> <span class='ocrx_word' id='word_1_323' title='bbox 906 2239 1000 2295; x_wconf 83' lang='lat' dir='ltr'><strong>lilii</strong></span> <span class='ocrx_word' id='word_1_324' title='bbox 1028 2239 1173 2310; x_wconf 89' lang='lat' dir='ltr'><strong>pacis</strong></span> <span class='ocrx_word' id='word_1_325' title='bbox 1206 2239 1293 2296; x_wconf 88' lang='lat' dir='ltr'><strong>vel</strong></span> <span class='ocrx_word' id='word_1_326' title='bbox 1320 2229 1447 2296; x_wconf 88' lang='lat' dir='ltr'><strong>sero</strong></span> <span class='ocrx_word' id='word_1_327' title='bbox 1483 2254 1608 2296; x_wconf 89' lang='lat' dir='ltr'><strong>esse</strong></span> <span class='ocrx_word' id='word_1_328' title='bbox 1629 2254 1754 2312; x_wconf 84' lang='lat' dir='ltr'><strong>pos-</strong></span> 
     </span>
    </p>
   </div>
   <div class='ocr_carea' id='block_1_39' title="bbox 134 2329 1752 2406">
    <p class='ocr_par' dir='ltr' id='par_1_39' title="bbox 134 2329 1752 2406">
     <span class='ocr_line' id='line_1_39' title="bbox 134 2329 1752 2406; baseline 0 -17"><span class='ocrx_word' id='word_1_329' title='bbox 134 2334 299 2389; x_wconf 80' lang='lat' dir='ltr'><strong>setis.</strong></span> <span class='ocrx_word' id='word_1_330' title='bbox 358 2329 496 2389; x_wconf 84' lang='lat' dir='ltr'><strong>Cum</strong></span> <span class='ocrx_word' id='word_1_331' title='bbox 554 2332 607 2390; x_wconf 89' lang='lat' dir='ltr'><strong>in</strong></span> <span class='ocrx_word' id='word_1_332' title='bbox 666 2330 956 2389; x_wconf 75' lang='lat' dir='ltr'><strong>Ezechiele</strong></span> <span class='ocrx_word' id='word_1_333' title='bbox 1004 2331 1273 2406; x_wconf 85' lang='lat' dir='ltr'><strong>propheta</strong></span> <span class='ocrx_word' id='word_1_334' title='bbox 1331 2333 1593 2405; x_wconf 85' lang='lat' dir='ltr'><strong>scriptum</strong></span> <span class='ocrx_word' id='word_1_335' title='bbox 1646 2335 1752 2400; x_wconf 86' lang='lat' dir='ltr'><strong>sit,</strong></span> 
     </span>
    </p>
   </div>
   <div class='ocr_carea' id='block_1_40' title="bbox 134 2427 1754 2501">
    <p class='ocr_par' dir='ltr' id='par_1_40' title="bbox 134 2427 1754 2501">
     <span class='ocr_line' id='line_1_40' title="bbox 134 2427 1754 2501; baseline 0 -18"><span class='ocrx_word' id='word_1_336' title='bbox 134 2428 337 2497; x_wconf 53' lang='lat' dir='ltr'><strong>attolle</strong></span> <span class='ocrx_word' id='word_1_337' title='bbox 361 2444 533 2485; x_wconf 78' lang='lat' dir='ltr'><strong>uocem</strong></span> <span class='ocrx_word' id='word_1_338' title='bbox 583 2438 725 2495; x_wconf 85' lang='lat' dir='ltr'><strong>tuam</strong></span> <span class='ocrx_word' id='word_1_339' title='bbox 766 2444 923 2501; x_wconf 83' lang='lat' dir='ltr'><strong>super</strong></span> <span class='ocrx_word' id='word_1_340' title='bbox 950 2427 1119 2498; x_wconf 65' lang='lat' dir='ltr'><strong>lilium</strong></span> <span class='ocrx_word' id='word_1_341' title='bbox 1158 2429 1442 2499; x_wconf 72' lang='lat' dir='ltr'><strong>peccatoris</strong></span> <span class='ocrx_word' id='word_1_342' title='bbox 1462 2472 1478 2498; x_wconf 92' lang='lat'><strong>,</strong></span> <span class='ocrx_word' id='word_1_343' title='bbox 1512 2446 1576 2485; x_wconf 89' lang='lat' dir='ltr'><strong>ne</strong></span> <span class='ocrx_word' id='word_1_344' title='bbox 1602 2431 1754 2485; x_wconf 73' lang='lat' dir='ltr'><strong>uesti-</strong></span> 
     </span>
    </p>
   </div>
   <div class='ocr_carea' id='block_1_41' title="bbox 133 2519 1754 2594">
    <p class='ocr_par' dir='ltr' id='par_1_41' title="bbox 133 2519 1754 2594">
     <span class='ocr_line' id='line_1_41' title="bbox 133 2519 1754 2594; baseline 0.004 -21"><span class='ocrx_word' id='word_1_345' title='bbox 133 2519 222 2592; x_wconf 76' lang='lat' dir='ltr'><strong>gia</strong></span> <span class='ocrx_word' id='word_1_346' title='bbox 249 2521 424 2592; x_wconf 74' lang='lat' dir='ltr'><strong>patris</strong></span> <span class='ocrx_word' id='word_1_347' title='bbox 463 2520 550 2575; x_wconf 84' lang='lat' dir='ltr'><strong>sui</strong></span> <span class='ocrx_word' id='word_1_348' title='bbox 588 2529 855 2591; x_wconf 77' lang='lat' dir='ltr'><strong>sequatur,</strong></span> <span class='ocrx_word' id='word_1_349' title='bbox 931 2521 1173 2590; x_wconf 79' lang='lat' dir='ltr'><strong>quoniam</strong></span> <span class='ocrx_word' id='word_1_350' title='bbox 1214 2521 1391 2577; x_wconf 85' lang='lat' dir='ltr'><strong>anima</strong></span> <span class='ocrx_word' id='word_1_351' title='bbox 1433 2521 1597 2594; x_wconf 86' lang='lat' dir='ltr'><strong>patris</strong></span> <span class='ocrx_word' id='word_1_352' title='bbox 1641 2540 1754 2580; x_wconf 87' lang='lat' dir='ltr'><strong>mea</strong></span> 
     </span>
    </p>
   </div>
   <div class='ocr_carea' id='block_1_42' title="bbox 133 2614 1753 2687">
    <p class='ocr_par' dir='ltr' id='par_1_42' title="bbox 133 2614 1753 2687">
     <span class='ocr_line' id='line_1_42' title="bbox 133 2614 1753 2687; baseline 0.002 -19"><span class='ocrx_word' id='word_1_353' title='bbox 133 2624 230 2678; x_wconf 79' lang='lat' dir='ltr'><strong>est.</strong></span> <span class='ocrx_word' id='word_1_354' title='bbox 262 2623 319 2670; x_wconf 82' lang='lat' dir='ltr'><strong>et</strong></span> <span class='ocrx_word' id='word_1_355' title='bbox 345 2614 519 2669; x_wconf 87' lang='lat' dir='ltr'><strong>anima</strong></span> <span class='ocrx_word' id='word_1_356' title='bbox 540 2614 639 2686; x_wconf 83' lang='lat' dir='ltr'><strong>filii</strong></span> <span class='ocrx_word' id='word_1_357' title='bbox 677 2630 790 2669; x_wconf 87' lang='lat' dir='ltr'><strong>mea</strong></span> <span class='ocrx_word' id='word_1_358' title='bbox 811 2623 906 2669; x_wconf 83' lang='lat' dir='ltr'><strong>est.</strong></span> <span class='ocrx_word' id='word_1_359' title='bbox 930 2614 1116 2669; x_wconf 84' lang='lat' dir='ltr'><strong>Anima</strong></span> <span class='ocrx_word' id='word_1_360' title='bbox 1135 2631 1252 2686; x_wconf 70' lang='lat' dir='ltr'><strong>quae</strong></span> <span class='ocrx_word' id='word_1_361' title='bbox 1277 2625 1485 2686; x_wconf 86' lang='lat' dir='ltr'><strong>peccat,</strong></span> <span class='ocrx_word' id='word_1_362' title='bbox 1514 2618 1625 2671; x_wconf 88' lang='lat' dir='ltr'><strong>sola</strong></span> <span class='ocrx_word' id='word_1_363' title='bbox 1652 2634 1753 2687; x_wconf 60' lang='lat' dir='ltr'><strong>pa.</strong></span> 
     </span>
    </p>
   </div>
   <div class='ocr_carea' id='block_1_43' title="bbox 134 2699 1753 2781">
    <p class='ocr_par' dir='ltr' id='par_1_43' title="bbox 134 2699 1753 2781">
     <span class='ocr_line' id='line_1_43' title="bbox 134 2699 1753 2781; baseline 0.006 -22"><span class='ocrx_word' id='word_1_364' title='bbox 134 2705 319 2773; x_wconf 74' lang='lat' dir='ltr'><strong>nietur</strong></span> <span class='ocrx_word' id='word_1_365' title='bbox 358 2704 540 2781; x_wconf 73' lang='lat' dir='ltr'><strong>(Ezec.</strong></span> <span class='ocrx_word' id='word_1_366' title='bbox 580 2721 710 2762; x_wconf 80' lang='lat' dir='ltr'><strong>xvut</strong></span> <span class='ocrx_word' id='word_1_367' title='bbox 730 2747 746 2775; x_wconf 95' lang='lat'><strong>,</strong></span> <span class='ocrx_word' id='word_1_368' title='bbox 775 2707 833 2775; x_wconf 83' lang='lat'><strong>&#39;5,</strong></span> <span class='ocrx_word' id='word_1_369' title='bbox 858 2704 926 2765; x_wconf 80' lang='lat' dir='ltr'><strong>l9</strong></span> <span class='ocrx_word' id='word_1_370' title='bbox 953 2715 1002 2763; x_wconf 90' lang='lat' dir='ltr'><strong>ct</strong></span> <span class='ocrx_word' id='word_1_371' title='bbox 1021 2706 1154 2776; x_wconf 72' lang='lat'><strong>20):</strong></span> <span class='ocrx_word' id='word_1_372' title='bbox 1184 2707 1231 2764; x_wconf 87' lang='lat' dir='ltr'><strong>si</strong></span> <span class='ocrx_word' id='word_1_373' title='bbox 1258 2706 1573 2779; x_wconf 85' lang='lat' dir='ltr'><strong>displiceret</strong></span> <span class='ocrx_word' id='word_1_374' title='bbox 1601 2699 1753 2768; x_wconf 72' lang='lat' dir='ltr'><strong>vobis</strong></span> 
     </span>
    </p>
   </div>
   <div class='ocr_carea' id='block_1_44' title="bbox 132 2798 1751 2871">
    <p class='ocr_par' dir='ltr' id='par_1_44' title="bbox 132 2798 1751 2871">
     <span class='ocr_line' id='line_1_44' title="bbox 132 2798 1751 2871; baseline 0.004 -19"><span class='ocrx_word' id='word_1_375' title='bbox 132 2798 290 2869; x_wconf 77' lang='lat' dir='ltr'><strong>quod</strong></span> <span class='ocrx_word' id='word_1_376' title='bbox 326 2806 583 2871; x_wconf 87' lang='lat' dir='ltr'><strong>parentes</strong></span> <span class='ocrx_word' id='word_1_377' title='bbox 604 2798 772 2855; x_wconf 88' lang='lat' dir='ltr'><strong>vestri</strong></span> <span class='ocrx_word' id='word_1_378' title='bbox 820 2806 1223 2870; x_wconf 78' lang='lat' dir='ltr'><strong>peccaverunt,</strong></span> <span class='ocrx_word' id='word_1_379' title='bbox 1252 2798 1320 2855; x_wconf 91' lang='lat' dir='ltr'><strong>de</strong></span> <span class='ocrx_word' id='word_1_380' title='bbox 1363 2799 1605 2857; x_wconf 83' lang='lat' dir='ltr'><strong>admisso</strong></span> <span class='ocrx_word' id='word_1_381' title='bbox 1650 2816 1751 2859; x_wconf 89' lang='lat' dir='ltr'><strong>suo</strong></span> 
     </span>
    </p>
   </div>
   <div class='ocr_carea' id='block_1_45' title="bbox 132 2880 1752 2954">
    <p class='ocr_par' dir='ltr' id='par_1_45' title="bbox 132 2880 1752 2954">
     <span class='ocr_line' id='line_1_45' title="bbox 132 2880 1752 2954; baseline 0.002 -5"><span class='ocrx_word' id='word_1_382' title='bbox 132 2893 239 2949; x_wconf 86' lang='lat' dir='ltr'><strong>soli</strong></span> <span class='ocrx_word' id='word_1_383' title='bbox 301 2880 942 2950; x_wconf 37' lang='lat' dir='ltr'><strong>reddeumt&#39;rationem:</strong></span> <span class='ocrx_word' id='word_1_384' title='bbox 989 2893 1093 2951; x_wconf 91' lang='lat' dir='ltr'><strong>hoc</strong></span> <span class='ocrx_word' id='word_1_385' title='bbox 1139 2892 1301 2949; x_wconf 91' lang='lat' dir='ltr'><strong>modo</strong></span> <span class='ocrx_word' id='word_1_386' title='bbox 1344 2894 1429 2950; x_wconf 87' lang='lat' dir='ltr'><strong>vel</strong></span> <span class='ocrx_word' id='word_1_387' title='bbox 1458 2909 1556 2951; x_wconf 85' lang='lat' dir='ltr'><strong>vos</strong></span> <span class='ocrx_word' id='word_1_388' title='bbox 1605 2895 1752 2954; x_wconf 82' lang='lat' dir='ltr'><strong>beati</strong></span> 
     </span>
    </p>
   </div>
   <div class='ocr_carea' id='block_1_46' title="bbox 131 2984 1743 3061">
    <p class='ocr_par' dir='ltr' id='par_1_46' title="bbox 131 2984 1743 3061">
     <span class='ocr_line' id='line_1_46' title="bbox 131 2984 1743 3061; baseline 0.002 -21"><span class='ocrx_word' id='word_1_389' title='bbox 131 3001 263 3042; x_wconf 74' lang='lat' dir='ltr'><strong>esse</strong></span> <span class='ocrx_word' id='word_1_390' title='bbox 294 2984 551 3057; x_wconf 84' lang='lat' dir='ltr'><strong>possetis,</strong></span> <span class='ocrx_word' id='word_1_391' title='bbox 584 2993 641 3042; x_wconf 90' lang='lat' dir='ltr'><strong>et</strong></span> <span class='ocrx_word' id='word_1_392' title='bbox 664 2985 881 3042; x_wconf 88' lang='lat' dir='ltr'><strong>laudem</strong></span> <span class='ocrx_word' id='word_1_393' title='bbox 903 2986 972 3042; x_wconf 88' lang='lat' dir='ltr'><strong>de</strong></span> <span class='ocrx_word' id='word_1_394' title='bbox 1001 3001 1097 3043; x_wconf 90' lang='lat' dir='ltr'><strong>ore</strong></span> <span class='ocrx_word' id='word_1_395' title='bbox 1127 2986 1406 3057; x_wconf 68' lang='lat' dir='ltr'><strong>propheta:</strong></span> <span class='ocrx_word' id='word_1_396' title='bbox 1443 2989 1743 3061; x_wconf 87' lang='lat' dir='ltr'><strong>percipere,</strong></span> 
     </span>
    </p>
   </div>
   <div class='ocr_carea' id='block_1_47' title="bbox 130 3076 1749 3151">
    <p class='ocr_par' dir='ltr' id='par_1_47' title="bbox 130 3076 1749 3151">
     <span class='ocr_line' id='line_1_47' title="bbox 130 3076 1749 3151; baseline -0.001 -17"><span class='ocrx_word' id='word_1_397' title='bbox 130 3078 225 3150; x_wconf 86' lang='lat' dir='ltr'><strong>qui</strong></span> <span class='ocrx_word' id='word_1_398' title='bbox 257 3077 337 3133; x_wconf 80' lang='lat' dir='ltr'><strong>ait</strong></span> <span class='ocrx_word' id='word_1_399' title='bbox 368 3078 424 3134; x_wconf 89' lang='lat' dir='ltr'><strong>in</strong></span> <span class='ocrx_word' id='word_1_400' title='bbox 453 3076 730 3148; x_wconf 78' lang='lat' dir='ltr'><strong>psallunt,</strong></span> <span class='ocrx_word' id='word_1_401' title='bbox 764 3077 951 3137; x_wconf 77' lang='lat' dir='ltr'><strong>Beatus</strong></span> <span class='ocrx_word' id='word_1_402' title='bbox 988 3079 1064 3134; x_wconf 76' lang='lat' dir='ltr'><strong>vir</strong></span> <span class='ocrx_word' id='word_1_403' title='bbox 1110 3078 1195 3151; x_wconf 86' lang='lat' dir='ltr'><strong>qui</strong></span> <span class='ocrx_word' id='word_1_404' title='bbox 1220 3096 1322 3134; x_wconf 88' lang='lat' dir='ltr'><strong>non</strong></span> <span class='ocrx_word' id='word_1_405' title='bbox 1346 3080 1471 3136; x_wconf 91' lang='lat' dir='ltr'><strong>abiit</strong></span> <span class='ocrx_word' id='word_1_406' title='bbox 1500 3081 1554 3136; x_wconf 85' lang='lat' dir='ltr'><strong>in</strong></span> <span class='ocrx_word' id='word_1_407' title='bbox 1575 3083 1749 3137; x_wconf 64' lang='lat' dir='ltr'><strong>conci.</strong></span> 
     </span>
    </p>
   </div>
   <div class='ocr_carea' id='block_1_48' title="bbox 1862 1863 3462 1937">
    <p class='ocr_par' dir='ltr' id='par_1_48' title="bbox 1862 1863 3462 1937">
     <span class='ocr_line' id='line_1_48' title="bbox 1862 1863 3462 1937; baseline 0.002 -19"><span class='ocrx_word' id='word_1_408' title='bbox 1862 1863 2087 1932; x_wconf 86' lang='lat' dir='ltr'><strong>audivit,</strong></span> <span class='ocrx_word' id='word_1_409' title='bbox 2111 1865 2232 1937; x_wconf 89' lang='lat' dir='ltr'><strong>quis</strong></span> <span class='ocrx_word' id='word_1_410' title='bbox 2255 1879 2362 1920; x_wconf 93' lang='lat' dir='ltr'><strong>non</strong></span> <span class='ocrx_word' id='word_1_411' title='bbox 2387 1873 2630 1919; x_wconf 88' lang='lat' dir='ltr'><strong>vestrum</strong></span> <span class='ocrx_word' id='word_1_412' title='bbox 2661 1864 2890 1921; x_wconf 87' lang='lat' dir='ltr'><strong>miretur</strong></span> <span class='ocrx_word' id='word_1_413' title='bbox 2908 1863 3186 1925; x_wconf 88' lang='lat' dir='ltr'><strong>errorem?</strong></span> <span class='ocrx_word' id='word_1_414' title='bbox 3212 1865 3335 1936; x_wconf 89' lang='lat' dir='ltr'><strong>quis</strong></span> <span class='ocrx_word' id='word_1_415' title='bbox 3355 1879 3462 1921; x_wconf 89' lang='lat' dir='ltr'><strong>non</strong></span> 
     </span>
    </p>
   </div>
   <div class='ocr_carea' id='block_1_49' title="bbox 1860 1956 3459 2029">
    <p class='ocr_par' dir='ltr' id='par_1_49' title="bbox 1860 1956 3459 2029">
     <span class='ocr_line' id='line_1_49' title="bbox 1860 1956 3459 2029; baseline -0.001 -16"><span class='ocrx_word' id='word_1_416' title='bbox 1860 1965 2102 2013; x_wconf 84' lang='lat' dir='ltr'><strong>vestrum</strong></span> <span class='ocrx_word' id='word_1_417' title='bbox 2127 1956 2334 2013; x_wconf 87' lang='lat' dir='ltr'><strong>facinus</strong></span> <span class='ocrx_word' id='word_1_418' title='bbox 2359 1956 2621 2013; x_wconf 78' lang='lat' dir='ltr'><strong>damnet?</strong></span> <span class='ocrx_word' id='word_1_419' title='bbox 2648 1956 2814 2029; x_wconf 88' lang='lat' dir='ltr'><strong>Igitur</strong></span> <span class='ocrx_word' id='word_1_420' title='bbox 2840 1972 2962 2013; x_wconf 90' lang='lat' dir='ltr'><strong>cum</strong></span> <span class='ocrx_word' id='word_1_421' title='bbox 2996 1957 3339 2014; x_wconf 79' lang='lat' dir='ltr'><strong>manifestum</strong></span> <span class='ocrx_word' id='word_1_422' title='bbox 3368 1958 3459 2024; x_wconf 87' lang='lat' dir='ltr'><strong>sit,</strong></span> 
     </span>
    </p>
   </div>
   <div class='ocr_carea' id='block_1_50' title="bbox 1859 2051 3464 2126">
    <p class='ocr_par' dir='ltr' id='par_1_50' title="bbox 1859 2051 3464 2126">
     <span class='ocr_line' id='line_1_50' title="bbox 1859 2051 3464 2126; baseline -0.003 -15"><span class='ocrx_word' id='word_1_423' title='bbox 1859 2063 1914 2111; x_wconf 90' lang='lat' dir='ltr'><strong>et</strong></span> <span class='ocrx_word' id='word_1_424' title='bbox 1935 2056 2049 2126; x_wconf 87' lang='lat' dir='ltr'><strong>ipsa</strong></span> <span class='ocrx_word' id='word_1_425' title='bbox 2086 2054 2207 2110; x_wconf 87' lang='lat' dir='ltr'><strong>luce</strong></span> <span class='ocrx_word' id='word_1_426' title='bbox 2232 2054 2307 2109; x_wconf 90' lang='lat' dir='ltr'><strong>sit</strong></span> <span class='ocrx_word' id='word_1_427' title='bbox 2335 2052 2533 2109; x_wconf 87' lang='lat' dir='ltr'><strong>clarius</strong></span> <span class='ocrx_word' id='word_1_428' title='bbox 2553 2095 2568 2120; x_wconf 92' lang='lat'><strong>,</strong></span> <span class='ocrx_word' id='word_1_429' title='bbox 2591 2066 2691 2108; x_wconf 89' lang='lat' dir='ltr'><strong>nos</strong></span> <span class='ocrx_word' id='word_1_430' title='bbox 2718 2069 2840 2107; x_wconf 88' lang='lat' dir='ltr'><strong>cum</strong></span> <span class='ocrx_word' id='word_1_431' title='bbox 2870 2060 2950 2107; x_wconf 86' lang='lat' dir='ltr'><strong>tut</strong></span> <span class='ocrx_word' id='word_1_432' title='bbox 2981 2051 3464 2108; x_wconf 89' lang='lat' dir='ltr'><strong>innumerabilibus</strong></span> 
     </span>
    </p>
   </div>
   <div class='ocr_carea' id='block_1_51' title="bbox 1858 2144 3463 2220">
    <p class='ocr_par' dir='ltr' id='par_1_51' title="bbox 1858 2144 3463 2220">
     <span class='ocr_line' id='line_1_51' title="bbox 1858 2144 3463 2220; baseline -0.002 -16"><span class='ocrx_word' id='word_1_433' title='bbox 1858 2148 2070 2220; x_wconf 86' lang='lat' dir='ltr'><strong>populis</strong></span> <span class='ocrx_word' id='word_1_434' title='bbox 2114 2162 2267 2215; x_wconf 88' lang='lat' dir='ltr'><strong>esse,</strong></span> <span class='ocrx_word' id='word_1_435' title='bbox 2300 2153 2353 2201; x_wconf 87' lang='lat' dir='ltr'><strong>et</strong></span> <span class='ocrx_word' id='word_1_436' title='bbox 2374 2153 2453 2201; x_wconf 88' lang='lat' dir='ltr'><strong>tot</strong></span> <span class='ocrx_word' id='word_1_437' title='bbox 2491 2146 2796 2217; x_wconf 80' lang='lat' dir='ltr'><strong>provincias</strong></span> <span class='ocrx_word' id='word_1_438' title='bbox 2821 2145 3103 2200; x_wconf 85' lang='lat' dir='ltr'><strong>nobiscum</strong></span> <span class='ocrx_word' id='word_1_439' title='bbox 3128 2162 3145 2199; x_wconf 88' lang='lat'><strong>:</strong></span> <span class='ocrx_word' id='word_1_440' title='bbox 3169 2144 3281 2216; x_wconf 73' lang='lat' dir='ltr'><strong>iam</strong></span> <span class='ocrx_word' id='word_1_441' title='bbox 3312 2144 3463 2201; x_wconf 83' lang='lat' dir='ltr'><strong>vide-</strong></span> 
     </span>
    </p>
   </div>
   <div class='ocr_carea' id='block_1_52' title="bbox 1860 2236 3457 2311">
    <p class='ocr_par' dir='ltr' id='par_1_52' title="bbox 1860 2236 3457 2311">
     <span class='ocr_line' id='line_1_52' title="bbox 1860 2236 3457 2311; baseline -0.003 -15"><span class='ocrx_word' id='word_1_442' title='bbox 1860 2240 1926 2296; x_wconf 86' lang='lat' dir='ltr'><strong>tis</strong></span> <span class='ocrx_word' id='word_1_443' title='bbox 1947 2255 2045 2296; x_wconf 86' lang='lat' dir='ltr'><strong>vos</strong></span> <span class='ocrx_word' id='word_1_444' title='bbox 2083 2241 2135 2295; x_wconf 92' lang='lat' dir='ltr'><strong>in</strong></span> <span class='ocrx_word' id='word_1_445' title='bbox 2160 2249 2312 2311; x_wconf 84' lang='lat' dir='ltr'><strong>parte</strong></span> <span class='ocrx_word' id='word_1_446' title='bbox 2334 2239 2490 2295; x_wconf 87' lang='lat' dir='ltr'><strong>unius</strong></span> <span class='ocrx_word' id='word_1_447' title='bbox 2512 2237 2749 2311; x_wconf 82' lang='lat' dir='ltr'><strong>regionis</strong></span> <span class='ocrx_word' id='word_1_448' title='bbox 2773 2238 2996 2309; x_wconf 84' lang='lat' dir='ltr'><strong>positos.</strong></span> <span class='ocrx_word' id='word_1_449' title='bbox 3040 2245 3097 2293; x_wconf 91' lang='lat' dir='ltr'><strong>et</strong></span> <span class='ocrx_word' id='word_1_450' title='bbox 3121 2238 3188 2293; x_wconf 90' lang='lat' dir='ltr'><strong>ab</strong></span> <span class='ocrx_word' id='word_1_451' title='bbox 3210 2236 3457 2294; x_wconf 86' lang='lat' dir='ltr'><strong>Ecclesia</strong></span> 
     </span>
    </p>
   </div>
   <div class='ocr_carea' id='block_1_53' title="bbox 1859 2328 3463 2401">
    <p class='ocr_par' dir='ltr' id='par_1_53' title="bbox 1859 2328 3463 2401">
     <span class='ocr_line' id='line_1_53' title="bbox 1859 2328 3463 2401; baseline 0 -14"><span class='ocrx_word' id='word_1_452' title='bbox 1859 2333 2054 2389; x_wconf 84' lang='lat' dir='ltr'><strong>vestris</strong></span> <span class='ocrx_word' id='word_1_453' title='bbox 2082 2331 2360 2388; x_wconf 86' lang='lat' dir='ltr'><strong>erroribus</strong></span> <span class='ocrx_word' id='word_1_454' title='bbox 2390 2347 2514 2388; x_wconf 88' lang='lat' dir='ltr'><strong>esse</strong></span> <span class='ocrx_word' id='word_1_455' title='bbox 2566 2340 2871 2401; x_wconf 83' lang='lat' dir='ltr'><strong>separatos,</strong></span> <span class='ocrx_word' id='word_1_456' title='bbox 2906 2328 3109 2391; x_wconf 79' lang='lat' dir='ltr'><strong>frustra</strong></span> <span class='ocrx_word' id='word_1_457' title='bbox 3137 2329 3292 2386; x_wconf 79' lang='lat' dir='ltr'><strong>vobis</strong></span> <span class='ocrx_word' id='word_1_458' title='bbox 3329 2329 3463 2387; x_wconf 88' lang='lat' dir='ltr'><strong>solis</strong></span> 
     </span>
    </p>
   </div>
   <div class='ocr_carea' id='block_1_54' title="bbox 1858 2424 3459 2492">
    <p class='ocr_par' dir='ltr' id='par_1_54' title="bbox 1858 2424 3459 2492">
     <span class='ocr_line' id='line_1_54' title="bbox 1858 2424 3459 2492; baseline -0.001 -10"><span class='ocrx_word' id='word_1_459' title='bbox 1858 2424 1962 2482; x_wconf 89' lang='lat' dir='ltr'><strong>hoc</strong></span> <span class='ocrx_word' id='word_1_460' title='bbox 2004 2442 2200 2483; x_wconf 86' lang='lat' dir='ltr'><strong>nomen</strong></span> <span class='ocrx_word' id='word_1_461' title='bbox 2257 2427 2514 2483; x_wconf 61' lang='lat' dir='ltr'><strong>Ecclesiae</strong></span> <span class='ocrx_word' id='word_1_462' title='bbox 2561 2442 2684 2483; x_wconf 89' lang='lat' dir='ltr'><strong>cum</strong></span> <span class='ocrx_word' id='word_1_463' title='bbox 2738 2427 2851 2482; x_wconf 88' lang='lat' dir='ltr'><strong>suis</strong></span> <span class='ocrx_word' id='word_1_464' title='bbox 2893 2426 3109 2484; x_wconf 78' lang='lat' dir='ltr'><strong>dotibus</strong></span> <span class='ocrx_word' id='word_1_465' title='bbox 3156 2425 3459 2492; x_wconf 76' lang='lat' dir='ltr'><strong>vindicare,</strong></span> 
     </span>
    </p>
   </div>
   <div class='ocr_carea' id='block_1_55' title="bbox 1856 2519 3464 2594">
    <p class='ocr_par' dir='ltr' id='par_1_55' title="bbox 1856 2519 3464 2594">
     <span class='ocr_line' id='line_1_55' title="bbox 1856 2519 3464 2594; baseline 0.001 -19"><span class='ocrx_word' id='word_1_466' title='bbox 1856 2535 1978 2594; x_wconf 81' lang='lat' dir='ltr'><strong>qua:</strong></span> <span class='ocrx_word' id='word_1_467' title='bbox 2012 2520 2182 2591; x_wconf 80' lang='lat' dir='ltr'><strong>magis</strong></span> <span class='ocrx_word' id='word_1_468' title='bbox 2223 2523 2366 2592; x_wconf 88' lang='lat' dir='ltr'><strong>apud</strong></span> <span class='ocrx_word' id='word_1_469' title='bbox 2408 2536 2507 2577; x_wconf 71' lang='lat' dir='ltr'><strong>nas</strong></span> <span class='ocrx_word' id='word_1_470' title='bbox 2545 2529 2671 2577; x_wconf 91' lang='lat' dir='ltr'><strong>sunt</strong></span> <span class='ocrx_word' id='word_1_471' title='bbox 2726 2535 2887 2592; x_wconf 85' lang='lat' dir='ltr'><strong>quam</strong></span> <span class='ocrx_word' id='word_1_472' title='bbox 2935 2519 3077 2591; x_wconf 87' lang='lat' dir='ltr'><strong>apud</strong></span> <span class='ocrx_word' id='word_1_473' title='bbox 3130 2534 3229 2575; x_wconf 78' lang='lat' dir='ltr'><strong>vos</strong></span> <span class='ocrx_word' id='word_1_474' title='bbox 3270 2537 3285 2575; x_wconf 91' lang='lat'><strong>:</strong></span> <span class='ocrx_word' id='word_1_475' title='bbox 3326 2534 3464 2590; x_wconf 90' lang='lat' dir='ltr'><strong>quas</strong></span> 
     </span>
    </p>
   </div>
   <div class='ocr_carea' id='block_1_56' title="bbox 1855 2611 3457 2680">
    <p class='ocr_par' dir='ltr' id='par_1_56' title="bbox 1855 2611 3457 2680">
     <span class='ocr_line' id='line_1_56' title="bbox 1855 2611 3457 2680; baseline -0.001 -12"><span class='ocrx_word' id='word_1_476' title='bbox 1855 2623 2066 2670; x_wconf 81' lang='lat' dir='ltr'><strong>constat</strong></span> <span class='ocrx_word' id='word_1_477' title='bbox 2088 2615 2164 2670; x_wconf 87' lang='lat' dir='ltr'><strong>ita</strong></span> <span class='ocrx_word' id='word_1_478' title='bbox 2193 2614 2295 2670; x_wconf 90' lang='lat' dir='ltr'><strong>sibi</strong></span> <span class='ocrx_word' id='word_1_479' title='bbox 2324 2628 2601 2671; x_wconf 76' lang='lat' dir='ltr'><strong>connexus</strong></span> <span class='ocrx_word' id='word_1_480' title='bbox 2629 2622 2679 2669; x_wconf 91' lang='lat' dir='ltr'><strong>et</strong></span> <span class='ocrx_word' id='word_1_481' title='bbox 2707 2613 3007 2669; x_wconf 77' lang='lat' dir='ltr'><strong>individuus</strong></span> <span class='ocrx_word' id='word_1_482' title='bbox 3042 2627 3187 2680; x_wconf 90' lang='lat' dir='ltr'><strong>esse,</strong></span> <span class='ocrx_word' id='word_1_483' title='bbox 3216 2620 3277 2667; x_wconf 92' lang='lat' dir='ltr'><strong>ut</strong></span> <span class='ocrx_word' id='word_1_484' title='bbox 3300 2611 3457 2667; x_wconf 80' lang='lat' dir='ltr'><strong>intel-</strong></span> 
     </span>
    </p>
   </div>
   <div class='ocr_carea' id='block_1_57' title="bbox 1854 2703 3463 2779">
    <p class='ocr_par' dir='ltr' id='par_1_57' title="bbox 1854 2703 3463 2779">
     <span class='ocr_line' id='line_1_57' title="bbox 1854 2703 3463 2779; baseline -0.003 -16"><span class='ocrx_word' id='word_1_485' title='bbox 1854 2705 2053 2779; x_wconf 85' lang='lat' dir='ltr'><strong>ligatur</strong></span> <span class='ocrx_word' id='word_1_486' title='bbox 2075 2722 2234 2762; x_wconf 75' lang='lat' dir='ltr'><strong>unum</strong></span> <span class='ocrx_word' id='word_1_487' title='bbox 2275 2705 2345 2763; x_wconf 82' lang='lat' dir='ltr'><strong>ab</strong></span> <span class='ocrx_word' id='word_1_488' title='bbox 2395 2706 2563 2763; x_wconf 86' lang='lat' dir='ltr'><strong>altera</strong></span> <span class='ocrx_word' id='word_1_489' title='bbox 2593 2707 2831 2777; x_wconf 84' lang='lat' dir='ltr'><strong>separari</strong></span> <span class='ocrx_word' id='word_1_490' title='bbox 2878 2721 2986 2761; x_wconf 89' lang='lat' dir='ltr'><strong>non</strong></span> <span class='ocrx_word' id='word_1_491' title='bbox 3023 2718 3202 2776; x_wconf 88' lang='lat' dir='ltr'><strong>posse.</strong></span> <span class='ocrx_word' id='word_1_492' title='bbox 3250 2703 3463 2767; x_wconf 79' lang='lat' dir='ltr'><strong>Etenim</strong></span> 
     </span>
    </p>
   </div>
   <div class='ocr_carea' id='block_1_58' title="bbox 1854 2796 3458 2867">
    <p class='ocr_par' dir='ltr' id='par_1_58' title="bbox 1854 2796 3458 2867">
     <span class='ocr_line' id='line_1_58' title="bbox 1854 2796 3458 2867; baseline -0.001 -14"><span class='ocrx_word' id='word_1_493' title='bbox 1854 2806 2208 2854; x_wconf 88' lang='lat' dir='ltr'><strong>numerantur</strong></span> <span class='ocrx_word' id='word_1_494' title='bbox 2225 2796 2276 2853; x_wconf 91' lang='lat' dir='ltr'><strong>in</strong></span> <span class='ocrx_word' id='word_1_495' title='bbox 2300 2798 2542 2864; x_wconf 89' lang='lat' dir='ltr'><strong>numine,</strong></span> <span class='ocrx_word' id='word_1_496' title='bbox 2569 2797 2664 2853; x_wconf 88' lang='lat' dir='ltr'><strong>scd</strong></span> <span class='ocrx_word' id='word_1_497' title='bbox 2690 2796 3088 2853; x_wconf 86' lang='lat' dir='ltr'><strong>unointellectu</strong></span> <span class='ocrx_word' id='word_1_498' title='bbox 3106 2810 3207 2851; x_wconf 89' lang='lat' dir='ltr'><strong>suo</strong></span> <span class='ocrx_word' id='word_1_499' title='bbox 3227 2796 3458 2867; x_wconf 82' lang='lat' dir='ltr'><strong>jungun-</strong></span> 
     </span>
    </p>
   </div>
   <div class='ocr_carea' id='block_1_59' title="bbox 1856 2890 3456 2964">
    <p class='ocr_par' dir='ltr' id='par_1_59' title="bbox 1856 2890 3456 2964">
     <span class='ocr_line' id='line_1_59' title="bbox 1856 2890 3456 2964; baseline -0.001 -17"><span class='ocrx_word' id='word_1_500' title='bbox 1856 2900 1942 2948; x_wconf 90' lang='lat' dir='ltr'><strong>tur</strong></span> <span class='ocrx_word' id='word_1_501' title='bbox 1985 2890 2038 2947; x_wconf 90' lang='lat' dir='ltr'><strong>iu</strong></span> <span class='ocrx_word' id='word_1_502' title='bbox 2089 2906 2319 2964; x_wconf 88' lang='lat' dir='ltr'><strong>corpore</strong></span> <span class='ocrx_word' id='word_1_503' title='bbox 2362 2908 2384 2949; x_wconf 88' lang='lat'><strong><em>:</em></strong></span> <span class='ocrx_word' id='word_1_504' title='bbox 2412 2901 2469 2950; x_wconf 93' lang='lat' dir='ltr'><strong>ut</strong></span> <span class='ocrx_word' id='word_1_505' title='bbox 2497 2892 2550 2949; x_wconf 91' lang='lat' dir='ltr'><strong>in</strong></span> <span class='ocrx_word' id='word_1_506' title='bbox 2578 2908 2739 2949; x_wconf 89' lang='lat' dir='ltr'><strong>manu</strong></span> <span class='ocrx_word' id='word_1_507' title='bbox 2766 2891 2937 2964; x_wconf 79' lang='lat' dir='ltr'><strong>digiti,</strong></span> <span class='ocrx_word' id='word_1_508' title='bbox 2973 2906 3109 2963; x_wconf 88' lang='lat' dir='ltr'><strong>quos</strong></span> <span class='ocrx_word' id='word_1_509' title='bbox 3159 2891 3456 2951; x_wconf 86' lang='lat' dir='ltr'><strong>intervallis</strong></span> 
     </span>
    </p>
   </div>
   <div class='ocr_carea' id='block_1_60' title="bbox 1857 2983 3457 3059">
    <p class='ocr_par' dir='ltr' id='par_1_60' title="bbox 1857 2983 3457 3059">
     <span class='ocr_line' id='line_1_60' title="bbox 1857 2983 3457 3059; baseline -0.001 -16"><span class='ocrx_word' id='word_1_510' title='bbox 1857 2987 2099 3059; x_wconf 82' lang='lat' dir='ltr'><strong>singulos</strong></span> <span class='ocrx_word' id='word_1_511' title='bbox 2131 2986 2380 3047; x_wconf 85' lang='lat' dir='ltr'><strong>videmus</strong></span> <span class='ocrx_word' id='word_1_512' title='bbox 2424 3002 2547 3044; x_wconf 87' lang='lat' dir='ltr'><strong>esse</strong></span> <span class='ocrx_word' id='word_1_513' title='bbox 2599 2986 2907 3045; x_wconf 88' lang='lat' dir='ltr'><strong>distinctos.</strong></span> <span class='ocrx_word' id='word_1_514' title='bbox 2945 2985 3127 3055; x_wconf 83' lang='lat' dir='ltr'><strong>Unde,</strong></span> <span class='ocrx_word' id='word_1_515' title='bbox 3167 2983 3261 3056; x_wconf 88' lang='lat' dir='ltr'><strong>qtti</strong></span> <span class='ocrx_word' id='word_1_516' title='bbox 3311 2994 3457 3041; x_wconf 85' lang='lat' dir='ltr'><strong>tenet</strong></span> 
     </span>
    </p>
   </div>
   <div class='ocr_carea' id='block_1_61' title="bbox 1857 3079 3452 3150">
    <p class='ocr_par' dir='ltr' id='par_1_61' title="bbox 1857 3079 3452 3150">
     <span class='ocr_line' id='line_1_61' title="bbox 1857 3079 3452 3150; baseline 0 -16"><span class='ocrx_word' id='word_1_517' title='bbox 1857 3095 2043 3142; x_wconf 87' lang='lat' dir='ltr'><strong>unum.</strong></span> <span class='ocrx_word' id='word_1_518' title='bbox 2069 3089 2210 3135; x_wconf 86' lang='lat' dir='ltr'><strong>totos</strong></span> <span class='ocrx_word' id='word_1_519' title='bbox 2234 3089 2418 3137; x_wconf 86' lang='lat' dir='ltr'><strong>teneat</strong></span> <span class='ocrx_word' id='word_1_520' title='bbox 2444 3094 2670 3138; x_wconf 86' lang='lat' dir='ltr'><strong>necesse</strong></span> <span class='ocrx_word' id='word_1_521' title='bbox 2693 3091 2799 3146; x_wconf 87' lang='lat' dir='ltr'><strong>est,</strong></span> <span class='ocrx_word' id='word_1_522' title='bbox 2841 3095 2964 3136; x_wconf 85' lang='lat' dir='ltr'><strong>cum</strong></span> <span class='ocrx_word' id='word_1_523' title='bbox 3005 3079 3376 3150; x_wconf 88' lang='lat' dir='ltr'><strong>unusquisque</strong></span> <span class='ocrx_word' id='word_1_524' title='bbox 3419 3092 3452 3134; x_wconf 92' lang='lat' dir='ltr'><strong>a</strong></span> 
     </span>
    </p>
   </div>
   <div class='ocr_carea' id='block_1_62' title="bbox 132 3169 3451 3252">
    <p class='ocr_par' dir='ltr' id='par_1_62' title="bbox 132 3169 3451 3252">
     <span class='ocr_line' id='line_1_62' title="bbox 132 3169 3451 3252; baseline 0 -27"><span class='ocrx_word' id='word_1_525' title='bbox 132 3171 205 3225; x_wconf 82' lang='lat' dir='ltr'><strong>lia</strong></span> <span class='ocrx_word' id='word_1_526' title='bbox 233 3169 547 3241; x_wconf 83' lang='lat' dir='ltr'><strong>impiorum,</strong></span> <span class='ocrx_word' id='word_1_527' title='bbox 586 3180 633 3225; x_wconf 86' lang='lat' dir='ltr'><strong>et</strong></span> <span class='ocrx_word' id='word_1_528' title='bbox 663 3170 717 3224; x_wconf 86' lang='lat' dir='ltr'><strong>in</strong></span> <span class='ocrx_word' id='word_1_529' title='bbox 761 3170 843 3225; x_wconf 77' lang='lat' dir='ltr'><strong>via</strong></span> <span class='ocrx_word' id='word_1_530' title='bbox 884 3180 1211 3242; x_wconf 85' lang='lat' dir='ltr'><strong>peccatorum</strong></span> <span class='ocrx_word' id='word_1_531' title='bbox 1255 3188 1357 3227; x_wconf 89' lang='lat' dir='ltr'><strong>non</strong></span> <span class='ocrx_word' id='word_1_532' title='bbox 1401 3173 1558 3237; x_wconf 87' lang='lat' dir='ltr'><strong>stetit,</strong></span> <span class='ocrx_word' id='word_1_533' title='bbox 1602 3183 1649 3228; x_wconf 85' lang='lat' dir='ltr'><strong>et</strong></span> <span class='ocrx_word' id='word_1_534' title='bbox 1694 3175 1749 3229; x_wconf 90' lang='lat' dir='ltr'><strong>in</strong></span> <span class='ocrx_word' id='word_1_535' title='bbox 1776 3188 1823 3252; x_wconf 72' lang='grc' dir='ltr'><strong>ρ</strong></span> <span class='ocrx_word' id='word_1_536' title='bbox 1859 3172 2080 3243; x_wconf 87' lang='lat' dir='ltr'><strong>paribus</strong></span> <span class='ocrx_word' id='word_1_537' title='bbox 2119 3171 2361 3243; x_wconf 78' lang='lat' dir='ltr'><strong>separari</strong></span> <span class='ocrx_word' id='word_1_538' title='bbox 2412 3189 2519 3229; x_wconf 90' lang='lat' dir='ltr'><strong>non</strong></span> <span class='ocrx_word' id='word_1_539' title='bbox 2548 3174 2739 3244; x_wconf 86' lang='lat' dir='ltr'><strong>possit.</strong></span> <span class='ocrx_word' id='word_1_540' title='bbox 2771 3171 2925 3228; x_wconf 82' lang='lat' dir='ltr'><strong>Adde</strong></span> <span class='ocrx_word' id='word_1_541' title='bbox 2970 3171 3116 3242; x_wconf 89' lang='lat' dir='ltr'><strong>quod</strong></span> <span class='ocrx_word' id='word_1_542' title='bbox 3159 3185 3268 3227; x_wconf 90' lang='lat' dir='ltr'><strong>non</strong></span> <span class='ocrx_word' id='word_1_543' title='bbox 3291 3186 3451 3225; x_wconf 83' lang='lat' dir='ltr'><strong>unum</strong></span> 
     </span>
    </p>
   </div>
   <div class='ocr_carea' id='block_1_63' title="bbox 128 3261 1744 3338">
    <p class='ocr_par' dir='ltr' id='par_1_63' title="bbox 128 3261 1744 3338">
     <span class='ocr_line' id='line_1_63' title="bbox 128 3261 1744 3338; baseline 0.002 -21"><span class='ocrx_word' id='word_1_544' title='bbox 128 3261 389 3318; x_wconf 68' lang='lat' dir='ltr'><strong>cathedra</strong></span> <span class='ocrx_word' id='word_1_545' title='bbox 428 3262 732 3333; x_wconf 70' lang='lat' dir='ltr'><strong>pestilentia:</strong></span> <span class='ocrx_word' id='word_1_546' title='bbox 779 3279 881 3318; x_wconf 87' lang='lat' dir='ltr'><strong>non</strong></span> <span class='ocrx_word' id='word_1_547' title='bbox 918 3263 1074 3331; x_wconf 81' lang='lat' dir='ltr'><strong>sedit;</strong></span> <span class='ocrx_word' id='word_1_548' title='bbox 1126 3263 1217 3319; x_wconf 84' lang='lat' dir='ltr'><strong>sed</strong></span> <span class='ocrx_word' id='word_1_549' title='bbox 1242 3265 1298 3320; x_wconf 89' lang='lat' dir='ltr'><strong>in</strong></span> <span class='ocrx_word' id='word_1_550' title='bbox 1338 3265 1449 3338; x_wconf 84' lang='lat' dir='ltr'><strong>lege</strong></span> <span class='ocrx_word' id='word_1_551' title='bbox 1486 3263 1744 3322; x_wconf 69' lang='lat' dir='ltr'><strong>Domini‘l</strong></span> 
     </span>
    </p>
   </div>
   <div class='ocr_carea' id='block_1_64' title="bbox 128 3353 1743 3436">
    <p class='ocr_par' dir='ltr' id='par_1_64' title="bbox 128 3353 1743 3436">
     <span class='ocr_line' id='line_1_64' title="bbox 128 3353 1743 3436; baseline 0.001 -23"><span class='ocrx_word' id='word_1_552' title='bbox 128 3355 379 3413; x_wconf 76' lang='lat' dir='ltr'><strong>voluntas</strong></span> <span class='ocrx_word' id='word_1_553' title='bbox 402 3353 696 3429; x_wconf 63' lang='lat' dir='ltr'><strong>ejus.,Qttid</strong></span> <span class='ocrx_word' id='word_1_554' title='bbox 724 3363 808 3412; x_wconf 89' lang='lat' dir='ltr'><strong>est</strong></span> <span class='ocrx_word' id='word_1_555' title='bbox 844 3355 990 3436; x_wconf 76' lang='lat' dir='ltr'><strong>aliud</strong></span> <span class='ocrx_word' id='word_1_556' title='bbox 1020 3356 1073 3411; x_wconf 91' lang='lat' dir='ltr'><strong>in</strong></span> <span class='ocrx_word' id='word_1_557' title='bbox 1106 3356 1223 3431; x_wconf 84' lang='lat' dir='ltr'><strong>lege</strong></span> <span class='ocrx_word' id='word_1_558' title='bbox 1255 3357 1457 3414; x_wconf 83' lang='lat' dir='ltr'><strong>habere</strong></span> <span class='ocrx_word' id='word_1_559' title='bbox 1493 3358 1743 3414; x_wconf 89' lang='lat' dir='ltr'><strong>volunta-</strong></span> 
     </span>
    </p>
   </div>
   <div class='ocr_carea' id='block_1_65' title="bbox 129 3446 1740 3520">
    <p class='ocr_par' dir='ltr' id='par_1_65' title="bbox 129 3446 1740 3520">
     <span class='ocr_line' id='line_1_65' title="bbox 129 3446 1740 3520; baseline 0.001 -16"><span class='ocrx_word' id='word_1_560' title='bbox 129 3456 269 3515; x_wconf 79' lang='lat' dir='ltr'><strong>tem,</strong></span> <span class='ocrx_word' id='word_1_561' title='bbox 294 3447 399 3504; x_wconf 89' lang='lat' dir='ltr'><strong>nisi</strong></span> <span class='ocrx_word' id='word_1_562' title='bbox 418 3446 598 3511; x_wconf 83' lang='lat' dir='ltr'><strong>divina</strong></span> <span class='ocrx_word' id='word_1_563' title='bbox 630 3456 896 3518; x_wconf 73' lang='lat' dir='ltr'><strong>praecepta</strong></span> <span class='ocrx_word' id='word_1_564' title='bbox 924 3456 982 3505; x_wconf 90' lang='lat' dir='ltr'><strong>et</strong></span> <span class='ocrx_word' id='word_1_565' title='bbox 1004 3448 1256 3520; x_wconf 86' lang='lat' dir='ltr'><strong>religiose</strong></span> <span class='ocrx_word' id='word_1_566' title='bbox 1275 3448 1508 3514; x_wconf 86' lang='lat' dir='ltr'><strong>discere,</strong></span> <span class='ocrx_word' id='word_1_567' title='bbox 1536 3460 1591 3506; x_wconf 91' lang='lat' dir='ltr'><strong>et</strong></span> <span class='ocrx_word' id='word_1_568' title='bbox 1615 3464 1740 3511; x_wconf 91' lang='lat' dir='ltr'><strong>cum</strong></span> 
     </span>
    </p>
   </div>
   <div class='ocr_carea' id='block_1_66' title="bbox 133 3540 1746 3615">
    <p class='ocr_par' dir='ltr' id='par_1_66' title="bbox 133 3540 1746 3615">
     <span class='ocr_line' id='line_1_66' title="bbox 133 3540 1746 3615; baseline 0.004 -20"><span class='ocrx_word' id='word_1_569' title='bbox 133 3540 341 3597; x_wconf 86' lang='lat' dir='ltr'><strong>timore</strong></span> <span class='ocrx_word' id='word_1_570' title='bbox 370 3540 691 3610; x_wconf 83' lang='lat' dir='ltr'><strong>complere?</strong></span> <span class='ocrx_word' id='word_1_571' title='bbox 715 3543 767 3597; x_wconf 84' lang='lat' dir='ltr'><strong>in</strong></span> <span class='ocrx_word' id='word_1_572' title='bbox 788 3556 894 3612; x_wconf 89' lang='lat' dir='ltr'><strong>qua</strong></span> <span class='ocrx_word' id='word_1_573' title='bbox 919 3541 1039 3612; x_wconf 88' lang='lat' dir='ltr'><strong>lege</strong></span> <span class='ocrx_word' id='word_1_574' title='bbox 1078 3541 1337 3613; x_wconf 87' lang='lat' dir='ltr'><strong>scriptum</strong></span> <span class='ocrx_word' id='word_1_575' title='bbox 1361 3551 1445 3598; x_wconf 88' lang='lat' dir='ltr'><strong>est</strong></span> <span class='ocrx_word' id='word_1_576' title='bbox 1468 3542 1544 3615; x_wconf 89' lang='lat' dir='ltr'><strong>(in</strong></span> <span class='ocrx_word' id='word_1_577' title='bbox 1573 3542 1746 3601; x_wconf 85' lang='lat' dir='ltr'><strong>Evan-</strong></span> 
     </span>
    </p>
   </div>
   <div class='ocr_carea' id='block_1_67' title="bbox 127 3630 1737 3711">
    <p class='ocr_par' dir='ltr' id='par_1_67' title="bbox 127 3630 1737 3711">
     <span class='ocr_line' id='line_1_67' title="bbox 127 3630 1737 3711; baseline 0.002 -22"><span class='ocrx_word' id='word_1_578' title='bbox 127 3631 362 3711; x_wconf 79' lang='lat' dir='ltr'><strong>gelia):</strong></span> <span class='ocrx_word' id='word_1_579' title='bbox 430 3649 536 3702; x_wconf 80' lang='lat' dir='ltr'><strong>paa:</strong></span> <span class='ocrx_word' id='word_1_580' title='bbox 601 3630 895 3689; x_wconf 72' lang='lat' dir='ltr'><strong>hominibus</strong></span> <span class='ocrx_word' id='word_1_581' title='bbox 953 3635 1008 3689; x_wconf 86' lang='lat' dir='ltr'><strong>in</strong></span> <span class='ocrx_word' id='word_1_582' title='bbox 1056 3646 1193 3691; x_wconf 85' lang='lat' dir='ltr'><strong>terra</strong></span> <span class='ocrx_word' id='word_1_583' title='bbox 1238 3634 1385 3690; x_wconf 71' lang='lat' dir='ltr'><strong>bona:</strong></span> <span class='ocrx_word' id='word_1_584' title='bbox 1419 3634 1737 3693; x_wconf 80' lang='lat' dir='ltr'><strong>uoluntatis:</strong></span> 
     </span>
    </p>
   </div>
   <div class='ocr_carea' id='block_1_68' title="bbox 126 3725 1733 3801">
    <p class='ocr_par' dir='ltr' id='par_1_68' title="bbox 126 3725 1733 3801">
     <span class='ocr_line' id='line_1_68' title="bbox 126 3725 1733 3801; baseline 0.003 -20"><span class='ocrx_word' id='word_1_585' title='bbox 126 3725 298 3798; x_wconf 81' lang='lat' dir='ltr'><strong>(Luc.</strong></span> <span class='ocrx_word' id='word_1_586' title='bbox 335 3741 406 3795; x_wconf 88' lang='grc' dir='ltr'>ιι,</span> <span class='ocrx_word' id='word_1_587' title='bbox 432 3725 548 3799; x_wconf 57' lang='lat' dir='ltr'><strong>li);</strong></span> <span class='ocrx_word' id='word_1_588' title='bbox 578 3737 635 3795; x_wconf 81' lang='lat' dir='ltr'><strong>et</strong></span> <span class='ocrx_word' id='word_1_589' title='bbox 676 3726 783 3785; x_wconf 86' lang='lat' dir='ltr'><strong>alio</strong></span> <span class='ocrx_word' id='word_1_590' title='bbox 808 3727 929 3785; x_wconf 84' lang='lat' dir='ltr'><strong>luco</strong></span> <span class='ocrx_word' id='word_1_591' title='bbox 953 3728 1053 3801; x_wconf 83' lang='lat' dir='ltr'><strong>(iu&#39;</strong></span> <span class='ocrx_word' id='word_1_592' title='bbox 1075 3726 1233 3786; x_wconf 86' lang='lat' dir='ltr'><strong>Esaia</strong></span> <span class='ocrx_word' id='word_1_593' title='bbox 1264 3726 1558 3801; x_wconf 85' lang='lat' dir='ltr'><strong>propheta)</strong></span> <span class='ocrx_word' id='word_1_594' title='bbox 1592 3745 1606 3785; x_wconf 89' lang='lat'><strong>:</strong></span> <span class='ocrx_word' id='word_1_595' title='bbox 1633 3746 1733 3801; x_wconf 82' lang='lat' dir='ltr'><strong>po-</strong></span> 
     </span>
    </p>
   </div>
   <div class='ocr_carea' id='block_1_69' title="bbox 1852 3264 3032 3338">
    <p class='ocr_par' dir='ltr' id='par_1_69' title="bbox 1852 3264 3032 3338">
     <span class='ocr_line' id='line_1_69' title="bbox 1852 3264 3032 3338; baseline -0.002 -17"><span class='ocrx_word' id='word_1_596' title='bbox 1852 3265 2049 3333; x_wconf 85' lang='lat' dir='ltr'><strong>solatn,</strong></span> <span class='ocrx_word' id='word_1_597' title='bbox 2084 3264 2180 3321; x_wconf 88' lang='lat' dir='ltr'><strong>sed</strong></span> <span class='ocrx_word' id='word_1_598' title='bbox 2204 3279 2393 3320; x_wconf 87' lang='lat' dir='ltr'><strong>omnes</strong></span> <span class='ocrx_word' id='word_1_599' title='bbox 2421 3265 2643 3338; x_wconf 87' lang='lat' dir='ltr'><strong>proprie</strong></span> <span class='ocrx_word' id='word_1_600' title='bbox 2672 3264 3032 3336; x_wconf 82' lang='lat' dir='ltr'><strong>possidemus.</strong></span> 
     </span>
    </p>
   </div>
   <div class='ocr_carea' id='block_1_70' title="bbox 1913 3354 3449 3430">
    <p class='ocr_par' dir='ltr' id='par_1_70' title="bbox 1913 3354 3449 3430">
     <span class='ocr_line' id='line_1_70' title="bbox 1913 3354 3449 3430; baseline -0.001 -17"><span class='ocrx_word' id='word_1_601' title='bbox 1913 3356 2001 3413; x_wconf 83' lang='lat' dir='ltr'><strong>VI.</strong></span> <span class='ocrx_word' id='word_1_602' title='bbox 2033 3354 2111 3411; x_wconf 87' lang='lat' dir='ltr'><strong>De</strong></span> <span class='ocrx_word' id='word_1_603' title='bbox 2154 3357 2368 3430; x_wconf 80' lang='lat' dir='ltr'><strong>Angela,</strong></span> <span class='ocrx_word' id='word_1_604' title='bbox 2415 3359 2641 3414; x_wconf 87' lang='lat' dir='ltr'><strong>secunda</strong></span> <span class='ocrx_word' id='word_1_605' title='bbox 2698 3357 2943 3414; x_wconf 81' lang='lat' dir='ltr'><strong>Ecclesite</strong></span> <span class='ocrx_word' id='word_1_606' title='bbox 2988 3356 3138 3424; x_wconf 88' lang='lat' dir='ltr'><strong>dote;</strong></span> <span class='ocrx_word' id='word_1_607' title='bbox 3178 3373 3294 3414; x_wconf 87' lang='lat' dir='ltr'><strong>eum</strong></span> <span class='ocrx_word' id='word_1_608' title='bbox 3345 3373 3449 3412; x_wconf 84' lang='lat' dir='ltr'><strong>non</strong></span> 
     </span>
    </p>
   </div>
   <div class='ocr_carea' id='block_1_71' title="bbox 1843 3447 3443 3521">
    <p class='ocr_par' dir='ltr' id='par_1_71' title="bbox 1843 3447 3443 3521">
     <span class='ocr_line' id='line_1_71' title="bbox 1843 3447 3443 3521; baseline -0.004 -12"><span class='ocrx_word' id='word_1_609' title='bbox 1843 3464 1951 3509; x_wconf 77' lang='lat' dir='ltr'><strong>esse</strong></span> <span class='ocrx_word' id='word_1_610' title='bbox 1970 3448 2109 3521; x_wconf 84' lang='lat' dir='ltr'><strong>apud</strong></span> <span class='ocrx_word' id='word_1_611' title='bbox 2136 3447 2457 3505; x_wconf 84' lang='lat' dir='ltr'><strong>Donatistas.</strong></span> <span class='ocrx_word' id='word_1_612' title='bbox 2490 3480 2560 3490; x_wconf 88' lang='lat'>—</span> <span class='ocrx_word' id='word_1_613' title='bbox 2584 3449 2747 3520; x_wconf 84' lang='lat' dir='ltr'><strong>Igitur</strong></span> <span class='ocrx_word' id='word_1_614' title='bbox 2776 3449 2844 3505; x_wconf 87' lang='lat' dir='ltr'><strong>de</strong></span> <span class='ocrx_word' id='word_1_615' title='bbox 2868 3449 3086 3507; x_wconf 84' lang='lat' dir='ltr'><strong>dotibus</strong></span> <span class='ocrx_word' id='word_1_616' title='bbox 3114 3447 3443 3518; x_wconf 89' lang='lat' dir='ltr'><strong>supradictis</strong></span> 
     </span>
    </p>
   </div>
   <div class='ocr_carea' id='block_1_72' title="bbox 1839 3542 3440 3620">
    <p class='ocr_par' dir='ltr' id='par_1_72' title="bbox 1839 3542 3440 3620">
     <span class='ocr_line' id='line_1_72' title="bbox 1839 3542 3440 3620; baseline -0.001 -21"><span class='ocrx_word' id='word_1_617' title='bbox 1839 3542 2094 3599; x_wconf 88' lang='lat' dir='ltr'><strong>cathedra</strong></span> <span class='ocrx_word' id='word_1_618' title='bbox 2112 3553 2193 3599; x_wconf 89' lang='lat' dir='ltr'><strong>est</strong></span> <span class='ocrx_word' id='word_1_619' title='bbox 2208 3542 2559 3620; x_wconf 79' lang='lat' dir='ltr'><strong>(utdiximus)</strong></span> <span class='ocrx_word' id='word_1_620' title='bbox 2574 3543 2895 3616; x_wconf 75' lang='lat' dir='ltr'><strong>prima,(85)</strong></span> <span class='ocrx_word' id='word_1_621' title='bbox 2916 3557 3076 3615; x_wconf 86' lang='lat' dir='ltr'><strong>quam</strong></span> <span class='ocrx_word' id='word_1_622' title='bbox 3094 3542 3440 3614; x_wconf 84' lang='lat' dir='ltr'><strong>probavimus</strong></span> 
     </span>
    </p>
   </div>
   <div class='ocr_carea' id='block_1_73' title="bbox 1842 3635 3448 3710">
    <p class='ocr_par' dir='ltr' id='par_1_73' title="bbox 1842 3635 3448 3710">
     <span class='ocr_line' id='line_1_73' title="bbox 1842 3635 3448 3710; baseline -0.002 -17"><span class='ocrx_word' id='word_1_623' title='bbox 1842 3637 2166 3709; x_wconf 88' lang='lat' dir='ltr'><strong>pchctrum</strong></span> <span class='ocrx_word' id='word_1_624' title='bbox 2191 3645 2432 3694; x_wconf 90' lang='lat' dir='ltr'><strong>nostram</strong></span> <span class='ocrx_word' id='word_1_625' title='bbox 2473 3636 2741 3710; x_wconf 67' lang='lat' dir='ltr'><strong>esse,(84)</strong></span> <span class='ocrx_word' id='word_1_626' title='bbox 2766 3650 2887 3709; x_wconf 65' lang='lat' dir='ltr'><strong>quae</strong></span> <span class='ocrx_word' id='word_1_627' title='bbox 2916 3635 3065 3691; x_wconf 89' lang='lat' dir='ltr'><strong>ducit</strong></span> <span class='ocrx_word' id='word_1_628' title='bbox 3093 3635 3161 3690; x_wconf 91' lang='lat' dir='ltr'><strong>ad</strong></span> <span class='ocrx_word' id='word_1_629' title='bbox 3193 3650 3251 3690; x_wconf 90' lang='lat' dir='ltr'><strong>se</strong></span> <span class='ocrx_word' id='word_1_630' title='bbox 3281 3651 3448 3705; x_wconf 80' lang='lat' dir='ltr'><strong>auge-</strong></span> 
     </span>
    </p>
   </div>
   <div class='ocr_carea' id='block_1_74' title="bbox 1844 3725 3451 3804">
    <p class='ocr_par' dir='ltr' id='par_1_74' title="bbox 1844 3725 3451 3804">
     <span class='ocr_line' id='line_1_74' title="bbox 1844 3725 3451 3804; baseline -0.001 -19"><span class='ocrx_word' id='word_1_631' title='bbox 1844 3728 2073 3804; x_wconf 72' lang='lat' dir='ltr'><strong>lum(85)</strong></span> <span class='ocrx_word' id='word_1_632' title='bbox 2086 3729 2218 3789; x_wconf 79' lang='lat' dir='ltr'><strong>.Nisi</strong></span> <span class='ocrx_word' id='word_1_633' title='bbox 2234 3729 2374 3788; x_wconf 81' lang='lat' dir='ltr'><strong>forte</strong></span> <span class='ocrx_word' id='word_1_634' title='bbox 2385 3745 2509 3789; x_wconf 89' lang='lat' dir='ltr'><strong>eum</strong></span> <span class='ocrx_word' id='word_1_635' title='bbox 2527 3731 2680 3787; x_wconf 82' lang='lat' dir='ltr'><strong>vobis</strong></span> <span class='ocrx_word' id='word_1_636' title='bbox 2693 3725 3383 3801; x_wconf 83' lang='lat' dir='ltr'><strong>vindicautes,(86)ltabctis</strong></span> <span class='ocrx_word' id='word_1_637' title='bbox 3396 3728 3451 3783; x_wconf 90' lang='lat' dir='ltr'><strong>in</strong></span> 
     </span>
    </p>
   </div>
   <div class='ocr_carea' id='block_1_75' title="bbox 1355 3841 2214 3904">
    <p class='ocr_par' dir='ltr' id='par_1_75' title="bbox 1355 3841 2214 3904">
     <span class='ocr_line' id='line_1_75' title="bbox 1355 3841 2214 3904; baseline 0.003 -4"><span class='ocrx_word' id='word_1_638' title='bbox 1355 3841 1744 3904; x_wconf 80' lang='lat' dir='ltr'><strong>LECTIONES</strong></span> <span class='ocrx_word' id='word_1_639' title='bbox 1796 3844 2214 3904; x_wconf 79' lang='lat' dir='ltr'><strong>VAIllANTES.</strong></span> 
     </span>
    </p>
   </div>
   <div class='ocr_carea' id='block_1_76' title="bbox 187 3935 909 3992">
    <p class='ocr_par' dir='ltr' id='par_1_76' title="bbox 187 3935 909 3992">
     <span class='ocr_line' id='line_1_76' title="bbox 187 3935 909 3992; baseline 0.01 -9"><span class='ocrx_word' id='word_1_640' title='bbox 187 3937 219 3983; x_wconf 61' lang='grc' dir='ltr'>μ</span> <span class='ocrx_word' id='word_1_641' title='bbox 258 3936 323 3989; x_wconf 87' lang='lat' dir='ltr'><strong>In</strong></span> <span class='ocrx_word' id='word_1_642' title='bbox 340 3950 433 3989; x_wconf 86' lang='lat' dir='ltr'><strong>ms.</strong></span> <span class='ocrx_word' id='word_1_643' title='bbox 461 3935 513 3989; x_wconf 89' lang='lat' dir='ltr'><strong>S.</strong></span> <span class='ocrx_word' id='word_1_644' title='bbox 541 3936 601 3990; x_wconf 89' lang='lat' dir='ltr'><strong>G.</strong></span> <span class='ocrx_word' id='word_1_645' title='bbox 621 3935 909 3992; x_wconf 84' lang='lat' dir='ltr'><strong>Sciderunt.</strong></span> 
     </span>
    </p>
   </div>
   <div class='ocr_carea' id='block_1_77' title="bbox 186 3994 892 4055">
    <p class='ocr_par' dir='ltr' id='par_1_77' title="bbox 186 3994 892 4055">
     <span class='ocr_line' id='line_1_77' title="bbox 186 3994 892 4055; baseline 0 -4"><span class='ocrx_word' id='word_1_646' title='bbox 186 4000 218 4041; x_wconf 72' lang='grc' dir='ltr'><strong>ιι</strong></span> <span class='ocrx_word' id='word_1_647' title='bbox 260 3994 322 4052; x_wconf 80' lang='lat' dir='ltr'><strong>In</strong></span> <span class='ocrx_word' id='word_1_648' title='bbox 339 4014 432 4051; x_wconf 68' lang='lat' dir='ltr'><strong>um.</strong></span> <span class='ocrx_word' id='word_1_649' title='bbox 449 3999 503 4051; x_wconf 93' lang='lat' dir='ltr'><strong>S.</strong></span> <span class='ocrx_word' id='word_1_650' title='bbox 530 3999 589 4052; x_wconf 88' lang='lat' dir='ltr'><strong>G.</strong></span> <span class='ocrx_word' id='word_1_651' title='bbox 615 4002 892 4055; x_wconf 81' lang='lat' dir='ltr'><strong>terminum.</strong></span> 
     </span>
    </p>
   </div>
   <div class='ocr_carea' id='block_1_78' title="bbox 185 4059 959 4116">
    <p class='ocr_par' dir='ltr' id='par_1_78' title="bbox 185 4059 959 4116">
     <span class='ocr_line' id='line_1_78' title="bbox 185 4059 959 4116; baseline 0.003 -4"><span class='ocrx_word' id='word_1_652' title='bbox 185 4064 215 4096; x_wconf 72' lang='grc' dir='ltr'><strong>ο</strong></span> <span class='ocrx_word' id='word_1_653' title='bbox 257 4059 319 4113; x_wconf 78' lang='lat' dir='ltr'><strong>In</strong></span> <span class='ocrx_word' id='word_1_654' title='bbox 340 4074 459 4116; x_wconf 87' lang='lat' dir='ltr'><strong>mss.</strong></span> <span class='ocrx_word' id='word_1_655' title='bbox 482 4064 538 4114; x_wconf 86' lang='lat' dir='ltr'><strong>S.</strong></span> <span class='ocrx_word' id='word_1_656' title='bbox 563 4063 620 4114; x_wconf 88' lang='lat' dir='ltr'><strong>T.</strong></span> <span class='ocrx_word' id='word_1_657' title='bbox 656 4063 785 4115; x_wconf 88' lang='lat' dir='ltr'><strong>etP.</strong></span> <span class='ocrx_word' id='word_1_658' title='bbox 811 4066 863 4116; x_wconf 88' lang='lat' dir='ltr'><strong>S.</strong></span> <span class='ocrx_word' id='word_1_659' title='bbox 889 4062 959 4115; x_wconf 85' lang='lat' dir='ltr'><strong>in.</strong></span> 
     </span>
    </p>
   </div>
   <div class='ocr_carea' id='block_1_79' title="bbox 187 4123 1469 4192">
    <p class='ocr_par' dir='ltr' id='par_1_79' title="bbox 187 4123 1469 4192">
     <span class='ocr_line' id='line_1_79' title="bbox 187 4123 1469 4192; baseline 0.001 -16"><span class='ocrx_word' id='word_1_660' title='bbox 187 4125 220 4166; x_wconf 71' lang='grc' dir='ltr'><em>δ</em></span> <span class='ocrx_word' id='word_1_661' title='bbox 255 4125 324 4192; x_wconf 58' lang='lat' dir='ltr'><strong>In</strong></span> <span class='ocrx_word' id='word_1_662' title='bbox 342 4130 461 4175; x_wconf 83' lang='lat' dir='ltr'><strong>mss.</strong></span> <span class='ocrx_word' id='word_1_663' title='bbox 487 4127 540 4192; x_wconf 65' lang='grc' dir='ltr'>ξ.</span> <span class='ocrx_word' id='word_1_664' title='bbox 557 4125 701 4192; x_wconf 58' lang='grc' dir='ltr'>ζικιι.</span> <span class='ocrx_word' id='word_1_665' title='bbox 726 4127 785 4192; x_wconf 49' lang='grc' dir='ltr'><strong>8ἐ</strong></span> <span class='ocrx_word' id='word_1_666' title='bbox 800 4135 854 4178; x_wconf 91' lang='lat' dir='ltr'><strong>et</strong></span> <span class='ocrx_word' id='word_1_667' title='bbox 878 4125 1099 4192; x_wconf 4' lang='lat' dir='ltr'><strong>inpeditis</strong></span> <span class='ocrx_word' id='word_1_668' title='bbox 1121 4125 1334 4192; x_wconf 76' lang='lat' dir='ltr'><strong>additur,</strong></span> <span class='ocrx_word' id='word_1_669' title='bbox 1360 4123 1469 4192; x_wconf 78' lang='lat' dir='ltr'><strong>fuit.</strong></span> 
     </span>
    </p>
   </div>
   <div class='ocr_carea' id='block_1_80' title="bbox 188 4186 1744 4254">
    <p class='ocr_par' dir='ltr' id='par_1_80' title="bbox 188 4186 1744 4254">
     <span class='ocr_line' id='line_1_80' title="bbox 188 4186 1744 4254; baseline 0.003 -14"><span class='ocrx_word' id='word_1_670' title='bbox 188 4192 217 4222; x_wconf 85' lang='grc'>⁶</span> <span class='ocrx_word' id='word_1_671' title='bbox 254 4187 319 4240; x_wconf 86' lang='lat' dir='ltr'><strong>In</strong></span> <span class='ocrx_word' id='word_1_672' title='bbox 340 4201 459 4240; x_wconf 80' lang='lat' dir='ltr'><strong>mss.</strong></span> <span class='ocrx_word' id='word_1_673' title='bbox 481 4189 538 4241; x_wconf 94' lang='lat' dir='ltr'><strong>S.</strong></span> <span class='ocrx_word' id='word_1_674' title='bbox 556 4189 615 4242; x_wconf 90' lang='lat' dir='ltr'><strong>T.</strong></span> <span class='ocrx_word' id='word_1_675' title='bbox 636 4190 728 4242; x_wconf 87' lang='lat' dir='ltr'><strong>Ph.</strong></span> <span class='ocrx_word' id='word_1_676' title='bbox 754 4190 810 4242; x_wconf 86' lang='lat' dir='ltr'><strong>S.</strong></span> <span class='ocrx_word' id='word_1_677' title='bbox 835 4197 889 4242; x_wconf 90' lang='lat' dir='ltr'><strong>et</strong></span> <span class='ocrx_word' id='word_1_678' title='bbox 918 4190 979 4241; x_wconf 82' lang='lat' dir='ltr'><strong>in</strong></span> <span class='ocrx_word' id='word_1_679' title='bbox 1020 4190 1170 4241; x_wconf 84' lang='lat' dir='ltr'><strong>editis</strong></span> <span class='ocrx_word' id='word_1_680' title='bbox 1208 4186 1423 4254; x_wconf 79' lang='lat' dir='ltr'><strong>additur,</strong></span> <span class='ocrx_word' id='word_1_681' title='bbox 1468 4188 1522 4241; x_wconf 88' lang='lat' dir='ltr'><strong>in</strong></span> <span class='ocrx_word' id='word_1_682' title='bbox 1555 4186 1744 4244; x_wconf 79' lang='lat' dir='ltr'><strong>nomine</strong></span> 
     </span>
    </p>
   </div>
   <div class='ocr_carea' id='block_1_81' title="bbox 1850 3937 3293 4021">
    <p class='ocr_par' dir='ltr' id='par_1_81' title="bbox 1850 3937 3293 4021">
     <span class='ocr_line' id='line_1_81' title="bbox 1850 3937 3293 4021; baseline 0 0"><span class='ocrx_word' id='word_1_683' title='bbox 1850 3937 2226 4021; x_wconf 51' lang='grc' dir='ltr'><strong>Ριψέξρξ-Ρέἔὶί</strong></span> <span class='ocrx_word' id='word_1_684' title='bbox 2248 3947 2294 4021; x_wconf 66' lang='lat' dir='ltr'><strong>et</strong></span> <span class='ocrx_word' id='word_1_685' title='bbox 2318 3937 2748 4021; x_wconf 55' lang='grc' dir='ltr'><strong>ξρίζίιιξξξαηρςιές.</strong></span> <span class='ocrx_word' id='word_1_686' title='bbox 2803 4008 2843 4021; x_wconf 77' lang='grc'>,.</span> <span class='ocrx_word' id='word_1_687' title='bbox 2862 4002 2902 4021; x_wconf 86' lang='grc'><strong>..</strong></span> <span class='ocrx_word' id='word_1_688' title='bbox 2943 4002 2977 4021; x_wconf 81' lang='lat'><strong>.</strong></span> <span class='ocrx_word' id='word_1_689' title='bbox 3148 3999 3186 4021; x_wconf 31' lang='grc' dir='ltr'><em>Α</em></span> 
     </span>
    </p>
   </div>
   <div class='ocr_carea' id='block_1_82' title="bbox 1917 4001 3450 4066">
    <p class='ocr_par' dir='ltr' id='par_1_82' title="bbox 1917 4001 3450 4066">
     <span class='ocr_line' id='line_1_82' title="bbox 1917 4001 3450 4066; baseline -0.003 -13"><span class='ocrx_word' id='word_1_690' title='bbox 1917 4001 1939 4042; x_wconf 73' lang='grc' dir='ltr'><em>τ</em></span> <span class='ocrx_word' id='word_1_691' title='bbox 1979 4002 2049 4053; x_wconf 87' lang='lat' dir='ltr'><strong>lla</strong></span> <span class='ocrx_word' id='word_1_692' title='bbox 2070 4004 2117 4052; x_wconf 84' lang='lat' dir='ltr'><strong>in</strong></span> <span class='ocrx_word' id='word_1_693' title='bbox 2140 4018 2236 4066; x_wconf 69' lang='lat' dir='ltr'><strong>ius.</strong></span> <span class='ocrx_word' id='word_1_694' title='bbox 2256 4005 2309 4055; x_wconf 90' lang='lat' dir='ltr'><strong>S.</strong></span> <span class='ocrx_word' id='word_1_695' title='bbox 2338 4001 2397 4055; x_wconf 70' lang='grc' dir='ltr'><strong>(ἶ.</strong></span> <span class='ocrx_word' id='word_1_696' title='bbox 2421 4005 2472 4054; x_wconf 88' lang='lat' dir='ltr'><strong>lu</strong></span> <span class='ocrx_word' id='word_1_697' title='bbox 2494 4017 2607 4057; x_wconf 84' lang='lat' dir='ltr'><strong>mss.</strong></span> <span class='ocrx_word' id='word_1_698' title='bbox 2634 4004 2688 4055; x_wconf 92' lang='lat' dir='ltr'><strong>S.</strong></span> <span class='ocrx_word' id='word_1_699' title='bbox 2708 4003 2768 4055; x_wconf 86' lang='grc' dir='ltr'>Τ.</span> <span class='ocrx_word' id='word_1_700' title='bbox 2797 4002 2923 4057; x_wconf 81' lang='lat' dir='ltr'><strong>etP.</strong></span> <span class='ocrx_word' id='word_1_701' title='bbox 2943 4002 2995 4055; x_wconf 84' lang='lat' dir='ltr'><strong>S.</strong></span> <span class='ocrx_word' id='word_1_702' title='bbox 3017 4014 3125 4053; x_wconf 90' lang='lat' dir='ltr'><strong>eam</strong></span> <span class='ocrx_word' id='word_1_703' title='bbox 3142 4001 3206 4066; x_wconf 85' lang='lat' dir='ltr'><strong>si,</strong></span> <span class='ocrx_word' id='word_1_704' title='bbox 3224 4001 3343 4052; x_wconf 88' lang='lat' dir='ltr'><strong>utia</strong></span> <span class='ocrx_word' id='word_1_705' title='bbox 3362 4001 3450 4049; x_wconf 91' lang='lat' dir='ltr'><strong>Da-</strong></span> 
     </span>
    </p>
   </div>
   <div class='ocr_carea' id='block_1_83' title="bbox 1848 4064 3499 4181">
    <p class='ocr_par' dir='ltr' id='par_1_83' title="bbox 1848 4064 3448 4181">
     <span class='ocr_line' id='line_1_83' title="bbox 1848 4064 3448 4181; baseline -0.002 -63"><span class='ocrx_word' id='word_1_706' title='bbox 1998 4064 2283 4120; x_wconf 77' lang='lat' dir='ltr'><strong>mmulatum</strong></span> <span class='ocrx_word' id='word_1_707' title='bbox 2300 4073 2388 4133; x_wconf 84' lang='lat' dir='ltr'><strong>est,</strong></span> <span class='ocrx_word' id='word_1_708' title='bbox 2409 4066 2710 4135; x_wconf 66' lang='lat' dir='ltr'><strong>quaneretis.</strong></span> <span class='ocrx_word' id='word_1_709' title='bbox 2748 4066 2875 4119; x_wconf 77' lang='lat' dir='ltr'><strong>Male</strong></span> <span class='ocrx_word' id='word_1_710' title='bbox 2914 4069 2964 4118; x_wconf 78' lang='lat' dir='ltr'><strong>in</strong></span> <span class='ocrx_word' id='word_1_711' title='bbox 3000 4067 3164 4129; x_wconf 80' lang='lat' dir='ltr'><strong>editis,</strong></span> <span class='ocrx_word' id='word_1_712' title='bbox 3190 4064 3284 4116; x_wconf 85' lang='lat' dir='ltr'><strong>non</strong></span> <span class='ocrx_word' id='word_1_713' title='bbox 3310 4075 3448 4127; x_wconf 64' lang='lat' dir='ltr'><strong>quie-</strong></span> 
     </span>
    </p>
   </div>
   <div class='ocr_carea' id='block_1_84' title="bbox 1493 4266 2124 4334">
    <p class='ocr_par' dir='ltr' id='par_1_84' title="bbox 1493 4266 2124 4334">
     <span class='ocr_line' id='line_1_84' title="bbox 1493 4266 2124 4334; baseline 0.006 -7"><span class='ocrx_word' id='word_1_714' title='bbox 1493 4266 1857 4333; x_wconf 21' lang='lat' dir='ltr'><strong>VA’RIORUM</strong></span> <span class='ocrx_word' id='word_1_715' title='bbox 1895 4275 2124 4334; x_wconf 62' lang='lat' dir='ltr'><strong>NOTAE.</strong></span> 
     </span>
    </p>
   </div>
   <div class='ocr_carea' id='block_1_85' title="bbox 194 4368 1737 4443">
    <p class='ocr_par' dir='ltr' id='par_1_85' title="bbox 194 4368 1737 4443">
     <span class='ocr_line' id='line_1_85' title="bbox 194 4368 1737 4443; baseline -0.002 -15"><span class='ocrx_word' id='word_1_716' title='bbox 194 4368 328 4443; x_wconf 84' lang='lat'><strong>(80)</strong></span> <span class='ocrx_word' id='word_1_717' title='bbox 350 4369 527 4443; x_wconf 84' lang='lat' dir='ltr'><strong>Super</strong></span> <span class='ocrx_word' id='word_1_718' title='bbox 552 4386 607 4428; x_wconf 90' lang='lat' dir='ltr'><strong>se</strong></span> <span class='ocrx_word' id='word_1_719' title='bbox 626 4378 1011 4433; x_wconf 76' lang='lat' dir='ltr'><strong>reverterentur.</strong></span> <span class='ocrx_word' id='word_1_720' title='bbox 1030 4368 1293 4437; x_wconf 83' lang='lat' dir='ltr'><strong>Redirent</strong></span> <span class='ocrx_word' id='word_1_721' title='bbox 1319 4368 1387 4426; x_wconf 90' lang='lat' dir='ltr'><strong>ad</strong></span> <span class='ocrx_word' id='word_1_722' title='bbox 1416 4368 1737 4426; x_wconf 84' lang='lat' dir='ltr'><strong>Ecclesiam.</strong></span> 
     </span>
    </p>
   </div>
   <div class='ocr_carea' id='block_1_86' title="bbox 120 4441 1739 4589">
    <p class='ocr_par' dir='ltr' id='par_1_86' title="bbox 120 4441 1739 4589">
     <span class='ocr_line' id='line_1_86' title="bbox 120 4441 1739 4589; baseline -0.003 -17"><span class='ocrx_word' id='word_1_723' title='bbox 120 4441 423 4589; x_wconf 42' lang='lat' dir='ltr'><strong>“min</strong></span> <span class='ocrx_word' id='word_1_724' title='bbox 448 4513 1038 4589; x_wconf 75' lang='lat' dir='ltr'><strong>ria_enimambulatur,</strong></span> <span class='ocrx_word' id='word_1_725' title='bbox 1083 4511 1534 4589; x_wconf 82' lang='lat' dir='ltr'><strong>statur.&#39;0ptatus</strong></span> <span class='ocrx_word' id='word_1_726' title='bbox 1575 4511 1739 4568; x_wconf 89' lang='lat' dir='ltr'><strong>verba</strong></span> 
     </span>
    </p>
   </div>
   <div class='ocr_carea' id='block_1_87' title="bbox 121 4586 1737 4665">
    <p class='ocr_par' dir='ltr' id='par_1_87' title="bbox 121 4586 1737 4665">
     <span class='ocr_line' id='line_1_87' title="bbox 121 4586 1737 4665; baseline -0.003 -22"><span class='ocrx_word' id='word_1_727' title='bbox 121 4589 267 4665; x_wconf 80' lang='lat' dir='ltr'><strong>regii</strong></span> <span class='ocrx_word' id='word_1_728' title='bbox 286 4587 425 4665; x_wconf 79' lang='lat' dir='ltr'><strong>vatis</strong></span> <span class='ocrx_word' id='word_1_729' title='bbox 437 4587 519 4642; x_wconf 84' lang='lat' dir='ltr'><strong>sic</strong></span> <span class='ocrx_word' id='word_1_730' title='bbox 541 4586 926 4657; x_wconf 75' lang='lat' dir='ltr'><strong>interpretatur</strong></span> <span class='ocrx_word' id='word_1_731' title='bbox 951 4598 1004 4643; x_wconf 91' lang='lat' dir='ltr'><strong>et</strong></span> <span class='ocrx_word' id='word_1_732' title='bbox 1031 4586 1375 4665; x_wconf 62' lang='grc' dir='ltr'><strong>παραφρᾲζει.</strong></span> <span class='ocrx_word' id='word_1_733' title='bbox 1392 4588 1737 4665; x_wconf 66' lang='lat' dir='ltr'><strong>beatus,_etc.,</strong></span> 
     </span>
    </p>
   </div>
   <div class='ocr_carea' id='block_1_88' title="bbox 1839 4369 3447 4444">
    <p class='ocr_par' dir='ltr' id='par_1_88' title="bbox 1839 4369 3447 4444">
     <span class='ocr_line' id='line_1_88' title="bbox 1839 4369 3447 4444; baseline 0 -15"><span class='ocrx_word' id='word_1_734' title='bbox 1839 4369 2148 4429; x_wconf 86' lang='lat' dir='ltr'><strong>brariorum</strong></span> <span class='ocrx_word' id='word_1_735' title='bbox 2176 4370 2308 4429; x_wconf 90' lang='lat' dir='ltr'><strong>vitio</strong></span> <span class='ocrx_word' id='word_1_736' title='bbox 2330 4370 2419 4431; x_wconf 84' lang='lat' dir='ltr'><strong>ltic</strong></span> <span class='ocrx_word' id='word_1_737' title='bbox 2441 4374 2548 4444; x_wconf 90' lang='lat' dir='ltr'><strong>sit,</strong></span> <span class='ocrx_word' id='word_1_738' title='bbox 2581 4371 2723 4439; x_wconf 85' lang='lat' dir='ltr'><strong>haud</strong></span> <span class='ocrx_word' id='word_1_739' title='bbox 2757 4369 2916 4430; x_wconf 79' lang='lat' dir='ltr'><strong>facile</strong></span> <span class='ocrx_word' id='word_1_740' title='bbox 2952 4369 3202 4430; x_wconf 80' lang='lat' dir='ltr'><strong>dixerim.</strong></span> <span class='ocrx_word' id='word_1_741' title='bbox 3234 4369 3306 4437; x_wconf 69' lang='grc' dir='ltr'>Μ.</span> <span class='ocrx_word' id='word_1_742' title='bbox 3340 4371 3447 4429; x_wconf 75' lang='grc' dir='ltr'><strong>(ΞΑ-</strong></span> 
     </span>
    </p>
   </div>
   <div class='ocr_carea' id='block_1_89' title="bbox 1844 4456 3439 4589">
    <p class='ocr_par' dir='ltr' id='par_1_89' title="bbox 1844 4456 3439 4589">
     <span class='ocr_line' id='line_1_89' title="bbox 1844 4456 3439 4589; baseline 0.001 -20"><span class='ocrx_word' id='word_1_743' title='bbox 1844 4456 2042 4589; x_wconf 32' lang='grc' dir='ltr'>ῗβῗὲἐ)</span> <span class='ocrx_word' id='word_1_744' title='bbox 2069 4512 2243 4589; x_wconf 71' lang='grc' dir='ltr'>ριιαηι</span> <span class='ocrx_word' id='word_1_745' title='bbox 2281 4512 2635 4589; x_wconf 78' lang='lat' dir='ltr'><strong>probavimus</strong></span> <span class='ocrx_word' id='word_1_746' title='bbox 2656 4533 2748 4589; x_wconf 88' lang='lat' dir='ltr'><strong>per</strong></span> <span class='ocrx_word' id='word_1_747' title='bbox 2790 4512 3006 4570; x_wconf 87' lang='lat' dir='ltr'><strong>Petrum</strong></span> <span class='ocrx_word' id='word_1_748' title='bbox 3053 4522 3282 4570; x_wconf 89' lang='lat' dir='ltr'><strong>nostram</strong></span> <span class='ocrx_word' id='word_1_749' title='bbox 3311 4531 3439 4572; x_wconf 84' lang='lat' dir='ltr'><strong>esse.</strong></span> 
     </span>
    </p>
   </div>
   <div class='ocr_carea' id='block_1_90' title="bbox 1842 4583 3444 4660">
    <p class='ocr_par' dir='ltr' id='par_1_90' title="bbox 1842 4583 3444 4660">
     <span class='ocr_line' id='line_1_90' title="bbox 1842 4583 3444 4660; baseline 0.003 -22"><span class='ocrx_word' id='word_1_750' title='bbox 1842 4583 1947 4660; x_wconf 68' lang='lat' dir='ltr'><strong>Per</strong></span> <span class='ocrx_word' id='word_1_751' title='bbox 1976 4583 2409 4643; x_wconf 59' lang='lat' dir='ltr'><strong>cutuutmtio&#39;nem</strong></span> <span class='ocrx_word' id='word_1_752' title='bbox 2432 4604 2601 4660; x_wconf 87' lang='lat' dir='ltr'><strong>quam</strong></span> <span class='ocrx_word' id='word_1_753' title='bbox 2626 4583 2887 4660; x_wconf 79' lang='lat' dir='ltr'><strong>habemus</strong></span> <span class='ocrx_word' id='word_1_754' title='bbox 2910 4596 3033 4660; x_wconf 87' lang='lat' dir='ltr'><strong>cum</strong></span> <span class='ocrx_word' id='word_1_755' title='bbox 3063 4600 3294 4660; x_wconf 54' lang='lat' dir='ltr'><strong>summo~</strong></span> <span class='ocrx_word' id='word_1_756' title='bbox 3310 4603 3444 4658; x_wconf 91' lang='lat' dir='ltr'><strong>pon-</strong></span> 
     </span>
    </p>
   </div>
   <div class='ocr_carea' id='block_1_91' title="bbox 118 4656 3446 4748">
    <p class='ocr_par' dir='ltr' id='par_1_91' title="bbox 118 4656 3446 4748">
     <span class='ocr_line' id='line_1_91' title="bbox 118 4656 3446 4748; baseline 0.001 -33"><span class='ocrx_word' id='word_1_757' title='bbox 118 4656 276 4743; x_wconf 46' lang='lat' dir='ltr'><strong>etuin</strong></span> <span class='ocrx_word' id='word_1_758' title='bbox 313 4659 399 4748; x_wconf 69' lang='lat' dir='ltr'><strong>via</strong></span> <span class='ocrx_word' id='word_1_759' title='bbox 440 4665 768 4748; x_wconf 50' lang='lat' dir='ltr'><strong>peccatorum.</strong></span> <span class='ocrx_word' id='word_1_760' title='bbox 802 4675 903 4714; x_wconf 92' lang='lat' dir='ltr'><strong>non</strong></span> <span class='ocrx_word' id='word_1_761' title='bbox 925 4660 1084 4719; x_wconf 87' lang='lat' dir='ltr'><strong>stetit.</strong></span> <span class='ocrx_word' id='word_1_762' title='bbox 1107 4656 1279 4748; x_wconf 62' lang='lat' dir='ltr'><strong>Qu’i&#39;si</strong></span> <span class='ocrx_word' id='word_1_763' title='bbox 1307 4656 1525 4748; x_wconf 52' lang='lat' dir='ltr'><strong>quando</strong></span> <span class='ocrx_word' id='word_1_764' title='bbox 1550 4656 1737 4740; x_wconf 73' lang='lat' dir='ltr'><strong>abiut-</strong></span> <span class='ocrx_word' id='word_1_765' title='bbox 1763 4687 1819 4748; x_wconf 70' lang='grc' dir='ltr'><strong>Β</strong></span> <span class='ocrx_word' id='word_1_766' title='bbox 1846 4656 2009 4740; x_wconf 79' lang='lat' dir='ltr'><strong>Iilice,</strong></span> <span class='ocrx_word' id='word_1_767' title='bbox 2043 4668 2113 4748; x_wconf 42' lang='lat' dir='ltr'><strong>‘et</strong></span> <span class='ocrx_word' id='word_1_768' title='bbox 2145 4673 2240 4748; x_wconf 56' lang='lat' dir='ltr'><strong>per</strong></span> <span class='ocrx_word' id='word_1_769' title='bbox 2260 4675 2387 4748; x_wconf 61' lang='lat' dir='ltr'><strong>pum</strong></span> <span class='ocrx_word' id='word_1_770' title='bbox 2420 4656 2543 4715; x_wconf 78' lang='lat' dir='ltr'><strong>eum</strong></span> <span class='ocrx_word' id='word_1_771' title='bbox 2586 4659 2647 4715; x_wconf 87' lang='lat' dir='ltr'><strong>D.</strong></span> <span class='ocrx_word' id='word_1_772' title='bbox 2696 4659 2856 4716; x_wconf 89' lang='lat' dir='ltr'><strong>Petro</strong></span> <span class='ocrx_word' id='word_1_773' title='bbox 2883 4657 3228 4748; x_wconf 61' lang='lat' dir='ltr'><strong>probavimus</strong></span> <span class='ocrx_word' id='word_1_774' title='bbox 3254 4656 3446 4717; x_wconf 66' lang='lat' dir='ltr'><strong>Eccle-</strong></span> 
     </span>
    </p>
   </div>
   <div class='ocr_carea' id='block_1_92' title="bbox 121 4727 3152 4802">
    <p class='ocr_par' dir='ltr' id='par_1_92' title="bbox 121 4727 3152 4802">
     <span class='ocr_line' id='line_1_92' title="bbox 121 4727 3152 4802; baseline 0 -18"><span class='ocrx_word' id='word_1_775' title='bbox 121 4731 229 4801; x_wconf 78' lang='lat' dir='ltr'><strong>piis</strong></span> <span class='ocrx_word' id='word_1_776' title='bbox 256 4727 523 4785; x_wconf 81' lang='lat' dir='ltr'><strong>seductus</strong></span> <span class='ocrx_word' id='word_1_777' title='bbox 568 4739 623 4787; x_wconf 91' lang='lat' dir='ltr'><strong>et</strong></span> <span class='ocrx_word' id='word_1_778' title='bbox 666 4729 948 4802; x_wconf 86' lang='lat' dir='ltr'><strong>abductus,</strong></span> <span class='ocrx_word' id='word_1_779' title='bbox 983 4727 1242 4802; x_wconf 86' lang='lat' dir='ltr'><strong>eamdem</strong></span> <span class='ocrx_word' id='word_1_780' title='bbox 1275 4743 1395 4802; x_wconf 89' lang='lat' dir='ltr'><strong>cum</strong></span> <span class='ocrx_word' id='word_1_781' title='bbox 1444 4728 1549 4782; x_wconf 91' lang='lat' dir='ltr'><strong>illis</strong></span> <span class='ocrx_word' id='word_1_782' title='bbox 1593 4727 1733 4783; x_wconf 90' lang='lat' dir='ltr'><strong>viam</strong></span> <span class='ocrx_word' id='word_1_783' title='bbox 1763 4727 1817 4748; x_wconf 73' lang='grc' dir='ltr'>ν</span> <span class='ocrx_word' id='word_1_784' title='bbox 1840 4731 2062 4802; x_wconf 70' lang='lat' dir='ltr'><strong>siamet</strong></span> <span class='ocrx_word' id='word_1_785' title='bbox 2074 4729 2395 4802; x_wconf 68' lang='lat' dir='ltr'><strong>cathedram</strong></span> <span class='ocrx_word' id='word_1_786' title='bbox 2424 4746 2591 4802; x_wconf 87' lang='lat' dir='ltr'><strong>penes</strong></span> <span class='ocrx_word' id='word_1_787' title='bbox 2624 4746 2721 4785; x_wconf 87' lang='lat' dir='ltr'><strong>nos</strong></span> <span class='ocrx_word' id='word_1_788' title='bbox 2747 4727 3152 4802; x_wconf 21' lang='lat' dir='ltr'><strong>esseIAAtsasr.</strong></span> 
     </span>
    </p>
   </div>
   <div class='ocr_carea' id='block_1_93' title="bbox 120 4800 1732 4871">
    <p class='ocr_par' dir='ltr' id='par_1_93' title="bbox 120 4800 1732 4871">
     <span class='ocr_line' id='line_1_93' title="bbox 120 4800 1732 4871; baseline -0.003 -13"><span class='ocrx_word' id='word_1_789' title='bbox 120 4800 369 4868; x_wconf 82' lang='lat' dir='ltr'><strong>institit,</strong></span> <span class='ocrx_word' id='word_1_790' title='bbox 400 4816 509 4856; x_wconf 91' lang='lat' dir='ltr'><strong>non</strong></span> <span class='ocrx_word' id='word_1_791' title='bbox 539 4800 774 4871; x_wconf 87' lang='lat' dir='ltr'><strong>perstitit</strong></span> <span class='ocrx_word' id='word_1_792' title='bbox 814 4813 1029 4869; x_wconf 86' lang='lat' dir='ltr'><strong>tamen,</strong></span> <span class='ocrx_word' id='word_1_793' title='bbox 1063 4803 1159 4858; x_wconf 89' lang='lat' dir='ltr'><strong>sed</strong></span> <span class='ocrx_word' id='word_1_794' title='bbox 1196 4801 1264 4855; x_wconf 89' lang='lat' dir='ltr'><strong>ab</strong></span> <span class='ocrx_word' id='word_1_795' title='bbox 1304 4801 1538 4868; x_wconf 78' lang='lat' dir='ltr'><strong>int-cepto</strong></span> <span class='ocrx_word' id='word_1_796' title='bbox 1568 4813 1732 4854; x_wconf 74' lang='lat' dir='ltr'><strong>cursu</strong></span> 
     </span>
    </p>
   </div>
   <div class='ocr_carea' id='block_1_94' title="bbox 120 4871 1736 4945">
    <p class='ocr_par' dir='ltr' id='par_1_94' title="bbox 120 4871 1736 4945">
     <span class='ocr_line' id='line_1_94' title="bbox 120 4871 1736 4945; baseline -0.003 -16"><span class='ocrx_word' id='word_1_797' title='bbox 120 4874 362 4945; x_wconf 82' lang='lat' dir='ltr'><strong>gradum</strong></span> <span class='ocrx_word' id='word_1_798' title='bbox 410 4873 563 4945; x_wconf 69' lang='lat' dir='ltr'><strong>ocius</strong></span> <span class='ocrx_word' id='word_1_799' title='bbox 594 4874 890 4941; x_wconf 86' lang='lat' dir='ltr'><strong>revocavit,</strong></span> <span class='ocrx_word' id='word_1_800' title='bbox 920 4883 973 4930; x_wconf 92' lang='lat' dir='ltr'><strong>et</strong></span> <span class='ocrx_word' id='word_1_801' title='bbox 1012 4873 1080 4929; x_wconf 89' lang='lat' dir='ltr'><strong>ad</strong></span> <span class='ocrx_word' id='word_1_802' title='bbox 1122 4888 1311 4929; x_wconf 86' lang='lat' dir='ltr'><strong>sanam</strong></span> <span class='ocrx_word' id='word_1_803' title='bbox 1358 4880 1596 4945; x_wconf 76' lang='lat' dir='ltr'><strong>utentem</strong></span> <span class='ocrx_word' id='word_1_804' title='bbox 1627 4871 1736 4945; x_wconf 73' lang='lat' dir='ltr'><strong>cito</strong></span> 
     </span>
    </p>
   </div>
   <div class='ocr_carea' id='block_1_95' title="bbox 119 4941 1735 5018">
    <p class='ocr_par' dir='ltr' id='par_1_95' title="bbox 119 4941 1735 5018">
     <span class='ocr_line' id='line_1_95' title="bbox 119 4941 1735 5018; baseline -0.002 -17"><span class='ocrx_word' id='word_1_805' title='bbox 119 4941 329 5010; x_wconf 73' lang='lat' dir='ltr'><strong>rediit,</strong></span> <span class='ocrx_word' id='word_1_806' title='bbox 377 4952 487 5001; x_wconf 90' lang='lat' dir='ltr'><strong>etc.</strong></span> <span class='ocrx_word' id='word_1_807' title='bbox 517 4941 627 5018; x_wconf 87' lang='lat' dir='ltr'><strong>Cur</strong></span> <span class='ocrx_word' id='word_1_808' title='bbox 654 4952 832 5018; x_wconf 85' lang='lat' dir='ltr'><strong>autem</strong></span> <span class='ocrx_word' id='word_1_809' title='bbox 865 4945 1365 5018; x_wconf 83' lang='lat' dir='ltr'><strong>ita_interpreletur</strong></span> <span class='ocrx_word' id='word_1_810' title='bbox 1395 4942 1537 5018; x_wconf 80' lang='lat' dir='ltr'><strong>hanc</strong></span> <span class='ocrx_word' id='word_1_811' title='bbox 1561 4941 1735 4998; x_wconf 88' lang='lat' dir='ltr'><strong>reddit</strong></span> 
     </span>
    </p>
   </div>
   <div class='ocr_carea' id='block_1_96' title="bbox 118 5014 1735 5088">
    <p class='ocr_par' dir='ltr' id='par_1_96' title="bbox 118 5014 1735 5088">
     <span class='ocr_line' id='line_1_96' title="bbox 118 5014 1735 5088; baseline -0.001 -16"><span class='ocrx_word' id='word_1_812' title='bbox 118 5018 424 5081; x_wconf 71' lang='lat' dir='ltr'><strong>rationem,</strong></span> <span class='ocrx_word' id='word_1_813' title='bbox 457 5017 607 5087; x_wconf 86' lang='lat' dir='ltr'><strong>quia,</strong></span> <span class='ocrx_word' id='word_1_814' title='bbox 654 5017 850 5088; x_wconf 80' lang='lat' dir='ltr'><strong>inquit,</strong></span> <span class='ocrx_word' id='word_1_815' title='bbox 900 5014 1138 5088; x_wconf 77' lang='lat' dir='ltr'><strong>alioquin</strong></span> <span class='ocrx_word' id='word_1_816' title='bbox 1190 5014 1484 5087; x_wconf 87' lang='lat' dir='ltr'><strong>improprie</strong></span> <span class='ocrx_word' id='word_1_817' title='bbox 1525 5014 1735 5088; x_wconf 80' lang='lat' dir='ltr'><strong>locutus</strong></span> 
     </span>
    </p>
   </div>
   <div class='ocr_carea' id='block_1_97' title="bbox 115 5083 1735 5159">
    <p class='ocr_par' dir='ltr' id='par_1_97' title="bbox 115 5083 1735 5159">
     <span class='ocr_line' id='line_1_97' title="bbox 115 5083 1735 5159; baseline -0.002 -14"><span class='ocrx_word' id='word_1_818' title='bbox 115 5100 279 5145; x_wconf 82' lang='lat' dir='ltr'><strong>esset</strong></span> <span class='ocrx_word' id='word_1_819' title='bbox 324 5083 606 5159; x_wconf 82' lang='lat' dir='ltr'><strong>propheta,</strong></span> <span class='ocrx_word' id='word_1_820' title='bbox 658 5087 705 5146; x_wconf 86' lang='lat' dir='ltr'><strong>si</strong></span> <span class='ocrx_word' id='word_1_821' title='bbox 730 5083 880 5145; x_wconf 44' lang='lat' dir='ltr'><strong>&#39;illud</strong></span> <span class='ocrx_word' id='word_1_822' title='bbox 907 5083 1063 5153; x_wconf 76' lang='lat' dir='ltr'><strong>stetit,</strong></span> <span class='ocrx_word' id='word_1_823' title='bbox 1109 5088 1176 5145; x_wconf 89' lang='lat' dir='ltr'><strong>de</strong></span> <span class='ocrx_word' id='word_1_824' title='bbox 1226 5083 1344 5159; x_wconf 85' lang='lat' dir='ltr'><strong>ipso</strong></span> <span class='ocrx_word' id='word_1_825' title='bbox 1370 5083 1586 5151; x_wconf 51' lang='lat' dir='ltr'><strong>&#39;standi,</strong></span> <span class='ocrx_word' id='word_1_826' title='bbox 1615 5084 1735 5159; x_wconf 86' lang='lat' dir='ltr'><strong>sive</strong></span> 
     </span>
    </p>
   </div>
   <div class='ocr_carea' id='block_1_98' title="bbox 116 5158 1732 5229">
    <p class='ocr_par' dir='ltr' id='par_1_98' title="bbox 116 5158 1732 5229">
     <span class='ocr_line' id='line_1_98' title="bbox 116 5158 1732 5229; baseline -0.002 -14"><span class='ocrx_word' id='word_1_827' title='bbox 116 5158 469 5217; x_wconf 86' lang='lat' dir='ltr'><strong>consistendi</strong></span> <span class='ocrx_word' id='word_1_828' title='bbox 510 5168 672 5228; x_wconf 71' lang='lat' dir='ltr'><strong>actu,</strong></span> <span class='ocrx_word' id='word_1_829' title='bbox 713 5174 821 5217; x_wconf 89' lang='lat' dir='ltr'><strong>non</strong></span> <span class='ocrx_word' id='word_1_830' title='bbox 850 5161 917 5223; x_wconf 87' lang='lat' dir='ltr'><strong>de</strong></span> <span class='ocrx_word' id='word_1_831' title='bbox 963 5158 1279 5216; x_wconf 88' lang='lat' dir='ltr'><strong>continuato</strong></span> <span class='ocrx_word' id='word_1_832' title='bbox 1311 5172 1471 5214; x_wconf 90' lang='lat' dir='ltr'><strong>cursu</strong></span> <span class='ocrx_word' id='word_1_833' title='bbox 1520 5158 1732 5229; x_wconf 87' lang='lat' dir='ltr'><strong>accipe-</strong></span> 
     </span>
    </p>
   </div>
   <div class='ocr_carea' id='block_1_99' title="bbox 119 5231 1733 5300">
    <p class='ocr_par' dir='ltr' id='par_1_99' title="bbox 119 5231 1733 5300">
     <span class='ocr_line' id='line_1_99' title="bbox 119 5231 1733 5300; baseline -0.001 -14"><span class='ocrx_word' id='word_1_834' title='bbox 119 5248 321 5287; x_wconf 88' lang='lat' dir='ltr'><strong>remus</strong></span> <span class='ocrx_word' id='word_1_835' title='bbox 360 5251 375 5286; x_wconf 90' lang='lat'>:</span> <span class='ocrx_word' id='word_1_836' title='bbox 422 5232 489 5286; x_wconf 88' lang='lat' dir='ltr'><strong>lu</strong></span> <span class='ocrx_word' id='word_1_837' title='bbox 519 5232 602 5286; x_wconf 79' lang='lat' dir='ltr'><strong>nia</strong></span> <span class='ocrx_word' id='word_1_838' title='bbox 651 5232 784 5287; x_wconf 89' lang='lat' dir='ltr'><strong>enim</strong></span> <span class='ocrx_word' id='word_1_839' title='bbox 835 5231 1146 5300; x_wconf 80' lang='lat' dir='ltr'><strong>ambulatur,</strong></span> <span class='ocrx_word' id='word_1_840' title='bbox 1198 5247 1300 5289; x_wconf 82' lang='lat' dir='ltr'><strong>non</strong></span> <span class='ocrx_word' id='word_1_841' title='bbox 1346 5239 1553 5300; x_wconf 83' lang='lat' dir='ltr'><strong>statur;</strong></span> <span class='ocrx_word' id='word_1_842' title='bbox 1607 5243 1733 5285; x_wconf 79' lang='lat' dir='ltr'><strong>mox</strong></span> 
     </span>
    </p>
   </div>
   <div class='ocr_carea' id='block_1_100' title="bbox 118 5299 1636 5377">
    <p class='ocr_par' dir='ltr' id='par_1_100' title="bbox 118 5299 1636 5377">
     <span class='ocr_line' id='line_1_100' title="bbox 118 5299 1636 5377; baseline 0.001 -23"><span class='ocrx_word' id='word_1_843' title='bbox 118 5304 412 5377; x_wconf 47' lang='lat' dir='ltr'><strong>propensi</strong></span> <span class='ocrx_word' id='word_1_844' title='bbox 437 5320 635 5377; x_wconf 82' lang='lat' dir='ltr'><strong>pacem,</strong></span> <span class='ocrx_word' id='word_1_845' title='bbox 666 5303 846 5377; x_wconf 84' lang='lat' dir='ltr'><strong>scribe</strong></span> <span class='ocrx_word' id='word_1_846' title='bbox 866 5320 957 5361; x_wconf 88' lang='lat' dir='ltr'><strong>nec</strong></span> <span class='ocrx_word' id='word_1_847' title='bbox 983 5305 1052 5359; x_wconf 87' lang='lat' dir='ltr'><strong>ad</strong></span> <span class='ocrx_word' id='word_1_848' title='bbox 1075 5299 1271 5377; x_wconf 84' lang='lat' dir='ltr'><strong>pacem.</strong></span> <span class='ocrx_word' id='word_1_849' title='bbox 1304 5301 1375 5377; x_wconf 64' lang='grc' dir='ltr'>Μ.</span> <span class='ocrx_word' id='word_1_850' title='bbox 1404 5299 1636 5377; x_wconf 52' lang='lat' dir='ltr'><strong>Castus.</strong></span> 
     </span>
    </p>
   </div>
   <div class='ocr_carea' id='block_1_101' title="bbox 194 5372 1730 5447">
    <p class='ocr_par' dir='ltr' id='par_1_101' title="bbox 194 5372 1730 5447">
     <span class='ocr_line' id='line_1_101' title="bbox 194 5372 1730 5447; baseline -0.001 -16"><span class='ocrx_word' id='word_1_851' title='bbox 194 5374 324 5446; x_wconf 74' lang='lat'><strong>(8‘3)</strong></span> <span class='ocrx_word' id='word_1_852' title='bbox 356 5372 476 5430; x_wconf 72' lang='lat' dir='ltr'><strong>Non</strong></span> <span class='ocrx_word' id='word_1_853' title='bbox 502 5374 723 5447; x_wconf 85' lang='lat' dir='ltr'><strong>oblatam</strong></span> <span class='ocrx_word' id='word_1_854' title='bbox 753 5375 968 5447; x_wconf 85' lang='lat' dir='ltr'><strong>libenter</strong></span> <span class='ocrx_word' id='word_1_855' title='bbox 998 5372 1254 5447; x_wconf 81' lang='lat' dir='ltr'><strong>accipere.</strong></span> <span class='ocrx_word' id='word_1_856' title='bbox 1293 5372 1426 5428; x_wconf 66' lang='lat' dir='ltr'><strong>Alite</strong></span> <span class='ocrx_word' id='word_1_857' title='bbox 1460 5373 1730 5447; x_wconf 79' lang='lat' dir='ltr'><strong>editiones</strong></span> 
     </span>
    </p>
   </div>
   <div class='ocr_carea' id='block_1_102' title="bbox 114 5444 1727 5513">
    <p class='ocr_par' dir='ltr' id='par_1_102' title="bbox 114 5444 1727 5513">
     <span class='ocr_line' id='line_1_102' title="bbox 114 5444 1727 5513; baseline -0.002 -10"><span class='ocrx_word' id='word_1_858' title='bbox 114 5444 327 5505; x_wconf 76' lang='lat' dir='ltr'><strong>melius</strong></span> <span class='ocrx_word' id='word_1_859' title='bbox 354 5447 443 5502; x_wconf 86' lang='lat' dir='ltr'><strong>hic</strong></span> <span class='ocrx_word' id='word_1_860' title='bbox 468 5463 562 5503; x_wconf 86' lang='lat' dir='ltr'><strong>nec</strong></span> <span class='ocrx_word' id='word_1_861' title='bbox 605 5446 829 5503; x_wconf 86' lang='lat' dir='ltr'><strong>oblatam</strong></span> <span class='ocrx_word' id='word_1_862' title='bbox 847 5464 868 5513; x_wconf 87' lang='lat'><strong><em>;</em></strong></span> <span class='ocrx_word' id='word_1_863' title='bbox 899 5444 1129 5504; x_wconf 56' lang='lat' dir='ltr'><strong>fortasse</strong></span> <span class='ocrx_word' id='word_1_864' title='bbox 1174 5456 1356 5503; x_wconf 87' lang='lat' dir='ltr'><strong>tamen</strong></span> <span class='ocrx_word' id='word_1_865' title='bbox 1386 5459 1491 5500; x_wconf 90' lang='lat' dir='ltr'><strong>non</strong></span> <span class='ocrx_word' id='word_1_866' title='bbox 1526 5444 1613 5498; x_wconf 90' lang='lat' dir='ltr'><strong>hic</strong></span> <span class='ocrx_word' id='word_1_867' title='bbox 1644 5454 1727 5500; x_wconf 85' lang='lat' dir='ltr'><strong>te-</strong></span> 
     </span>
    </p>
   </div>
   <div class='ocr_carea' id='block_1_103' title="bbox 113 5516 1726 5591">
    <p class='ocr_par' dir='ltr' id='par_1_103' title="bbox 113 5516 1726 5591">
     <span class='ocr_line' id='line_1_103' title="bbox 113 5516 1726 5591; baseline 0.002 -17"><span class='ocrx_word' id='word_1_868' title='bbox 113 5535 282 5574; x_wconf 64' lang='lat' dir='ltr'><strong>mere</strong></span> <span class='ocrx_word' id='word_1_869' title='bbox 300 5536 399 5591; x_wconf 66' lang='lat' dir='ltr'><strong>non</strong></span> <span class='ocrx_word' id='word_1_870' title='bbox 420 5516 573 5574; x_wconf 76' lang='lat' dir='ltr'><strong>illud.</strong></span> <span class='ocrx_word' id='word_1_871' title='bbox 603 5518 859 5591; x_wconf 78' lang='lat' dir='ltr'><strong>Expende</strong></span> <span class='ocrx_word' id='word_1_872' title='bbox 889 5516 1033 5573; x_wconf 89' lang='lat' dir='ltr'><strong>enim</strong></span> <span class='ocrx_word' id='word_1_873' title='bbox 1064 5516 1726 5591; x_wconf 34' lang='lat' dir='ltr'><strong>sequentiatetpgnosces</strong></span> 
     </span>
    </p>
   </div>
   <div class='ocr_carea' id='block_1_104' title="bbox 116 5589 1725 5660">
    <p class='ocr_par' dir='ltr' id='par_1_104' title="bbox 116 5589 1725 5660">
     <span class='ocr_line' id='line_1_104' title="bbox 116 5589 1725 5660; baseline -0.001 -15"><span class='ocrx_word' id='word_1_874' title='bbox 116 5594 216 5645; x_wconf 76' lang='lat' dir='ltr'><strong>vix</strong></span> <span class='ocrx_word' id='word_1_875' title='bbox 246 5589 550 5657; x_wconf 74' lang='lat' dir='ltr'><strong>cohaerere,</strong></span> <span class='ocrx_word' id='word_1_876' title='bbox 578 5590 681 5645; x_wconf 91' lang='lat' dir='ltr'><strong>nisi</strong></span> <span class='ocrx_word' id='word_1_877' title='bbox 711 5591 856 5660; x_wconf 83' lang='lat' dir='ltr'><strong>legas</strong></span> <span class='ocrx_word' id='word_1_878' title='bbox 881 5607 895 5644; x_wconf 92' lang='lat'>:</span> <span class='ocrx_word' id='word_1_879' title='bbox 921 5606 1071 5660; x_wconf 88' lang='lat' dir='ltr'><strong>quam</strong></span> <span class='ocrx_word' id='word_1_880' title='bbox 1101 5589 1192 5648; x_wconf 80' lang='lat' dir='ltr'><strong>nec</strong></span> <span class='ocrx_word' id='word_1_881' title='bbox 1221 5592 1389 5654; x_wconf 87' lang='lat' dir='ltr'><strong>ultro,</strong></span> <span class='ocrx_word' id='word_1_882' title='bbox 1430 5589 1480 5643; x_wconf 91' lang='lat' dir='ltr'><strong>id</strong></span> <span class='ocrx_word' id='word_1_883' title='bbox 1508 5594 1592 5660; x_wconf 83' lang='lat' dir='ltr'><strong>est</strong></span> <span class='ocrx_word' id='word_1_884' title='bbox 1620 5603 1725 5644; x_wconf 86' lang='lat' dir='ltr'><strong>non</strong></span> 
     </span>
    </p>
   </div>
   <div class='ocr_carea' id='block_1_105' title="bbox 109 5658 1721 5735">
    <p class='ocr_par' dir='ltr' id='par_1_105' title="bbox 109 5658 1721 5735">
     <span class='ocr_line' id='line_1_105' title="bbox 109 5658 1721 5735; baseline -0.001 -18"><span class='ocrx_word' id='word_1_885' title='bbox 109 5664 267 5717; x_wconf 70' lang='lat' dir='ltr'><strong>ultro</strong></span> <span class='ocrx_word' id='word_1_886' title='bbox 293 5668 351 5717; x_wconf 85' lang='lat' dir='ltr'><strong>ut</strong></span> <span class='ocrx_word' id='word_1_887' title='bbox 372 5663 670 5735; x_wconf 73' lang='lat' dir='ltr'><strong>necopinus</strong></span> <span class='ocrx_word' id='word_1_888' title='bbox 689 5658 785 5735; x_wconf 67' lang='lat' dir='ltr'><strong>pro</strong></span> <span class='ocrx_word' id='word_1_889' title='bbox 814 5678 914 5717; x_wconf 86' lang='lat' dir='ltr'><strong>non</strong></span> <span class='ocrx_word' id='word_1_890' title='bbox 933 5658 1146 5735; x_wconf 21' lang='lat' dir='ltr'><strong>Vopinus,</strong></span> <span class='ocrx_word' id='word_1_891' title='bbox 1163 5670 1293 5730; x_wconf 86' lang='lat' dir='ltr'><strong>etc.,</strong></span> <span class='ocrx_word' id='word_1_892' title='bbox 1324 5658 1554 5716; x_wconf 83' lang='lat' dir='ltr'><strong>voluistis</strong></span> <span class='ocrx_word' id='word_1_893' title='bbox 1578 5675 1721 5730; x_wconf 78' lang='lat' dir='ltr'><strong>qua:-</strong></span> 
     </span>
    </p>
   </div>
   <div class='ocr_carea' id='block_1_106' title="bbox 107 5732 1718 5806">
    <p class='ocr_par' dir='ltr' id='par_1_106' title="bbox 107 5732 1718 5806">
     <span class='ocr_line' id='line_1_106' title="bbox 107 5732 1718 5806; baseline -0.003 -17"><span class='ocrx_word' id='word_1_894' title='bbox 107 5749 260 5806; x_wconf 74' lang='lat' dir='ltr'><strong>rere,</strong></span> <span class='ocrx_word' id='word_1_895' title='bbox 279 5750 414 5789; x_wconf 79' lang='lat' dir='ltr'><strong>nunc</strong></span> <span class='ocrx_word' id='word_1_896' title='bbox 427 5732 650 5791; x_wconf 84' lang='lat' dir='ltr'><strong>ablatam</strong></span> <span class='ocrx_word' id='word_1_897' title='bbox 671 5732 882 5806; x_wconf 76' lang='lat' dir='ltr'><strong>libenter</strong></span> <span class='ocrx_word' id='word_1_898' title='bbox 898 5732 1145 5806; x_wconf 80' lang='lat' dir='ltr'><strong>accipite:</strong></span> <span class='ocrx_word' id='word_1_899' title='bbox 1160 5749 1305 5800; x_wconf 84' lang='lat' dir='ltr'><strong>mox,</strong></span> <span class='ocrx_word' id='word_1_900' title='bbox 1319 5741 1718 5806; x_wconf 78' lang='lat' dir='ltr'><strong>esseseparatas,</strong></span> 
     </span>
    </p>
   </div>
   <div class='ocr_carea' id='block_1_107' title="bbox 110 5803 1719 5880">
    <p class='ocr_par' dir='ltr' id='par_1_107' title="bbox 110 5803 1719 5880">
     <span class='ocr_line' id='line_1_107' title="bbox 110 5803 1719 5880; baseline -0.001 -18"><span class='ocrx_word' id='word_1_901' title='bbox 110 5803 266 5862; x_wconf 82' lang='lat' dir='ltr'><strong>illud</strong></span> <span class='ocrx_word' id='word_1_902' title='bbox 290 5821 400 5862; x_wconf 84' lang='lat' dir='ltr'><strong>esse</strong></span> <span class='ocrx_word' id='word_1_903' title='bbox 426 5806 618 5865; x_wconf 81' lang='lat' dir='ltr'><strong>melius</strong></span> <span class='ocrx_word' id='word_1_904' title='bbox 641 5805 889 5876; x_wconf 80' lang='lat' dir='ltr'><strong>abesset;</strong></span> <span class='ocrx_word' id='word_1_905' title='bbox 916 5803 1061 5880; x_wconf 74' lang='lat' dir='ltr'><strong>quad</strong></span> <span class='ocrx_word' id='word_1_906' title='bbox 1097 5816 1277 5866; x_wconf 87' lang='lat' dir='ltr'><strong>tamen</strong></span> <span class='ocrx_word' id='word_1_907' title='bbox 1302 5803 1518 5877; x_wconf 77' lang='lat' dir='ltr'><strong>Optati,</strong></span> <span class='ocrx_word' id='word_1_908' title='bbox 1545 5819 1616 5861; x_wconf 89' lang='lat' dir='ltr'><strong>an</strong></span> <span class='ocrx_word' id='word_1_909' title='bbox 1653 5803 1719 5861; x_wconf 89' lang='lat' dir='ltr'><strong>li-</strong></span> 
     </span>
    </p>
   </div>
   <div class='ocr_carea' id='block_1_108' title="bbox 1911 4798 3437 4875">
    <p class='ocr_par' dir='ltr' id='par_1_108' title="bbox 1911 4798 3437 4875">
     <span class='ocr_line' id='line_1_108' title="bbox 1911 4798 3437 4875; baseline 0.003 -22"><span class='ocrx_word' id='word_1_910' title='bbox 1911 4798 2026 4871; x_wconf 74' lang='lat'><strong>(84)</strong></span> <span class='ocrx_word' id='word_1_911' title='bbox 2058 4799 2161 4866; x_wconf 83' lang='lat' dir='ltr'><strong>Qui</strong></span> <span class='ocrx_word' id='word_1_912' title='bbox 2186 4801 2326 4875; x_wconf 84' lang='lat' dir='ltr'><strong>ducit</strong></span> <span class='ocrx_word' id='word_1_913' title='bbox 2352 4798 2497 4875; x_wconf 54' lang='lat' dir='ltr'><strong>atl&#39;se</strong></span> <span class='ocrx_word' id='word_1_914' title='bbox 2520 4803 2781 4875; x_wconf 85' lang='lat' dir='ltr'><strong>angelum.</strong></span> <span class='ocrx_word' id='word_1_915' title='bbox 2819 4799 2925 4875; x_wconf 77' lang='lat' dir='ltr'><strong>Qui</strong></span> <span class='ocrx_word' id='word_1_916' title='bbox 2965 4800 3128 4875; x_wconf 83' lang='lat' dir='ltr'><strong>habet</strong></span> <span class='ocrx_word' id='word_1_917' title='bbox 3176 4799 3437 4873; x_wconf 86' lang='lat' dir='ltr'><strong>Spiritum</strong></span> 
     </span>
    </p>
   </div>
   <div class='ocr_carea' id='block_1_109' title="bbox 1840 4872 3436 4944">
    <p class='ocr_par' dir='ltr' id='par_1_109' title="bbox 1840 4872 3436 4944">
     <span class='ocr_line' id='line_1_109' title="bbox 1840 4872 3436 4944; baseline 0.003 -20"><span class='ocrx_word' id='word_1_918' title='bbox 1840 4880 2128 4944; x_wconf 71' lang='lat' dir='ltr'><strong>sanctum;</strong></span> <span class='ocrx_word' id='word_1_919' title='bbox 2167 4876 2265 4943; x_wconf 63' lang='lat' dir='ltr'><strong>qui</strong></span> <span class='ocrx_word' id='word_1_920' title='bbox 2310 4872 2471 4931; x_wconf 86' lang='lat' dir='ltr'><strong>habet</strong></span> <span class='ocrx_word' id='word_1_921' title='bbox 2523 4872 2841 4944; x_wconf 73' lang='lat' dir='ltr'><strong>puieStatem</strong></span> <span class='ocrx_word' id='word_1_922' title='bbox 2894 4872 3151 4944; x_wconf 85' lang='lat' dir='ltr'><strong>Spiritum</strong></span> <span class='ocrx_word' id='word_1_923' title='bbox 3189 4886 3436 4944; x_wconf 87' lang='lat' dir='ltr'><strong>sanctum</strong></span> 
     </span>
    </p>
   </div>
   <div class='ocr_carea' id='block_1_110' title="bbox 1838 4942 3441 5019">
    <p class='ocr_par' dir='ltr' id='par_1_110' title="bbox 1838 4942 3441 5019">
     <span class='ocr_line' id='line_1_110' title="bbox 1838 4942 3441 5019; baseline 0.003 -23"><span class='ocrx_word' id='word_1_924' title='bbox 1838 4942 2151 5019; x_wconf 75' lang='lat' dir='ltr'><strong>epnferendi</strong></span> <span class='ocrx_word' id='word_1_925' title='bbox 2184 4942 2239 4999; x_wconf 67' lang='lat' dir='ltr'><strong>et</strong></span> <span class='ocrx_word' id='word_1_926' title='bbox 2269 4942 2833 5019; x_wconf 82' lang='lat' dir='ltr'><strong>mauusimpunendi;</strong></span> <span class='ocrx_word' id='word_1_927' title='bbox 2857 4942 2948 5017; x_wconf 88' lang='lat' dir='ltr'><strong>qui</strong></span> <span class='ocrx_word' id='word_1_928' title='bbox 2972 4943 3134 5019; x_wconf 86' lang='lat' dir='ltr'><strong>trahit</strong></span> <span class='ocrx_word' id='word_1_929' title='bbox 3155 4943 3441 5019; x_wconf 76' lang='lat' dir='ltr'><strong>adseSpi-</strong></span> 
     </span>
    </p>
   </div>
   <div class='ocr_carea' id='block_1_111' title="bbox 1837 5011 3433 5085">
    <p class='ocr_par' dir='ltr' id='par_1_111' title="bbox 1837 5011 3433 5085">
     <span class='ocr_line' id='line_1_111' title="bbox 1837 5011 3433 5085; baseline 0.004 -18"><span class='ocrx_word' id='word_1_930' title='bbox 1837 5011 2000 5085; x_wconf 80' lang='lat' dir='ltr'><strong>ritum</strong></span> <span class='ocrx_word' id='word_1_931' title='bbox 2033 5026 2278 5070; x_wconf 84' lang='lat' dir='ltr'><strong>sanctmn</strong></span> <span class='ocrx_word' id='word_1_932' title='bbox 2310 5031 2379 5072; x_wconf 86' lang='lat' dir='ltr'><strong>ex</strong></span> <span class='ocrx_word' id='word_1_933' title='bbox 2432 5017 2483 5074; x_wconf 90' lang='lat' dir='ltr'><strong>vi</strong></span> <span class='ocrx_word' id='word_1_934' title='bbox 2526 5011 2798 5074; x_wconf 72' lang='lat' dir='ltr'><strong>cathedrae</strong></span> <span class='ocrx_word' id='word_1_935' title='bbox 2842 5011 2963 5085; x_wconf 70' lang='lat' dir='ltr'><strong>(pta:</strong></span> <span class='ocrx_word' id='word_1_936' title='bbox 3007 5016 3056 5071; x_wconf 91' lang='lat' dir='ltr'><strong>ci</strong></span> <span class='ocrx_word' id='word_1_937' title='bbox 3100 5015 3297 5071; x_wconf 90' lang='lat' dir='ltr'><strong>tradita</strong></span> <span class='ocrx_word' id='word_1_938' title='bbox 3329 5011 3433 5074; x_wconf 73' lang='lat' dir='ltr'><strong>est.</strong></span> 
     </span>
    </p>
   </div>
   <div class='ocr_carea' id='block_1_112' title="bbox 1841 5084 3439 5162">
    <p class='ocr_par' dir='ltr' id='par_1_112' title="bbox 1841 5084 3439 5162">
     <span class='ocr_line' id='line_1_112' title="bbox 1841 5084 3439 5162; baseline 0.004 -23"><span class='ocrx_word' id='word_1_939' title='bbox 1841 5084 1941 5140; x_wconf 88' lang='lat' dir='ltr'><strong>Per</strong></span> <span class='ocrx_word' id='word_1_940' title='bbox 1976 5087 2241 5162; x_wconf 80' lang='lat' dir='ltr'><strong>Angelum</strong></span> <span class='ocrx_word' id='word_1_941' title='bbox 2272 5090 2417 5144; x_wconf 89' lang='lat' dir='ltr'><strong>enim</strong></span> <span class='ocrx_word' id='word_1_942' title='bbox 2467 5090 2714 5161; x_wconf 77' lang='lat' dir='ltr'><strong>intelligit</strong></span> <span class='ocrx_word' id='word_1_943' title='bbox 2755 5084 3015 5162; x_wconf 68' lang='lat' dir='ltr'><strong>Spiritum</strong></span> <span class='ocrx_word' id='word_1_944' title='bbox 3044 5098 3291 5162; x_wconf 75' lang='lat' dir='ltr'><strong>sanctum</strong></span> <span class='ocrx_word' id='word_1_945' title='bbox 3314 5131 3330 5158; x_wconf 94' lang='lat'><strong>,</strong></span> <span class='ocrx_word' id='word_1_946' title='bbox 3377 5100 3439 5146; x_wconf 87' lang='lat' dir='ltr'><strong>ut</strong></span> 
     </span>
    </p>
   </div>
   <div class='ocr_carea' id='block_1_113' title="bbox 1840 5157 3439 5229">
    <p class='ocr_par' dir='ltr' id='par_1_113' title="bbox 1840 5157 3439 5229">
     <span class='ocr_line' id='line_1_113' title="bbox 1840 5157 3439 5229; baseline 0.004 -19"><span class='ocrx_word' id='word_1_947' title='bbox 1840 5165 1984 5226; x_wconf 87' lang='lat' dir='ltr'><strong>patet</strong></span> <span class='ocrx_word' id='word_1_948' title='bbox 2015 5172 2081 5213; x_wconf 81' lang='lat' dir='ltr'><strong>ex</strong></span> <span class='ocrx_word' id='word_1_949' title='bbox 2112 5157 2195 5215; x_wconf 90' lang='lat' dir='ltr'><strong>his</strong></span> <span class='ocrx_word' id='word_1_950' title='bbox 2222 5180 2236 5217; x_wconf 91' lang='lat'><strong>:</strong></span> <span class='ocrx_word' id='word_1_951' title='bbox 2265 5177 2367 5216; x_wconf 89' lang='lat' dir='ltr'><strong>non</strong></span> <span class='ocrx_word' id='word_1_952' title='bbox 2406 5163 2537 5217; x_wconf 84' lang='lat' dir='ltr'><strong>enim</strong></span> <span class='ocrx_word' id='word_1_953' title='bbox 2567 5157 2821 5229; x_wconf 78' lang='lat' dir='ltr'><strong>Spiritum</strong></span> <span class='ocrx_word' id='word_1_954' title='bbox 2855 5158 2947 5214; x_wconf 85' lang='lat' dir='ltr'><strong>Dei</strong></span> <span class='ocrx_word' id='word_1_955' title='bbox 2973 5159 3073 5215; x_wconf 86' lang='lat' dir='ltr'><strong>soli</strong></span> <span class='ocrx_word' id='word_1_956' title='bbox 3105 5160 3245 5216; x_wconf 84' lang='lat' dir='ltr'><strong>vobis</strong></span> <span class='ocrx_word' id='word_1_957' title='bbox 3270 5157 3439 5217; x_wconf 75' lang='lat' dir='ltr'><strong>vindi-</strong></span> 
     </span>
    </p>
   </div>
   <div class='ocr_carea' id='block_1_114' title="bbox 1838 5230 3219 5299">
    <p class='ocr_par' dir='ltr' id='par_1_114' title="bbox 1838 5230 3219 5299">
     <span class='ocr_line' id='line_1_114' title="bbox 1838 5230 3219 5299; baseline 0.008 -17"><span class='ocrx_word' id='word_1_958' title='bbox 1838 5245 1957 5283; x_wconf 86' lang='lat' dir='ltr'><strong>care</strong></span> <span class='ocrx_word' id='word_1_959' title='bbox 1973 5230 2183 5299; x_wconf 87' lang='lat' dir='ltr'><strong>potestis</strong></span> <span class='ocrx_word' id='word_1_960' title='bbox 2207 5242 2295 5285; x_wconf 87' lang='lat' dir='ltr'><strong>aut</strong></span> <span class='ocrx_word' id='word_1_961' title='bbox 2316 5234 2599 5290; x_wconf 84' lang='lat' dir='ltr'><strong>includere.</strong></span> <span class='ocrx_word' id='word_1_962' title='bbox 2631 5234 2862 5291; x_wconf 68' lang='lat' dir='ltr'><strong>ALBASP.</strong></span> <span class='ocrx_word' id='word_1_963' title='bbox 3204 5280 3219 5293; x_wconf 88' lang='lat'><strong>.</strong></span> 
     </span>
    </p>
   </div>
   <div class='ocr_carea' id='block_1_115' title="bbox 1907 5300 3433 5378">
    <p class='ocr_par' dir='ltr' id='par_1_115' title="bbox 1907 5300 3433 5378">
     <span class='ocr_line' id='line_1_115' title="bbox 1907 5300 3433 5378; baseline 0.002 -23"><span class='ocrx_word' id='word_1_964' title='bbox 1907 5300 2197 5378; x_wconf 7' lang='lat' dir='ltr'><strong>(8:5),ng</strong></span> <span class='ocrx_word' id='word_1_965' title='bbox 2219 5304 2360 5358; x_wconf 87' lang='lat' dir='ltr'><strong>ducit</strong></span> <span class='ocrx_word' id='word_1_966' title='bbox 2397 5306 2468 5359; x_wconf 85' lang='lat' dir='ltr'><strong>ad</strong></span> <span class='ocrx_word' id='word_1_967' title='bbox 2505 5322 2559 5361; x_wconf 88' lang='lat' dir='ltr'><strong>se</strong></span> <span class='ocrx_word' id='word_1_968' title='bbox 2596 5305 2857 5378; x_wconf 85' lang='lat' dir='ltr'><strong>angelum.</strong></span> <span class='ocrx_word' id='word_1_969' title='bbox 2902 5301 3268 5378; x_wconf 60' lang='lat' dir='ltr'><strong>Perangrlum</strong></span> <span class='ocrx_word' id='word_1_970' title='bbox 3298 5303 3433 5378; x_wconf 80' lang='lat' dir='ltr'><strong>nihil</strong></span> 
     </span>
    </p>
   </div>
   <div class='ocr_carea' id='block_1_116' title="bbox 1835 5371 3433 5448">
    <p class='ocr_par' dir='ltr' id='par_1_116' title="bbox 1835 5371 3433 5448">
     <span class='ocr_line' id='line_1_116' title="bbox 1835 5371 3433 5448; baseline 0 -21"><span class='ocrx_word' id='word_1_971' title='bbox 1835 5371 2340 5448; x_wconf 58' lang='lat' dir='ltr'><strong>aliud&#39;intelligunt</strong></span> <span class='ocrx_word' id='word_1_972' title='bbox 2394 5392 2555 5448; x_wconf 89' lang='lat' dir='ltr'><strong>quam</strong></span> <span class='ocrx_word' id='word_1_973' title='bbox 2596 5371 2911 5448; x_wconf 75' lang='lat' dir='ltr'><strong>episcopum</strong></span> <span class='ocrx_word' id='word_1_974' title='bbox 2937 5414 2952 5439; x_wconf 89' lang='lat'><strong>,</strong></span> <span class='ocrx_word' id='word_1_975' title='bbox 3001 5371 3309 5448; x_wconf 46' lang='lat' dir='ltr'><strong>legi—lituaan</strong></span> <span class='ocrx_word' id='word_1_976' title='bbox 3337 5375 3433 5427; x_wconf 83' lang='lat' dir='ltr'><strong>Im-</strong></span> 
     </span>
    </p>
   </div>
   <div class='ocr_carea' id='block_1_117' title="bbox 1834 5442 3431 5519">
    <p class='ocr_par' dir='ltr' id='par_1_117' title="bbox 1834 5442 3431 5519">
     <span class='ocr_line' id='line_1_117' title="bbox 1834 5442 3431 5519; baseline 0.001 -21"><span class='ocrx_word' id='word_1_977' title='bbox 1834 5442 2050 5519; x_wconf 80' lang='lat' dir='ltr'><strong>bentcm</strong></span> <span class='ocrx_word' id='word_1_978' title='bbox 2081 5442 2683 5519; x_wconf 62' lang='lat' dir='ltr'><strong>potestatetn&#39;rcgemlaz</strong></span> <span class='ocrx_word' id='word_1_979' title='bbox 2706 5442 2982 5519; x_wconf 65' lang='lat' dir='ltr'><strong>Ecclesiae.</strong></span> <span class='ocrx_word' id='word_1_980' title='bbox 3014 5442 3129 5519; x_wconf 61' lang='lat' dir='ltr'><strong>Non</strong></span> <span class='ocrx_word' id='word_1_981' title='bbox 3159 5444 3431 5500; x_wconf 81' lang='lat' dir='ltr'><strong>habebant</strong></span> 
     </span>
    </p>
   </div>
   <div class='ocr_carea' id='block_1_118' title="bbox 1832 5513 3428 5590">
    <p class='ocr_par' dir='ltr' id='par_1_118' title="bbox 1832 5513 3428 5590">
     <span class='ocr_line' id='line_1_118' title="bbox 1832 5513 3428 5590; baseline 0.002 -21"><span class='ocrx_word' id='word_1_982' title='bbox 1832 5513 2138 5590; x_wconf 80' lang='lat' dir='ltr'><strong>hujusmodi</strong></span> <span class='ocrx_word' id='word_1_983' title='bbox 2171 5520 2409 5590; x_wconf 86' lang='lat' dir='ltr'><strong>angelum</strong></span> <span class='ocrx_word' id='word_1_984' title='bbox 2440 5513 2752 5587; x_wconf 54' lang='lat' dir='ltr'><strong>Donatium,</strong></span> <span class='ocrx_word' id='word_1_985' title='bbox 2774 5515 3208 5590; x_wconf 83' lang='lat' dir='ltr'><strong>quandoquidem</strong></span> <span class='ocrx_word' id='word_1_986' title='bbox 3238 5529 3428 5590; x_wconf 82' lang='lat' dir='ltr'><strong>carum</strong></span> 
     </span>
    </p>
   </div>
   <div class='ocr_carea' id='block_1_119' title="bbox 1827 5587 3427 5662">
    <p class='ocr_par' dir='ltr' id='par_1_119' title="bbox 1827 5587 3427 5662">
     <span class='ocr_line' id='line_1_119' title="bbox 1827 5587 3427 5662; baseline 0.003 -21"><span class='ocrx_word' id='word_1_987' title='bbox 1827 5587 2067 5662; x_wconf 81' lang='lat' dir='ltr'><strong>episcopi</strong></span> <span class='ocrx_word' id='word_1_988' title='bbox 2115 5587 2708 5662; x_wconf 60' lang='lat' dir='ltr'><strong>non&#39;agnoscebztntur</strong></span> <span class='ocrx_word' id='word_1_989' title='bbox 2757 5587 2926 5662; x_wconf 83' lang='lat' dir='ltr'><strong>tales,</strong></span> <span class='ocrx_word' id='word_1_990' title='bbox 2979 5588 3150 5662; x_wconf 80' lang='lat' dir='ltr'><strong>etab</strong></span> <span class='ocrx_word' id='word_1_991' title='bbox 3200 5589 3427 5662; x_wconf 82' lang='lat' dir='ltr'><strong>aliarum</strong></span> 
     </span>
    </p>
   </div>
   <div class='ocr_carea' id='block_1_120' title="bbox 1825 5658 3424 5785">
    <p class='ocr_par' dir='ltr' id='par_1_120' title="bbox 1825 5658 3424 5785">
     <span class='ocr_line' id='line_1_120' title="bbox 1825 5658 3424 5785; baseline 0.003 -72"><span class='ocrx_word' id='word_1_992' title='bbox 1825 5659 2180 5785; x_wconf 44' lang='lat' dir='ltr'><strong>gecgsiarum</strong></span> <span class='ocrx_word' id='word_1_993' title='bbox 2210 5658 2479 5737; x_wconf 74' lang='lat' dir='ltr'><strong>episcopis</strong></span> <span class='ocrx_word' id='word_1_994' title='bbox 2504 5679 2600 5736; x_wconf 88' lang='lat' dir='ltr'><strong>pro</strong></span> <span class='ocrx_word' id='word_1_995' title='bbox 2626 5661 2898 5735; x_wconf 85' lang='lat' dir='ltr'><strong>episcopis</strong></span> <span class='ocrx_word' id='word_1_996' title='bbox 2920 5674 3026 5714; x_wconf 92' lang='lat' dir='ltr'><strong>non</strong></span> <span class='ocrx_word' id='word_1_997' title='bbox 3066 5658 3424 5743; x_wconf 80' lang='lat' dir='ltr'><strong>habebantur.</strong></span> 
     </span>
     <span class='ocr_line' id='line_1_121' title="bbox 1871 5746 2048 5785; baseline 0 0"><span class='ocrx_word' id='word_1_998' title='bbox 1871 5746 1904 5785; x_wconf 82' lang='grc' dir='ltr'><strong><em>υ</em></strong></span> <span class='ocrx_word' id='word_1_999' title='bbox 1977 5749 2048 5785; x_wconf 77' lang='lat' dir='ltr'><strong>IN.</strong></span> 
     </span>
    </p>
   </div>
   <div class='ocr_carea' id='block_1_121' title="bbox 1871 5746 2048 5787">
    <p class='ocr_par' dir='ltr' id='par_1_121' title="bbox 1871 5746 2048 5787">
     <span class='ocr_line' id='line_1_122' title="bbox 1871 5746 2048 5787; baseline 0.006 -1"><span class='ocrx_word' id='word_1_1000' title='bbox 1871 5746 1904 5786; x_wconf 82' lang='grc' dir='ltr'>υ</span> <span class='ocrx_word' id='word_1_1001' title='bbox 1934 5746 2048 5787; x_wconf 76' lang='lat' dir='ltr'><strong>I&#39;IN.</strong></span> 
     </span>
    </p>
   </div>
   <div class='ocr_carea' id='block_1_122' title="bbox 1896 5801 3427 5877">
    <p class='ocr_par' dir='ltr' id='par_1_122' title="bbox 1896 5801 3427 5877">
     <span class='ocr_line' id='line_1_123' title="bbox 1896 5801 3427 5877; baseline 0 -17"><span class='ocrx_word' id='word_1_1002' title='bbox 1896 5802 2012 5877; x_wconf 81' lang='lat'><strong>(86)</strong></span> <span class='ocrx_word' id='word_1_1003' title='bbox 2052 5802 2265 5862; x_wconf 80' lang='lat' dir='ltr'><strong>Habetis</strong></span> <span class='ocrx_word' id='word_1_1004' title='bbox 2290 5808 2345 5864; x_wconf 89' lang='lat' dir='ltr'><strong>in</strong></span> <span class='ocrx_word' id='word_1_1005' title='bbox 2370 5808 2552 5864; x_wconf 74' lang='lat' dir='ltr'><strong>loculis</strong></span> <span class='ocrx_word' id='word_1_1006' title='bbox 2591 5802 2871 5864; x_wconf 74' lang='lat' dir='ltr'><strong>inclusum.</strong></span> <span class='ocrx_word' id='word_1_1007' title='bbox 2912 5801 3132 5860; x_wconf 79' lang='lat' dir='ltr'><strong>Habetis</strong></span> <span class='ocrx_word' id='word_1_1008' title='bbox 3160 5801 3427 5875; x_wconf 83' lang='lat' dir='ltr'><strong>Spiritum</strong></span> 
     </span>
    </p>
   </div>
  </div>
