3974 6324
401 277 507 334 975

1596 269 1846 331 SANCTI
1882 269 2136 328 0PTATI
2177 268 2490 331 EPISCOPI

3599 265 3702 325 976

398 393 570 449 Filius
596 389 864 447 Christus.
893 388 1085 445 Caeteri
1110 402 1298 445 omnes
1318 379 1706 459 semi-‘perl’ecti
1731 399 1755 427 α
1787 403 1992 445 sumus.
2024 394 2075 454 Α
2103 387 2370 459 ignoscas.
2403 385 2518 442 Hoc
2544 385 2762 441 insanus
2794 383 2973 452 furor,
3006 382 3110 440 hoc
3153 382 3423 454 punienda
3454 390 3512 438 et
3549 381 3700 437 dam-

400 485 538 554 Quia
569 494 813 540 nostrum
837 490 922 538 est
963 481 1103 538 velle
1123 523 1136 549 ,
1185 492 1428 538 n03trum
1458 489 1543 536 est
1564 497 1813 548 currere;
1864 479 1960 536 Dei
1982 521 1996 544 ,

343 614 348 620 ο
397 581 684 652 perﬁcere.
716 576 867 634 Unde
893 575 1238 632 beatissimus
1281 575 1557 646 apostolus
1604 575 1832 640 Paulus,
1885 574 1998 629 ait:

399 673 582 744 Neque
610 671 842 737 volentis,
890 687 1051 740 neque
1105 670 1385 737 currentis,
1417 668 1508 724 sed
1537 669 1605 722 ad
1654 666 1749 723 Dei
1781 667 2002 739 gratiam

401 764 706 837 pertinentis
735 763 916 835 (Rom.
943 779 1016 828 ιχ,
1044 763 1153 834 l6).
1182 762 1314 818 Nam
1357 771 1411 819 et
1438 778 1468 817 a
1491 759 1707 817 Christo
1733 761 2000 816 salvatore

395 867 608 922 nostro,
642 856 880 928 perfecta
904 857 1162 912 sanctitas
1187 871 1294 912 non
1310 865 1396 914 est
1412 855 1560 923 data,
1585 855 1679 911 sed
1710 855 1995 926 promissa.

398 951 644 1022 Denique
673 951 750 1007 sic
771 951 846 1006 ait
872 969 884 1004 :
925 950 1105 1007 Sancti
1131 951 1272 1006 eritis
1291 993 1306 1018 ,
1333 950 1456 1022 quia
1480 966 1602 1024 ergo
1645 958 1850 1004 sanctus
1885 965 2001 1004 sum

399 1043 588 1116 (Leuit.
619 1059 695 1112 ιι,
728 1044 842 1114 45).
875 1043 1034 1100 Solus
1081 1051 1164 1099 est
1189 1058 1320 1115 ergo
1362 1041 1630 1115 perfectus
1658 1051 1714 1099 et
1754 1051 1994 1098 sanctus.

399 1139 646 1210 Denique
691 1153 797 1194 non
823 1138 990 1206 dixit,
1047 1138 1212 1194 sancti
1239 1138 1387 1204 estis,
1439 1137 1534 1193 sed
1562 1178 1577 1203 ,
1623 1136 1786 1192 sancti
1813 1137 1994 1216 eritis,

393 1231 550 1290 dixit.
570 1221 726 1289 Unde
755 1241 838 1288 est
859 1246 1018 1302 ergo,
1056 1230 1198 1302 quod
1226 1231 1379 1286 vobis
1408 1227 1703 1300 perfectam
1745 1230 2000 1285 sanctita-

395 1337 505 1384 tem
533 1327 600 1383 de
627 1327 880 1397 superbia
911 1324 1233 1382 vindicatis?
1281 1324 1384 1381 nisi
1433 1334 1491 1380 ut
1541 1333 1827 1395 appareat,
1877 1323 2001 1394 quia

395 1438 485 1478 uos
513 1422 652 1492 ipsos
680 1420 1000 1490 decipitis,et
1025 1421 1209 1475 veritas
1239 1420 1292 1474 in
1323 1419 1467 1474 nobis
1499 1435 1600 1473 non
1626 1427 1719 1474 est.
1751 1418 1809 1473 In
1836 1416 2003 1473 Joan-

397 1519 484 1575 nis
505 1513 723 1573 scholab
745 1530 865 1572 esse
886 1515 1152 1571 noluistis.
1175 1514 1306 1570 Cum
1333 1513 1476 1568 enim
1493 1511 1747 1568 seducitis
1768 1511 1998 1582 aliquos,

391 1610 713 1685 promittitis
735 1624 829 1665 vos
856 1609 1240 1680 indulgentiam
1254 1615 1595 1678 peccatorum
1608 1620 1731 1661 esse
1755 1603 2001 1659 daturos:

391 1720 594 1765 etcum
630 1705 794 1761 vultis
832 1703 1036 1760 donare
1073 1710 1293 1774 peccata
1316 1742 1330 1766 ,
1384 1707 1621 1756 vestram
1671 1695 2002 1770 proﬁtemini

2106 482 2279 538 nanda
2300 481 2574 550 superbia.
2607 481 2745 536 Dens
2774 492 2994 552 paratus
3014 487 3099 534 est
3147 479 3431 551 ignoscere
3451 520 3466 544 ,
3497 487 3554 534 et
3583 492 3704 532 reus

2104 574 2326 632 festinat
2364 575 2752 647 indulgentiam
2784 589 3060 630 recusare.
3091 572 3419 629 Publicanus
3449 572 3702 639 humilis,

2105 667 2378 725 hominem
2405 683 2466 725 se
2495 682 2618 725 esse
2646 682 3012 739 cognoscens,
3065 667 3143 721 sic
3191 665 3438 738 rogavit,
3469 663 3659 720 dicens
3689 681 3705 719 :

2105 759 2376 832 Propitius
2407 771 2538 828 esto,
2558 759 2802 825 Domine,
2833 759 2961 814 mihi
2977 759 3233 832 peccatori
3258 757 3425 831 (Ibid.
3471 755 3590 830 Η).
3617 756 3710 813 Sic

2097 855 2380 927 justiﬁcari
2413 857 2610 913 meruit
2664 855 2982 911 humilitase
3016 871 3030 909 :
3063 852 3146 911 sic
3191 854 3444 926 superbia
3483 853 3539 909 in
3569 852 3713 908 Pha-

2101 949 2262 1005 rismo
2285 991 2299 1014 ,
2333 951 2590 1021 magistro
2616 959 2831 1014 vestro,
2865 949 2933 1004 de
2959 948 3162 1019 templo
3199 949 3451 1004 damnata
3482 947 3713 1004 descen-

2101 1041 2200 1098 dit.
2242 1041 2464 1098 Meliora
2505 1044 2721 1099 inventa
2763 1051 2890 1099 sunt
2937 1051 3156 1113 peccata
3200 1057 3324 1098 cum
3370 1041 3712 1107 humilitate,

2100 1152 2260 1208 quam
2282 1137 2587 1193 innocentia
2608 1151 2730 1192 cum
2755 1136 3026 1207 superbia.
3053 1134 3260 1194 Deinde
3283 1151 3405 1192 cum
3428 1135 3586 1192 vobis
3605 1144 3716 1190 tra-

2101 1229 2322 1287 ditionis
2345 1241 2400 1286 et
2427 1229 2736 1287 schismatis
2763 1232 2948 1300 gravia
2995 1239 3214 1302 peccata
3245 1246 3352 1288 non
3379 1230 3597 1298 desint,
3631 1231 3716 1286 in-

2100 1338 2266 1392 super
2286 1333 2340 1379 et
2367 1323 2632 1395 superbos
2662 1339 2756 1380 vos
2787 1339 2909 1380 esse
2934 1325 3278 1397 gratulantini
3302 1322 3346 1379 τ.

2174 1415 2319 1472 XXI.
2365 1416 2829 1488 Reprehenduntur
2858 1417 3146 1474 Donatista:
3173 1417 3312 1490 quod
3343 1419 3615 1489 episcOpos
3643 1418 3719 1473 di-

2102 1513 2297 1584 gnitate
2316 1513 2588 1582 spoliarint
2614 1522 2661 1568 et
2684 1513 2994 1584 pomitentite
3016 1512 3284 1568 laboribus
3305 1513 3721 1587 subjecerint.—

2101 1603 2254 1661 Nunc
2283 1605 2536 1676 quoniam
2584 1605 2952 1662 erubescenda
2979 1605 3176 1677 gaudia
3229 1614 3408 1662 vestra
3459 1606 3718 1677 probavi-

2102 1713 2244 1764 mus,
2275 1708 2332 1754 et
2350 1700 2499 1753 furor
2523 1709 2702 1754 vester
2728 1705 2810 1755 tot
2839 1698 2973 1754 locis
3001 1707 3256 1755 ostensus
3283 1707 3402 1765 est;
3441 1708 3617 1755 restat
3646 1699 3719 1756 de

387 1800 752 1858 innocentiam
779 1817 792 1853 :
825 1807 880 1855 et
904 1795 1280 1852 remissionem
1324 1799 1672 1863 peccatorum
1705 1789 1784 1846 sic
1812 1788 1956 1845 datis
1976 1829 1992 1856 ,
2021 1793 2068 1858 ο
2103 1790 2367 1862 profunda
2396 1791 2672 1861 impietate
2696 1799 2874 1848 vestra
2903 1790 3104 1863 aliquid
3127 1791 3329 1848 dicere.
3353 1791 3487 1848 Nam
3505 1793 3716 1858 omnia,

384 1898 543 1970 quasi
566 1898 775 1954 nullum
803 1905 825 1934 ο
876 1890 1122 1948 habeatis
1151 1890 1252 1961 ipsi
1279 1896 1586 1961 peccatum.
1641 1885 1756 1941 Non
1783 1894 1867 1942 est
1894 1885 1996 1939 ista

383 1991 739 2063 praesumptio
765 2031 780 2056 ,
839 1986 934 2043 sed
966 1985 1216 2054 deceptio
1248 1999 1262 2036 :
1296 1997 1396 2038 nec
1427 1982 1628 2038 veritas
1649 2022 1663 2046 ,
1719 1979 1815 2035 sed
1847 1995 1998 2034 men-

385 2086 622 2142 dacium.
653 2083 870 2140 Etenim
895 2082 1038 2136 inter
1063 2079 1238 2135 vicina
1262 2087 1559 2144 momenta,
1581 2075 1709 2132 dum
1736 2074 1854 2148 (65)
1883 2090 1998 2130 ma-

386 2198 490 2237 nus
513 2179 793 2251 imponitis
819 2185 875 2232 et
914 2175 1113 2232 delicta
1141 2173 1354 2228 donatis
1374 2213 1390 2240 ,
1418 2186 1545 2226 mox
1594 2169 1712 2242 (66)
1740 2169 1805 2223 ad
1828 2169 1996 2225 altare

383 2273 675 2337 conversi,
705 2269 823 2344 (67)
873 2267 1201 2324 dominicam
1246 2265 1547 2320 orationem
1575 2261 1996 2334 praetermittere

381 2387 494 2428 non
522 2369 768 2442 potestis.
797 2368 859 2421 Et
888 2366 1073 2436 utique
1103 2361 1317 2418 dicitis:
1346 2360 1508 2415 Pater
1535 2369 1728 2424 noster,
1752 2359 1839 2430 qui
1860 2373 1912 2412 es
1942 2358 1996 2412 in

387 2465 530 2521 caelis
556 2505 571 2528 ,
601 2462 798 2516 dimitte
817 2459 959 2514 nobis
989 2456 1159 2512 debita
1189 2465 1234 2510 et
1268 2462 1475 2522 peccata
1501 2462 1696 2508 nostra.
1727 2450 1866 2519 Quid
1894 2465 1995 2506 vo-

386 2553 574 2616 carisd
597 2598 612 2621 ,
657 2554 785 2610 dum
815 2561 1033 2624 peccata
1061 2548 1339 2606 conﬁteris
1365 2547 1498 2603 tua?
1543 2547 1587 2602 si
1628 2554 1850 2602 sanctus
1886 2558 1948 2600 es
1974 2584 1990 2612 ,

383 2650 510 2706 dum
536 2648 766 2704 dimittis
783 2645 997 2702 aliena?
1029 2646 1130 2700 hoc
1153 2641 1316 2699 modo
1346 2651 1402 2698 et
1427 2655 1525 2697 vos
1547 2640 1696 2711 ipsos
1723 2637 1990 2708 decipitis,

391 2755 448 2800 et
473 2743 674 2800 veritas
707 2742 759 2797 in
784 2742 935 2798 vobis
959 2756 1065 2795 nou
1087 2748 1190 2795 est.
1219 2738 1325 2795 Sed
1353 2748 1412 2794 ut
1440 2746 1687 2809 apparet,
1711 2735 1813 2792 hoc
1840 2736 1993 2792 vobis

380 2839 549 2896 dictat
566 2837 742 2893 nutrix
765 2845 942 2892 vestra
973 2833 1247 2904 superbia,
1271 2847 1432 2903 quam
1455 2830 1702 2886 Christus
1726 2830 1778 2886 in
1809 2829 1991 2886 Evan-

383 2934 529 3006 gelio
558 2932 878 2988 testiﬁcatur
907 2947 921 2983 :
951 2930 1074 3000 quia
1097 2929 1201 2986 etsi
1230 2927 1449 2983 nomina
1482 2936 1663 2984 vestra
1695 2942 1804 2983 nou
1831 2927 1990 2994 dixit,

385 3041 484 3097 per
513 3022 923 3079 similitudinem
957 3029 1136 3075 tamen
1171 3029 1377 3076 vestros
1404 3034 1584 3075 mores
1615 3017 1880 3083 ostendit;
1913 3018 1993 3075 sic

380 3119 526 3176 enim
556 3118 812 3187 scriptum
836 3124 920 3170 est
947 3131 961 3169 :
991 3112 1206 3170 Dicebat
1232 3113 1385 3169 Jesus
1407 3114 1538 3168 hanc
1563 3113 1952 3168 similitudinem
1971 3157 1984 3181 ,

2101 1901 2222 1957 qua:
2261 1902 2290 1939 a
2323 1885 2476 1942 vobis
2506 1884 2642 1942 ﬁunt
2666 1895 2760 1941 aut
2781 1884 2918 1942 facta
2959 1898 3119 1953 sunt,
3160 1888 3283 1959 quis
3310 1888 3509 1960 poterit
3539 1887 3721 1959 expli-

2097 1978 2263 2034 care?
2290 1979 2371 2035 sic
2402 1985 2595 2034 cuncta
2643 1978 2978 2051 malignitate
3007 1979 3241 2051 quadam
3283 1980 3572 2037 ordinasse
3618 1995 3720 2037 vos

2096 2080 2346 2141 constat,
2378 2073 2510 2128 utin
2546 2087 2651 2128 una
2682 2073 2863 2144 specie
2893 2073 3076 2143 Operis
3107 2074 3269 2129 vestri
3290 2115 3304 2141 ,
3336 2077 3549 2146 species
3577 2073 3720 2130 alias

2098 2165 2397 2236 itnpleretis
2429 2181 2443 2218 ;
2477 2175 2534 2220 ιιι
2560 2164 2689 2220 dum
2721 2165 3006 2237 presbyter
3033 2174 3127 2220 aut
3155 2163 3274 2238 (68)
3299 2166 3590 2238 episcopus
3617 2166 3718 2222 de-

2090 2256 2308 2328 jicitur,
2359 2259 2438 2313 sic
2490 2259 2720 2330 populus
2763 2269 3069 2330 caperetur.
3125 2259 3453 2330 Quomodos
3517 2273 3710 2331 posset

2097 2352 2256 2408 turba
2309 2352 2590 2408 hominum
2636 2362 2810 2420 stare,
2844 2369 2964 2425 quae
2991 2364 3260 2411 rectorem
3288 2370 3447 2412 suum
3476 2371 3507 2412 a
3559 2357 3721 2414 vobis

2097 2445 2292 2501 elisum
2329 2461 2451 2502 esse
2477 2448 2858 2518 conspiceret?
2881 2447 3000 2504 Non
3029 2449 3189 2505 aliter
3211 2491 3226 2517 ,
3255 2465 3418 2522 quam
3447 2467 3722 2522 quocum-

2094 2556 2202 2612 que
2228 2557 2357 2596 casn
2379 2582 2395 2606 ,
2444 2552 2660 2612 pastore
2687 2544 2870 2599 occiso
2891 2585 2906 2610 ,
2940 2543 3050 2615 lupi
3105 2554 3445 2616 grassantur.
3477 2546 3719 2603 Exorci-

2097 2640 2262 2692 zastis
2315 2636 2583 2703 ﬁdelesh,
2634 2646 2693 2696 et
2716 2637 2927 2694 lavistis
2957 2639 3076 2696 sine
3121 2655 3284 2696 causa
3341 2641 3718 2712 parietes:ut

2098 2730 2202 2786 hoc
2234 2732 2489 2804 nequitia:
2540 2747 2738 2804 genere
2790 2734 3128 2790 subrueretis
3178 2735 3716 2806 simplicissimorum

2096 2824 2375 2882 hominum
2410 2837 2640 2883 mentes.
2671 2827 2892 2884 Talibus
2918 2829 3165 2886 consiliis
3193 2830 3424 2896 vestris,
3475 2830 3719 2886 nonnul-

2094 2918 2270 2974 lorum
2298 2921 2465 2976 animi
2489 2921 2718 2993 jugulati
2745 2932 2901 2989 sunt,
2950 2934 3004 2978 et
3028 2924 3129 2980 sub
3149 2924 3291 2981 nube
3312 2924 3715 2996 simplicitatis,

2096 3011 2372 3068 obcmcato
2398 3014 2610 3068 astutiae
2641 3012 2868 3078 lumine,
2901 3024 2960 3070 ut
2988 3014 3220 3072 miseros
3249 3010 3599 3084 Sterneretis,
3627 3033 3718 3074 sa-

2096 3107 2260 3176 gittas
2314 3104 2384 3161 de
2435 3105 2689 3176 pharetra
2748 3109 2985 3179 pectoris
3039 3109 3241 3180 veSIri,
3301 3109 3719 3168 seductionibus

381 3221 594 3285 propter
619 3227 705 3267 eo;
735 3211 822 3282 qui
843 3226 896 3266 se
917 3218 1122 3264 sancio;
1165 3217 1379 3278 ραεαηε,
1409 3217 1456 3263 ει
1482 3215 1810 3262 contemnunt
1842 3215 1990 3263 cate-
2023 3205 2073 3267 B
2100 3197 2444 3269 praemisistis
2479 3215 2492 3252 :
2529 3207 2590 3253 ut
2625 3198 2694 3254 de
2720 3199 2876 3256 vobis
2899 3200 3132 3271 Spiritus
3155 3208 3376 3260 sanctus
3417 3218 3516 3275 per
3543 3204 3716 3260 David

378 3288 467 3362 io}
486 3305 617 3380 (Luc
645 3319 801 3371 xvm,
823 3303 903 3376 9).
938 3303 1053 3360 Hoc
1074 3303 1142 3358 de
1165 3302 1317 3357 vobis
1345 3301 1548 3357 dictum
1575 3315 1696 3356 esse
1713 3341 1726 3366 ,
1765 3299 1878 3370 ipsa
1900 3314 1990 3356 res

381 3399 662 3458 evidenter
688 3396 923 3453 ostendit
947 3413 962 3463 ;
991 3396 1118 3452 dum
1151 3410 1247 3452 vos
1271 3394 1423 3468 quasi
1457 3403 1678 3451 sanctos
1703 3393 1986 3462 extollitis,

379 3504 436 3551 et
467 3509 566 3548 nos
593 3490 880 3547 manifeste
908 3487 1558 3561 apertequecontemnitis
1588 3505 1601 3542 :
1633 3485 1986 3561 Duo(inquit)

383 3589 724 3646 ascenderunt
748 3587 801 3640 iit
827 3586 1074 3656 templum
1100 3584 1318 3639 adorare
1337 3625 1352 3651 ,
1383 3600 1516 3638 unus
1558 3575 1908 3648 Pharisazus:
1940 3590 1989 3636 et

383 3700 519 3740 unus
548 3680 866 3735 Publicanus
886 3676 1052 3751 (Ibid.
1089 3678 1202 3748 10).
1257 3677 1564 3732 Pharisteus
1589 3673 1828 3731 tumidus
1849 3716 1864 3742 ,
1893 3689 1986 3729 su-

379 3777 616 3850 perbus,
649 3773 898 3839 inﬂatus,
926 3771 1048 3827 talis
1069 3813 1086 3838 ,
1130 3772 1319 3842 quales
1347 3779 1402 3827 et
1427 3786 1522 3826 vos
1558 3769 1805 3826 videmus
1837 3786 1850 3824 :
1876 3784 1985 3825 non

377 3868 666 3925 humiliato
695 3879 923 3934 corpore
943 3906 957 3928 ,
983 3878 1088 3918 non
1113 3863 1368 3917 inclinata
1393 3863 1642 3930 cervice;
1676 3862 1771 3919 sed
1803 3871 1986 3918 erecta

377 3961 540 4028 facie,
573 3968 630 4016 et
652 3957 874 4015 tumenti
899 3964 1114 4028 pectore
1141 3975 1153 4010 :
1189 3953 1398 4010 Gratias
1418 3955 1525 4022 tibi,
1557 3953 1716 4023 Deus,
1748 3956 1871 4026 quia
1901 3955 1985 4010 ni-

383 4056 460 4112 hil
485 4054 726 4127 peccaui;
776 4052 881 4108 hoc
929 4060 1012 4108 est
1059 4049 1243 4106 dicere
1281 4049 1427 4119 Deo,
1475 4066 1582 4106 non
1615 4050 1790 4106 habeo
1843 4049 1987 4122 quod

2095 3298 2420 3370 prophetam
2451 3298 2503 3353 in
2536 3297 2748 3368 psalmo
2777 3299 3092 3368 prmdixerit
3121 3317 3136 3355 :
3167 3299 3428 3368 Quoniam
3451 3317 3569 3357 ecce
3589 3317 3714 3372 pec-

2095 3401 2292 3446 calores
2318 3391 2645 3447 intenderunt
2675 3408 2853 3447 arcum
2872 3412 2890 3450 ':
2921 3405 3231 3465 paraverunt
3252 3396 3472 3467 sagittas
3501 3396 3559 3450 iu
3580 3394 3717 3466 pha-

2094 3495 2234 3540 retra
2259 3501 2376 3552 sua,
2392 3487 2460 3538 ad
2481 3485 2802 3556 sagittandos
2832 3484 3049 3541 obscura
3071 3487 3197 3542 luna
3217 3499 3383 3542 rectos
3400 3488 3563 3543 Corde
3587 3487 3708 3560 (Ps.

2093 3592 2151 3644 x,
2181 3578 2259 3648 3).
2283 3576 2422 3646 Quid
2443 3593 2473 3631 a
2503 3577 2656 3633 vobis
2687 3578 2863 3633 minus
2884 3578 3087 3634 factum
3107 3589 3191 3634 est
3209 3580 3403 3636 vestris
3424 3581 3715 3637 consiliis!

2092 3671 2318 3728 sauciati
2355 3670 2370 3708 ί
2412 3683 2540 3728 sunt
2566 3672 2881 3729 innocentes
2903 3717 2918 3740 ,
2952 3674 3214 3729 exarmati
3244 3673 3434 3730 ﬁdeles
3461 3717 3476 3743 ,
3500 3673 3714 3732 honore

2092 3766 2330 3822 nominis
2352 3764 2434 3820 sui
2457 3765 2673 3836 spoliati
2703 3774 2831 3822 sunt
2853 3767 3188 3824 sacerdotes.
3211 3767 3256 3824 0
3284 3768 3539 3838 impietas
3557 3770 3714 3824 inau-

2091 3859 2224 3928 dita,
2245 3858 2354 3932 45
2371 3858 2486 3933 (69)
2513 3875 2674 3931 quem
2701 3860 3034 3932 jugulaveris
3059 3861 3201 3918 inter
3226 3862 3567 3933 pteuitentite
3594 3874 3712 3918 tor-

2093 3970 2277 4018 menta
2304 3962 2555 4016 servaret
2595 3959 2743 4033 (70)!
2775 3961 2830 4015 in
2859 3960 3268 4032 comparatione
3292 3962 3476 4032 Operis
3507 3963 3707 4029 vestri,

2092 4053 2366 4111 latronum
2393 4053 2565 4109 levior
2609 4051 2821 4110 videtur
2852 4053 3182 4110 immanitas.
3213 4052 3331 4129 ('ll)
3375 4053 3488 4112 Vos
3525 4057 3708 4112 vivum

1625 4167 1921 4227 LECTION
1928 4169 2013 4237 ES
2051 4172 2473 4233 VARIANTES.

445 4287 473 4350 ξι
496 4287 554 4337 In
576 4299 667 4336 ms.
687 4286 738 4337 S.
763 4285 829 4350 Gz,
845 4282 1134 4350 imperfecti.

438 4346 635 4400 1’ltain
659 4363 775 4399 mss.
800 4347 854 4398 S.
873 4346 933 4398 Τ.
956 4346 1012 4398 et
1030 4349 1089 4399 P.
1111 4348 1165 4400 S.
1192 4349 1249 4402 In
1271 4363 1363 4404 ms.
1384 4347 1437 4400 S.
1465 4349 1525 4401 ϐ.
1551 4349 1759 4404 Joannis
1777 4351 1918 4405 socii.

445 4416 469 4444 ο
500 4413 656 4462 Deest
677 4412 724 4460 in
745 4424 834 4461 ms.
852 4409 911 4461 S.
938 4411 994 4462 G.
1141 4453 1146 4457 .

443 4474 470 4514 d
498 4474 552 4524 In
571 4488 663 4524 ms.
692 4475 744 4524 S.
773 4473 833 4525 G.
859 4472 1101 4527 vocitaris.

447 4542 472 4570 θ
498 4537 726 4587 Additum
751 4537 843 4586 hoc
858 4539 1062 4588 verbum
1086 4553 1150 4595 ex
1173 4552 1263 4590 ms.
1287 4541 1340 4591 S.
1365 4538 1424 4591 G.

446 4601 468 4640 ί
493 4599 567 4652 Ita
589 4599 640 4649 in
662 4614 754 4649 ms.
773 4599 826 4651 S.
851 4600 909 4651 G.
935 4600 993 4652 Iu
1016 4587 1265 4654 ὼεῖίεξτζ
1289 4587 1518 4668 ‘Insuper
1551 4609 1598 4657 et
1615 4617 1763 4669 super
1785 4616 1866 4656 eos
1888 4617 1991 4658 esse
2017 4587 2073 4649 D

2097 4290 2412 4359 gratulamini
2440 4303 2457 4341 :
2481 4302 2628 4406 δείρῃ
2651 4303 2752 4355 vos,
2777 4303 2866 4354 pro
2887 4287 3138 4354 superbos.

2160 4358 2186 4396 8
2212 4355 2271 4406 In
2292 4369 2409 4406 mss.
2435 4356 2487 4406 S.
2555 4391 2568 4404 .
2602 4363 2655 4405 et
2678 4356 2737 4406 P.
2756 4353 2808 4404 S.
2831 4349 3045 4406 quando.

2160 4363 2186 4396 8
2215 4363 2271 4406 In
2292 4369 2409 4406 mss.
2435 4363 2487 4406 s.
2511 4363 2568 4406 '1‘.
2602 4363 2655 4405 et
2681 4363 2737 4406 Ρ.
2756 4363 2808 4404 δ.
2831 4363 3045 4418 quando.

2095 4416 2753 4533 Sobrlnepi‘sfsadditur
2787 4416 2915 4467 istud
2950 4414 3144 4482 ﬁdeles,
3181 4417 3308 4482 quod
3345 4417 3494 4470 deest
3517 4421 3571 4472 in
3588 4433 3706 4472 mss.

2162 4543 2182 4611 ξ
2225 4545 2297 4611 με
2322 4545 2372 4594 in
2413 4559 2504 4595 ms.
2522 4542 2764 4611 _S._G._In
2805 4541 3058 4611 ms._S.;I'.
3087 4544 3253 4611 et_in_
3283 4541 3432 4611 editis
3470 4544 3704 4611 saginati.

2166 4605 2182 4660 i
2225 4607 2296 4658 Ita
2322 4621 2373 4657 in
2398 4621 2489 4658 ms.
2516 4607 2569 4658 S.
2594 4606 2653 4658 G.
2681 4605 2739 4656 In
2759 4617 2877 4656 mss.
2903 4605 2956 4656 S.
2981 4604 3043 4656 T.
3067 4613 3121 4656 et
3142 4606 3201 4656 P.
3223 4607 3276 4658 S.
3302 4607 3497 4659 sarcire.

1747 4706 2107 4768 VARIORUM
2141 4708 2375 4766 NOTAE.

449 4804 569 4876 (65)
612 4801 801 4876 Manus
845 4802 1127 4876 imponitis.
1178 4803 1399 4876 Publice
1425 4813 1479 4860 et
1512 4806 1562 4861 in
1595 4805 1759 4861 missa
1801 4807 1976 4875 pteni-

375 4874 557 4934 tentes
579 4877 706 4931 olim
733 4874 1155 4948 ahsolvebantur
1181 4893 1193 4930 :
1217 4875 1451 4933 Tertull.
1476 4877 1544 4932 de
1573 4874 1832 4946 pudicita,
1858 4896 1980 4948 pro-

372 4960 604 5005 sternens
643 4949 696 5001 in
745 4946 966 5002 medium
999 4962 1018 5002 :
1046 4944 1200 5014 item,
1228 4957 1436 5005 cteleras
1474 4944 1626 5004 etiam
1656 4959 1791 5004 metu
1834 4944 1974 5004 com-

374 5022 484 5094 ples
496 5062 507 5074 .
521 5020 754 5094 Atuase.

450 5091 566 5163 (66')
609 5090 736 5146 Mox.
761 5089 829 5144 ad
858 5089 1024 5163 altare
1046 5092 1296 5146 conversi.
1330 5090 1613 5148 Absolutis
1653 5093 1974 5162 poenitenti-

370 5163 476 5221 bus
504 5165 569 5217 ad
598 5165 773 5217 altare
800 5162 1212 5234 revertebantur
1241 5163 1504 5234 episc0pi.
1536 5167 1766 5222 ALBASP.

448 5234 561 5306 (67)
609 5232 928 5306 Dominicam
961 5232 1448 5306 orationem.'Et-go
1491 5237 1759 5292 absolutio
1810 5237 1977 5293 ﬁebat

371 5303 500 5362 ante
530 5303 830 5360 orationem
873 5303 1205 5360 Dontinicam
1224 5349 1239 5375 ,
1267 5303 1477 5363 et'ahte
1506 5310 1969 5366 communionem.

372 5381 414 5433 A
427 5393 610 5433 LBASP.

444 5450 562 5522 (68)
601 5446 764 5522 Dumi
796 5449 1091 5522 episcopus
1124 5449 1384 5522 dejicitur.
1441 5449 1584 5505 Loco
1639 5461 1970 5507 removetur.

366 5520 600 5595 Tertull.
631 5522 700 5576 de
727 5520 1250 5595 ExhortagMemini
1278 5523 1513 5595 digamos
1556 5522 1667 5595 loco
1701 5523 1928 5595 dejectos
1955 5542 1970 5578 :

367 5593 656 5664 episcopos
685 5609 715 5646 e
747 5593 858 5648 suis
890 5593 1109 5649 sedibus
1159 5593 1521 5648 deturbabant
1546 5635 1560 5656 ,
1595 5593 1769 5648 laicos‘
1806 5593 1973 5650 facie-

365 5665 528 5730 bant;
557 5664 882 5732 ptnnitentia:
915 5681 1106 5720 manus
1133 5665 1212 5720 eis
1240 5665 1612 5736 itnponehant,
1644 5665 1760 5721 hazc
1788 5669 1970 5722 omnia

365 5745 428 5792 ut
466 5736 705 5792 ﬁdelium
750 5736 961 5791 animos
989 5736 1059 5792 ab
1088 5737 1331 5794 Ecclesia
1372 5746 1703 5794 averterent.
1738 5737 1972 5794 ALBASP.

438 5807 558 5882 (69)
590 5807 751 5876 Quem
773 5809 1089 5881 iugulaveris
1109 5808 1241 5865 inter
1280 5809 1650 5883 ptenitentiam.
1681 5809 1818 5868 Alia:
1859 5811 1974 5869 edi-

2087 4805 2410 4880 tionesth
2439 4805 2512 4861 ita
2539 4805 2722 4880 legunt
2746 4820 2766 4858 :
2796 4803 2840 4859 0
2867 4803 3106 4872 impietas
3132 4803 3372 4880 inaudita
3400 4845 3416 4868 ,
3449 4821 3574 4878 quia
3615 4809 3707 4880 ju-

2086 4879 2239 4950 gulas
2268 4879 2400 4932 inter
2430 4875 2738 4950 paenitentiae
2764 4885 3014 4950 tormenta
3065 4875 3284 4950 secure!
3324 4877 3376 4930 in
3424 4875 3704 4950 compara-

2086 4947 2257 5013 iione,
2289 4959 2394 5005 etc.
2450 4949 2604 5017 Quod
2649 4947 3096 5020 prtecedentibusg
3130 4947 3348 5020 quidem
3399 4964 3509 5004 non
3548 4947 3704 5007 ‘male

2084 5022 2340 5078 convenit
2368 5063 2383 5087 ,
2418 5022 2510 5094 sed
2542 5018 2662 5093 (ιυεὺ
2692 5018 3218 5094 sequuntur,__illud
3268 5020 3447 5088 porius
3477 5024 3701 5094 exigere

2083 5093 2334 5163 videntur
2355 5093 2497 5163 quod
2526 5089 2579 5149 in
2611 5094 2710 5149 hac
2739 5089 3000 5147 editione.
3039 5091 3110 5145 Μ.
3144 5089 3380 5147 CLSADB.

2154 5164 2290 5220 Ibid.
2317 5162 2462 5221 Inter
2489 5164 2837 5236 paenitentiam
2858 5173 2906 5220 et
2937 5171 3192 5236 tormenta
3211 5178 3436 5219 seruare.
3469 5164 3698 5236 Episco-

2083 5252 2179 5306 pos
2207 5253 2344 5306 quos
2369 5237 2857 5308 deposuerant.'et
2885 5235 3191 5308 privatione
3218 5235 3573 5307 episcopatus
3600 5254 3691 5295 oc-

2080 5308 2344 5370 ciderant.
2376 5307 2472 5364 eos
2501 5309 2720 5365 demum
2751 5308 2892 5362 inter
2925 5307 3252 5376 pmnitentes
3282 5307 3690 5366 rescribebant:

2078 5379 2184 5508 20c
2200 5391 2315 5436 erat
2331 5380 2607 5452 jugulatos
2629 5394 2855 5436 servare
2880 5379 3020 5434 inter
3041 5388 3307 5435 tormenta
3333 5381 3689 5450 paenitentiae.

2130 5469 2315 5508 casse.

2130 5469 2315 5508 LBASP.

2151 5524 2267 5597 (70)
2303 5526 2468 5594 Quem
2511 5526 2837 5597 jugulaveris
2895 5523 3390 5597 interipmnitentit‘e
3435 5533 3690 5597 tormenta

2077 5594 2296 5651 seruare.
2352 5594 2698 5653 Sacerdotem
2742 5612 2903 5667 quem
2937 5596 3102 5666 gradu
3132 5595 3403 5665 dejeceris
3433 5594 3488 5650 in
3523 5598 3690 5668 paeni-

2078 5671 2260 5723 tentiae
2289 5669 2561 5724 laboribus
2587 5669 2852 5724 detinere.
2883 5669 2959 5724 Do
2985 5669 3101 5723 Pus.

2148 5738 2262 5811 (71)
2309 5741 2412 5795 Vos
2444 5742 2608 5813 vivum
2649 5741 2821 5813 facitis
2852 5741 3210 5813 homicidium.
3245 5741 3436 5800 Sinitis
3478 5740 3686 5811 episcoc

2075 5825 2174 5882 pos
2199 5827 2334 5885 quos
2362 5812 2636 5871 occidistis
2653 5812 2721 5870 et
2744 5827 2882 5884 quos
2905 5812 3168 5879 dignitate
3197 5815 3478 5887 spoliastis
3500 5853 3517 5884 ,
3548 5813 3686 5869 inter
