3974 6324
249 355 354 414 977

1003 353 1092 412 DE
1131 349 1520 413 SCIIISMATE
1563 350 2103 413 DONATISTARUM
2137 353 2343 415 LIBER
2381 353 2771 416 SECUNDUS.

3450 360 3558 417 978

250 469 424 526 facitis
452 467 805 526 homicidium
836 466 991 544 (72):
1020 469 1435 542 lalrojugulatis
1466 469 1559 526 dat
1579 470 1647 526 de
1676 481 1849 526 morte
1874 475 1925 534 Α
1955 473 2212 543 potestis;
2247 485 2303 530 ut
2327 490 2424 546 per
2453 490 2550 530 vos
2583 475 2792 544 plenius
2829 474 3045 547 juretur
3075 517 3092 545 ,
3149 483 3205 532 et
3233 475 3302 532 de
3351 475 3460 532 Deo
3483 477 3559 532 si-

249 565 632 636 compemlium
680 583 693 619 :
739 574 1054 636 paupertate
1123 579 1316 620 sensus
1365 564 1445 620 sui
1499 565 1851 620 circumventi

253 669 375 714 sunt
402 699 416 724 ,
447 672 584 728 quos
609 656 860 728 decipere
910 658 1176 728 potuistis.
1213 656 1442 713 Perfecti
1465 657 1606 712 enim
1640 657 1852 713 fuerant

247 752 322 808 illi
349 794 362 814 ,
386 766 553 825 opere
582 750 787 808 scilicet
824 750 959 818 Dei,
1013 751 1103 822 qui
1136 751 1188 805 in
1234 749 1351 821 ejus
1393 750 1610 806 nomine
1639 748 1854 807 fuerant

244 846 504 903 ordinati.
535 846 600 901 Et
625 860 722 900 vos
747 856 937 900 contra
962 859 1096 916 opus
1121 845 1210 900 Dei
1241 845 1512 901 hostiliter
1535 844 1848 915 militantes,

244 942 489 998 divinum
522 955 658 1011 Opus
685 939 946 996 malitiae“
990 939 1231 996 vectibus
1277 939 1637 994 destruentes.
1671 937 1852 1010 Appa-

242 1047 327 1093 ret
352 1051 484 1108 ergo
508 1034 578 1091 de
609 1035 762 1091 vobis
789 1035 991 1090 dictum
1020 1049 1143 1090 esse
1175 1035 1224 1088 in
1249 1051 1280 1089 x
1307 1034 1516 1104 psalmo
1545 1051 1558 1087 :
1593 1033 1852 1099 Quoniam

239 1145 358 1200 φιω
383 1138 438 1184 tn
479 1128 739 1202 perfecisti
762 1167 777 1194 ,
826 1127 925 1200 ipsi
955 1127 1320 1183 destruxerunt
1350 1124 1474 1197 (Ps.
1503 1143 1556 1192 x,
1587 1125 1671 1198 4).
1706 1125 1854 1182 Fecit

241 1237 341 1279 vos
376 1221 640 1292 superbos
681 1221 933 1293 impietas
974 1230 1152 1279 vestra
1188 1239 1201 1276 :
1233 1220 1326 1277 sed
1351 1229 1574 1275 accusat
1595 1234 1690 1274 vos
1723 1235 1847 1288 pro-

239 1314 484 1386 Spicicns
512 1313 579 1370 de
604 1314 746 1371 caelo
771 1313 976 1384 justitia
1013 1331 1026 1368 :
1073 1323 1128 1370 et
1160 1314 1337 1384 iniqua
1367 1327 1461 1367 vos
1484 1320 1735 1384 gerentes
1765 1295 1852 1368 er-

239 1423 335 1464 ror
365 1407 643 1463 hominum
679 1405 876 1473 laudat,
909 1415 966 1461 ut
987 1407 1055 1461 de
1080 1405 1233 1461 vobis
1262 1404 1314 1460 in
1339 1419 1388 1459 ts
1414 1405 1621 1477 psalmo
1651 1403 1852 1459 dixerit

238 1501 480 1573 Spiritus
511 1511 730 1558 sanctus
753 1542 770 1570 ,
809 1501 1052 1571 quoniam
1097 1500 1344 1556 laudatur
1367 1509 1606 1570 peccator
1634 1500 1687 1553 in
1709 1499 1847 1554 desi-

237 1595 400 1650 deriis
426 1596 616 1650 anintte
641 1609 773 1662 sute;
787 1604 834 1649 et
852 1595 940 1666 qui
968 1594 1144 1665 iniqua
1170 1593 1343 1665 egerit,
1367 1592 1686 1647 benedicatur
1712 1591 1828 1665 (Ps.

236 1689 467 1760 “,24).
514 1689 652 1760 Quid
683 1688 950 1760 iniquius,
1008 1703 1169 1759 quam
1225 1688 1536 1742 exorcizare
1585 1685 1849 1756 Spiritum

237 1796 529 1851 sanctum;
558 1784 746 1840 altaria
776 1781 1055 1853 frangere;
1081 1779 1475 1836 Eucharistiam
1526 1779 1849 1836 animalibus

237 1876 550 1951 projicere?
595 1885 650 1932 et
688 1875 805 1949 (75)
834 1885 889 1930 ut
918 1873 974 1930 in
995 1888 1236 1931 errorem
1268 1888 1367 1928 vos
1411 1885 1590 1930 veSter
1618 1872 1848 1944 populus

236 1969 451 2036 mittat,
487 1967 751 2024 laudando
793 1965 979 2023 felices
1005 1965 1321 2037 appellant,
1351 1974 1407 2022 et
1439 1965 1555 2037 (74)
1586 1965 1722 2022 bene
1747 1981 1844 2020 no-

235 2066 457 2120 tninant
488 2062 603 2134 (75)
630 2105 645 2129 ,
678 2073 731 2118 et
755 2061 824 2117 76
854 2076 950 2132 per
982 2076 1078 2116 vos
1098 2060 1312 2132 jurant,
1347 2069 1404 2118 et
1437 2073 1694 2132 personas
1723 2075 1846 2116 ves-

237 2169 350 2216 tras
368 2159 482 2229 jam
508 2174 606 2230 pro
638 2157 748 2212 Deo
778 2155 983 2212 habere
1013 2164 1328 2211 noscuntur.

304 2249 480 2307 XXII.
510 2248 758 2321 Impietas
786 2247 1176 2303 Donatistarum
1200 2248 1287 2320 qui
1317 2265 1410 2320 per
1437 2263 1560 2303 suos
1597 2248 1850 2322 jurabant

235 2344 535 2416 episcopos.
560 2372 635 2384 —
659 2341 813 2399 Solet
843 2341 987 2398 Deus
1020 2340 1086 2396 ad
1118 2340 1448 2411 probandam
1495 2339 1654 2396 ﬁdem
1683 2341 1737 2396 in
1757 2341 1846 2412 ju-

231 2439 452 2496 ratione
479 2438 547 2494 ab
578 2436 887 2492 hominibus
919 2434 1216 2501 nominari;
1251 2433 1344 2490 sed
1368 2449 1490 2490 cum
1522 2449 1620 2505 per
1644 2451 1740 2489 vos
1758 2434 1846 2506 ju-

234 2543 423 2600 ratur,
440 2531 554 2604 jam
585 2531 726 2604 apud
761 2540 971 2586 vestros
993 2529 1061 2585 de
1089 2529 1198 2584 Deo
1242 2537 1294 2585 et
1325 2527 1540 2584 Christo
1570 2527 1843 2584 silentium

233 2639 318 2684 est
347 2625 402 2684 δ.
453 2626 511 2684 Si
554 2627 618 2681 ad
652 2641 746 2682 vos
776 2625 958 2680 divina
1018 2623 1264 2695 migravit
1313 2623 1382 2679 de
1429 2623 1571 2681 caelo
1620 2623 1843 2694 religio,

233 2722 361 2792 quia
394 2735 489 2790 per
518 2733 616 2775 vos
637 2720 882 2789 juratur,
934 2733 1094 2773 nemo
1139 2724 1380 2772 vestrum
1419 2725 1515 2772 aut
1539 2726 1843 2772 vestrorum

233 2816 529 2887 langueat:
561 2813 732 2869 nolite
781 2812 954 2867 mori:
996 2809 1262 2882 imperate
1307 2808 1537 2866 nubibus
1567 2852 1581 2872 ,
1610 2810 1776 2880 pluite
1800 2811 1846 2867 si

1457 2925 1841 2988 LECTIONES

297 3029 327 3059 ⁸
365 3026 442 3078 Ita
467 3027 519 3077 in
541 3038 631 3076 ms.
653 3025 707 3077 S.
735 3024 795 3076 G.
816 3023 872 3075 In
894 3036 1013 3074 mss.
1040 3022 1092 3074 S.
1117 3021 1177 3074 Τ.
1206 3029 1260 3074 et
1281 3021 1339 3073 P.
1364 3021 1419 3072 S.
1443 3021 1650 3075 ntilitiw.

293 3088 327 3129 δ
364 3090 423 3141 In
440 3105 535 3142 ms.
561 3090 613 3140 8.
638 3088 697 3140 G.
721 3087 909 3140 siletur.

295 3157 322 3188 ο
361 3153 436 3205 Ita
457 3154 507 3204 in
530 3166 622 3203 ms.
649 3153 704 3204 S.
727 3151 787 3204 Τ.
813 3150 1026 3216 iunctum
1045 3145 1227 3202 scilicet
1250 3147 1484 3214 impietati
1507 3147 1839 3219 sacrilegium:

1957 562 2152 620 leatur.
2177 565 2309 621 Nam
2336 575 2391 621 et
2415 566 2687 638 prioribus
2709 565 2921 622 saeculis
2947 609 2963 632 ,
3008 575 3066 622 nt
3093 567 3292 638 templa
3326 567 3557 624 fabrica-

1956 667 2146 714 rentur
2171 701 2186 726 ,
2216 668 2269 716 et
2297 659 2444 715 ldula
2478 660 2691 727 ﬁerent,
2725 659 2853 732 quid
2875 675 2904 716 a
2928 669 3110 716 vestro
3139 661 3340 732 popqu
3366 661 3557 717 diabo-

1955 751 2042 807 lus
2067 753 2235 823 potuit
2259 752 2488 822 amplius
2520 750 2734 808 facere?
2760 751 2892 808 nihil
2916 752 3059 808 aliud
3086 796 3101 820 ,
3133 755 3234 808 nisi
3262 764 3319 810 ut
3345 753 3412 810 de
3448 754 3556 811 Deo

1957 854 2244 914 taceretur,
2271 847 2400 902 dum
2439 862 2533 918 per
2553 861 2794 903 errorem
2826 847 3075 904 homines
3111 848 3182 905 de
3203 848 3321 905 solo
3341 847 3557 906 diabolo

1955 940 2338 1012 loquebantur.

2027 1033 2213 1090 XXIII.
2265 1035 2735 1104 Repreltenduntur
2766 1035 3049 1093 Donatist
3100 1031 3238 1108 quod
3283 1047 3556 1093 unctorum

1953 1124 2054 1181 Dei
2083 1127 2406 1182 sacerdotum
2429 1127 2599 1198 capita
2631 1129 2869 1182 raserint.
2914 1159 2987 1170 —
3012 1127 3058 1184 Ο
3089 1129 3426 1200 sacrilegium
3461 1130 3558 1184 im-

1955 1217 2141 1288 pietati
2170 1220 2517 1274 commissum
2550 1221 2608 1275 c!
2637 1219 2764 1274 dum
2796 1221 3042 1278 homines
3072 1237 3167 1292 per
3189 1238 3288 1276 vos
3310 1222 3554 1293 jurantes

1954 1310 2186 1366 libenter
2214 1312 2432 1378 auditis,
2459 1323 2514 1367 et
2552 1327 2740 1368 vocem
2767 1313 2858 1369 Dei
2892 1314 3114 1371 auribus
3141 1329 3246 1369 non
3272 1313 3554 1370 admittitis
3585 1311 3600 1322 “

1954 1407 2148 1461 vestris
2169 1407 2257 1478 qui
2291 1405 2344 1461 in
2367 1421 2452 1462 ειν
2485 1406 2693 1478 psalmo
2723 1407 2808 1476 (ν.
2843 1407 2943 1478 15)
2973 1408 3052 1462 sic
3074 1407 3148 1462 ait
3174 1426 3187 1462 :
3220 1406 3304 1462 Ne
3333 1408 3558 1480 tetigeri-

1953 1499 2067 1556 ritis
2089 1511 2270 1556 unctos
2294 1518 2432 1556 meos
2457 1518 2476 1570 ;
2505 1518 2667 1572 neque
2685 1502 2739 1556 in
2768 1502 3043 1573 prophetas
3064 1519 3202 1556 meos
3232 1519 3441 1557 manum
3460 1503 3560 1557 mi-

1952 1597 2142 1651 seritis.
2179 1595 2384 1652 Unctos
2414 1606 2595 1652 autem
2626 1612 2748 1653 esse
2769 1606 2824 1653 et
2852 1613 3011 1669 reges
3034 1607 3090 1654 et
3127 1599 3438 1654 sacerdotes
3463 1641 3478 1665 ,
3502 1607 3560 1654 et

1954 1688 2077 1744 libri
2106 1689 2413 1761 Regnorum
2447 1690 2716 1757 indicant;
2749 1698 2804 1745 et
2828 1690 2994 1746 David
3045 1690 3099 1746 in
3129 1691 3338 1762 psalmo
3363 1707 3556 1748 cxxxtt

1957 1783 2114 1858 (v.2)
2149 1785 2226 1839 sic
2251 1783 2355 1839 ait:
2391 1785 2538 1841 Sicut
2559 1795 2874 1856 unguentum
2906 1787 2958 1841 in
2989 1787 3156 1856 rapite
3182 1787 3322 1857 quod
3344 1786 3556 1842 descen-

1878 1899 1927 1960 B
1957 1877 2033 1930 dit
2051 1877 2106 1930 in
2132 1875 2340 1931 barbam
2362 1877 2556 1933 Aaron.
2584 1877 2701 1950 (77)
2733 1878 2798 1933 Et
2823 1888 3000 1934 tamen
3032 1893 3128 1934 vos
3149 1889 3335 1935 contra
3361 1879 3552 1936 iisdem

1951 1969 2157 2026 viribus
2203 1971 2380 2026 conati
2410 1973 2542 2027 estis
2574 1982 2838 2044 praecepta
2881 1981 3228 2029 contemnere
3251 2017 3267 2040 ,
3322 1973 3516 2045 quibus
3537 2017 3553 2041 ,

1951 2061 2042 2132 qui
2077 2062 2242 2118 Deum
2273 2064 2501 2132 timent,
2541 2064 2792 2120 mandata
2831 2075 3100 2120 conantur
3145 2065 3391 2136 implere.
3441 2064 3555 2138 46

1956 2153 2155 2210 Docete
2183 2155 2272 2210 ubi
2295 2155 2451 2212 vobis
2477 2156 2787 2212 mandatum
2828 2167 2948 2220 est,
2975 2156 3092 2229 (78)
3138 2158 3331 2213 radere
3376 2160 3553 2227 capita

1959 2247 2305 2303 sacerdotum
2337 2248 2478 2321 (79),
2507 2264 2630 2304 cum
2662 2264 2692 2304 e
2738 2249 3013 2304 contrario
3037 2251 3146 2304 sint
3184 2257 3264 2305 tot
3305 2249 3554 2321 exempla

1957 2343 2257 2414 proposita,
2289 2343 2404 2399 ﬁeri
2430 2360 2542 2400 non
2572 2344 2792 2400 debere.
2820 2344 2950 2400 Saul
2968 2354 3257 2416 antequam
3281 2353 3552 2415 peccaret,

1954 2437 2081 2506 ungi
2108 2437 2337 2492 meruit:
2372 2446 2495 2508 post
2537 2437 2844 2494 unctionem
2902 2453 3008 2492 non
3066 2437 3265 2494 leviter
3305 2436 3552 2493 offendit.

1949 2530 2063 2588 Hoc
2097 2532 2236 2587 Deus
2264 2547 2386 2586 cum
2437 2529 2732 2599 videretd,
2779 2540 2995 2602 propter
3040 2532 3217 2588 oleum
3266 2549 3371 2586 non
3438 2541 3559 2588 tam

1947 2623 2206 2696 gendum,
2237 2624 2426 2680 volens
2469 2623 2717 2694 exempla
2771 2637 3082 2694 proponere
3108 2665 3123 2690 ,
3171 2623 3548 2694 paenitentiam

1950 2718 2228 2793 prpfessus
2277 2726 2392 2784 est;
2432 2717 2511 2773 sic
2549 2717 2694 2773 enim
2740 2716 2938 2788 legitur
2969 2715 3176 2772 dixisse
3225 2715 3550 2771 Dominum:

1952 2813 2173 2870 Paenitet
2194 2831 2273 2870 me
2290 2814 2502 2871 tinxisse
2531 2812 2663 2869 Saul
2683 2813 2738 2868 in
2767 2827 2938 2884 regem
2977 2809 3024 2887 (I
3054 2809 3184 2884 Reg.
3215 2827 3304 2878 xv,
3339 2809 3430 2883 il)
3457 2826 3473 2876 ;
3498 2818 3554 2866 et

1905 2930 2332 2991 VARIAN'I‘ES.

1947 3030 2138 3096 quippe
2155 3028 2472 3096 sacrilegium
2506 3035 2583 3080 est
2616 3043 2709 3093 per
2731 3029 2981 3096 hominem
2998 3029 3168 3094 jurare
3188 3067 3204 3092 ,
3239 3031 3467 3096 impietas
3487 3031 3554 3082 de

1948 3090 2060 3144 Deo
2080 3091 2232 3143 silere
2256 3106 2313 3141 ac
2335 3093 2440 3151 ejus
2458 3090 2630 3142 vocem
2652 3106 2748 3143 non
2765 3093 2957 3144 audire.

2013 3153 2043 3194 ἀ
2077 3153 2133 3205 In
2157 3169 2247 3205 ms.
2273 3157 2325 3206 S.
2352 3155 2413 3206 Τ.
2434 3153 2645 3220 diceret,
2673 3155 2812 3221 lapsu
2836 3156 3174 3220 exscriptoris.

1587 3257 1947 3318 VARIORUM
1987 3260 2214 3318 NOTAE.

329 3356 569 3412 nitentes
597 3353 851 3428 miseram
880 3354 1043 3411 vitam
1068 3353 1311 3411 trahere:
1365 3353 1468 3410 hoc
1491 3361 1574 3408 est
1607 3394 1622 3420 ,
1667 3353 1847 3410 vivum
1878 3356 1926 3421 Ο
1957 3356 2079 3410 bene
2103 3374 2216 3422 nos,
2247 3357 2370 3412 bene
2391 3373 2511 3422 vos,
2555 3355 2681 3411 bene
2709 3365 2938 3410 nostram
2985 3355 3134 3410 etiam
3166 3354 3550 3428 Stephanium:

274 3428 593 3484 omicidium
618 3426 816 3483 facere.
841 3429 1069 3482 ALBASP.

309 3500 453 3556 Ibid.
491 3499 594 3554 Vos
615 3509 786 3554 autem
811 3499 977 3553 vivum
1033 3497 1374 3552 homicidium
1413 3497 1606 3566 facitis.
1655 3497 1758 3552 Pro
1785 3514 1851 3554 eo

236 3572 378 3628 dixit
408 3571 552 3643 quod
584 3580 689 3634 est,
722 3584 821 3625 vos
846 3570 1162 3626 deturbatos
1192 3571 1349 3626 bonis
1394 3579 1455 3643 ct
1476 3568 1848 3643 dignitatibus,

237 3641 539 3700 summates
566 3643 712 3698 viros
743 3643 928 3697 vivere
983 3643 1034 3697 in
1083 3656 1295 3713 pinnam
1329 3682 1344 3707 ,
1375 3642 1524 3697 velut
1570 3641 1700 3712 ipsis
1748 3641 1849 3697 sibi

237 3715 566 3786 superstites
586 3714 784 3770 facitis.
820 3713 1000 3769 Manil.
1029 3715 1169 3770 libro
1196 3729 1228 3768 ν
1263 3731 1277 3766 :

330 3807 557 3869 Virginis
577 3815 630 3858 et
652 3807 776 3858 vivat
800 3808 989 3869 rapitur
1009 3806 1119 3856 sine
1142 3804 1320 3856 funere
1341 3804 1503 3855 funus.

239 3891 389 3948 Bona
423 3901 584 3962 atque
610 3891 897 3962 dignitates
925 3932 938 3954 ,
964 3891 1130 3962 altera
1172 3889 1479 3962 hominibus
1528 3888 1636 3962 vita
1666 3929 1679 3952 ,
1711 3887 1850 3962 alter

238 3975 366 4018 Sltlll
392 3959 612 4034 sanguis
639 3959 742 4028 ,ut
779 3961 1198 4034 jurisconsultus
1227 3961 1488 4034 _ba_rbar3e
1520 3961 1666 4015 vocis
1687 4002 1702 4026 ,
1747 3959 1850 4034 mi-

239 4035 390 4091 nime
410 4031 539 4090 vero
567 4031 812 4099 mentis,
864 4031 1154 4088 Accursius
1206 4032 1363 4088 dixit.
1413 4031 1578 4098 Cujus
1634 4031 1849 4100 generis

237 4107 345 4162 alia
377 4106 562 4162 videre
589 4118 639 4159 te
671 4106 919 4161 volumus
950 4107 1088 4172 apud
1134 4104 1292 4160 Joan.
1328 4104 1617 4172 Meursium
1651 4145 1665 4168 ,
1700 4103 1840 4172 opti-

239 4195 411 4243 mum,
446 4177 869 4234 eruditissimum
897 4218 910 4237 ,
937 4177 1197 4243 nobisque
1227 4176 1615 4231 amicissimum
1648 4175 1843 4240 virum,

240 4250 882 4305 inanimadversionibus
937 4247 1213 4304 Miscellis.
1257 4248 1507 4316 Ejusdem
1555 4247 1846 4302 sententia

238 4333 324 4378 est
357 4321 571 4392 Ulyssis
607 4319 673 4375 ad
704 4321 1006 4392 Penelopen
1037 4334 1224 4374 versus
1253 4320 1390 4389 apud
1420 4319 1700 4374 Ovidium:
1753 4357 1758 4361 .

336 4414 543 4464 Viscera
567 4420 750 4473 nostra,
777 4418 874 4464 tua:
896 4412 1226 4462 dilacerantur
1246 4424 1383 4474 opes.
1422 4411 1614 4462 ΒΑΜ-ιι.

313 4499 438 4572 (72)
481 4498 659 4552 Vivum
691 4500 860 4570 facitis
891 4497 1240 4572 homicidium.
1268 4496 1567 4572 Episctipos
1593 4509 1726 4566 quos
1751 4509 1843 4549 oc-

238 4567 456 4627 cidistis
481 4572 622 4639 quod
655 4567 858 4640 spectat
891 4573 954 4622 ad
985 4571 1146 4622 vitam
1193 4568 1425 4640 civilem,
1471 4567 1520 4620 id
1549 4578 1631 4621 est
1662 4607 1678 4633 ,
1707 4581 1844 4640 quos

240 4643 452 4699 honore
482 4637 536 4697 et
557 4637 813 4712 dignitate
847 4641 1118 4712 spoliastis
1153 4681 1167 4705 ,
1198 4639 1450 4712 miseram
1493 4641 1654 4692 vitam
1705 4637 1846 4712 inter

241 4715 575 4783 renitentes
608 4711 821 4769 trahere
842 4714 1054 4785 cogitis,
1088 4711 1188 4766 hoc
1211 4722 1293 4766 est
1321 4752 1336 4778 ,
1365 4711 1529 4764 vivum
1552 4713 1721 4780 facere
1751 4711 1844 4764 ho-

240 4789 532 4842 micidium.
561 4786 637 4840 Du
675 4785 785 4841 PIN.

312 4856 433 4931 (75)
461 4858 527 4912 Et
554 4869 606 4910 ut
632 4859 683 4910 in
705 4873 926 4931 errorem
953 4871 1040 4910 vos
1069 4867 1230 4931 uester
1259 4854 1482 4931 populus
1517 4852 1842 4931 ’Μαρκίου-

241 4922 424 4984 dando
446 4931 622 5000 felices
653 4929 947 5000 appellant,
973 4938 1018 4981 et
1061 4927 1185 5000 bene
1208 4922 1474 5000 nominant
1506 4968 1522 4991 ,
1567 4932 1672 4980 etc.
1707 4922 1843 5000 Bene

240 4997 546 5068 nominant,
579 5000 628 5054 id
681 4997 799 5066 est,
832 5000 969 5054 loco
1003 4999 1182 5053 omnis
1233 4998 1358 5054 boni
1403 5007 1582 5054 vestra
1625 4997 1842 5052 nomina

243 5076 544 5144 proferunt.
577 5071 821 5126 Tibullus
853 5073 891 5126 I.
922 5087 982 5138 tl,
1012 5072 1151 5141 eleg.
1187 5070 1213 5125 1
1245 5088 1257 5124 :

335 5165 438 5216 Sed
464 5165 597 5215 bene
617 5162 890 5214 Messallam
913 5177 1002 5213 sua
1025 5164 1236 5226 quisque
1257 5161 1317 5212 ad
1342 5160 1512 5226 pocula
1536 5162 1696 5226 dicat:

398 5227 588 5290 Nomen
611 5233 663 5276 et
685 5227 908 5276 absentis
929 5224 1122 5290 singula
1148 5224 1297 5276 verba
1317 5224 1512 5275 sonent.
1576 5224 1759 5275 Bsn'rn.

315 5331 436 5404 (74)
474 5331 541 5386 Et
571 5331 705 5404 bene
724 5333 1009 5386 nominant.
1043 5331 1096 5404 Id
1119 5339 1226 5396 est,
1261 5331 1374 5404 loco
1388 5329 1575 5404 ominis
1589 5329 1708 5384 boni
1735 5346 1849 5404 ves-7

243 5401 559 5459 tra'nontina
586 5403 854 5472 proferunt
879 5419 898 5457 :
921 5405 999 5458 vir
1036 5403 1229 5458 doctus
1249 5402 1316 5456 ad
1363 5403 1507 5456 hunc
1534 5402 1733 5469 locum,
1756 5401 1850 5472 qui

244 5478 410 5532 etiam
441 5475 648 5547 profert
675 5476 853 5530 locum
879 5474 1113 5530 Tibulli:

339 5568 440 5630 Sed
465 5567 596 5617 bene
622 5565 896 5616 Messallam
915 5580 1004 5616 sua
1021 5567 1230 5630 quisque
1249 5565 1308 5614 ad
1328 5563 1498 5627 pocula
1517 5563 1664 5624 dicat,

401 5629 592 5680 Nomen
613 5637 668 5680 et
685 5630 935 5690 absentis,
958 5629 1150 5692 singula
1180 5630 1330 5678 verba
1347 5633 1541 5679 sonent.

320 5716 454 5772 Illud
474 5715 707 5771 fortasse
729 5731 916 5770 verum
945 5757 958 5780 ,
981 5715 1074 5768 sed
1097 5713 1199 5767 hoc
1223 5729 1407 5782 parum
1459 5711 1705 5781 apposite
1737 5753 1751 5773 ,
1804 5710 1859 5766 ni

252 5787 430 5844 fallor.
461 5786 620 5842 Aliud
649 5789 791 5842 enim
823 5795 908 5842 est
952 5787 1242 5842 amicorum
1276 5827 1292 5852 ,
1331 5784 1442 5839 sive
1472 5784 1814 5853 praesentium
1845 5825 1860 5850 ,

1955 3428 2124 3494 aliud,
2153 3445 2339 3501 nomen
2357 3429 2612 3501 alicujus,
2645 3429 2852 3501 ominis
2901 3427 3016 3482 boni
3068 3427 3551 3501 causau'proferre;

1954 3501 2098 3570 quod
2125 3499 2216 3570 qui
2245 3500 2389 3566 facit,
2423 3498 2522 3555 sibi
2549 3499 2726 3568 potius
2752 3501 2889 3556 bene
2920 3510 3188 3569 precatur.
3218 3498 3334 3553 Non
3365 3515 3452 3570 me
3475 3500 3552 3552 la-

1956 3569 2061 3634 tet,
2093 3569 2225 3628 deos
2255 3587 2471 3643 quoque
2497 3571 2732 3643 deasque
2762 3571 3023 3643 appellari
3067 3571 3259 3624 solitos
3285 3587 3312 3622 a
3363 3569 3551 3643 biben-

1955 3644 2117 3709 tibus,
2142 3659 2277 3714 quos
2307 3642 2640 3713 probabilius
2673 3643 2798 3698 boni
2831 3642 3028 3714 ominis
3054 3656 3214 3714 causa
3246 3642 3550 3714 nominatos

1953 3712 2262 3783 puteszsed
2286 3712 2415 3770 illud
2457 3730 2630 3781 neque
2660 3714 2726 3768 ad
2759 3716 2901 3769 hunc
2921 3712 3102 3784 Optati
3126 3755 3141 3779 ,
3175 3729 3350 3782 neque
3398 3713 3551 3768 illum

1953 3787 2152 3842 Tibulli
2198 3787 2373 3842 locum
2417 3786 2673 3857 pertinet.
2736 3785 2919 3840 Possis
2966 3786 3128 3840 etiam
3172 3785 3549 3857 interpretari,

1953 3859 2076 3913 bene
2105 3856 2644 3928 nominant.’quoties
2689 3859 2966 3910 nominant
2999 3897 3016 3928 ,
3042 3857 3329 3911 benedictos
3368 3856 3552 3928 appel-

1953 3929 2102 3985 lant:
2149 3929 2423 4000 quomodo
2450 3927 2826 3984 i'l'ertullianus
2857 3927 3147 3982 benedictos
3183 3938 3239 4000 et
3262 3927 3551 3981 benedictas

1954 3998 2181 4072 proprie
2214 4001 2523 4072 designatos
2577 4010 2883 4072 martyres,
2934 4000 3115 4069 paucis
3176 3998 3242 4053 ad
3298 4008 3551 4072 martyres

1951 4070 2458 4144 Capitibusszepius.
2505 4070 2915 4144 Solitos—autem
2951 4072 3255 4144 DonatiSIas
3292 4070 3356 4122 de
3379 4086 3552 4138 perse-

1953 4143 2154 4198 cutione
2192 4143 2598 4208 Catholicorunt,
2629 4143 2827 4212 passim
2869 4143 3061 4213 qttmri,
3089 4151 3145 4196 et
3166 4155 3286 4196 sese
3308 4155 3548 4213 suosque

1951 4217 2187 4289 veritatis
2202 4226 2456 4289 martyres
2483 4211 2815 4286 nuncupare,
2850 4211 3095 4284 pluribus
3119 4213 3282 4269 docet
3333 4211 3546 4283 Augus-

1953 4289 2116 4342 tinus.
2141 4287 2208 4343 Μ.
2239 4287 2470 4344 ΟΑςλυΒ.

2024 4360 2138 4432 (75)
2161 4359 2298 4432 Bene
2327 4361 2609 4432 nominant.
2639 4359 2796 4432 Bcne_
2817 4356 3326 4432 precantur_vobis:
3349 4369 3448 4411 vos
3489 4365 3550 4411 ut

1949 4428 2167 4486 sanctus
2196 4441 2250 4486 et
2270 4431 2364 4486 Dei
2407 4431 2610 4486 amicos
2654 4429 2968 4497 praedicant.
3002 4431 3078 4484 Du
3108 4428 3222 4483 PIN.

2025 4502 2140 4574 (76)
2169 4501 2272 4574 Per
2295 4519 2380 4556 vos
2402 4503 2601 4574 jurant.
2629 4501 2754 4556 Haec
2779 4501 2844 4574 ad
2873 4501 3136 4574 Donatum
3160 4498 3549 4574 Carthaginen-

1949 4570 2063 4630 sem
2093 4570 2378 4630 referenda
2402 4570 2568 4639 sunt,
2612 4575 2701 4644 qui
2733 4572 3034 4643 patiebatur
3075 4580 3133 4626 ut
3157 4585 3254 4641 per
3284 4584 3343 4626 se
3372 4570 3548 4625 homi-

1951 4662 2046 4701 nes
2065 4646 2334 4714 jurarent.
2364 4649 2591 4700 Atnsse.

2020 4709 2154 4773 Ibid.
2182 4716 2284 4772 Per
2310 4733 2396 4771 vos
2432 4715 2640 4787 jurant,
2673 4725 2719 4769 et
2764 4731 3006 4782 personas
3050 4723 3241 4768 vestras
3283 4730 3408 4787 pro_
3437 4709 3548 4767 Deo

1873 4760 1922 4822 D
1949 4788 2136 4844 habere
2159 4760 2459 4844 noscuntur’.
2491 4760 2701 4842 Vide'cl
2731 4760 2824 4841 li'I).
2856 4804 2935 4842 ιιι.
2969 4786 3218 4842 Horatius
3242 4760 3544 4840 carminum

1951 4862 2044 4916 lib.
2073 4877 2146 4928 ιν,
2177 4863 2267 4915 od.
2301 4862 2356 4926 5,
2390 4860 2456 4914 ad
2488 4861 2823 4929 Augustum:

2133 4953 2259 5004 Hine
2280 4953 2337 5002 ad
2361 4954 2472 5002 vina
2495 4952 2625 5002 redit
2647 4953 2790 5002 laetus
2809 4957 2860 5003 et
2883 4952 3053 5003 alteris

2194 5015 2268 5066 'l‘e
2287 5019 2472 5066 mensis
2492 5015 2693 5066 adhibet
2715 5015 2893 5066 Deum.

1947 5100 2079 5157 Item
2105 5120 2117 5154 :

2044 5191 2384 5256 Juraudasque
2415 5197 2552 5242 tuum
2579 5205 2668 5256 per
2691 5203 2870 5241 nomen
2895 5191 3122 5310 popimus
3141 5200 3267 5239 aras.

2985 5269 3186 5310 ncanr.

2985 5269 3186 5310 NCEBT.

2029 5350 2143 5422 (77)
2173 5351 2240 5405 Et
2279 5360 2449 5406 tamen
2471 5365 2558 5405 vos
2609 5359 2788 5422 contra
2813 5349 3021 5422 easdem,
3045 5351 3194 5402 uires.
3219 5345 3382 5401 Miror
3409 5344 3553 5400 unde

1955 5420 2072 5478 hare
2097 5423 2152 5478 in
2183 5423 2459 5478 meliorem
2493 5423 2633 5478 hanc
2663 5420 2957 5478 editionem
3010 5421 3330 5489 irrepserint
3357 5461 3372 5484 ,
3423 5432 3547 5489 cum

1957 5496 2154 5551 melius
2185 5505 2339 5550 antea
2368 5495 2672 5565 legeretur:
2721 5503 2765 5546 et
2797 5504 2965 5548 tamen
2994 5506 3082 5544 vos
3112 5487 3292 5544 contra
3321 5531 3337 5556 ,
3369 5487 3553 5542 iisdem

1956 5567 2148 5622 viribus
2172 5567 2366 5630 conati,
2395 5563 2500 5620 etc.
2533 5566 2601 5621 Μ.
2630 5563 2862 5621 ΟΑεΑυΒ.

2030 5639 2162 5765 ((78)
2185 5637 2387 5693 Radere
2408 5638 2576 5710 capita
2604 5637 2944 5691 sacerdotum.
2972 5631 3355 5690 Puenitentium
3377 5631 3554 5699 capita

2067 5711 2295 5765 ebantur
2320 5720 2375 5765 et
2395 5707 2578 5764 cinere
2604 5707 3062 5765 asneraebantur;
3095 5705 3273 5765 itaque
3312 5718 3434 5757 curn
3465 5718 3554 5758 sa-

1966 5705 2295 5766 radebantur
2320 5720 2375 5766 et
2395 5705 2578 5764 cinere
2604 5707 3062 5778 aSpergebantur;
3095 5705 3434 5778 itaquecutn
3465 5718 3556 5778 sa-

1966 5783 2275 5838 cerdotibus
2327 5773 2696 5848 [stertitentiam
2729 5773 3070 5849 imponerent
3110 5773 3402 5832 Donatista:
3427 5819 3442 5843 ,
3473 5777 3555 5830 eis

261 5861 378 5916 sive
406 5859 714 5915 absentium
769 5861 907 5914 inter
938 5857 1224 5914 bibendum
1271 5857 1583 5925 tueminissc
1607 5897 1621 5920 ,
1671 5867 1724 5910 et
1754 5854 1863 5910 illis
1965 5857 2139 5925 capita
2169 5853 2696 5920 radebant.ALaAsp.

267 5932 408 5990 bene
438 5933 651 6002 precari
680 5929 923 5987 Plautina
949 5930 1036 5985 illa
1064 5929 1316 5985 formula:
1352 5924 1489 5983 Bene
1515 5944 1616 5993 me,
1648 5927 1770 5983 bene
1789 5936 1859 5993 te,

2046 5896 2982 5992 iii)"his};'iZEiiS'Jmaomm.
3036 5917 3315 5976 Radebant
3379 5896 3558 5974 Dona-3
