3974 6324
403 366 507 423 9ἷ9

1585 356 1830 416 S.\NCT|
1872 354 2120 415 Ul’TATi
2164 355 2473 415 EPISCOPI

3599 355 3703 415 9H)

405 483 590 553 utique
614 481 785 553 potuit
815 481 961 537 Deus
990 479 1166 535 oleum
1196 476 1340 550 quod
1370 477 1591 534 dederat
1625 478 1858 532 auferre.
1887 473 1996 533 Sed
2026 478 2073 541 Α
2103 475 2395 532 evertendas
2446 475 2643 530 animos
2688 471 2903 545 (Ezech.
2931 490 3044 540 snt,
3093 473 3203 547 18).
3261 471 3380 549 (88)
3425 472 3705 530 invenistis

405 591 530 631 cum
559 574 725 629 voluit
748 572 965 639 docere,
997 589 1103 627 non
1128 570 1326 627 debere
1353 568 1594 642 contingi
1635 569 1814 626 oleum
1838 569 2001 625 etiam

404 668 459 723 in
488 676 806 737 peccatore:
836 664 954 736 ipse
981 664 1072 736 qui
1097 663 1361 732 dederat,
1406 661 1780 736 paenitentiam
1811 661 1998 733 gessit.

405 759 573 833 igitur
598 759 765 827 Deus,
789 759 857 827 si,
886 768 945 814 ut
973 768 1024 813 te
1045 756 1288 825 doceret,
1306 756 1449 829 quod
1474 755 1626 825 dedit
1651 753 1866 810 auferre
1893 756 2002 810 non

404 850 601 923 potuit,
635 864 733 921 per
761 849 903 922 quod
927 849 1134 905 noluit:
1160 858 1217 905 tu
1243 851 1363 921 quis
1388 864 1449 905 es
1467 890 1482 914 ,
1506 859 1566 903 ut
1612 846 1827 903 auferas
1858 843 2003 918 quod

298 984 301 987 -
406 959 516 1000 non
547 943 781 1000 dedisti?
834 951 890 998 et
920 943 1011 1015 qui
1064 957 1258 1015 parare
1311 941 1550 998 debebas
1596 955 1754 996 aures
1794 938 1860 994 ad
1904 954 2003 1015 su:

406 1039 703 1106 diendum,
731 1037 933 1109 parasti
987 1037 1305 1093 novaculam
1355 1035 1421 1092 ad
1452 1032 1907 1106 delinquendum:
1951 1040 2008 1088 et

406 1146 530 1188 cum
557 1131 786 1202 possetis
810 1144 932 1187 esse
954 1129 1051 1186 filii
1078 1129 1192 1195 Dei,
1223 1128 1317 1184 lilii
1341 1127 1621 1184 hominum
1651 1140 1775 1183 esse
1804 1125 2007 1182 voluis-

404 1228 596 1295 tis;et
627 1227 695 1283 ad
737 1226 1068 1300 inﬂgendum
1124 1241 1364 1282 morsum
1419 1222 1715 1279 honoribus
1763 1220 1959 1278 alienis
1989 1261 2005 1287 .

405 1320 598 1377 dentes
624 1329 836 1376 vestros
865 1317 921 1374 in
944 1320 1165 1391 sagittas
1186 1328 1242 1375 et
1283 1332 1434 1373 arma
1482 1314 1723 1372 vertistis
1749 1330 1764 1381 ;
1798 1313 2009 1385 linguas

406 1416 631 1471 acuistis
654 1413 707 1469 in
729 1414 965 1485 gladios:
998 1412 1263 1483 impleatis
1286 1410 1430 1482 quod
1449 1408 1517 1467 de
1539 1409 1694 1465 vobis
1721 1409 1774 1464 in
1798 1407 2010 1481 psalmo

408 1522 500 1565 ινι
529 1509 789 1579 scriptum
829 1516 943 1563 est:
970 1504 1101 1561 Filii
1119 1506 1383 1561 hominum
1406 1546 1422 1572 ,
1454 1504 1631 1560 dentes
1662 1519 1839 1560 eorum
1866 1519 2013 1559 anna

410 1612 458 1658 et
483 1603 706 1675 sagittte,
739 1610 787 1657 et
808 1601 986 1673 lingua
1006 1615 1181 1656 eorum
1210 1600 1418 1673 gladius
1446 1597 1764 1672 ucutns(Ps.
1797 1614 1904 1665 LVI,
1926 1597 2010 1672 4).

487 1695 678 1752 XXIV.
712 1691 922 1768 Injuria
961 1697 1102 1767 facta
1146 1710 1179 1748 α
1234 1692 1522 1749 Donatistis
1561 1694 1702 1749 omni
1748 1693 2015 1748 hominum

410 1788 588 1861 generi
617 1798 664 1843 et
695 1788 836 1844 artati
864 1804 955 1861 per
981 1787 1359 1861 impositionem
1388 1802 1631 1842 manuum
1671 1787 1726 1841 in
1768 1787 2019 1858 paeniten-

2109 583 2341 641 pueros;
2367 567 2434 625 de
2464 568 2783 640 poenitentia
2835 569 3139 639 sauciastis,
3166 584 3234 626 ne
3259 569 3422 641 aliqui
3467 566 3707 624 ordinati

2107 663 2429 736 potuissent.
2464 663 2757 735 Agnoscite
2783 678 2881 719 vos
2907 664 3115 719 animas
3156 662 3439 720 evertisse.
3466 661 3708 720 Invenis-

2111 756 2180 812 lis
2202 755 2325 831 (89)
2354 755 2545 813 fideles
2572 757 2822 829 antiquos
2846 797 2862 824 ,
2894 756 3099 813 fecistis
3126 755 3474 828 parnitentcs.
3503 754 3713 827 Agnos-

2109 850 2216 907 cite
2240 866 2335 906 vos
2360 850 2573 906 animas
2595 850 2880 908 evertisse.
2926 850 3217 908 invenistis
3246 851 3529 920 diaconos,
3567 860 3715 922 prcs-

2110 944 2368 1017 byteros,
2405 941 2522 1019 (90)
2566 945 2856 1016 episcOpos
2882 986 2897 1012 ,
2933 944 3133 1002 fecistis
3179 943 3368 1001 iaicos.
3422 944 3717 1017 Agnoscite

2112 1050 2209 1092 vos
2236 1035 2447 1091 animas
2472 1036 2755 1094 evertisse.

2185 1128 2354 1187 XXV.
2383 1128 2580 1186 Iterum
2605 1131 2659 1186 in
2686 1130 3005 1200 Donatistas,
3031 1130 3121 1203 qui
3161 1130 3447 1187 sacerdotes
3474 1131 3722 1187 innocen-

2114 1233 2185 1282 tes
2213 1226 2461 1299 dignitate
2480 1236 2524 1281 et
2552 1225 2745 1282 honore
2784 1227 3074 1300 spoliabant
3100 1236 3147 1282 et
3199 1227 3525 1298 pmnitentia:
3565 1227 3718 1281 addi-

2116 1321 2318 1377 cebant.
2348 1350 2422 1362 —
2447 1319 2565 1395 (9i)
2612 1320 2805 1377 Socius
2853 1331 2907 1378 et
2948 1336 3134 1378 comes
3173 1332 3355 1378 veSter
3395 1320 3720 1393 jamdudum

2116 1413 2315 1480 fuerat,
2345 1414 2429 1469 cui
2463 1429 2608 1469 nunc
2640 1428 2832 1469 manus
2873 1414 3076 1471 inferre
3107 1424 3335 1472 conatus
3365 1422 3462 1472 es:
3517 1416 3723 1485 pariter

2116 1506 2454 1563 currebatis:
2488 1504 2571 1563 fac
2610 1506 2759 1563 illum
2785 1522 3038 1579 peccasse
3085 1506 3229 1581 (cum
3283 1519 3565 1580 peccatum
3617 1518 3722 1566 non

2117 1616 2241 1658 esse
2280 1601 2516 1671 constet)
2538 1616 2553 1667 ;
2578 1599 2797 1671 jacebat
2818 1610 2876 1656 ut
2904 1601 3180 1657 aestimas:
3213 1601 3257 1657 si
3288 1600 3616 1674 Apostolum
3648 1601 3725 1656 lc-

2119 1695 2270 1769 gisti,
2305 1704 2361 1751 tu
2392 1693 2511 1751 vide
2536 1696 2620 1751 cui
2651 1704 2794 1765 stes,
2823 1701 2881 1752 et
2903 1695 2979 1752 illi
3000 1696 3084 1751 cui
3104 1695 3282 1768 jaceat
3308 1702 3322 1752 ξ
3350 1697 3394 1753 si
3416 1710 3613 1754 servus
3639 1712 3723 1767 es,

2119 1788 2398 1846 dominum
2432 1802 2782 1861 recognosce,
2813 1798 2867 1846 et
2908 1789 3150 1863 intellige
3171 1836 3187 1860 ,
3212 1790 3338 1863 quia
3367 1800 3473 1847 non
3507 1791 3604 1849 tibi
3643 1793 3728 1865 ja-

412 1883 557 1939 tiam.
582 1912 653 1923 -
700 1881 844 1953 Ergo
895 1881 1109 1954 linguas
1156 1890 1368 1937 vestras
1421 1881 1645 1937 acuistis
1690 1881 1744 1938 in
1775 1880 1983 1953 gladios
2008 1925 2025 1953 ,
2057 1887 2107 1951 B
2133 1882 2291 1939 cebat
2314 1923 2330 1950 ,
2361 1882 2450 1953 qui
2480 1889 2658 1938 tecum
2685 1882 2845 1953 paulo
2888 1892 3016 1939 ante
3056 1882 3326 1940 currebat.
3356 1884 3498 1955 Quid
3529 1885 3582 1940 in
3629 1900 3727 1956 po-

410 1991 548 2045 quas
576 1975 820 2032 movistis
848 1973 965 2049 (80)
1018 1977 1072 2031 in
1104 1984 1310 2031 mortes
1337 2016 1353 2042 ,
1397 1990 1504 2031 non
1550 1990 1838 2046 corporum
1868 2018 1885 2045 ,
1918 1974 2015 2033 sed

410 2068 679 2124 honorum
699 2087 710 2124 :
734 2068 1025 2141 jugulastis
1053 2083 1159 2125 non
1185 2069 1451 2135 membra,
1494 2069 1609 2143 (8i)
1640 2068 1736 2125 sed
1769 2071 2011 2127 nomina.

413 2162 553 2231 Quid
576 2162 819 2233 prodest,
851 2163 975 2234 quia
1006 2163 1193 2218 vivunt
1214 2161 1483 2232 homines,
1515 2169 1571 2219 et
1595 2160 1715 2237 (82)
1740 2162 1948 2219 honore
1978 2176 2010 2219 a

414 2258 571 2313 vobis
614 2256 780 2314 occisi
817 2257 983 2312 sunt?
1041 2257 1226 2313 valent
1290 2255 1508 2330 quidem
1564 2257 1866 2326 membris,
1917 2257 2017 2314 sed

413 2360 619 2421 ereptae
665 2358 882 2422 portant
926 2348 1121 2406 funera
1165 2349 1464 2421 dignitatis.
1514 2348 1629 2423 (85)
1687 2350 2020 2409 Extendistis

417 2441 563 2497 enim
594 2456 810 2497 manum
841 2484 856 2509 ,
888 2449 946 2498 et
973 2456 1139 2513 super
1182 2456 1345 2498 omne
1384 2451 1545 2513 caput
1577 2440 1695 2516 (84)
1742 2443 2020 2500 mortifera

418 2535 688 2591 velamina
730 2534 1129 2607 prmtendistis:
1182 2543 1239 2590 ut
1293 2548 1415 2590 eum
1464 2533 1573 2590 sint
1622 2534 1789 2609 (sicut
1855 2551 2019 2608 supra

420 2629 556 2702 dixi)
583 2628 705 2704 (85)
735 2640 967 2701 quatuor
988 2644 1188 2702 genera
1216 2629 1451 2700 capitum
1474 2628 1527 2684 in
1574 2629 1816 2687 Ecclesia
1837 2674 1853 2701 ,
1911 2634 2026 2704 epi-

421 2711 736 2797 scoporum,
768 2725 1235 2803 presbyterorum,
1262 2724 1638 2796 diaconorum,
1668 2736 1724 2783 et
1744 2726 2022 2784 ﬁdelium:

426 2823 547 2899 (86)
574 2840 674 2881 nec
698 2826 793 2879 uni
823 2836 1045 2894 parcere
1075 2822 1346 2879 voluistis:
1378 2823 1495 2898 (87)
1517 2826 1787 2880 evertistis
1813 2827 2027 2883 animas

422 2918 730 2973 hominum.
759 2917 869 2973 llos
898 2928 1050 2973 actus
1082 2925 1292 2973 vestros
1315 2918 1430 2973 odit
1471 2918 1614 2974 Deus
1654 2918 1710 2974 in
1740 2918 2028 2976 Ezechiele

421 3014 714 3087 propheta,
742 3029 867 3070 cum
895 3013 1053 3070 dicit:
1084 3030 1160 3070 vce
1185 3014 1494 3087 facientibus
1517 3016 1771 3081 velamen,
1796 3017 1899 3074 hoc
1919 3027 2024 3087 est,

425 3108 835 3183 imponentibus
891 3121 1110 3167 manum
1166 3124 1322 3181 super
1385 3124 1585 3164 onmem
1650 3120 1852 3167 aetatem
1898 3120 1924 3149 α
1960 3110 2030 3166 ad

2122 1985 2374 2033 testatem
2406 1976 2637 2032 alienam
2681 1974 2881 2031 irruis?
2914 1975 3042 2048 quid
3080 1978 3399 2033 temerarius
3427 1975 3526 2032 Dei
3558 1977 3731 2033 tribu-

2126 2070 2213 2126 nal
2244 2067 2535 2125 ascendis?
2562 2078 2617 2124 et
2642 2083 2764 2125 cum
2798 2069 2914 2140 ipse
2943 2070 3019 2125 sis
3047 2083 3207 2138 reus,
3255 2070 3307 2125 in
3335 2072 3573 2126 alterum
3624 2084 3728 2125 au-

2124 2164 2222 2221 des
2268 2164 2409 2220 ferre
2458 2162 2821 2219 sententiam?
2867 2171 2923 2219 et
2970 2162 3174 2235 legisti:
3229 2162 3318 2234 qui
3342 2172 3482 2231 stat,
3519 2163 3733 2219 domino

2125 2269 2230 2318 stat
2256 2276 2374 2331 suo,
2405 2268 2453 2316 et
2478 2260 2565 2331 qui
2587 2261 2748 2333 jacet,
2776 2257 2986 2314 domino
3012 2274 3106 2313 suo
3120 2260 3264 2333 jacet
3290 2255 3469 2330 (Rom.
3497 2272 3615 2326 xw,
3647 2257 3731 2332 4).

2126 2354 2330 2412 Potens
2360 2362 2445 2410 est
2473 2361 2653 2410 autem
2681 2352 2931 2409 dominus
2973 2352 3093 2424 ejus
3115 2394 3128 2416 ,
3165 2353 3430 2409 suscitare
3475 2364 3642 2410 eum:
3679 2361 3733 2409 tu

2124 2447 2215 2521 qui
2237 2462 2320 2515 es,
2350 2446 2440 2518 qui
2478 2446 2546 2504 de
2585 2462 2743 2504 servo
2772 2447 2952 2503 alieno
2973 2444 3220 2518 judicesf
3238 2445 3428 2503 Oleum
3457 2446 3735 2504 sacerdoti

2125 2556 2153 2596 a
2181 2541 2294 2597 Deo
2318 2540 2595 2608 collatum,
2626 2554 2737 2597 non
2766 2539 3021 2597 debuisse
3051 2555 3146 2596 vos
3189 2550 3445 2612 tangere,
3479 2554 3511 2595 a
3555 2554 3731 2612 puero

2130 2634 2225 2692 Dei
2259 2632 2427 2690 David
2467 2634 2681 2691 discere
2710 2632 2976 2691 debuistis
3005 2677 3021 2703 ,
3066 2635 3157 2706 qui
3183 2632 3263 2690 sic
3291 2648 3386 2706 per
3418 2632 3734 2691 Samuelem

2130 2732 2374 2804 ungitur,
2405 2738 2464 2786 ut
2490 2730 2640 2787 Sauli
2664 2729 2804 2802 quod
2834 2729 3151 2802 jamdudum
3174 2729 3358 2785 datum
3387 2728 3605 2797 fuerat,
3635 2730 3738 2784 mi-

2129 2831 2275 2886 nime
2299 2827 2405 2903 47
2434 2827 2715 2885 tolleretur
2742 2827 2790 2897 (Ι
2842 2825 2970 2898 Reg.
3022 2825 3161 2898 xvn).
3196 2825 3434 2897 Denique
3476 2823 3567 2879 vel
3610 2838 3734 2879 cum

2132 2920 2246 2978 Deo
2262 2922 2492 2993 jubente
2513 2920 2598 2977 vel
2629 2930 2824 2977 eventu
2848 2927 3195 2991 procurante,
3220 2933 3325 2973 una
3347 2930 3443 2972 eos
3468 2916 3736 2988 spelunca

2131 3018 2538 3089 concluderet;
2591 3024 2816 3072 venerat
2878 3015 2930 3071 in
2980 3021 3306 3086 potestatem
3368 3011 3524 3084 pueri
3568 3004 3739 3067 David

2131 3111 2289 3179 Sani,
2316 3112 2405 3181 qui
2438 3117 2778 3181 peccaverat.
2812 3106 2928 3183 (92)
2950 3107 3177 3165 Videtur
3211 3121 3322 3165 non
3348 3103 3540 3163 videns
3566 3145 3583 3173 ,
3618 3092 3741 3160 ideo

1636 3224 2021 3283 LECTIONES
2059 3225 2478 3284 VARIANTES.

420 3368 427 3373 .
490 3323 516 3351 ⁸
539 3319 596 3372 In
615 3330 708 3379 an.
733 3318 789 3370 S.
807 3315 867 3369 G.
886 3328 1034 3383 super
1054 3326 1196 3371 omne
1213 3318 1359 3380 caput
1379 3317 1426 3369 et
1445 3327 1592 3381 super
1612 3327 1799 3371 onmem
1822 3322 2028 3370 tetatem.

1746 3420 2107 3483 VARIORUM
2135 3424 2368 3483 ΝΟΤιΕ.

425 3528 564 3585 ιίειιιξ
588 3525 763 3598 capita
816 3520 1183 3598 sacerdotum,
1211 3517 1367 3598 quasi
1394 3512 1461 3574 ad
1492 3516 1843 3574 auferendum
1895 3532 2026 3574 unc-

424 3601 628 3654 tionem
656 3591 1075 3650 sacerdotalem.
1102 3591 1180 3647 Du
1211 3591 1331 3646 PlN.

500 3667 615 3742 (80)
640 3667 707 3729 In
738 3677 919 3742 ntorles
960 3680 1061 3721 non
1089 3678 1403 3742 corporum“,
1446 3658 1538 3716 sed
1585 3661 1857 3742 honorum.
1891 3661 2031 3731 Quia

426 3730 715 3814 episcopos
745 3739 949 3814 honore
978 3746 1032 3791 et
1054 3730 1236 3814 officio
1259 3730 1576 3814 sppli'arent.
1613 3730 1845 3814 Ataase.

502 3804 634 3885 (8i)
684 3806 973 3883 Jugulustis
1006 3808 1232 3862 nomina.
1291 3804 1635 3875 Dignitatem
1693 3804 2028 3862 d81l‘3Xiﬂi5.

543 3898 654 3940 ASP.

429 3888 953 4025 “itii-Iugulus“:
981 3963 1082 4025 non
1115 3948 1376 4025 membra,
1418 3947 1509 4025 sed
1534 3947 1761 4025 nomine.
1806 3946 2037 4025 Nomina

429 4045 529 4102 pro
559 4018 895 4100 dignitatibus
925 4030 978 4077 et
1024 4019 1303 4102 honoribus
1334 4020 1541 4102 posuit:
1567 4018 1777 4102 Iliidenr
1808 4019 2035 4102 subjun-

426 4091 506 4174 git
533 4091 687 4174 ecc'e,
718 4104 908 4174 ereptw
937 4100 1154 4174 portanti
1172 4099 1355 4163 funera
1384 4091 1653 4174 dignitatis
1662 4131 1686 4174 ζ
1712 4100 1766 4174 et
1788 4106 1913 4174 pag:
1926 4091 2033 4174 tto,

430 4158 820 4246 gutturiAuestro
843 4158 1097 4246 honorum
1127 4158 1309 4246 funera
1336 4158 1542 4246 minime
1564 4158 1877 4246 sume-inuti
1897 4158 2032 4246 item

435 4233 554 4313 pag.
583 4239 675 4307 60,
712 4236 809 4293 Dei
825 4237 1105 4313 _episcopos
1132 4236 1323 4306 lingua:
1344 4233 1538 4313 gladio
1564 4235 1852 4313 juguiastis
1878 4276 1892 4301 ,
1925 4236 2039 4306 fun-

435 4259 554 4313 pag.
583 4253 675 4307 ϋυ,
712 4253 809 4293 Uet
840 4253 1105 4308 episcopos
1132 4253 1323 4306 imgine
1364 4253 1852 4358 glaawjugutasus
1878 4276 1892 4301 ,
1925 4253 2035 4306 jun-

433 4316 608 4371 dentes
650 4310 953 4384 sanguinem
1001 4322 1102 4362 non
1150 4307 1382 4377 corporis
1416 4347 1431 4374 ,
1489 4320 1543 4360 se
1626 4304 1877 4371 honoris,
1930 4315 2035 4361 etc.

570 4400 637 4439 R’l‘
646 4426 658 4438 .

435 4385 784 4513 ΙΝῗὲἶῖἶ-δεά
808 4452 1036 4506 nomina.
1068 4448 1295 4506 Nomina
1329 4491 1343 4516 ,
1408 4464 1507 4521 pro
1551 4448 1902 4521 dignitatibus

436 4529 540 4587 sita
572 4525 909 4585 notabamus.
947 4521 1242 4594 Jugulastis
1279 4536 1382 4577 non
1413 4520 1640 4594 membra
1673 4520 2038 4594 isednomina.

438 4599 572 4657 Cum
599 4599 779 4654 statim
802 4596 965 4665 dicat,
997 4592 1182 4666 erepta:
1211 4593 1399 4666 funera
1442 4593 1728 4669 dignitatis.
1784 4592 2039 4650 Ovidius:

426 4728 433 4743 ·
535 4714 663 4765 Vive
690 4712 777 4764 tibi
805 4718 859 4762 et
881 4710 1029 4774 longe
1052 4711 1249 4762 nomina
1268 4722 1449 4772 magna
1470 4708 1599 4759 cole.

1470 4817 1680 4874 Bsn'rn.

500 4912 631 5040 ((82)
666 4912 834 4968 Occisi
852 4919 968 4969 sunt
993 4908 1238 4968 honores.
1259 4911 1403 4970 Nihil
1428 4913 1637 4981 turpius
1664 4910 1824 4980 olim,
1863 4925 2041 4982 neque

541 4989 721 5040 ianum
750 4984 919 5040 magis
952 5024 967 5040 .
997 4999 1158 5040 quam
1194 4983 1377 5040 videre
1401 4984 1715 5040 enisconum
1753 4981 1896 5039 inter
1929 4998 2039 5040 uos-

441 4981 721 5058 indignum
740 4984 928 5058 magis
952 5024 967 5049 ,
997 4999 1158 5054 quam
1194 4983 1377 5058 videre
1401 4984 1715 5058 episcojiutn
1753 4981 1896 5039 inter
1929 4981 2039 5058 pa}-

444 5053 712 5126 nitentes:
739 5053 861 5110 ideo
883 5055 958 5109 ait
976 5053 1186 5110 occisos
1209 5053 1375 5110 fuisse
1397 5055 1682 5125 episcopos
1705 5069 1841 5126 quos
1865 5054 2040 5125 paeni-

444 5137 619 5182 tentes
648 5124 888 5180 fecerant
920 5128 1150 5189 ALBASP.

517 5197 630 5271 (85)
660 5196 978 5271 Extendistis
1000 5198 1136 5250 enim
1155 5211 1383 5271 manum.
1406 5196 1748 5271 Imposulstis
1772 5200 2041 5271 paeniten-

446 5267 576 5325 tiam
609 5267 882 5343 omnibus,
906 5278 960 5322 et
988 5282 1178 5343 omnes
1211 5267 1788 5343 ordines,_episcopos,
1814 5270 2041 5343 presby-

432 5355 614 5406 teros,
639 5340 918 5404 diaconos,
943 5348 998 5394 et
1026 5340 1192 5394 laieos
1217 5353 1343 5394 vere
1370 5339 1594 5395 fecistis.
1629 5339 1856 5396 Antissa.

525 5411 641 5485 (ΒΑ)
670 5410 963 5483 Mortifera:
999 5410 1281 5485 Sunimnut
1320 5421 1443 5485 erat
1471 5412 1649 5485 scelus
1678 5412 1744 5465 iis
1787 5410 1877 5482 qui
1905 5412 2041 5469 nihil

447 5480 880 5541 comitioruerant
912 5483 1286 5554 penitentiam
1318 5480 1631 5554 impertire:
1662 5496 1785 5554 nam
1805 5480 1930 5539 erat
1955 5487 2039 5540 in.

448 5568 732 5611 nocentem
801 5569 953 5609 reum
994 5552 1194 5621 facere,
1222 5563 1280 5609 et
1320 5552 1600 5625 peccatum
1649 5552 1730 5608 illi
1784 5555 2042 5613 tribuere.

448 5631 677 5682 Ausse.

522 5696 639 5767 (85)
678 5696 909 5763 Quatuor
940 5708 1127 5767 genera
1155 5696 1401 5768 capitum.
1448 5696 1507 5751 Si
1531 5693 1818 5768 credamus
1858 5697 1925 5753 iis
1953 5698 2044 5768 qui

450 5766 790 5839 saeritieandi
832 5766 1154 5836 potestatem
1197 5766 1571 5839 sacerdotibus
1596 5775 1652 5822 et
1703 5767 1853 5823 laicls
1891 5766 2043 5839 juxta

451 5838 774 5910 concedunt,
806 5853 969 5892 unum
992 5845 1193 5893 tantum
1218 5839 1322 5910 erit
1340 5838 1784 5910 capitumgenus.
1809 5838 2041 5898 Amer.

486 5904 640 5975 .186)
671 5906 720 5958 Ν
727 5923 781 5965 es
799 5910 889 5962 uni
909 5922 1120 5978 parcere
1142 5909 1372 5973 voluistis
1395 5904 1425 5979 ,’
1443 5904 1689 5966 mustis
1724 5913 1923 5968 animas
1942 5911 2042 5967 ho-
2126 5950 2133 5961 ε

2054 3524 2100 3589 c
2134 3521 2351 3574 minam.
2384 3516 2539 3576 Tolle
2565 3515 2819 3575 mendum
2855 3514 3019 3589 nimis
3046 3528 3205 3584 tptam
3257 3511 3696 3579 manifestarium
3724 3557 3741 3584 ,

2140 3590 2598 3664 legendoganimas
2616 3590 2863 3664 omnium.
2878 3588 3109 3664 placem.

2210 3656 2636 3737 (87)Evertistis.
2679 3662 2794 3737 Qui
2821 3662 3032 3737 fidelem
3067 3677 3133 3715 ex
3186 3659 3303 3737 lege
3332 3656 3536 3737 Qitristi
3587 3666 3646 3714 et
3680 3674 3742 3737 ex

2137 3730 2256 3806 ejus
2291 3730 2521 3806 corpore
2556 3733 2846 3799 rescendit,
2887 3732 2932 3788 is
2989 3739 3192 3787 statum
3226 3730 3464 3789 fidelium
3520 3732 3740 3787 evertit.

2136 3811 2367 3862 ALBASP.

2211 3879 2345 3932 lliid.
2381 3876 2652 3932 Evertistis
2673 3876 2875 3932 animos
2899 3877 3187 3931 hominum.
3215 3873 3444 3947 Corrige
3476 3889 3604 3929 cum
3630 3876 3747 3929 vim

2141 3950 2301 4006 docto
2327 3950 2528 4004 animas
2558 3950 2807 4015 omnium,
2836 3947 2999 4018 quale
3023 3957 3108 4004 est
3128 3947 3272 4018 quod
3303 3956 3360 4002 et
3404 3947 3643 4018 septimo
3670 3948 3749 4000 Ie-

2140 4025 2396 4094 gebatur:
2426 4020 2486 4076 Si
2515 4035 2674 4094 unum
2702 4030 2777 4075 est
2805 4016 2944 4094 quod
2983 4019 3045 4073 ab
3097 4016 3388 4094 hominibus
3413 4016 3710 4073 admittitur
3728 4059 3746 4085 ,

2140 4090 2269 4163 ete.,
2306 4094 2394 4163 ubi
2417 4093 2776 4158 correximus,
2807 4092 3061 4146 omnibus.
3096 4090 3166 4146 Μ.
3192 4091 3427 4147 ΟΑεΑυΒ.

2216 4161 2334 4239 (88)
2362 4162 2637 4218 Invenistis
2666 4179 2870 4234 pueros.
2903 4162 3221 4239 Extremum
3250 4170 3368 4218 erat
3397 4161 3623 4239 malitiae
3655 4176 3753 4239 ge-

2145 4233 2247 4293 nus
2288 4233 2483 4307 pueros
2510 4249 2574 4289 ac
2598 4233 2879 4305 prepterea
2901 4233 3252 4300 innocentes,
3278 4244 3335 4289 et
3360 4235 3505 4287 inmiti
3541 4236 3752 4307 lumine

2142 4304 2341 4365 vacuos
2370 4307 2434 4361 ad
2459 4307 2831 4378 pcenitentiam
2861 4319 3092 4378 cogere;
3126 4320 3253 4361 nam
3299 4314 3422 4377 post
3468 4304 3753 4376 publicam

2144 4381 2304 4459 illaut
2338 4377 2707 4459 pmttitentiam
2740 4380 2792 4433 in
2815 4377 3046 4459 _cler_um
3071 4378 3271 4459 _adlegi
3334 4393 3464 4459 non.
3492 4384 3757 4445 poterant

1947 4463 2043 4517 po-
2144 4446 2408 4522 antpliu's:
2431 4451 2507 4505 uti
2530 4452 2626 4518 ait,
2657 4467 2719 4505 ne
2741 4450 2826 4521 qui
2847 4447 3083 4505 ordinari
3102 4446 3403 4522 potuissent.
3434 4446 3656 4522 Antissa

2217 4520 2329 4597 (89)
2347 4521 2570 4597 Fideles
2589 4523 2850 4594 antiquos.
2878 4522 3133 4597 Seniores
3158 4520 3343 4587 laieos,
3373 4520 3757 4597 penitentiam

2146 4592 2405 4667 quamvis
2423 4593 2557 4667 nihil
2586 4592 2907 4667 peccassent
2931 4633 2950 4667 ,
2968 4593 3151 4667 subige
3169 4604 3478 4667 coegerant.
3506 4592 3754 4667 enare.

2220 4664 2337 4740 (90)
2363 4663 2645 4740 EpiscOpos
2668 4664 2858 4736 fecistis
2880 4664 3061 4740 laicos.
3080 4663 3393 4740 _Episc0pos
3413 4663 3759 4740 orthodoxns

2147 4735 2491 4810 deponebant
2516 4754 2529 4791 :
2554 4735 2675 4791 ’hos
2699 4735 3052 4810 postmodum
3079 4737 3221 4810 inter
3253 4737 3579 4810 pmgnitentes
3608 4737 3761 4810 rein:

2146 4807 2365 4883 gabant,
2394 4820 2450 4865 et
2490 4818 2611 4883 acta
2668 4809 2983 4883 ptnnitentia
3026 4807 3210 4883 laicus
3248 4807 3551 4883 faciebant;
3602 4807 3764 4877 quod

2152 4877 2347 4938 fuerito
2374 4877 2995 4951 exprobrat‘Douatistis
3018 4877 3280 4951 Optatus;
3303 4879 3764 4951 nauicpiscopus

2067 4928 2119 4990 ι)
2145 4928 2668 5023 ὅίἷιίιᾜοῖἑῖάιᾞὲῖἷ
2688 4928 2736 5007 13
2744 4928 2869 5006 ἷοῖιξ
2877 4928 2992 5018 ζ’ὺῖ
3027 4928 3760 5023 satisagisagisaro‘j

2146 5023 2242 5081 sed
2273 5020 2376 5080 hoc
2426 5041 2531 5078 non
2569 5022 2732 5079 ﬁebat
2769 5023 2876 5093 pisi
2901 5022 2972 5080 ob
3021 5020 3244 5092 aliquod
3292 5036 3459 5093 grave
3488 5021 3709 5078 crimen
3741 5041 3760 5079 :

2146 5040 2242 5081 sea
2274 5040 2376 5080 uoc
2426 5041 2531 5078 non
2569 5040 2732 5079 uenat
2809 5040 2876 5078 lSl
2901 5040 2972 5080 on
3021 5040 3244 5092 auquou
3292 5040 3459 5093 grave
3488 5040 3709 5078 crimen
3741 5041 3760 5079 :

2146 5096 2342 5165 deinde
2384 5095 2701 5167 pmnitentia
2751 5040 2825 5150 irit
2861 5109 3134 5167 nunquam
3177 5094 3580 5167 imponebatur.
3641 5097 3763 5152 At.-

2144 5184 2294 5225 BASP.

2219 5238 2334 5313 (91)
2363 5238 2550 5313 socius
2600 5246 2647 5313 et
2690 5254 2879 5313 comes.
2917 5237 3030 5293 Hoc
3068 5242 3190 5313 est,
3224 5234 3577 5313 illi_episc0pi
3615 5253 3769 5313 quos

2134 5307 2463 5384 painit'entia
2494 5311 2777 5384 sauciastis
2801 5352 2815 5376 ,
2845 5319 3003 5384 erant
3046 5307 3182 5364 socii
3205 5319 3279 5384 et_
3300 5307 3501 5366 fratres
3527 5307 3719 5365 vestri
3744 5350 3763 5378 ,

2146 5379 2307 5454 quisi
2336 5383 2464 5454 quid
2494 5382 2760 5448 fecerant,
2788 5392 2945 5437 erant
2971 5379 3317 5454 deponendi,
3350 5396 3458 5435 non
3485 5385 3769 5454 panitet:-

2146 5451 2220 5510 tia
2246 5451 2547 5525 puniendi,
2594 5470 2700 5508 non
2737 5455 2839 5509 hoc
2881 5453 3150 5508 dedecore
3204 5451 3518 5509 alliciendi:
3568 5453 3765 5510 oleum

2154 5528 2298 5581 enim
2330 5525 2425 5581 Dei
2451 5541 2557 5581 tum
2582 5533 2671 5581 est
2697 5525 3033 5581 violandum.
3058 5528 3294 5581 ALBAsP.

2229 5596 2346 5680 (92)
2408 5596 2623 5680 γέρων
2650 5612 2752 5652 non
2777 5597 2974 5680 tridens,
2989 5605 3103 5680 _etc.
3121 5594 3274 5680 Lege
3299 5596 3572 5680 disjutscntl
3619 5612 3769 5680 voee

2153 5667 2318 5795 erant:
2341 5671 2466 5796 υἱέε.
2481 5667 2746 5725 Osautetn
2773 5677 2939 5727 totam
2969 5669 3197 5725 denotat
3217 5667 3445 5737 faciem;
3472 5667 3770 5735 Germani-

2154 5754 2252 5796 cus
2319 5755 2349 5796 e
2409 5751 2549 5796 streu
2583 5758 2596 5795 :

2154 5754 2252 5797 CllS
2280 5754 2549 5805 deASll'eil
2583 5758 2596 5795 ε

2249 5856 2474 5923 _S_eraqtte
2494 5855 2558 5908 ab
2579 5854 2815 5913 Eccleslls
2835 5855 3149 5911 descendam
3170 5858 3434 5923 montibus,
3459 5869 3549 5923 σεε

2245 5916 2439 5969 Velatb.
3419 5916 3430 5923 ’
3500 5920 3692 5976 Ihm.
