3750 6324
32 336 121 393 981

769 332 857 388 DE
897 330 1283 390 SCHISMATE
1327 330 1861 391 DONATISTARUM
1918 334 2120 392 LIBER
2159 337 2534 397 SECUNDUS.

3202 343 3309 400 932

11 446 161 529 'quod
186 465 214 506 a
243 450 436 522 majori
461 451 665 507 lumine
702 451 785 522 (ut
815 450 933 507 fieri
977 450 1197 524 assolet)
1224 450 1338 525 (95)
1388 452 1441 507 in
1472 451 1606 507 cali-
1632 458 1688 522 Α
1710 461 1924 524 guttura
1972 464 2150 513 vestra
2201 460 2449 532 sepulcra
2495 463 2730 534 patentia
2783 443 3059 541 faceretis;
3088 465 3311 525 Unicui-

32 550 143 623 gine
161 545 323 603 clausi
346 545 513 614 aeris,
542 546 771 602 alterum
798 545 948 616 juxta
972 562 1030 602 se
1054 544 1238 602 videre
1265 563 1372 602 non
1402 546 1601 619 potuit.

34 639 440 699 Innumerabiles
466 638 743 711 antiquum
771 646 954 710 regem
1000 639 1369 711 sequebantur
1395 640 1606 696 exerci-

34 742 140 791 tus:
178 731 270 788 sed
312 732 429 804 ipse
470 748 566 789 rex
608 732 662 788 in
712 740 1033 805 potestatem
1078 741 1304 789 venerat
1345 733 1603 789 alienam.

34 826 363 888 Occasionem
390 826 638 883 victoriae
667 827 830 883 David
857 827 1087 884 habebat
1118 827 1170 883 in
1211 826 1494 883 manibus:
1527 829 1608 883 in-

31 930 225 980 cautum
261 928 315 975 et
334 933 586 976 securum
613 919 1003 987 adversarium,
1027 919 1145 977 sine
1176 920 1362 977 labore
1398 929 1611 992 poterat

28 1014 291 1088 jugulare:
317 1023 373 1068 et
426 1012 546 1069 sine
583 1014 844 1085 sanguine
890 1023 944 1070 et
982 1013 1235 1070 conﬂictu
1263 1015 1555 1071 multorum
1590 1055 1606 1082 ,

30 1115 223 1182 poterat
246 1106 447 1163 bellum
478 1123 575 1179 per
594 1107 975 1180 compendium
1005 1119 1213 1165 mutare
1241 1108 1296 1165 in
1327 1110 1607 1167 caedem':

29 1213 79 1261 et
125 1201 268 1274 pueri
320 1200 439 1283 ejus
492 1212 546 1259 et
613 1203 830 1260 occasio
874 1202 1176 1259 suadebant
1217 1220 1231 1257 :
1299 1202 1367 1259 ad
1439 1204 1611 1261 victo-

31 1297 150 1352 riam
179 1295 553 1365 opportunitas
595 1295 932 1353 hortabatur.
968 1296 1401 1368 Stringere.jam
1428 1312 1611 1369 cnspe-

29 1398 104 1443 rat
132 1387 361 1454 ferrum;
393 1387 472 1444 ire
486 1387 599 1459 jam
643 1395 887 1459 coeperat
913 1397 1119 1444 armata
1162 1403 1352 1444 manus
1382 1389 1611 1447 hostiles

31 1483 76 1537 in
99 1481 341 1557 iugulos:
375 1481 469 1538 sed
508 1482 759 1540 obstabat
782 1484 936 1554 plena
990 1482 1298 1539 divinorum
1345 1484 1608 1540 memoria

30 1574 410 1643 mandatorum;
446 1576 788 1634 hortantibus
826 1592 886 1634 se
920 1577 1099 1649 pueris
1130 1589 1184 1634 et
1231 1578 1609 1636 occasionibus

32 1662 354 1741 contradicit,
384 1682 655 1745 tamquam
688 1680 742 1730 et
767 1673 872 1730 hoc
893 1673 1135 1730 diceret:
1166 1674 1282 1730 sine
1306 1689 1465 1731 causa
1498 1690 1607 1742 me,

27 1764 259 1835 victoria,
287 1754 580 1836 provocas;
602 1764 799 1821 frustra
829 1780 937 1833 me,
958 1767 1190 1833 occasio,
1221 1767 1272 1821 in
1305 1765 1608 1839 triumphos

1709 564 1816 621 que
1867 550 2120 621 sepulcro
2159 553 2357 611 sufficit
2380 571 2544 613 unum
2564 556 2748 628 funus,
2772 568 2829 635 et
2854 560 3159 635 clauditur:
3184 571 3310 635 gnt-

1712 643 1821 697 turi
1858 652 2036 700 vestro
2059 643 2325 704 honorum
2349 647 2537 707 funera
2562 651 2784 711 minime
2828 652 3161 714 suﬂ‘ecerunt
3193 702 3208 726 ,
3254 664 3309 713 et

1711 735 1890 793 adhuc
1935 745 2142 809 patent,
2186 739 2311 796 dum
2363 743 2575 816 aliquos
2618 748 2860 818 qumritis
2909 749 3211 821 devorare;
3255 758 3313 805 ut

1711 833 1908 888 merito
1957 832 2026 890 de
2055 834 2210 891 vobis
2253 835 2456 893 dictum
2497 840 2568 896 sit
2608 858 2623 897 :
2674 842 2967 914 sepulcrum
3011 853 3193 917 patens
3238 855 3312 900 est

1710 938 1889 1001 guttur
1914 945 2093 985 eorum
2129 928 2251 1003 (Ps.
2279 946 2311 986 v
2342 974 2357 1005 ,
2388 931 2480 1003 il)
2508 948 2524 999 ;
2575 950 2696 990 nam
2737 945 2793 993 et
2819 937 2888 995 de
2928 938 3311 995 maledictioue

1712 1023 2057 1093 praesumitis,
2082 1038 2203 1079 cum
2227 1025 2487 1095 scriptum
2512 1026 2612 1082 sit:
2636 1026 2930 1086 Benedicite
2948 1041 2996 1085 et
3019 1031 3176 1087 nolite
3204 1047 3316 1085 ma-

1712 1114 1932 1171 ledicere
1957 1113 2137 1189 (Rom.
2164 1131 2258 1184 xu,
2291 1114 2405 1189 14).
2438 1115 2693 1191 Quisquis
2734 1130 2925 1178 contra
2952 1132 3189 1179 vestram
3221 1136 3316 1179 vo-

1712 1209 1979 1266 luntatem
2013 1208 2211 1280 aliquid
2255 1206 2277 1247 ί
2321 1208 2551 1277 fecerit,
2585 1211 2864 1270 intentatis
2896 1223 3131 1272 terrores
3158 1258 3173 1283 ,
3202 1230 3317 1270 ma—

1711 1304 1907 1361 ledicta
1958 1303 2331 1377 praetenditis;
2363 1314 2419 1361 et
2458 1305 2583 1377 quia
2630 1306 2794 1379 aliqui
2839 1306 3089 1364 homines
3118 1351 3135 1375 ,
3191 1310 3313 1382 plus

1712 1397 1842 1453 mali
1868 1397 2064 1453 mereri
2098 1405 2324 1468 possunt
2346 1414 2506 1469 quam
2534 1399 2695 1467 boni;
2740 1399 2999 1473 quidquid
3028 1399 3141 1473 (95)
3166 1402 3316 1471 judi-

1711 1489 1857 1546 cium
1881 1491 1974 1546 Dei
2002 1498 2094 1546 aut
2127 1490 2333 1562 peccati
2360 1491 2612 1547 meritum
2635 1490 2860 1562 fecerit,
2888 1494 3087 1549 amaris
3116 1496 3311 1550 vestris

1714 1584 2185 1641 maledictionibus
2210 1583 2526 1642 vindicatis:
2569 1586 2765 1644 merito
2791 1585 2860 1643 de
2903 1586 3057 1643 vobis
3103 1586 3307 1643 dictum

1711 1686 1795 1733 est
1825 1677 1878 1732 in
1905 1676 2117 1749 psalmo
2166 1693 2260 1733 xm
2284 1677 2360 1751 (v.
2392 1677 2450 1750 5)
2481 1696 2493 1733 :
2529 1677 2602 1735 Os
2635 1695 2814 1735 eorum
2860 1680 3220 1737 maledictione
3266 1686 3315 1736 et

1716 1771 2060 1828 amaritudine
2085 1771 2295 1843 plenum
2324 1784 2420 1830 est.
2451 1772 2772 1831 Gloriamini
2790 1820 2806 1845 ,
2839 1775 2984 1847 quod
3013 1775 3167 1833 vobis
3194 1792 3313 1833 ma-

29 1858 227 1913 invltas.
257 1857 481 1915 Volebat
508 1859 720 1915 hostem
767 1859 1027 1926 vincere;
1070 1859 1166 1915 sed
1198 1861 1346 1931 prius
1376 1869 1459 1916 est
1503 1861 1605 1917 Do-
1633 1868 1682 1931 B
1709 1864 2067 1921 ledicentibus
2089 1906 2105 1933 ,
2131 1866 2307 1937 aliqui“
2340 1865 2590 1923 homines
2631 1868 2770 1924 mori
2799 1876 3113 1940 potuerunt.
3154 1868 3319 1928 Certe

29 1951 147 2007 mini
172 1952 354 2007 divina
384 1962 654 2024 praecepta
685 1967 923 2009 servare.
972 1951 1241 2022 Numquid
1266 1954 1465 2008 mittam
1496 1970 1608 2009 ma-

27 2062 112 2101 mu
128 2047 181 2100 in
207 2056 415 2100 unctum
444 2044 656 2101 Domini
677 2045 719 2119 (Ι
739 2046 869 2119 Reg.
896 2046 1153 2119 xxtv,7)?
1175 2046 1455 2119 Repressit
1480 2064 1604 2104 cum

27 2137 190 2212 gladio
220 2153 469 2206 manum;
499 2146 556 2194 et
574 2138 703 2194 dum
728 2138 905 2194 timuit
944 2140 1122 2196 oleum
1155 2183 1173 2209 ,
1223 2141 1462 2196 servavit
1504 2140 1605 2197 ini.

28 2235 235 2290 micum.
269 2232 340 2289 Et
367 2242 428 2289 ut
469 2232 497 2274 ι·
534 2233 836 2307 compleret
873 2233 1279 2291 observantiam
1301 2276 1316 2303 ,
1365 2234 1606 2293 vindica-

25 2326 92 2382 vit
114 2327 348 2383 occisum
378 2325 445 2398 (ii
474 2322 602 2399 Reg.
631 2325 694 2401 ι).
725 2326 835 2387 Vos
872 2343 974 2387 nec
1014 2328 1184 2387 Deum
1233 2329 1439 2389 timetis
1464 2370 1480 2396 ,
1505 2330 1607 2389 nec

24 2420 205 2477 fratres
240 2420 532 2492 agnoscitis
555 2464 570 2488 ,
603 2422 655 2477 in
704 2431 826 2478 cote
856 2432 879 2462 ο
933 2423 1118 2478 livoris
1164 2423 1388 2480 acuistis
1427 2439 1599 2479 nova-

21 2516 160 2570 culas
184 2515 410 2588 linguae;
441 2522 496 2572 et
519 2515 699 2572 divina
729 2526 995 2588 praecepta
1018 2518 1290 2574 calcantes
1315 2561 1330 2585 ,
1373 2519 1604 2575 misero-

22 2624 132 2664 rum
166 2610 495 2680 properastis
525 2612 578 2666 in
600 2612 774 2681 capita
801 2651 815 2674 .
860 2609 979 2684 (94)
1034 2621 1091 2666 ut
1130 2612 1182 2667 in
1225 2612 1600 2685 captivitatem

20 2702 247 2762 caecos!1
274 2715 328 2762 et
356 2705 641 2777 imperitos
676 2706 946 2777 populos,
984 2706 1245 2777 iugulatis
1287 2718 1309 2746 ο
1342 2708 1602 2777 ducibus,

23 2797 313 2855 traheretis.
368 2799 602 2856 Esuritis
655 2800 891 2857 honores
937 2802 1300 2859 innocentium
1348 2805 1606 2862 sacerdo-

21 2896 160 2946 tum:
191 2890 332 2957 unde
357 2889 527 2948 furori
567 2901 752 2948 vestro
778 2900 925 2948 tanta
978 2891 1149 2951 fames
1181 2896 1362 2952 innata
1387 2904 1472 2953 est
1496 2940 1510 2966 ,
1548 2907 1599 2955 ut

1717 1979 1822 2018 non
1855 1958 1984 2019 licet
2012 1962 2283 2019 occidere.
2314 1962 2397 2019 An
2429 1963 2550 2020 ideo
2576 1978 2675 2022 vos
2716 1965 2916 2036 putatis
2946 1965 3264 2023 innocentes
3297 2009 3314 2034 ,

1714 2056 1839 2129 quia
1869 2055 2015 2112 lerro
2038 2056 2121 2112 usi
2148 2070 2255 2112 non
2282 2056 2461 2113 estis?
2490 2054 2606 2131 (96)
2652 2058 2997 2116 innocentem
3038 2071 3099 2116 se
3142 2066 3199 2115 et
3220 2074 3313 2114 ve-

1714 2149 1972 2208 nenerins
1989 2150 2196 2222 iudicet
2221 2191 2236 2217 ,
2290 2150 2414 2207 siin
2436 2151 2555 2208 solo
2598 2151 2744 2209 ferro
2782 2163 2867 2210 est
2912 2152 3263 2209 homicidium
3300 2171 3313 2207 :

1714 2258 1824 2300 non
1856 2243 1958 2300 sibi
1986 2243 2236 2301 videatur
2273 2258 2430 2310 reus,
2462 2245 2554 2318 qui
2609 2245 2840 2313 alterum
2883 2245 3152 2305 subducto
3191 2244 3316 2303 cibo

1713 2336 2022 2393 necaverit:
2047 2335 2393 2392 innocentem
2420 2351 2481 2393 se
2528 2334 2757 2406 judicot,
2787 2334 2881 2408 Qui
2911 2336 3157 2410 spirandi
3187 2354 3316 2407 prn-

1709 2429 1876 2484 hibita
1904 2429 2177 2495 facultate,
2209 2428 2558 2486 suilecaverit
2584 2430 2767 2485 vivere
2792 2430 3123 2501 cupientem.
3149 2429 3311 2499 Neris

1708 2514 1881 2580 multa
1902 2534 2026 2578 sunt
2045 2539 2268 2594 genera,
2296 2522 2391 2579 sed
2416 2539 2578 2579 unum
2601 2527 2799 2579 nomen
2830 2530 2916 2579 est
2944 2525 3153 2581 mortis.
3197 2520 3309 2580 Ma-

1710 2615 2092 2672 ledictionibus
2137 2617 2243 2670 tuis
2291 2631 2413 2672 cum
2456 2613 2654 2671 fiducia
2710 2616 2986 2672 hominem
3032 2626 3309 2673 mortuum

1711 2710 2054 2785 protestaris,
2084 2710 2211 2782 quid
2238 2708 2353 2784 ιθ
2385 2710 2652 2776 interest,
2681 2724 2750 2765 an
2777 2708 2962 2781 gladio
3008 2709 3170 2766 fet-ias
3194 2750 3209 2775 ,
3242 2726 3314 2766 an

1713 2806 1896 2878 lingua
1924 2802 2238 2879 percutias?
2266 2801 2633 2869 indubitanter
2662 2800 2933 2857 homicida
2953 2816 3033 2868 es,
3063 2802 3109 2857 si
3136 2814 3232 2877 per
3261 2809 3317 2857 te

1713 2908 1962 2956 mortuos
1991 2893 2158 2953 fuerit
2184 2895 2274 2967 qui
2304 2894 2538 2957 vivebat.
2579 2892 2834 2968 Quisquis
2879 2892 3000 2950 talis
3039 2909 3109 2952 ex
3154 2890 3314 2951 vobis

1252 3014 1636 3077 LECTIONES
1677 3013 2092 3074 VABIANTES.

18 3163 61 3210 in
396 3110 513 3156 MSS.
538 3104 726 3159 mittere
750 3107 965 3172 aedem,
991 3107 1081 3159 sed
1118 3115 1259 3160 recte
1286 3111 1603 3163 emendatum

74 3223 103 3293 ξ
133 3227 188 3293 in
210 3238 301 3279 ms.
324 3230 377 3280 8.
405 3230 465 3281 Τ.
492 3237 546 3283 et
568 3230 620 3281 in
643 3232 812 3293 editis,
840 3231 979 3284 Cum.

77 3292 99 3321 ο
132 3290 187 3341 In
210 3304 303 3344 ms.
328 3293 383 3344 s.
408 3292 469 3347 ς.
493 3293 546 3347 in
566 3302 689 3347 cute.
715 3295 774 3346 In
795 3284 905 3348 aliis
922 3296 1109 3350 corde:
1135 3296 1407 3360 legendum
1426 3304 1550 3351 cote.
1632 3284 1678 3349 C

1771 3113 1801 3151 τι
1834 3111 1890 3177 ip
1916 3125 2006 3177 ms.
2032 3111 2085 3162 S.
2110 3104 2171 3162 G.
2190 3109 2389 3177 additur
2410 3107 2608 3177 ducitis,
2631 3108 2763 3177 quod
2786 3109 3106 3177 superfluum.

1774 3178 1799 3278 ἵ
1831 3170 2615 3290 ἓέὶέιίῗηπιὶῗέεδέθάίηὲωὲδέ·

1348 3405 1713 3468 VABIORUM
1749 3406 1983 3468 ΝΟΤΕ.

84 3493 203 3569 (93)
241 3493 307 3569 in
329 3495 551 3569 caligine
567 3495 853 3569 clusinis.
872 3496 1213 3555 Manifestum
1243 3497 1431 3556 itidem
1447 3515 1599 3569 men-

22 3566 296 3641 dumiegit
320 3566 457 3641 voce
475 3568 744 3638 disiuncta
775 3568 864 3624 Fr.
906 3570 1221 3639 Balduinus,
1256 3566 1597 3641 clausideris;

21 3636 121 3693 Sed
147 3636 398 3695 Barthius
430 3636 683 3695 emendat
734 3641 899 3696 clausi
921 3643 1046 3697 oris.
1078 3643 1151 3700 Os
1200 3636 1370 3699 totam
1409 3636 1599 3702 faciem

21 3709 262 3776 denotat;
288 3710 644 3769 Germanicus
672 3709 858 3768 Caesar
887 3713 940 3768 in
972 3715 1127 3784 signo
1156 3716 1382 3771 Astrma:
1410 3733 1424 3771 :

106 3804 324 3870 ger-aque
348 3805 412 3856 ab
434 3804 651 3856 excelsis
670 3804 981 3857 descendens
1004 3808 1265 3869 montibus,
1286 3818 1377 3858 ore

107 3866 295 3920 Veiato.
1252 3866 1259 3869 ⁷
1340 3871 1537 3923 Incmr.

88 3950 219 4007 ibid.
251 3949 317 4006 In
359 3952 583 4022 caligine
603 3951 774 4006 clausi
797 3953 954 4021 aeris,
977 3961 1083 4009 etc.
1110 3953 1239 4010 Ideo
1263 3956 1359 4023 ait,
1383 3955 1602 4013 Saulem

22 4022 190 4077 visum
213 4039 242 4078 a
279 4024 478 4099 Davide
518 4025 706 4099 videre
735 4033 913 4080 tamen
960 4027 1134 4096 ipsum
1185 4041 1289 4082 non
1328 4022 1601 4099 potuisse,

22 4108 137 4148 eum
171 4105 390 4169 uterque
420 4097 475 4151 in
514 4096 703 4169 eadem
732 4106 917 4151 essent
942 4099 1196 4168 spelunca
1221 4140 1237 4165 ,
1269 4096 1413 4169 quod
1446 4101 1599 4158 Sauli

21 4179 48 4218 a
95 4166 313 4243 majore
334 4168 536 4243 lumine
562 4168 705 4224 oculi
738 4169 913 4243 adhuc
948 4166 1263 4243 caligarent.
1292 4166 1470 4243 ‘Vulgo
1501 4189 1600 4229 ex-

23 4238 268 4313 perimur.
293 4241 458 4313 utqui
486 4256 551 4295 ex
597 4239 799 4313 apertis
838 4241 891 4295 in
922 4238 1103 4297 clausa
1131 4251 1185 4297 et
1221 4238 1558 4301 tenebricosa
1585 4287 1600 4313 ,

21 4309 192 4383 subita
214 4309 559 4379 emigratione
586 4312 881 4368 deveniunt
907 4354 921 4379 ,
951 4314 1260 4383 claramque
1291 4316 1464 4371 lucem
1495 4309 1592 4373 on

22 4379 257 4458 scurinre
279 4383 461 4458 aliquo
490 4384 611 4458 loco
640 4393 1144 4458 repente__mutant,
1173 4379 1252 4440 illi
1283 4388 1593 4458 aliquandiu

22 4450 151 4530 nihil
178 4450 393 4530 omnino
415 4455 655 4519 videant,
690 4450 814 4530 utet
845 4456 951 4511 illis
979 4463 1172 4530 contra
1196 4499 1210 4520 ,
1242 4459 1329 4530 qui
1363 4450 1431 4513 ex
1457 4459 1595 4517 den-

21 4523 95 4576 sis
123 4526 356 4582 tenebris
378 4527 430 4582 in
457 4537 700 4596 apertam
727 4529 898 4583 lucem
928 4526 1104 4581 subito
1128 4523 1482 4596 prodeuntes,
1513 4541 1595 4585 to-

25 4604 133 4670 ium
162 4596 315 4670 simul
344 4598 638 4654 admittunt
686 4601 855 4655 solem
877 4642 891 4665 ,
927 4601 1206 4668 repentino
1242 4598 1445 4670 fulgore
1470 4617 1600 4657 ocu-

25 4666 188 4756 iosad
213 4668 663 4756 aliquod_tem_pus
684 4666 1013 4756 prmstriugi‘.
1048 4670 1129 4756 ᾼιι
1163 4666 1493 4756 verba—quod
1521 4683 1600 4727 at-
1630 4684 1679 4745 D

24 4739 204 4813 tiivet,‘
230 4739 319 4795 aui.
362 4739 792 4799 subaudiendum
840 4753 922 4797 est
950 4739 1170 4799 veniens
1196 4784 1211 4810 ,
1239 4761 1267 4797 τι
1302 4739 1493 4813 majori
1521 4760 1603 4799 tte-

25 4811 168 4889 niens
194 4810 415 4889 lumine;
449 4823 539 4871 aut
570 4833 603 4869 a
640 4815 831 4889 majori
869 4817 1060 4869 lumine
1085 4859 1099 4879 ,
1132 4815 1349 4889 idest,
1379 4810 1606 4888 propter

28 4883 200 4959 majus
223 4882 421 4959 lumen,
448 4900 560 4956 pra:
581 4882 771 4957 majori
807 4888 1053 4959 lumine;
1074 4888 1216 4959 quod
1240 4882 1448 4943 scilicet
1479 4882 1606 4944 ante

29 4954 392 5030 paulo_oculos
422 4954 538 5029 eius
570 4954 850 5030 implebat,
882 4968 987 5013 etc.
1030 4954 1209 5013 Clausi
1234 4960 1389 5027 aeris,
1419 4969 1479 5015 ut
1520 4959 1606 5015 hic

28 5033 111 5103 est
129 5066 146 5091 ,
177 5025 294 5103 ferri
324 5025 539 5103 potest,
561 5025 664 5103 pro
688 5045 794 5101 quo
818 5025 997 5103 tamen
1035 5031 1080 5083 si
1108 5030 1228 5103 quis
1258 5025 1421 5085 clausi
1446 5032 1605 5101 antri,

29 5096 427 5172 velclamurte,
455 5101 542 5156 vel
566 5096 679 5157 tale
705 5096 831 5172 quid
879 5101 1058 5171 malit,
1093 5096 1383 5156 dummodo
1413 5096 1605 5160 eodem
1710 5099 1746 5172 Ρ

30 5156 255 5246 recidat,
277 5187 373 5241 ego
400 5156 507 5246 non
537 5156 930 5229 contenderim.
981 5156 1230 5229 Barthius
1249 5215 1263 5241 ,
1312 5156 1610 5246 inquit'vir

29 5240 243 5317 doctus,
265 5240 529 5317 emendat,
552 5246 716 5300 clausi
736 5247 860 5301 oris.
885 5246 999 5302 Hoc
1014 5260 1227 5317 quoque
1254 5240 1604 5317 ferri'potest;

33 5264 243 5307 auctus,
265 5264 529 5311 emendat,
552 5264 715 5300 clausi
736 5264 860 5301 om.
886 5264 999 5302 nuc
1052 5264 1227 5317 noque
1254 5264 1379 5301 terrt
1404 5264 1604 5317 powsr;

33 5327 139 5366 non
171 5312 295 5390 iilutl
323 5317 445 5375 item
470 5359 485 5384 ,
517 5317 660 5388 quod
702 5330 829 5390 mox
874 5264 1124 5390 subjiﬂit:
1153 5334 1208 5390 es
1229 5318 1506 5388 aliquando
1532 5326 1608 5372 to-

35 5393 139 5469 tam
177 5385 374 5469 facient
393 5385 661 5469 ductare:
687 5387 952 5469 Quorsum
971 5385 1119 5444 enim
1151 5388 1281 5469 illud
1310 5385 1443 5469 llich
1466 5390 1609 5446 Sane

33 5456 79 5509 sl
109 5456 213 5533 oris
237 5460 597 5533 admittamus,
631 5461 698 5517 de
718 5456 814 5533 ore
841 5460 1098 5533 spelunca:
1123 5502 1138 5526 ,
1169 5470 1226 5517 ut
1257 5464 1308 5516 in
1339 5462 1484 5533 vulg.
1518 5475 1607 5516 oc-

34 5527 208 5605 currit
236 5530 490 5588 Interdum
516 5575 531 5605 ,
583 5527 689 5586 non
724 5527 972 5605 hominis
1002 5533 1407 5605 intelligendum
1434 5527 1560 5589 csse
1587 5574 1604 5601 ,

35 5597 395 5675 dubitaturum
416 5597 577 5660 credo
594 5602 884 5659 neminem.
905 5602 1008 5659 Sed
1028 5621 1125 5661 nec
1149 5597 1401 5675 [irincipis
1418 5597 1612 5661 editio;

39 5668 123 5724 nis
153 5676 531 5750 eontenmenda
578 5676 843 5746 scriptura
878 5682 990 5750 est,
1038 5676 1091 5730 in
1125 5668 1342 5750 caligine
1367 5679 1610 5743 clausus;

39 5756 192 5820 mox,
210 5754 392 5820 peierat
407 5746 591 5801 bellant
610 5763 704 5820 per
717 5747 1081 5820 compendium,
1099 5746 1292 5801 mutare
1312 5750 1366 5803 in
1390 5750 1581 5803 caedem
1597 5766 1615 5804 :

40 5813 451 5888 liim'editienes
475 5813 683 5888 plenius
717 5836 729 5871 :
762 5824 959 5888 poterat
983 5816 1173 5883 bellum
1192 5829 1389 5873 mutare
1436 5822 1490 5875 in
1529 5835 1619 5874 cte-

45 5836 165 5867 lll.l:
202 5836 451 5872 coitiones
490 5836 683 5874 llclllllS
717 5836 729 5871 ε
762 5836 959 5888 patera;
983 5836 1173 5883 aeuum
1192 5836 1389 5873 mutare
1436 5837 1490 5875 tn
1529 5836 1619 5874 C(8-

45 5877 166 5939 d'e‘rn
187 5884 383 5959 {paulo
408 5836 526 5961 point
545 5932 559 5958 ,
578 5892 632 5948 in
655 5890 765 5949 cote
786 5886 959 5945 livoris
978 5890 1159 5947 aruitis
1179 5891 1455 5949 novaculas
1479 5908 1497 5948 :
1523 5893 1623 5964 pro

1707 3518 1816 3575 quo
1844 3502 2020 3573 prima
2043 3500 2182 3575 facie
2201 3543 2216 3565 .
2242 3504 2297 3559 in
2318 3503 2473 3575 corde
2496 3502 2674 3575 lirari:
2688 3541 2713 3575 ._
2728 3516 2842 3575 non
2870 3500 3179 3575 dubitabam
3217 3515 3311 3556 re-

1709 3572 2018 3647 ponendum
2035 3617 2052 3641 ,
2084 3574 2180 3632 sed
2189 3575 2301 3647 iam
2316 3574 2463 3647 mihi
2477 3574 2689 3647 videtur
2701 3572 2834 3631 illud
2850 3582 2906 3630 et
2933 3573 3233 3647 elegantius
3254 3581 3311 3631 et

1708 3642 1939 3720 acutius.
1973 3642 2095 3703 Mox
2121 3648 2175 3720 in
2190 3642 2545 3720 captivitatem
2566 3646 2789 3713 trahere,
2817 3660 2940 3701 cum
2970 3642 3307 3720 tapi‘elarutu

1710 3719 1800 3783 sit,
1825 3735 1983 3791 quam
2014 3719 2060 3775 si
2088 3718 2218 3791 solis
2245 3714 2397 3774 radio
2423 3718 2881 3791 scriptutngesset,
2911 3714 3040 3791 quid
3066 3714 3313 3791 dicemus

1714 3788 1862 3853 illos}
1890 3791 1990 3846 nisi
2022 3789 2222 3853 nodum
2252 3791 2304 3847 in
2330 3791 2513 3860 scirpo
2538 3789 2874 3861 qumsivism,
2902 3789 3068 3859 quiin
3089 3788 3277 3859 captivi
3294 3818 3308 3828 ι

1716 3872 1870 3942 tatem
1890 3878 2071 3925 caecos,
2103 3862 2153 3918 id
2182 3870 2284 3928 est,
2319 3877 2543 3942 prorsus
2570 3870 2910 3942 excmcatos,
2932 3870 2989 3942 et
3015 3861 3197 3942 oculis
3218 3868 3309 3942 ot:-

1709 3936 1864 4063 g‘attés
1891 3948 1989 3990 seu
2028 3944 2239 4004 captos,
2265 3932 2334 3992 ex
2352 3933 2583 4008 Apuleio
2607 3933 2919 3993 maluerunt
2939 3932 3307 4005 interpretari.

1766 4046 1780 4062 .
1853 4021 2039 4063 ASAUB.

1766 4046 1780 4062 ο
1809 4021 2039 4063 υΑεΑυΒ.

1714 4022 2076 4162 Ῡόῢέῧῗέη
2104 4077 2445 4162 captivitatem
2483 4093 2645 4147 cruces
2670 4086 2756 4132 aut
2773 4075 3036 4162 imperitas
3066 4074 3307 4162 populos.

1709 4149 1878 4207 Vocat
1903 4152 1957 4205 in
1982 4149 2326 4221 captivitatem
2348 4166 2528 4217 erucas,
2547 4164 2769 4221 prorsus
2789 4155 3089 4221 excmcatos
3108 4156 3161 4221 ei
3180 4161 3311 4209 ocu-

1709 4223 1773 4279 lis
1801 4223 2022 4279 orbatos
2046 4217 2164 4279 'seu
2186 4230 2398 4294 captos.
2427 4221 2519 4285 Sic
2548 4217 2829 4294 Apuleius,
2855 4219 3057 4290 deﬂeti:
3088 4217 3157 4274 ad
3185 4234 3309 4291 cap-

1707 4297 1949 4351 tivitatem
1980 4294 2160 4349 oculis.
2183 4292 2398 4355 lucem.

1770 4364 1886 4440 (95)
1905 4362 2492 4440 udicium_l)_ei.'Quid
2512 4364 2584 4440 sit
2608 4363 2884 4440 vindicare
2912 4360 3305 4440 maledictioni-

1697 4432 1798 4509 bus
1828 4432 2086 4508 quidquid
2108 4436 2362 4509 iudicium
2380 4432 2479 4509 Dei
2508 4435 2715 4509 iecerit,
2742 4450 2851 4509 non
2878 4434 3009 4509 satis
3036 4432 3303 4509 intelligo.

1701 4507 1804 4571 nisi
1836 4504 2171 4567 velit'dice're
2212 4507 2470 4579 quidquid
2508 4508 2645 4563 Deus
2686 4504 2801 4564 fieri
2839 4506 3085 4580 permisit
3111 4514 3305 4567 contra

1701 4596 1888 4638 eorum
1920 4579 2269 4634 voluntatem.
2313 4580 2547 4635 ALBASP.

1777 4650 1914 4706 Ibid.
1949 4648 2216 4722 Quidquid
2228 4650 2489 4722 judicium
2520 4649 2639 4717 νεῖ,
2659 4658 2766 4705 etc.
2799 4649 2961 4722 Quia,
2998 4649 3201 4722 inquit,
3226 4648 3303 4722 ita

1710 4724 1852 4782 solet
1878 4714 1989 4785 usu'
2010 4714 2211 4786 venire,
2228 4714 2296 4781 ἰιι
2322 4737 2427 4777 non
2456 4714 2645 4776 omnes
2674 4722 2782 4779 sint
2811 4714 3019 4789 felices,
3048 4714 3307 4792 quidquid

1712 4812 1741 4852 e
1775 4793 1972 4849 nostris
2012 4792 2171 4849 alicui
2222 4792 2490 4863 contingit
2529 4792 2766 4859 adversi,
2813 4793 2867 4850 id
2912 4810 3006 4852 vos
3063 4795 3306 4862 proxinus

1710 4868 1909 4923 vestris
1936 4864 2412 4925 maledictionibus
2442 4865 2725 4922 vindicatis
2763 4874 2817 4922 et
2845 4865 3119 4930 asseritis,
3150 4863 3305 4934 qttasi

1711 4954 1900 4995 eorum
1922 4939 1973 4992 vi
1995 4952 2058 4992 ac
2084 4936 2286 4992 virtute
2311 4936 2645 5008 contigisset.
2677 4935 2825 4992 Fecit
2847 4930 3220 5008 Albaspinreus
3245 4930 3307 5008 ut

1710 5009 2175 5082 interpretandum
2217 5006 2496 5078 putarem]
2531 5007 2786 5082 nevalde
2821 5006 3156 5082 reconditum
3188 5006 3309 5077 quis

1752 5078 1927 5156 utar'et
1973 5090 2028 5137 et
2072 5081 2404 5156 obscurum,
2438 5080 2580 5156 quod
2608 5078 2723 5153 ipse
2770 5079 3082 5152 profitetur,
3111 5094 3170 5135 se
3199 5093 3309 5147 non

1713 5151 2034 5222 intelligere.
2071 5151 2140 5206 lli.
2170 5151 2401 5209 CASAUB.

1788 5219 1913 5301 (96)
1946 5224 2277 5301 Innocenth
2299 5244 2351 5281 se
2380 5234 2426 5280 et
2455 5223 2981 5301 veneirar'iusjudicet,
3012 5231 3115 5299 etc.
3151 5219 3315 5281 Vene-

1716 5296 1919 5351 narium
1946 5306 2102 5371 vocat
2132 5296 2403 5353 hominem
2427 5296 2727 5371 veneficum
2752 5306 2812 5350 et
2843 5296 3311 5371 pharmacopzenni

1680 5406 1689 5415 -
1717 5377 1882 5425 κακῶν
1908 5376 2010 5426 τῶν
2024 5366 2340 5452 ⁸φὸερμάοεριξν,
2368 5368 2509 5439 quod
2541 5384 2737 5452 nomen
2782 5360 3113 5452 notandum.
3134 5360 3318 5452 Deitas}

1718 5449 1831 5518 tum
1871 5458 1984 5518 non
2023 5434 2163 5518 h'ui'g'
2189 5434 2542 5518 soli_,_r_verutp
2571 5441 2739 5518 etiam
2767 5437 2889 5518 aliis
2918 5435 3121 5518 nonde
3150 5434 3311 5518 picbe

1718 5512 2092 5581 scriptoribus,
2119 5512 2478 5579 Tel-tulliano,
2499 5510 2643 5567 iulio
2671 5509 2931 5576 Firmico,
2948 5507 3049 5578 ipsi
3074 5506 3314 5577 denique

1720 5584 1998 5642 Suetonio.
2027 5584 2242 5640 locum.

1796 5676 1930 5731 Ibid.
1974 5674 2310 5732 Venenarius.
2347 5672 2625 5743 liominem
2659 5669 2789 5725 dicit
2816 5671 3118 5743 veneﬁcum
3144 5675 3316 5743 χᾳκῶγ

1724 5751 1998 5831 φαρμάκων
2030 5746 2384 5830 conditorem.
2424 5742 2792 5798 Venenatores
2831 5742 3321 5827 .eloquentissinms

1729 5826 1825 5871 πιθνὶ
1878 5818 2052 5871 ultimi
2098 5824 2330 5871 εει-ωπον
2355 5815 2500 5870 Saxo
2549 5811 2945 5869 Grammaticus
2978 5812 3156 5871 dixit.
3198 5816 3317 5868 uta

1729 5832 1825 5866 ξιξνὶ
1878 5832 2051 5866 unum
2098 5832 2330 5866 scrmtor
2355 5832 2500 5866 διὶΧο
2549 5832 2733 5866 uramt

1729 5826 1825 5875 aevi
1878 5826 2052 5874 ultimi
2098 5826 2330 5886 scriptor
2355 5826 2500 5870 saxo
2549 5826 2945 5869 uramtnattcus
2978 5826 3156 5878 amt,

1733 5890 1886 5948 nobis
1919 5889 2163 5948 intrabis
2193 5885 2390 5946 libelli!
2409 5883 2710 5953 docebitur,
2739 5883 2973 5949 Burm,
