3974 6324
480 291 586 348 985

1667 285 1914 346 SANC'I‘I
1953 283 2203 342 OI‘TA'I‘I
2245 280 2549 342 EPISCOPI

3614 292 3716 349 -984

471 417 577 474 est,
610 407 805 464 frustra
824 422 882 465 se
908 406 1278 465 Christianum
1302 415 1397 465 aut
1421 405 1758 464 sacerdotem
1786 407 1876 462 Dei
1908 405 2072 477 proli-
2103 413 2156 473 Α
2182 411 2304 474 post
2329 403 2584 460 unitatem
2603 447 2617 471 ,
2650 402 2793 476 quod
2823 418 2854 460 a
2885 403 3034 461 nullo
3057 404 3254 463 factum
3295 414 3378 464 est
3401 415 3515 481 post
3540 408 3718 466 tlturift-

473 511 646 568 tetur,
684 501 777 575 qui
825 502 1102 558 lenitatem
1149 502 1244 558 Dei
1277 517 1386 557 non
1431 509 1584 557 curat
1615 499 1816 556 imitari
1849 508 1916 564 al;
1957 514 2078 554 cum

477 596 738 668 scriptum
765 595 836 651 sit
864 597 916 651 in
948 595 1280 652 Salomone:
1316 594 1457 650 Deus
1496 602 1710 648 mortem
1756 609 1857 647 non
1911 594 2032 664 fecit
2061 633 2076 658 ,

477 707 568 746 nec
598 692 802 746 [letatur
833 690 886 744 in
909 689 1196 759 perditione
1236 690 1464 744 vivorum
1505 687 1660 760 (Sap.
1692 703 1730 752 t,
1760 685 1868 758 15).
1900 685 2078 741 Credo

476 799 572 838 vos
593 784 842 839 oblivisci
877 798 981 838 non
1014 798 1197 852 posse,
1231 782 1358 853 quid
1395 797 1491 853 per
1517 782 1632 837 loca
1665 780 1862 851 aliqua-
1888 779 2079 834 feceri-

473 880 563 940 tis.
596 895 715 933 cum
747 893 864 944 eos,
893 879 982 948 qui
1008 878 1182 947 legem
1208 875 1303 932 Dei
1329 874 1712 945 praedicabant,
1743 873 1793 929 id
1817 880 1923 938 cst,
1954 887 2080 942 pro-

472 971 665 1044 phetas
695 972 906 1027 velletis
927 971 1181 1027 occidere
1211 981 1399 1026 contra
1423 969 1722 1040 jnssionem
1765 967 1861 1022 Dei
1891 967 2078 1023 dicen-

477 1066 582 1120 tis:
624 1065 690 1120 Et
729 1067 780 1120 in
810 1064 1089 1137 prophetas
1129 1081 1266 1121 meas
1317 1081 1528 1119 manum
1579 1080 1640 1117 ne
1670 1063 1909 1118 miseritis
1954 1061 2074 1135 (Ps.

471 1175 581 1221 etv,
618 1160 731 1229 l5).
781 1160 1095 1214 Deutcrium
1134 1201 1148 1224 ,
1201 1157 1511 1214 Partenium
1541 1199 1554 1221 ,
1600 1157 1865 1212 Donatum
1893 1155 1922 1196 ι)
1951 1196 1968 1222 ,
2017 1164 2072 1210 et

471 1252 797 1322 Getulicum,
823 1253 920 1309 Dei
945 1253 1250 1324 episcopos,
1284 1251 1482 1323 linguae
1517 1249 1696 1322 gladio
1738 1249 2026 1321 iugulastis
2056 1290 2071 1315 ,

469 1346 762 1402 fundentes
807 1347 1124 1417 sanguinem
1178 1361 1282 1402 non
1329 1345 1614 1417 corporis,
1668 1344 1764 1400 sed
1824 1343 2070 1401 honoris.

472 1439 734 1495 Vixerunt
760 1449 944 1511 postea
979 1439 1252 1507 homines,
1283 1437 1378 1495 sed
1407 1453 1436 1492 a
1477 1438 1635 1493 Vobis
1661 1437 1822 1493 occisi
1870 1444 1996 1492 sunt
2019 1436 2071 1490 in

469 1531 788 1596 honoribus,
817 1533 907 1589 Dei
931 1531 1265 1588 sacerdotes.
1301 1530 1480 1586 Multis
1523 1539 1714 1586 notum
1741 1539 1905 1587 estet
1945 1545 2072 1600 pro-

467 1627 674 1692 batum,
707 1628 1100 1698 persecutionis
1123 1637 1367 1696 tempore
1391 1626 1677 1697 episcopos
1701 1626 1931 1697 aliquos,
1958 1622 2074 1699 (97)

467 1717 661 1774 inertia
687 1719 1081 1776 acoufessione
1133 1718 1368 1775 nominis
1417 1719 1513 1774 Dei
1547 1719 1806 1790 delapsrts
1863 1719 2072 1774 thurifi-

2181 499 2637 571 cationemzquia
2685 499 2947 569 seriptum
2999 510 3124 557 est:
3162 501 3242 558 Ne
3280 504 3529 575 tetigeritis
3571 513 3718 560 unctos

2182 611 2318 650 meos
2349 635 2363 659 ,
2416 609 2575 664 neque
2622 594 2676 648 in
2718 592 2994 664 praphetas
3063 611 3200 650 meos
3261 612 3457 651 manum
3518 596 3719 654 miseritis

2184 686 2301 762 (Ps.
2332 702 2416 742 etv
2443 729 2459 754 ,
2493 687 2608 757 15).
2641 685 2833 742 Oleum
2880 702 3037 743 suum
3085 685 3323 744 defendit
3351 689 3514 746 Deus:
3538 690 3645 760 quia
3683 691 3718 747 si

2182 787 2462 850 peccatum
2505 787 2591 834 est
2619 779 2888 846 hominis;
2924 780 3107 836 unctio
3131 792 3214 836 est
3243 791 3418 838 tamen
3441 783 3717 838 divinitatis.

2182 872 2267 927 Ne
2311 873 2580 946 tetigeritis
2609 871 2828 944 (inquit)
2881 883 3064 927 unctos
3095 890 3230 928 meos
3255 891 3274 928 :
3316 873 3433 929 ideo
3465 915 3479 940 ,
3519 892 3578 929 ne
3620 876 3722 932 dum

2181 977 2458 1041 peccatum
2489 968 2726 1026 hominis
2773 971 3072 1042 percutitur
3097 1011 3111 1033 ,
3157 979 3212 1025 et
3251 969 3329 1040 (5)
3375 969 3542 1024 oleum
3563 1011 3576 1033 ,
3603 970 3722 1039 quod

2179 1061 2275 1118 Dei
2303 1070 2425 1128 est,
2461 1061 2710 1118 feriatur.
2766 1063 2980 1120 .Iudicio
3026 1079 3124 1118 suo
3179 1063 3317 1118 Deus
3368 1063 3586 1118 servavit
3629 1078 3722 1119 rem

2178 1174 2354 1227 suam,
2385 1168 2441 1215 et
2490 1168 2676 1214 tamen
2721 1175 2820 1214 vos
2866 1159 3064 1231 passim
3123 1157 3354 1213 irruistis
3401 1157 3450 1211 in
3494 1156 3723 1225 alienam,

2177 1261 2590 1322 corrumpentes
2619 1249 2860 1306 omnium
2912 1249 3247 1307 felicitatem.
3290 1247 3367 1319 (4)
3410 1247 3534 1303 Nam
3561 1263 3665 1320 qua:
3705 1259 3724 1286 θ

2177 1345 2350 1415 major
2371 1344 2681 1411 infelicitas,
2711 1359 2874 1415 quam
2914 1344 3006 1400 Dei
3056 1342 3366 1399 sacerdotes
3415 1340 3616 1407 vivere,
3647 1354 3727 1398 nec

2176 1455 2298 1498 esse
2324 1438 2468 1511 quod
2501 1437 2758 1495 fuerant?

2245 1530 2438 1586 XXVI.
2483 1529 2760 1595 Matrona,
2783 1529 2950 1602 pueri,
2975 1529 3217 1601 virgines,
3249 1526 3497 1582 immerito
3531 1543 3560 1580 a
3583 1523 3728 1580 Dona-

2177 1625 2307 1680 tistis
2335 1624 2644 1698 paenitentia:
2665 1623 2903 1678 addictw.
2935 1652 3008 1663 —
3039 1622 3320 1684 Matronae,
3349 1619 3494 1690 pueri
3521 1618 3662 1674 simul
3686 1627 3729 1674 et

2175 1722 2406 1794 virgines
2428 1736 2457 1775 a
2476 1720 2630 1777 vobis
2653 1729 2878 1786 coactae,
2911 1717 3060 1773 nullo
3087 1716 3482 1772 interveniente
3509 1723 3726 1784 peccato,

464 1827 642 1879 casse,
676 1823 729 1868 et
761 1821 941 1868 tamen
987 1813 1163 1868 nullus
1211 1829 1400 1868 eorum
1445 1812 1537 1884 qui
1564 1811 1677 1883 (98)
1735 1822 2062 1880 evaserunt,
2099 1817 2147 1877 B
2173 1816 2317 1872 salva
2342 1815 2648 1871 innocentia
2680 1823 2731 1868 ct
2754 1810 3219 1884 pudicitia,.vobis
3249 1808 3558 1864 docentibus
3592 1806 3726 1876 pceni-

468 1913 560 1959 aut
594 1905 713 1979 (99)
738 1921 956 1961 manum
985 1906 1151 1976 lapsis
1181 1906 1456 1977 imposuit,
1492 1917 1587 1962 aut
1619 1906 1698 1980 (l)
1728 1916 1785 1961 ut
1807 1921 1979 1976 genua
2006 1907 2072 1961 li-

467 2007 749 2071 gerentc;
822 1999 1130 2071 imperavit.
1185 1999 1254 2056 Et
1324 1999 1498 2055 facitis
1557 2014 1656 2056 vos
1718 1998 1878 2055 hodie
1923 1996 1950 2036 ἀ
1995 1998 2075 2074 (2)

2185 1909 2408 1966 tentiam
2434 1923 2628 1980 gerere
2649 1907 2975 1962 didicerunt.
3003 1903 3270 1973 Numquid
3301 1903 3472 1958 minor
3497 1911 3573 1958 est
3594 1901 3733 1958 infeli-

2183 2002 2354 2058 citas?
2385 2001 2467 2077 (5)
2499 1999 2836 2057 contrivistis
2857 2015 3021 2056 sexus
3056 1997 3102 2066 τ,
3134 1998 3375 2054 vexastis
3400 2006 3591 2053 mtates.
3620 1996 3732 2052 Vero

1742 2114 2127 2175 LECTIONES
2173 2117 2597 2175 VARIAN'I‘ES.

533 2209 558 2238 ⁸
592 2207 712 2260 Haec
746 2207 1167 2280 supplevimusex
1205 2222 1294 2259 ms.
1321 2210 1374 2260 S.
1422 2208 1482 2261 ϐ.
1519 2208 1710 2280 Idaliis
1751 2210 1830 2280 hic
1867 2211 2072 2272 lacuna,

466 2271 955 2337 quam_supl.lev‘erat
976 2273 1246 2337 Balduinus
1268 2285 1358 2337 per
1381 2285 1551 2323 vocem
1573 2271 1783 2336 ignorat.

537 2331 567 2370 1)
602 2331 760 2384 Deest
782 2335 833 2383 in
858 2349 950 2385 ms.
975 2335 1029 2386 S.
1055 2335 1115 2386 G.

528 2400 557 2464 εξ
593 2397 646 2464 I_n
670 2410 786 2464 mss.
811 2398 864 2448 S.
885 2398 946 2448 Τ.
971 2407 1026 2464 et
1047 2399 1140 2464 13h.
1166 2399 1219 2450 S.
1242 2398 1379 2462 lapsu
1402 2400 1737 2463 amanuensis,
1756 2397 1946 2464 ﬁerent.

531 2458 561 2500 ά
593 2460 752 2511 Deest
774 2463 825 2512 in
849 2475 940 2512 ms.
964 2461 1018 2512 S.
1045 2461 1106 2512 ὓ.

2251 2211 2275 2241 θ
2310 2209 2382 2260 Ita
2409 2210 2456 2258 iu
2482 2222 2573 2259 ms.
2599 2209 2652 2259 S.
2678 2208 2738 2260 (ἰ.
2764 2207 2892 2260 Male
2916 2209 2968 2258 in
2990 2220 3108 2258 mss.
3133 2208 3186 2257 S.
3212 2206 3271 2258 Τ.
3302 2211 3356 2257 et
3376 2205 3433 2255 P.
3457 2205 3506 2256 Β.
3530 2207 3690 2268 Neque.

2251 2271 2273 2312 ί
2311 2272 2385 2323 Ita
2407 2274 2456 2321 in
2489 2287 2580 2323 ms.
2608 2273 2660 2323 S.
2703 2271 2763 2322 G.
2799 2271 2852 2321 In
2877 2284 2994 2322 mss.
3031 2271 3083 2322 S.
3109 2271 3169 2320 Τ.
3199 2278 3253 2322 et
3287 2269 3346 2320 P.
3370 2269 3421 2319 S.
3445 2270 3561 2318 etin
3583 2270 3730 2328 editis.

2184 2333 2412 2388 contritas
2431 2346 2557 2385 sexu
2582 2335 2792 2388 vexastis
2815 2340 3008 2393 tetates,
3037 2335 3200 2384 minus
3234 2335 3365 2383 bene
3379 2371 3393 2394 ,
3418 2345 3521 2382 nam
3543 2333 3626 2383 duo
3645 2341 3732 2384 sunt

2185 2399 2410 2450 membra
2431 2397 2655 2450 distincta
2676 2411 2830 2449 sexus
2851 2406 2902 2449 et
2924 2405 3061 2448 aetas.

1788 2569 1874 2626 VA
1884 2569 2155 2631 RIORUM
2191 2572 2423 2631 NOTAE.

473 2688 657 2820 A(97s)
701 2687 920 2746 lnerlia.
974 2688 1120 2747 Inter
1173 2697 1446 2746 tormenta
1491 2690 1770 2748 Christum
1817 2705 2065 2763 negasse.

525 2778 622 2817 LBA
656 2777 706 2817 ρ.

525 2776 706 2817 ιΒΑεΡ.

543 2835 676 2888 Ibid.
707 2833 908 2889 Inertia
935 2851 966 2888 a
1015 2836 1336 2904 confessione
1382 2834 1476 2890 Dei
1520 2835 1744 2901 elapsos,
1779 2844 1884 2892 etc.
1933 2834 2070 2891 Ver-

475 2906 604 2960 hum
633 2905 737 2960 hoc
757 2907 959 2973 inertia,
985 2922 1094 2961 non
1127 2923 1223 2975 pro
1247 2908 1535 2963 atrocitate
1557 2909 1824 2970 criminis,
1852 2923 1959 2977 quo
1987 2908 2074 2962 vix

475 2978 642 3032 ullum
674 2978 868 3051 majus,
902 2979 974 3043 si,
997 2989 1052 3032 ut
1083 2981 1262 3050 vulgo.
1295 2980 1550 3051 accipias.
1589 2980 1694 3035 Sed
1725 2981 1962 3034 inertiam
1989 2978 2074 3035 hic

473 3058 633 3103 vocat
672 3047 920 3114 Optalus,
952 3060 1151 3105 metum
1178 3047 1497 3116 inertisfet
1520 3066 1760 3107 amorem
1806 3051 1989 3106 mundi
2021 3060 2076 3107 et

478 3121 792 3194 temporalis
821 3122 1258 3192 tranquillitatis;
1291 3139 1410 3194 qum
1436 3138 1581 3194 (sane
1614 3139 1742 3179 vere
1794 3125 1972 3178 inertis
2022 3131 2074 3179 et

478 3193 659 3261 ignavi
688 3194 904 3264 pmpria
935 3211 955 3247 .·
983 3194 1128 3250 unde
1157 3208 1209 3250 et
1249 3193 1396 3250 in’N.
1431 3193 1495 3259 T,
1553 3193 1708 3252 δειλοὶ
1741 3195 2072 3260 meticulosi,

478 3264 686 3338 timidi,
718 3272 774 3320 et
789 3262 1006 3338 ἄπιστοι
1039 3266 1285 3323 inﬁdeles
1324 3268 1751 3338 eonjnnguntur,
1783 3275 1837 3321 et
1863 3267 1931 3321 ab
1958 3266 2072 3322 hat-

481 3320 714 3408 reditai'e
742 3320 952 3393 caelesti
971 3320 1097 3394 cum
1121 3320 1704 3408 ’csis'ra'psecs’timta
1720 3320 2080 3394 éttilllvicﬁevii-
2104 3320 2150 3384 C

477 3406 790 3482 cluduntur,
821 3407 1048 3482 Apocal.
1076 3427 1186 3476 xxt,
1220 3413 1273 3467 8.
1308 3406 1484 3482 Magni
1526 3413 1672 3466 enim
1724 3421 1780 3466 et
1828 3412 2077 3482 generosi

477 3481 641 3534 animi
680 3490 764 3536 est
787 3523 803 3549 ,
833 3497 956 3538 esse
994 3481 1538 3551 Cltristianum.’Quo
1574 3482 1808 3538 fortasse
1849 3493 1916 3551 et
1948 3481 2081 3537 illud

477 3573 732 3643 pertinet,
757 3575 899 3645 quod
929 3575 1141 3631 Hebraei
1161 3576 1362 3642 dicunt,
1382 3550 1476 3633 vi
1499 3581 1582 3654 ps
1603 3581 1694 3633 sv
1723 3582 1858 3631 man
1871 3550 2084 3634 eam

478 3657 621 3714 vim
663 3659 794 3712 ἾὉΠ
836 3655 1237 3732 .Yullusrteltttlo
1267 3658 1468 3732 (fatuus
1495 3656 1918 3732 stolidusltimet
1961 3672 2084 3728 pec-

482 3735 653 3801 catum
683 3742 701 3781 ε
727 3743 818 3780 nec
861 3728 1024 3780 idiota
1057 3727 1532 3800 (Hehrfpopulus
1582 3727 1780 3801 teme)
1811 3727 2080 3800 quisquam

522 3797 596 3872 ius
646 3814 659 3850 :
714 3804 899 3872 exitsD
946 3815 1068 3872 qua:
1117 3803 1274 3871 vulgo
1303 3797 1542 3869 capitula
1598 3797 1833 3872 patranti
1879 3797 1983 3855 Sed
2026 3810 2081 3856 et

508 3868 648 3941 Iehr.
676 3883 748 3941 vt,
782 3871 841 3924 Η
877 3879 931 3925 et
959 3868 1026 3925 12
1057 3868 1250 3941 segnes
1275 3880 1330 3925 et
1362 3874 1564 3927 inertes
1597 3868 1677 3928 eis
1703 3884 2075 3940 apponuntur,

482 3939 655 4014 quiin
687 3939 793 3996 [ide
817 3941 892 4014 adi
914 3941 1081 4014 linem
1112 3939 1283 4014 usque
1312 3953 1682 4012 perseverant,
1715 3939 1890 4014 neque
1919 3944 2077 3998 dubi-

482 4012 614 4065 tavit
640 4013 833 4086 beatus
863 4012 1286 4086 Cltrysosmtnns
1313 4015 1583 4069 infandam
1627 4014 1782 4070 ³υάίὲ
1805 4012 2080 4085 proditio-

480 4098 605 4162 nem
625 4085 804 4162 ipsius
827 4085 1035 4162 inertiae
1056 4086 1497 4162 xaiﬁa’hpiqtﬂlti
1524 4086 1856 4162 adscribere;
1891 4094 2078 4162 τοσοῦ-

480 4155 564 4211 τόν
616 4157 725 4213 ἐστι
772 4157 999 4230 ῥαθυμίᾳ
1049 4155 1232 4230 accendit,
1263 4155 1318 4211 u't
1359 4155 1754 4230 elegantcrAihi
1804 4161 2078 4215 cont-ludit

483 4235 616 4304 tom.
646 4243 699 4304 _v,
730 4226 848 4304 pagg.
880 4226 1009 4304 A565.
1047 4228 1191 4304 ldetn
1224 4231 1411 4304 beatus
1439 4226 1609 4304 pater,
1639 4226 1717 4284 ὅτι
1740 4231 1794 4284 ἐκ
1820 4231 2076 4304 ῥαθυμὶας

480 4298 512 4356 ἦ
541 4300 712 4376 κακία.
755 4302 839 4352 καὶ
867 4301 970 4355 ἀπὸ
995 4299 1225 4376 errandi);
1251 4303 1281 4360 ri
1309 4303 1487 4376 ἀρετὴ,
1510 4299 1628 4376 fuse
1662 4298 1839 4356 tuetur
1869 4317 1934 4376 ac
1953 4298 2075 4376 'diso

479 4375 633 4437 putat
667 4381 796 4441 totn.
827 4385 902 4436 Vt,
932 4386 1051 4441 pag.
1077 4369 1201 4426 8M.
1236 4369 1354 4427 etc."
1374 4387 1532 4441 supra
1561 4371 1681 4426 libr.
1721 4389 1759 4436 ι,
1786 4374 1974 4428 eadem
2005 4373 2074 4430 de

480 4455 540 4492 re
564 4481 579 4505 ,
613 4449 669 4492 ut
698 4440 886 4495 damno
916 4440 1121 4496 (eterna:
1162 4443 1297 4510 vitta,
1331 4440 1480 4496 istius
1506 4446 1710 4498 incertae
1737 4445 1865 4498 lucis
1903 4461 2075 4500 moras

477 4510 797 4586 brevissimus
819 4523 1198 4586 compararent,
1227 4527 1331 4568 etc.
1357 4513 1510 4581 Quod
1531 4516 1692 4585 igitur
1711 4517 1858 4586 prius
1877 4516 2072 4582 amori,

477 4581 1074 4656 stutlioqueiprgtsentis
1119 4581 1279 4654 hujus
1309 4590 1454 4651 vitae,
1489 4581 1574 4640 hic
1607 4581 1817 4642 inertiae
1847 4588 2075 4656 imputat

481 4652 822 4728 utAetiam_Q.
850 4654 1089 4723 Curtius,
1116 4652 1323 4728 pigros,
1351 4667 1427 4721 et,
1455 4658 1542 4726 qui
1584 4657 1887 4712 diuturnam
1914 4652 2074 4713 vitam

473 4724 682 4800 unicum
726 4724 1204 4800 bonutnitestintan't
1232 4770 1246 4794 ,
1291 4724 1608 4800 conjunxit:
1643 4728 1968 4800 Quamquam
2010 4748 2073 4784 ne
2099 4732 2152 4792 D

472 4797 609 4872 pigri
649 4797 865 4872 quidem
892 4799 988 4852 sibi
1016 4802 1124 4868 fata
1152 4797 1462 4872 disponunt,
1490 4799 1580 4853 sed
1620 4797 1833 4854 unicunt
1880 4801 2067 4856 bonum

473 4869 773 4941 diuturnam
819 4871 972 4924 vitam
999 4869 1308 4925 testiman'tes
1332 4913 1345 4932 .
1374 4887 1508 4941 stupe
1536 4872 1718 4926 acerba
1745 4888 1882 4926 mors
1911 4890 2068 4926 occu-

473 4952 584 5011 pat,
609 4941 674 4994 de
697 4938 848 4996 Gest.
878 4941 1036 4997 Alex.
1068 4943 1164 4998 lib.
1195 4959 1268 4997 tx.
1303 4941 1423 4996 Mox
1447 4938 1542 5011 qui
1566 4957 1854 5005 evaserunt,
1892 4945 1942 4998 id
1965 4954 2066 5009 est,

473 5013 562 5081 qui
586 5013 869 5086 tentatipni
896 5028 989 5069 seu
1013 5013 1374 5085 perseeutioni
1400 5029 1506 5067 non
1533 5017 1956 5086 succulntcruut,
1983 5017 2072 5086 qui

473 5092 744 5157 steterunt.-
775 5082 852 5136 Ita
883 5082 1039 5157 enim;
1076 5086 1212 5157 solet
1252 5093 1471 5139 sanctus
1509 5085 1847 5157 Cyprianus,
1880 5082 2072 5143 stantes

471 5152 637 5224 lapsis
667 5168 963 5224 Opponere.
993 5155 1061 5210 Μ.
1085 5155 1316 5211 CASAUB.

469 5244 668 5374 BM(98)
689 5245 994 5304 Evaserant.
1021 5247 1065 5304 Ii
1093 5250 1181 5319 qui
1204 5249 1482 5305 Christum
1510 5265 1618 5306 non
1649 5261 1933 5322 negat-unt.
1968 5255 2074 5310 At.-

569 5335 620 5374 ρ.

569 5335 620 5374 P.

541 5411 658 5488 (99)
692 5415 807 5488 Aut
847 5430 1056 5469 manum
1085 5414 1267 5484 lapsis.
1308 5413 1697 5488 Paenitentiam
1738 5415 1905 5486 lapsis
1956 5431 2064 5472 non

471 5483 892 5554 imposuissent;
927 5483 1192 5551 nusquam
1231 5486 1376 5541 enim
1404 5486 1644 5555 reperies
1673 5483 1848 5558 neque
1877 5490 1930 5542 in
1953 5489 2065 5544 An-

468 5571 698 5630 cyrano,
735 5574 910 5629 neque
957 5559 1008 5612 itt
1057 5558 1332 5630 Eliberino
1359 5558 1745 5630 paenitentiam
1791 5558 2060 5630 episcopis

471 5628 773 5701 impositam
803 5627 833 5696 ,“
854 5632 962 5684 imo
987 5627 1318 5685 contrarium
1356 5629 1552 5701 legitur
1577 5630 1645 5686 de
1671 5627 2058 5701 Trepltitno’et

463 5697 532 5753 de
557 5701 886 5755 Marcellino.
911 5703 1140 5758 ALBASP.

497 5828 504 5838 ,
540 5770 621 5841 (l)
659 5771 760 5844 fAut
789 5782 843 5824 ut
883 5789 1048 5840 genua
1091 5773 1324 5843 ﬁgerent.
1357 5772 1465 5829 Aut
1492 5783 1551 5828 ut
1574 5773 1785 5844 publice
1812 5787 2054 5842 errorem

463 5842 1039 5899 sumttdctestareutur
1068 5860 1082 5897 :
1115 5842 1438 5914 poenitentes
1479 5842 1623 5903 enim
1651 5857 1834 5903 coram
1873 5847 2051 5902 omni.

2176 2692 2278 2750 bus
2302 2707 2476 2764 genua
2501 2691 2761 2764 figebant,
2784 2699 2841 2748 et
2865 2689 2920 2746 in
2939 2689 3180 2764 porticus
3210 2687 3472 2764 Ecclesia:
3495 2697 3732 2764 transeun-

2178 2707 2278 2750 Dus
2302 2707 2476 2764 genua
2501 2707 2534 2748 tt
2575 2707 2761 2758 ebant,
2784 2707 2841 2748 et
2865 2707 2920 2746 tn
2939 2707 3180 2761 porttcus
3212 2707 3470 2746 nectesm
3495 2707 3730 2744 transeun-

2178 2775 2260 2822 tes
2283 2767 2512 2836 genibus
2538 2707 2692 2841 ﬁexis
2710 2765 2958 2841 orabant,
2984 2773 3042 2818 ut
3072 2763 3242 2841 Deum
3268 2761 3630 2841 etlﬂcclesiam
3653 2772 3730 2841 pro

2177 2852 2237 2893 se
2281 2831 2596 2892 exorarent.
2632 2835 3021 2899 'I‘ertnllianus,
3068 2836 3204 2889 caris
3256 2831 3355 2889 Dei
3383 2831 3727 2904 adgenicttlari,

2182 2909 2486 2981 presbyteris
2527 2908 2728 2963 advolvi
2753 2925 2771 2962 .'
2798 2923 2904 2981 quo
2931 2907 3170 2981 respexit
3201 2905 3447 2981 Optatus.
3472 2904 3672 2981 Attius.

2257 2975 2350 3056 (2)
2363 2981 2490 3036 Post
2515 2983 2784 3056 unitatem.
2811 2975 2942 3056 Post
2961 2975 3226 3056 unitatem
3249 2975 3518 3056 ahlacario
3542 2975 3728 3028 factam:

2184 3049 2468 3124 postquam
2514 3051 2791 3108 crudelem
2825 3052 2876 3106 iu
2907 3051 3192 3121 episcopos
3216 3049 3502 3124 vindictam
3547 3059 3728 3124 exerce-

2183 3119 2640 3198 bant‘Donatistze‘
2675 3119 3043 3198 tanquatn'in
3067 3119 3162 3198 eos
3187 3136 3422 3198 quorum
3455 3119 3659 3198 impulsu
3680 3129 3728 3170 ea

2184 3197 2320 3252 facta
2371 3205 2534 3252 esset.
2581 3195 2669 3270 Ait
2699 3195 2861 3264 igitur
2913 3192 3222 3249 Donatistae
3277 3192 3488 3265 gravius
3533 3192 3727 3270 puniisse

2183 3270 2470 3340 episcopos
2493 3299 2502 3304 ι·
2524 3266 2614 3340 qui
2679 3260 2953 3340 unitatem
2989 3260 3390 3340 procurarunt,
3436 3278 3580 3340 quam
3605 3260 3726 3340 nolint

2187 3331 2425 3397 Ecclesia
2449 3341 2503 3394 in
2532 3331 2714 3408 l'apsvs
2741 3331 3198 3394 animadverterat
3221 3347 3278 3393 et
3309 3331 3473 3392 in’eos
3495 3334 3576 3406 qui
3601 3331 3726 3387 ﬁdem

2190 3413 2542 3484 pejerassent.
2571 3415 2796 3484 Amas»:

2264 3477 2343 3556 (ὅ)
2386 3483 2566 3538 Oleum
2594 3483 2732 3551 quod
2752 3481 2954 3556 Deiest
2974 3480 3217 3556 feriatur.
3259 3479 3448 3556 Oleum
3479 3477 3724 3556 feriebatur

2186 3551 2309 3627 quia
2321 3551 2562 3627 (dignitas
2575 3554 2927 3609 sacerdotalis
2943 3551 3514 3627 lt‘tdibrio_habebatu_r.
3534 3551 3723 3604 Atstsr.

2258 3626 2337 3699 (4)
2382 3623 2616 3697 Namque
2648 3629 2812 3699 major
2848 3624 3252 3699 infelicitas._lta
3287 3623 3728 3699 legettdutn,neqtte

2184 3696 2355 3773 major
2373 3696 3007 3773 infelicitas._CumAvulgo
3031 3697 3269 3773 pessime
3288 3696 3724 3773 coalueringvoccs

2185 3765 2347 3826 etiam
2365 3765 2460 3844 nec
2473 3787 2596 3825 esse.
2625 3769 2678 3824 Id
2697 3769 2838 3840 quod
2865 3765 3073 3844 videre,
3091 3770 3265 3844 cuivis
3289 3781 3535 3844 pronum.
3557 3765 3723 3844 Dante.

2256 3844 2334 3912 (5)
2351 3841 2610 3897 Contritas
2623 3837 2746 3896 sexit
2771 3843 2992 3896 vexastis
3013 3849 3168 3896 artes.
3186 3837 3301 3896 Aut
3322 3838 3566 3912 cumaliis
3580 3837 3726 3890 editio-

2184 3910 2344 3970 nihus
2367 3913 2656 3985 legendqu
2687 3932 2699 3966 :
2731 3913 2982 3976 numquid
3006 3913 3176 3967 minor
3204 3921 3282 3966 est
3308 3910 3601 3985 infelicitas,
3629 3920 3724 3958 con-

2182 3989 2328 4042 tritas
2357 3987 2376 4060 (
2401 3979 2518 4056 lcge
2546 4002 2672 4060 (cum
2693 3985 2938 4039 contritas
2957 4026 2973 4050 ,
3007 3994 3064 4060 ut
3092 3998 3263 4060 supra
3275 4026 3289 4048 ,
3315 3979 3626 4060 compressit,
3649 3989 3724 4060 pre

2183 4076 2298 4113 cum
2321 4053 2577 4130 prwcessit
2603 4054 2664 4130 :7)
2693 4073 2818 4130 sexu
2842 4059 3058 4111 vexastis
3083 4053 3265 4130 artes?
3291 4060 3552 4130 vere,_etc.
3579 4053 3668 4129 Aul
3687 4053 3722 4100 Si

2184 4126 2363 4205 illud,
2398 4126 2650 4205 numquid
2692 4129 2954 4205 minorest
3000 4127 3321 4205 infelicitas,
3379 4126 3442 4179 ad
3489 4126 3722 4205 superiora

2183 4204 2434 4271 pertinet,
2457 4199 2802 4271 scribendum
2835 4198 2924 4254 hic
2950 4218 2964 4255 :
2997 4200 3241 4254 contritas
3259 4214 3385 4253 sexu
3409 4198 3604 4252 vexastis
3626 4199 3724 4271 crta-

2182 4262 2293 4328 ies?
2315 4262 2444 4336 vere,
2469 4285 2576 4328 etc.
2592 4270 2700 4327 Sed
2723 4271 2850 4342 quid
2874 4273 2993 4332 hoc.
3008 4272 3273 4325 contritas
3301 4285 3432 4325 sexu
3457 4262 3653 4342 aetates?
3669 4275 3720 4313 ειη

2180 4343 2608 4400 sultaudiettduttt
2647 4336 3150 4398 aut-restituendum
3175 4384 3190 4408 ,
3221 4345 3512 4415 utriusque,
3536 4346 3582 4393 et
3612 4336 3718 4415 leg".

2179 4418 2426 4472 contritas
2452 4417 2719 4485 utriusque
2745 4431 2898 4470 sexus
2927 4415 3143 4469 vexastis
3171 4424 3368 4470 wtates.
3402 4411 3612 4474 Aftates,
3631 4411 3723 4485 sive

2179 4489 2408 4544 searsim
2439 4476 2656 4563 capias'.
2689 4487 2804 4542 sive
2843 4502 2964 4563 cum
3006 4487 3256 4541 contritas
3302 4485 3609 4563 conjunges,
3634 4476 3718 4563 elc-

2178 4569 2370 4624 gauter
2397 4561 2615 4630 ponitur
2639 4575 2734 4628 pro
2767 4559 2987 4613 senibus
3013 4599 3029 4623 ,
3058 4572 3153 4613 seu
3186 4557 3433 4630 personis
3457 4557 3594 4609 senio
3618 4562 3724 4603 con-

2179 4631 2334 4686 fectis
2359 4650 2372 4686 :
2398 4643 2474 4697 ut,
2499 4630 2692 4684 mdium
2716 4639 3074 4695 senectutem,
3091 4638 3146 4684 et
3165 4629 3363 4684 :ediutn
3388 4635 3607 4687 :etatem,
3626 4635 3724 4689 pro—

2181 4704 2384 4758 miscue
2407 4714 2658 4770 usurpata
2680 4701 2936 4766 reperias.
2962 4702 3123 4772 Atqui
3145 4699 3257 4770 jam
3291 4699 3541 4770 virginum
3569 4702 3616 4748 et
3633 4706 3723 4772 ma-

2181 4785 2453 4828 tronarunt
2479 4816 2490 4835 .
2518 4763 2570 4827 in
2601 4763 2865 4843 superiori
2897 4763 3117 4831 periodo
3144 4763 3482 4834 meminerat,
3511 4784 3571 4822 an
3595 4763 3723 4835 igitur

2176 4847 2261 4900 ltic
2309 4846 2501 4899 iterum
2536 4862 2548 4897 :
2581 4861 2732 4898 sexus
2752 4845 3067 4918 (utriusque?
3101 4860 3167 4918 an
3198 4843 3374 4914 potius
3399 4855 3565 4918 senum
3587 4853 3603 4890 :
3623 4850 3723 4918 cott-

2175 4919 2322 4972 tritas
2349 4933 2526 4971 senum
2567 4917 2787 4981 venistis
2815 4924 2874 4988 ut
2929 4927 3054 4988 ante
3101 4912 3309 4988 aliquot
3356 4929 3472 4988 pag.
3503 4912 3724 4988 invenistis

2174 4989 2350 5059 ﬁdeles
2377 4991 2613 5056 antiquos
2634 5028 2648 5051 ,
2677 4995 2782 5041 etc.
2814 4985 3178 5056 Conjieiehant
3201 4985 3488 5061 aliquando
3517 4985 3723 5061 contritas

2175 5054 2302 5114 saxo
2338 5054 2589 5123 vexastis,
2616 5054 2984 5136 _cmn_pauca_
3009 5069 3196 5136 r_etro__,
3227 5054 3396 5129 genua
3431 5054 3577 5136 ﬁgere
3606 5054 3722 5136 ilttcr

2175 5146 2386 5203 ρωηίιε,
2421 5147 2449 5184 a
2487 5122 2871 5203 ptenitentib'us
2900 5129 3043 5200 exigi
3083 5122 3295 5203 solitas,
3331 5122 3577 5203 posuerit.
3605 5122 3722 5203 Prze‘

2178 5191 2350 5266 ierea,
2373 5191 2503 5276 quid
2531 5202 2636 5276 huc
2660 5202 2933 5276 pertinent
2952 5191 3228 5276 sequentia
3253 5191 3546 5276 Psaltuistat
3565 5191 3720 5276 verba.

2176 5289 2297 5343 quae
2345 5269 2548 5343 profert
2599 5273 2825 5340 Optatus
2845 5315 2860 5338 ,
2891 5272 2936 5328 si
2963 5269 3081 5328 haec
3111 5271 3364 5329 contritio
3384 5313 3398 5336 ,
3422 5269 3486 5343 de
3509 5280 3602 5343 qua
3623 5269 3726 5343 istic

2098 5381 2106 5392 .
2138 5351 2142 5354 ’
2172 5333 2382 5416 εἱεὶιυιῖ,
2417 5360 2522 5399 non
2555 5344 2623 5400 ab
2650 5333 3188 5416 eorum'crudelitate
3209 5385 3224 5407 ,
3245 5333 3394 5416 quos
3430 5340 3512 5396 hic
3527 5333 3720 5416 incessit

2170 5405 2397 5492 noster,
2421 5416 2518 5471 sed
2549 5417 2665 5486 ipsa
2690 5431 2882 5492 senum
2921 5423 3079 5471 aetate
3105 5405 3466 5492 ‘lAnisijtamen
3495 5405 3718 5492 contritas

2168 5480 2425 5554 vexastis,
2465 5480 2922 5559 pro'conterendo
2943 5487 3210 5559 vexastis,
3239 5489 3310 5542 sit
3336 5486 3404 5559 ab
3439 5497 3503 5559 eo
3525 5480 3716 5559 dictum.

2164 5559 2338 5640 Tuum
2361 5553 2481 5616 erit'
2499 5559 2806 5640 arbitrium,
2834 5559 3003 5640 lector
3025 5600 3040 5622 .
3072 5557 3214 5640 quod
3238 5553 3715 5640 .malueriseligert}.

2159 5631 2412 5702 Optatum
2433 5641 2612 5686 autem
2639 5629 2903 5702 ejusmodi
2932 5626 3171 5701 argutias
3199 5628 3367 5702 nimis
3396 5637 3608 5702 amasse“.
3626 5626 3712 5702 utt-

2165 5691 2286 5758 nz'nn
2327 5717 2434 5758 non
2463 5713 2590 5773 tam
2647 5691 2813 5756 multa
2856 5704 2906 5757 in
2931 5691 3132 5757 mundo
3156 5699 3422 5773 exempla,
3454 5711 3566 5773 qua;
3581 5691 3713 5773 fidem

2162 5773 2420 5856 facerent.
2441 5772 2617 5856 Atque
2647 5787 2747 5856 ego
2763 5789 2894 5856 qua:
2922 5775 2992 5856 ita
3018 5789 3181 5856 super
3202 5773 3305 5827 hoc
3318 5761 3713 5856 ἱοεὶιίὶθὲεἰάςρ

2160 5843 2243 5900 vir
2263 5847 2455 5903 doctus
2477 5839 2743 5904 et‘acutus
2763 5839 2870 5912 ΕΒ,
2900 5844 3056 5916 cuius
3081 5839 3190 5918 jam
3215 5855 3377 5916 supra
3397 5839 3627 5904 meminit
3650 5839 3709 5888 ’⁸⁸
