3974 6324
229 371 238 378 ,,
273 324 380 382 985

270 440 339 496 de
370 437 526 496 vobis
552 437 758 495 dictum
781 445 866 494 est
892 437 946 494 in
977 436 1190 510 psalmo
1208 451 1330 492 xm:
1361 433 1611 490 Contritio
1625 443 1672 489 et
1701 433 1873 502 infeti-
1902 444 1951 502 Α

269 535 400 589 citas
431 534 485 588 in
521 531 617 588 riis
642 548 820 588 eorum
843 575 856 597 ,
885 542 934 588 et
987 531 1120 586 viam
1151 529 1292 601 pacis
1339 546 1440 583 non
1483 535 1871 599 cognoverunt:

269 643 372 682 non
398 637 474 682 est
514 628 665 682 timor
693 624 785 680 Dei
810 635 928 680 ante
955 624 1131 680 oculos
1161 638 1359 678 eorum.
1391 621 1667 678 lndixistis
1695 621 1870 692 paeni-

268 720 494 776 tentiam
526 717 802 790 plebibus;
833 716 911 788 (6)
942 733 1045 773 nec
1079 716 1224 772 enim
1267 723 1384 770 acta
1425 723 1509 771 est
1549 714 1620 769 ah
1666 714 1868 785 aliquo,

264 813 500 888 “sed
529 831 559 868 a
594 813 748 868 vobis
791 822 1017 878 exacta;
1051 827 1150 866 nec
1172 809 1252 883 (Ἰ)
1293 809 1590 880 aequalibus
1616 816 1641 845 ⁸
1667 816 1872 877 tempo-

261 924 386 964 rum
417 907 612 978 spatiis
637 950 653 975 ,
680 908 774 963 sed
817 906 1004 978 egistis
1054 905 1233 962 omnia
1282 919 1382 976 pro
1427 904 1702 975 personis,
1735 903 1874 958 alter

256 1016 406 1057 anno
433 1010 571 1066 toto,
599 1000 738 1056 alter
767 1015 972 1065 mense,
1015 999 1156 1054 alter
1177 999 1263 1054 vix
1293 1007 1404 1054 tota
1433 997 1547 1063 die,
1592 999 1868 1067 imperau-

254 1096 410 1152 tibus
440 1096 595 1151 vobis
621 1095 992 1165 paenitentiam
1021 1093 1212 1165 gessit.
1255 1091 1340 1166 (8)
1391 1091 1448 1149 Si
1497 1091 1687 1146 unitati
1735 1104 1860 1146 con-

251 1191 470 1246 sentire
490 1191 578 1260 (ιιι
603 1191 788 1262 vultis)
820 1199 1100 1266 peccatum
1143 1196 1249 1256 est,
1279 1185 1324 1243 si
1347 1198 1429 1243 est
1458 1185 1650 1241 similis
1673 1185 1864 1256 culpa;

251 1297 432 1354 quare
462 1298 569 1337 non
599 1293 680 1339 est
709 1283 936 1353 aequalis
959 1297 1058 1354 pro
1087 1282 1276 1338 eodem
1318 1288 1469 1336 reatu
1498 1278 1869 1351 ptenitentia?

253 1377 498 1434 Dubium
529 1395 635 1435 non
661 1388 766 1445 est,
799 1378 880 1452 (9)
908 1379 1168 1453 populum
1191 1377 1532 1434 credentium
1559 1376 1723 1432 Israel
1747 1390 1871 1432 esse

251 1479 514 1527 vocatum
536 1470 688 1546 (10);
724 1472 912 1544 plebes
957 1472 1198 1544 singulas
1247 1471 1384 1528 tilias
1430 1469 1632 1535 lsrael,
1663 1469 1715 1524 id
1743 1478 1868 1538 est,

1039 318 1126 378 DE
1163 315 1558 377 SCHISMATE
1598 284 2140 374 DONATISTARUM
2181 313 2386 374 LIBER
2414 311 2800 374 SECUNDUS.

3469 321 3577 379 986

1979 431 2070 502 qui
2101 441 2282 487 mente
2307 429 2424 504 (il)
2464 431 2631 488 Deum
2675 430 2909 488 viderint
2936 473 2950 498 ,
2980 440 3035 490 et
3063 431 3178 490 Deo
3205 433 3534 492 credidi-rint
3565 449 3583 488 :

1974 537 2224 583 ettatnett
2244 525 2341 582 bas
2366 525 2552 597 plebes
2577 527 2831 599 coegistis
2854 528 3076 585 ﬂectere
3102 541 3152 585 et
3182 531 3446 587 inclinare
3469 548 3588 590 cer-

1975 620 2144 688 vices,
2173 630 2227 676 et
2258 621 2400 677 serie
2427 621 2662 693 capitum
2685 623 2895 693 juncta,
2931 638 3165 680 massam
3196 627 3577 697 pertinentium

1975 714 2207 771 facereb.
2243 715 2347 772 llas
2380 715 2567 787 plebes
2591 717 2741 774 dolt-t
2794 718 2934 774 Deus
2961 734 3061 790 per
3087 719 3586 778 EzechielemPro-

1978 808 2196 879 phetam
2220 809 2410 865 dicens
2443 827 2456 864 :
2499 808 2590 866 Va:
2631 810 2872 882 ﬁliabus,
2916 829 3031 885 quae
3055 815 3284 868 sarciunt
3312 797 3586 871 cervicalia

1982 902 2201 975 (Ezech.
2229 903 2342 972 15),
2365 905 2416 959 id
2439 912 2526 960 est
2556 906 2798 960 membra
2823 907 3052 963 cervicis
3075 919 3130 962 ut
3152 919 3459 980 supponant
3482 911 3584 967 sub

1977 997 2162 1052 cubito
2185 1007 2240 1053 et
2266 999 2368 1053 sub
2396 1014 2579 1054 manu.
2613 997 2812 1071 Utique
2842 1000 2943 1055 sub
2969 1000 3242 1058 cubitibus
3263 1011 3319 1058 et
3338 1003 3440 1060 sub
3469 1020 3588 1060 ma-

1979 1091 2136 1147 nibus
2167 1092 2388 1159 vestris,
2413 1101 2472 1147 et
2502 1107 2624 1148 cum
2657 1107 2824 1163 super
2841 1107 3031 1150 eorum
3073 1094 3159 1151 vel
3189 1111 3376 1152 earum
3406 1098 3583 1170 capita

1976 1185 2247 1241 velamina
2279 1186 2617 1256 paenitentiae
2663 1185 2903 1242 tenditis.
2943 1187 3076 1256 Qua:
3123 1188 3374 1260 impietas
3403 1202 3582 1247 vestra

1975 1288 2030 1335 et
2052 1280 2200 1335 furor
2219 1289 2472 1336 ostensus
2487 1289 2593 1346 est,
2622 1289 2677 1336 et
2699 1281 2952 1352 superbia
2979 1282 3350 1341 demonstrata
3379 1303 3390 1340 :
3417 1287 3578 1342 etiatn

1975 1375 2202 1430 stultitia
2249 1374 2423 1431 fuerat
2477 1374 2799 1442 revelanda;
2833 1376 2928 1432 sed
2961 1376 3099 1433 hanc
3131 1378 3182 1433 in
3227 1388 3384 1435 sexto
3438 1379 3578 1438 libro

1975 1466 2361 1524 demonstrabo
2390 1479 2437 1525 ο.

1494 1606 1887 1666 LECTIONES
1929 1605 2355 1666 VARIANTES.

321 1732 353 1762 ⁸
390 1729 448 1794 in
473 1729 646 1794 mer.
672 1728 732 1794 Ε.
755 1725 930 1794 piatis.

321 1794 354 1835 ι»
392 1792 550 1856 Totus
570 1793 653 1843 hic
676 1790 811 1842 locus
833 1796 902 1843 ita
939 1798 1200 1856 corruptus
1219 1794 1325 1840 erat
1337 1825 1363 1856 ,_
1379 1794 1477 1841 tam
1504 1790 1567 1856 in_
1587 1803 1702 1856 mss.
1727 1801 1873 1856 quam

259 1860 314 1908 in
341 1855 511 1907 editis.
540 1864 594 1905 ut
619 1857 693 1905 vix
719 1855 1025 1906 medicabilis
1051 1852 1322 1904 videretur.
1346 1852 1397 1903 in
1419 1867 1509 1902 ms.
1539 1853 1590 1902 Β.
1617 1852 1674 1901 '1'.
1697 1855 1766 1900 sic
1794 1852 1877 1900 ha-

260 1922 418 1971 betur
443 1931 455 1966 :
491 1917 642 1970 Dubio
660 1931 771 1982 non‘
788 1924 856 1982 est
874 1917 1123 1982 populum
1142 1915 1443 1982 credentium
1469 1913 1632 1982 Israel
1656 1951 1674 1982 ._
1695 1913 1756 1982 id
1770 1921 1840 1964 est
1861 1954 1874 1978 ,

261 1982 349 2046 qui
373 1985 535 2046 mente
553 1983 706 2032 Deum
726 1977 924 2046 viderit,
948 1977 992 2031 et
1009 1987 1167 2046 tamen
1191 1979 1279 2046 has
1299 1979 1456 2046 plebes
1479 1977 1698 2042 coegisti:
1719 1977 1880 2038 ﬂecte;

263 2040 321 2096 re
344 2051 396 2105 et
411 2042 654 2096 inclinare
671 2041 900 2104 cervices,
927 2051 972 2094 et
995 2042 1122 2095 serie
1143 2040 1356 2105 capitum
1380 2040 1646 2102 injunctam
1670 2053 1880 2105 massam

264 2104 602 2174 ptrniterttitun
621 2107 801 2174 facere.
823 2103 894 2174 Ita
915 2109 1061 2174 etiam
1080 2108 1129 2156 in
1153 2103 1244 2174 rus.
1267 2105 1326 2154 Ρ.
1346 2105 1397 2155 S.
1417 2106 1498 2166 qui
1519 2105 1701 2174 ubique
1725 2103 1883 2174 ferme

267 2166 489 2220 concinit
511 2166 738 2220 cum'ms.
763 2172 818 2221 S.
841 2169 899 2220 Τ.
928 2171 1020 2232 nisi
1048 2168 1176 2232 quod
1197 2180 1298 2231 pro,
1324 2180 1550 2232 massam,
1578 2166 1807 2232 habetur,
1832 2166 1884 2218 in

266 2245 449 2286 assem.
481 2231 536 2284 In
556 2246 652 2285 ms.
677 2233 730 2284 S.
755 2233 817 2286 G.
859 2231 1086 2283 Dubium"
1099 2244 1195 2284 non
1217 2236 1288 2283 est
1319 2231 1548 2296 populum
1584 2231 1884 2282 credentium

1900 1736 1948 1797 Β
1978 1725 2142 1800 Israel
2163 1738 2269 1800 esse
2285 1732 2520 1800 vocatum,
2536 1723 2710 1800 ptebes
2729 1727 2944 1800 singulas
2962 1727 3093 1800 filias
3115 1729 3297 1791 Israel,
3317 1729 3474 1800 idest,
3498 1733 3589 1800 qui

1977 1793 2135 1868 ruente
2151 1789 2312 1868 ticum
2329 1787 2611 1868 riderirtt'et
2636 1787 3076 1868 pauet-"ediderint,
3103 1802 3150 1844 et
3171 1787 3330 1868 tamen
3361 1787 3586 1868 Itas'p'le-

1977 1850 2060 1926 bes
2083 1850 2304 1926 coegisti:
2323 1850 2515 1926 ﬂectere
2548 1859 2593 1926 et
2631 1852 2871 1926 inciinare
2893 1850 3103 1926 cervices
3117 1895 3131 1920 ,
3154 1864 3202 1908 et
3220 1855 3348 1908 serie
3369 1850 3584 1926 capitum

1979 1913 2144 1980 iuncta
2167 1913 2331 1966 massa
2350 1913 2674 1980 paenitentiam
2696 1917 2877 1980 facere.
2902 1918 2972 1969 Ex
3012 1913 3227 1970 boc'ms.
3255 1913 3451 1971 caeteris
3472 1923 3585 1974 ubi-

1981 1978 2083 2042 que
2106 1978 2263 2042 ferme
2290 1981 2611 2042 emendatiori
2637 1978 2764 2029 hunc
2786 1979 2948 2042 Optati
2977 1982 3135 2032 locum
3161 1985 3486 2035 restituimus.

2050 2042 2074 2072 ο
2113 2039 2164 2090 in
2190 2054 2280 2090 ms.
2309 2041 2361 2089 S.
2391 2042 2448 2091 G.
2472 2039 2915 2094 tlenwnstrabinius.
2941 2043 3058 2094 Post
3081 2045 3186 2094 haec
3210 2047 3357 2095 verba
3391 2047 3440 2096 in
3465 2059 3583 2098 mss.

1984 2103 2037 2175 ξ.
2161 2112 2220 2175 ει
2246 2103 2302 2175 ηε
2338 2102 2914 2175 ⁶3...]ιειι›ριιιι·,,ιξετριὶιζὶι
2953 2104 3080 2175 liber
3114 2110 3374 2162 secundus.
3398 2107 3454 2160 In
3477 2124 3587 2175 .ms.

1986 2167 2040 2216 S.
2066 2165 2125 2217 (ἰ.
2153 2161 2366 2228 Explicit
2391 2164 2512 2219 liber
2535 2161 2689 2220 sancti
2714 2161 2878 2232 Op'tati
2899 2171 3158 2222 secundus.

1652 2335 2014 2395 VARIORUM
2054 2338 2288 2396 NOT/E.

269 2457 574 2530 corrigebat
595 2473 795 2529 :gerere
818 2457 1138 2524 didicerunt;
1165 2456 1414 2528 numquid
1433 2456 1598 2530 titinor
1611 2466 1686 2511 est
1709 2457 1886 2527 infeli-

271 2527 451 2584 citas?
485 2527 744 2584 contristis
778 2546 952 2596 sexus,
985 2531 1204 2585 vexastis
1245 2539 1436 2583 aetates.
1477 2527 1601 2582 Vere
1629 2530 1694 2582 de
1723 2531 1883 2594 vobis,

269 2613 378 2656 etc.
431 2611 491 2656 ut
518 2601 584 2656 ad
617 2602 706 2656 illa
735 2601 936 2656 alludat
965 2616 1085 2672 qua:
1101 2615 1284 2672 supra,
1316 2617 1392 2655 va:
1419 2600 1724 2669 facientibus
1741 2602 1881 2655 vela-

269 2689 389 2727 men
409 2689 564 2744 super
583 2690 783 2745 omnem
806 2671 1026 2737 atatem,
1049 2682 1157 2729 etc.
1174 2671 1322 2745 quod
1347 2672 1478 2728 mihi
1499 2687 1714 2745 quoque
1727 2671 1882 2730 valde

271 2743 572 2817 placenti.
597 2743 828 2801 CASAUB.

346 2817 430 2884 (6)
469 2815 582 2872 Nec
597 2817 732 2872 enim
760 2827 894 2872 acta.
929 2815 1097 2872 Nemo
1118 2831 1236 2872 eam
1267 2815 1494 2885 rogavit.
1525 2815 1756 2872 ALBASP.

344 2889 427 2961 (7)
456 2887 774 2958 ﬂantibus
803 2891 1004 2958 spatiis.
1028 2888 1141 2943 Etsi
1166 2889 1407 2961 omnium
1437 2893 1731 2944 secundum
1757 2903 1876 2956 vos,

270 2959 444 3016 unum
498 2972 646 3016 esset
698 2961 988 3024 delictum,
1047 2960 1326 3016 dissimilis
1384 2959 1486 3014 fuit
1537 2963 1871 3030 pmttitentia,

267 3033 418 3100 quod
449 3041 534 3089 est
565 3040 848 3102 acceptare
879 3048 1157 3102 personas,
1183 3048 1292 3103 quo
1315 3033 1453 3102 apud
1481 3033 1735 3104 antiquos
1758 3033 1876 3087 nul-

269 3105 382 3160 lum
415 3106 632 3176 gravius
658 3115 870 3174 poterat
891 3118 1010 3160 esse
1045 3117 1322 3174 peccatum
1353 3120 1526 3172 neque
1577 3103 1870 3174 quidquam

1989 2459 2212 2536 directus
2245 2459 2362 2523 Dei,
2395 2460 2810 2536 sive‘swbraro;
2838 2469 2988 2520 Θεοῦ.
3025 2463 3196 2536 Λσοη
3225 2473 3280 2519 et
3307 2462 3586 2536 Remigius

1991 2535 2042 2584 iu
2078 2533 2614 2607 interpretationibus
2662 2537 2940 2607 numinum
2985 2535 3427 2602 Hebraicorum,‘t
3447 2533 3585 2607 qua-

1988 2618 2116 2676 rum
2155 2603 2422 2676 hodieque
2468 2605 2519 2659 itt
2565 2617 2747 2660 ttoslra
2791 2606 3171 2676 qualicumque
3210 2603 3586 2663 Cantuariensi

1989 2674 2317 2729 bibliotheca
2348 2676 2496 2741 olim,
2546 2676 2648 2730 heu
2681 2674 2852 2732 olim!
2901 2674 3340 2746 instructissima,
3387 2677 3484 2734 sed
3515 2679 3586 2735 ab

1988 2746 2182 2821 impiis
2217 2746 2438 2821 Zelotie,
2495 2749 2697 2821 rapinis
2737 2766 2801 2821 ac
2838 2749 3138 2821 sacrilegiis
3183 2751 3297 2821 suis
3329 2751 3582 2820 pietatem

1986 2818 2283 2874 obtendere
2311 2819 2510 2892 solitis,
2542 2818 2743 2874 dudum
2774 2820 3006 2888 direpta,
3041 2818 3212 2892 atque
3242 2818 3384 2876 inter
3415 2823 3583 2892 ipsos,

1987 2900 2045 2943 ιιι
2072 2892 2246 2956 aiunt,
2287 2891 2608 2961 spoliatores
2642 2892 2801 2946 veluti
2835 2892 3012 2961 praeda
3045 2891 3238 2957 divisa,
3267 2891 3448 2949 codex,
3471 2910 3585 2948 ma-

1985 2963 2292 3035 nuscriptus
2339 2963 2474 3018 satis
2520 2964 2773 3032 antiquus
2804 2975 3000 3018 exstat.
3051 2965 3171 3020 Mox
3219 2981 3318 3035 pro
3360 2981 3584 3020 massam

1981 3034 2333 3108 paenitentiam
2389 3036 2558 3103 [acere
2602 3036 2978 3108 corrigendum
3031 3034 3321 3108 aliquando
3372 3036 3576 3103 putavi,

1982 3110 2140 3179 ferre,
2168 3106 2261 3179 sed
2288 3107 2398 3175 jam
2423 3121 2528 3160 non
2560 3107 2748 3176 probo.
2783 3107 2896 3162 Non
2930 3109 3075 3162 enim
3111 3106 3316 3163 tantum
3350 3109 3418 3164 de
3442 3123 3581 3179 pon-

267 3178 325 3256 i_n
363 3178 622 3256 episcopo
657 3177 835 3256 majus
861 3175 1184 3256 reprehendi
1235 3187 1465 3256 poterat;
1511 3176 1874 3256 Tertullianus
1901 3191 1947 3256 ρ
1980 3175 2112 3256 dere
2150 3177 2433 3256 dixerunt,
2471 3189 2529 3233 ut
2556 3175 2726 3232 massa
2754 3180 2890 3244 auri,
2924 3180 3148 3256 argenti,
3198 3191 3251 3235 et
3291 3181 3341 3236 id
3371 3175 3578 3256 genus;

265 3249 338 3304 tle
365 3249 624 3305 Pudicitia
645 3291 659 3314 ,
693 3260 747 3305 et
779 3249 1074 3305 Clementis
1099 3247 1533 3303 constitutiones.
1568 3254 1797 3303 Amsr.

344 3323 425 3395 (8)
453 3321 515 3395 Si
535 3323 821 3395 consentire
836 3321 1043 3395 unitati.
1079 3321 1134 3378 Si
1166 3331 1438 3389 peccatum
1466 3335 1788 3390 procurasse
1817 3329 1874 3375 ut

263 3392 534 3448 Macarius
558 3393 818 3448 unitatem
851 3392 1071 3448 faceret.
1110 3397 1335 3447 Antissa.

1977 3250 2073 3322 sed
2106 3258 2162 3304 et
2183 3249 2252 3303 de
2276 3252 2468 3321 quovis
2502 3265 2719 3322 acervo,
2751 3266 2847 3306 seu
2879 3249 3020 3306 serie
3048 3268 3250 3318 rerum,
3286 3267 3410 3322 qua:
3433 3253 3582 3320 ejus-

1976 3321 2099 3395 dem
2150 3333 2335 3395 essent
2373 3324 2609 3392 generis.
2656 3321 2809 3379 Unde
2853 3324 3154 3390 saqiissime
3202 3321 3342 3394 apud
3377 3322 3584 3395 Grego-

1978 3394 2141 3464 riutn,
2193 3394 2460 3464 aliosque,
2509 3395 2704 3448 domus
2757 3397 3058 3451 rusticanos
3098 3397 3282 3464 plures
3329 3396 3471 3450 inter
3503 3394 3578 3452 'se

344 3465 424 3550 (Si)
451 3463 581 3519 Esse
626 3466 1138 3550 cacatum‘jwp‘ulurn
1167 3465 1508 3550 credentium,
1552 3475 1658 3521 etc.
1707 3462 1874 3546 Miror
1971 3463 2213 3536 junctas,
2247 3462 2600 3550 quaserci
2637 3462 3140 3550 cunctatas-‘Vttt'attt,
3192 3482 3580 3550 mussasnnun-

264 3536 410 3607 quid
431 3552 528 3593 eos
554 3552 582 3590 a
611 3538 805 3606 quibus
832 3541 1060 3605 Optatus
1093 3536 1292 3602 hausit,
1330 3537 1582 3592 inducere
1615 3537 1870 3605 potuerit,

260 3620 330 3664 ut
369 3609 534 3664 Israel
566 3608 1074 3678 interpretarentur,
1123 3609 1211 3678 qui
1251 3619 1425 3662 mente
1473 3607 1638 3663 Deum
1678 3607 1866 3662 videat.

263 3681 387 3738 Non
419 3695 606 3750 quaero
633 3695 794 3750 quam
837 3680 886 3734 id
934 3696 1119 3734 verum
1153 3679 1258 3745 sit,
1307 3681 1448 3747 qttod
1483 3695 1603 3735 esse
1640 3679 1867 3734 falsissi-

264 3769 438 3816 mutn,
472 3768 633 3807 nemo
663 3761 837 3821 potest
865 3753 1145 3823 ignorare;
1185 3753 1279 3806 sed
1311 3753 1546 3822 aliquam
1578 3760 1758 3806 tamen
1783 3765 1864 3804 er-

265 3827 414 3895 roris
457 3839 666 3887 ansam,
721 3840 882 3895 quam
923 3825 975 3878 in
1015 3823 1120 3878 illis
1173 3823 1335 3876 Deum
1380 3824 1559 3880 videns
1588 3825 1672 3879 vel
1719 3823 1871 3877 homo

258 3894 436 3951 Deum
457 3895 638 3950 videns
662 3894 746 3950 ab
771 3894 1074 3962 Augustino
1108 3895 1336 3966 aliisque
1382 3899 1585 3950 notatis
1621 3897 1872 3966 agnosci-

258 3984 413 4034 mus,
462 3983 667 4036 quaero.
711 3967 793 4022 Au
825 3973 928 4026 ’παῖ
957 3971 1038 4023 vel
1065 3971 1179 4026 -ηω
1202 3967 1342 4037 quod
1395 3968 1465 4022 79.
1491 3967 1748 4024 Seniures
1785 3969 1867 4021 in-

262 4043 481 4117 terdum
526 4041 925 4117 καταμανθάνειν
952 4083 969 4117 _.
1015 4049 1289 4117 specttores
1335 4039 1647 4117 reddidere,
1673 4054 1869 4117 nomen

257 4112 430 4166 etiam
462 4114 606 4182 quod
653 4109 888 4166 mentem
919 4109 1281 4182 signiﬁcaret,
1336 4113 1458 4166 inde
1486 4109 1870 4167 deduxerunt?

257 4184 375 4239 Sed
403 4183 660 4254 qutthuitl
703 4183 862 4251 hujus
890 4185 980 4246 sit,
1026 4200 1149 4240 cum
1187 4195 1241 4238 et
1279 4183 1417 4238 hanc
1459 4184 1709 4244 adducat.
1745 4184 1868 4238 irri-

258 4256 403 4310 dens
451 4255 544 4310 ille
593 4255 832 4325 quidem,
890 4257 982 4310 st-d
1030 4256 1260 4310 adducat
1316 4264 1493 4310 tamen
1549 4258 1686 4311 inter
1735 4255 1869 4308 alias

259 4327 657 4400 Hieronymus,
685 4335 741 4382 et
767 4327 859 4395 qui
893 4341 1013 4397 post
1043 4329 1428 4400 Hieronymum
1459 4343 1619 4382 voces
1645 4326 1870 4400 llebrai-

254 4415 364 4455 cas
390 4397 689 4468 Scriptura:
717 4414 1070 4470 congessere;
1124 4416 1229 4454 non
1250 4397 1341 4454 'est
1371 4401 1514 4470 quod
1544 4400 1612 4453 tle
1636 4397 1871 4468 antiqui-

260 4480 382 4526 tate
431 4472 554 4538 ejus
608 4471 1072 4540 interpretationis
1129 4471 1456 4527 dubitemus.
1508 4470 1640 4525 Illud
1689 4479 1866 4524 tamen

256 4558 435 4614 porro
465 4542 688 4596 cordato
720 4543 906 4614 lectori
951 4543 1400 4598 considerandum
1436 4557 1862 4614 propono,t|ttt)-

259 4613 436 4670 inodo
472 4615 571 4668 ista
599 4623 770 4669 mente
799 4613 964 4669 Deum
994 4617 1186 4682 videre,
1219 4622 1274 4668 et
1305 4613 1510 4684 ﬂectere
1535 4624 1580 4667 et
1621 4613 1870 4684 inclinare

256 4688 508 4749 cervices,
539 4701 659 4756 qua:
681 4695 932 4754 tauquam
967 4688 1238 4742 contraria
1271 4683 1565 4740 committit
1593 4684 1680 4738 hic
1705 4683 1871 4754 Opta-

257 4767 382 4822 ttts,
427 4769 791 4826 opponantur.
843 4759 1144 4829 Egoplaue
1175 4771 1492 4829 persuasum
1527 4757 1700 4812 habeo
1729 4756 1870 4829 scri-

257 4831 450 4901 psisse
475 4830 728 4901 Optatum
759 4828 906 4884 recte
925 4830 1008 4885 vel
1049 4841 1247 4901 erecte;
1294 4828 1438 4898 quod
1479 4839 1707 4901 postea._
1745 4828 1868 4901 quia

256 4899 452 4958 iniuus
494 4899 638 4956 esset
675 4909 860 4956 notum
885 4945 900 4968 ,
945 4903 1047 4958 etsi
1078 4900 1249 4971 magis
1280 4902 1542 4970 probum,
1579 4911 1634 4955 et
1662 4899 1730 4954 ab
1767 4899 1874 4955 lic-

257 4973 469 5028 bl'JiCiS
499 4974 674 5028 minus
697 4983 1002 5040 remotum;
1053 4974 1177 5045 quia
1212 4981 1389 5027 tamen
1421 4972 1653 5028 fortasse
1693 4972 1873 5028 minus

257 5056 481 5110 notum,
509 5047 558 5100 in
590 5055 754 5099 mente
781 5055 1042 5100 mutatum
1065 5046 1157 5108 sit,
1201 5052 1259 5098 ut
1279 5045 1733 5112 quemadmodum
1775 5059 1869 5098 su-

259 5134 362 5186 pra
389 5119 440 5172 in
477 5117 732 5182 parabola
759 5117 1036 5173 Publicani
1061 5127 1117 5173 et
1146 5116 1406 5170 l’bariswi
1428 5127 1596 5171 erecta
1626 5116 1784 5186 facies
1810 5128 1864 5180 et

253 5189 514 5244 inclinata
544 5189 716 5244 cervix
741 5200 1109 5259 opponuntur,
1133 5187 1205 5244 ita
1235 5199 1286 5243 et
1310 5187 1399 5243 hic
1411 5196 1575 5242 erecte
1595 5189 1790 5249 videns,
1815 5197 1871 5242 et

253 5261 525 5317 inclinans
568 5262 830 5316 cervicem.
879 5262 1057 5317 Al‘iine
1093 5269 1176 5316 est
1215 5270 1270 5314 et
1309 5261 1377 5314 ab
1423 5261 1612 5315 eadem
1663 5259 1866 5325 radice,

259 5332 413 5406 quod
445 5331 804 5406 Hierdnymus
833 5331 951 5405 ipse
973 5332 1344 5402 commendat,
1373 5335 1463 5403 qui
1488 5331 1651 5394 vertit
1675 5330 1864 5398 lsrael,

1975 3547 2199 3610 cupatas
2226 3538 2501 3610 reperias;
2552 3538 2601 3591 id
2629 3549 2734 3597 est.
2775 3537 2964 3608 fundos
2990 3543 3108 3592 sive
3132 3540 3349 3610 prtcdia.
3377 3537 3578 3593 Codice

1974 3623 2096 3662 can.
2127 3607 2278 3663 Eccl.
2306 3607 2476 3664 Afric.
2509 3623 2632 3678 pag.
2665 3607 2792 3674 157,
2826 3626 2996 3664 massa
3023 3607 3302 3664 dimceseon
3337 3619 3578 3673 vocatur,

1975 3696 2095 3755 qum
2120 3694 2242 3735 mox
2265 3680 2420 3749 fascis
2437 3681 2763 3746 dioecesium;
2788 3683 3236 3755 vertitinterpres
3259 3696 3342 3751 gr.
3354 3682 3584 3755 3-era-

1974 3754 2110 3830 εἰαν,
2156 3759 2218 3830 Δ(31,
2263 3759 2416 3824 σῶμα
2464 3761 2566 3809 τῶν
2609 3761 2926 3830 παροικςῶγλ
2957 3753 3034 3809 Μ,
3082 3752 3303 3807 Casaub.
3354 3752 3583 3830 Fallitur

1975 3821 2351 3896 Casaubongs,
2382 3839 2504 3878 cum
2539 3821 2819 3896 nonapud
2857 3824 3230 3896 Hieronymum
3262 3835 3492 3896 tantum,
3526 3825 3578 3879 in

1976 3894 2118 3949 libro
2147 3897 2214 3949 tle
2243 3893 2564 3949 Nominibus
2583 3935 2599 3960 ,
2653 3895 2916 3952 habeatur
2939 3938 2953 3961 ,
3008 3893 3150 3952 mens
3179 3898 3358 3950 videns
3389 3894 3577 3962 Deum,

1975 3966 2070 4046 sed
2103 3966 2266 4046 etiam
2297 3968 2346 4020 in
2371 3966 2577 4022 Graecis
2607 3967 2953 4046 [ragmeutis,
2991 3977 3110 4030 νοῦς
3139 3968 3269 4046 ὁρῶν
3309 3974 3463 4046 emo,
3493 3978 3586 4046 aut

1973 4039 2116 4095 Θεὸν.
2152 4038 2208 4093 In
2240 4053 2370 4094 voce
2399 4049 2580 4093 autem
2615 4038 2900 4103 Hebraira,
2937 4057 3041 4094 non
3071 4038 3384 4095 continetur
3408 4039 3581 4107 signi-

1977 4112 2156 4165 iiczitio
2213 4112 2425 4174 mentis,
2474 4111 2568 4165 sed
2623 4111 2692 4167 ab
2739 4114 3034 4180 interprete
3083 4111 3388 4181 suppletur,
3447 4112 3576 4180 quia

1975 4191 2156 4237 tuente
2181 4190 2386 4236 tantum
2417 4183 2558 4238 Deus
2587 4183 2736 4237 cerui
2772 4193 2967 4251 p0le5l.
2999 4183 3292 4238 CLERICUS.

2051 4255 2167 4326 (10)
2208 4253 2467 4327 Populum
2510 4257 2823 4327 credentium
2858 4253 3026 4309 Israel
3055 4270 3164 4310 esse
3192 4263 3578 4327 vocatum,_etc.

1976 4324 2100 4380 Huic
2129 4339 2211 4380 est
2243 4324 2407 4382 lineae
2439 4325 2493 4380 itt
2527 4325 2670 4389 loco,
2705 4330 2755 4380 ni
2787 4327 2965 4392 fallor,
2999 4343 3150 4381 utens
3172 4327 3390 4396 Uptati:
3421 4324 3582 4388 Chri-

1973 4400 2132 4451 Sliatti
2176 4408 2302 4452 sunt
2330 4398 2561 4468 pepulus
2594 4396 2782 4458 Israel,
2815 4400 3040 4468 singulae
3073 4401 3258 4468 plebes
3299 4408 3421 4454 sunt
3455 4396 3582 4452 tilia:

1973 4468 2174 4533 Israel;
2214 4469 2291 4523 sic
2333 4471 2696 4540 appellantur,
2745 4471 2887 4533 quod
2941 4471 3104 4523 Deum
3147 4470 3384 4534 videant,
3437 4469 3608 4540 quod,

1976 4543 2027 4593 in
2058 4539 2234 4608 ipsum
2262 4543 2510 4609 credant.
2552 4539 2658 4594 Vos
2687 4543 2940 4609 coegistis
2972 4542 3180 4605 iideles,
3223 4543 3314 4609 qui
3365 4539 3577 4596 stantes

1975 4623 2028 4666 et
2057 4621 2244 4668 erecto
2275 4608 2452 4682 capite
2488 4611 2741 4677 orabant,
2785 4608 3028 4668 cervices
3057 4608 3279 4667 (let-tere
3316 4621 3374 4667 et
3421 4613 3583 4669 incli-

1976 4697 2131 4746 nare,
2159 4698 2310 4738 versa
2343 4682 2551 4739 scilicet
2578 4683 2630 4736 iu
2663 4693 2860 4737 terram
2897 4683 3032 4738 facie
3063 4692 3119 4738 ct
3146 4683 3292 4739 ltunti
3321 4699 3578 4754 procum-

1978 4758 2193 4810 bentes.
2223 4755 2510 4809 Multorum
2535 4755 2801 4822 capitibus
2821 4772 2986 4826 grave
3005 4756 3193 4826 jugum
3221 4755 3576 4825 imposuistis.

1974 4837 2029 4880 et
2057 4841 2127 4881 ex
2158 4827 2222 4879 iis
2255 4826 2326 4881 ita
2356 4827 2515 4880 simul
2551 4827 2786 4892 junctis,
2820 4842 3056 4882 mussant
3097 4827 3586 4896 pmuiteutiutnie-

1975 4898 2147 4953 cistis.
2173 4896 2438 4952 Inclinare
2465 4909 2510 4950 et
2531 4899 2734 4968 ﬂectere
2755 4903 2974 4952 cervices
3001 4895 3226 4968 opponit
3251 4898 3436 4952 risioni
3462 4895 3586 4962 Dei;

1975 4980 2022 5024 et
2053 4970 2403 5038 paenitendum
2428 4985 2676 5034 massam,
2710 4973 3028 5025 credentium
3057 4971 3215 5038 plebi.
3255 4971 3328 5024 Du
3365 4969 3480 5024 Plu.

2050 5043 2166 5112 (li)
2196 5040 2362 5094 Deum
2383 5043 2575 5096 videat.
2605 5041 2795 5096 Erecta
2821 5047 3032 5097 cervice
3065 5043 3234 5096 Deum
3263 5043 3494 5096 orabant
3528 5040 3588 5096 ft-

1976 5114 2156 5179 deles;
2215 5113 2542 5183 ptenitentes
2599 5129 2730 5167 vero
2782 5114 2990 5184 dejt-cta
3046 5116 3097 5168 in
3149 5126 3350 5170 terram
3409 5113 3581 5178 facie;

1977 5187 2123 5240 unde
2163 5185 2240 5239 ait
2267 5185 2576 5240 Donatistas
2616 5187 2863 5255 coegisse
2893 5187 3066 5256 utqui
3108 5186 3277 5242 Deum
3306 5186 3580 5256 respicere

1977 5257 2260 5385 deberfut,
2295 5257 2484 5313 oculos
2519 5257 2670 5312 ltutni
2712 5261 2938 5330 tigereut
2976 5266 3032 5314 et
3068 5265 3266 5316 terram
3306 5261 3583 5314 intuereno

1980 5340 2085 5385 tur.
2170 5343 2351 5384 LBASP.

1980 5340 2085 5385 tur.
2118 5340 2351 5385 ALBASP.

1655 5654 2195 5735 ΜΝ
