3974 6324
420 238 522 299 991

1633 227 1882 288 ΒᾹΝΟΤῙ
1918 227 2169 290 ΟΡΤΑΤῙ
2211 229 2516 291 EPISCOPI

3616 239 3741 298 99?.

425 359 664 429 honsus,
688 355 842 428 cujus
879 353 953 413 fel
988 361 1042 414 et
1081 353 1239 427 jecur
1264 353 1387 412 tulit
1414 353 1636 422 Tobias,
1675 354 1743 409 ad
1797 355 2018 411 lttlelam
2049 361 2096 420 Α
2123 370 2244 427 qua:
2286 355 2338 410 in
2392 354 2538 410 omni
2568 353 2848 411 Catholica
2881 369 2978 427 per
3009 362 3182 413 totum
3211 356 3398 415 orbem
3429 364 3737 430 terrarum,

423 456 662 515 foeminaa
712 456 894 518 Sara},
925 459 982 508 et
1007 451 1074 507 ad
1104 451 1553 506 illuminationem
1597 448 1782 506 Tobiae
1814 464 1918 504 non
1948 448 2027 504 vi-

435 549 617 607 dentis
644 565 659 603 :
687 546 928 619 ejusdem
957 545 1123 617 piscis
1145 555 1171 582 α
1194 544 1494 602 visceribus
1522 531 1838 600 Asmodzeus
1855 541 1885 582 ι)
1909 543 2024 618 (18)

427 646 646 702 d:rmon
677 659 707 698 a
737 642 868 699 Sara
898 641 1074 714 puella
1116 639 1328 712 fugatus
1376 647 1462 696 est
1489 638 1509 713 (
1532 655 1654 711 quae
1708 639 2026 710 intelligitur

431 737 709 809 Ecclesia)
756 747 810 792 et
857 735 1074 790 caecitas
1101 749 1130 788 a
1159 733 1330 789 Tobia
1357 732 1575 789 exclusa
1598 740 1682 787 est
1711 731 1876 804 (Tob.
1909 732 2021 802 vr).

427 829 546 905 (l9)
579 830 678 885 Hie
700 839 785 886 est
818 828 1003 900 piscis,
1029 827 1123 900 qui
1158 827 1211 882 in
1265 826 1584 899 baptismate
1611 839 1707 896 per
1730 825 2026 880 invocatio-

431 939 554 981 nem
588 922 884 980 fontalihus
919 921 1080 978 undis
1111 920 1388 987 inseritur,
1423 928 1482 975 ut
1507 934 1626 990 quae
1655 933 1792 990 aqua
1821 916 2024 986 fuerat,

428 1032 460 1074 a
491 1017 638 1088 pisce
665 1016 830 1072 etiam
875 1015 1077 1086 piscina
1110 1014 1396 1070 vucitetur.
1427 1011 1596 1082 Cujus
1626 1010 1794 1083 piscis
1829 1025 2025 1066 nomen

431 1109 731 1166 secundum
781 1107 1199 1180 appellationem
1245 1105 1513 1170 Graecam,
1559 1103 1613 1159 in
1672 1119 1778 1158 uno
1811 1101 2030 1158 nomine

429 1217 529 1274 per
570 1201 814 1273 singulas
859 1201 1070 1256 litteras
1119 1198 1330 1254 turbam
1383 1205 1698 1253 sanctorum
1749 1196 2028 1252 nominum

428 1296 670 1352 continet
694 1295 834 1366 (ΩΟ),
860 1295 1054 1352 ’ῐΧΘΥΣ
1085 1293 1228 1364 quod
1251 1303 1335 1348 est
1355 1292 1632 1358 Latinum,
1661 1290 1824 1348 lusus
1840 1292 2033 1348 Catus-

427 1405 560 1458 τω,
595 1391 694 1447 Det
739 1389 946 1455 FILIUS,
991 1388 1300 1446 SALra'ron.
1360 1385 1511 1442 Hanc
1565 1400 1663 1440 vos
1723 1385 1984 1456 piscinam
2011 1427 2028 1455 ,

2134 449 2198 503 ad
2225 448 2390 504 vitam
2419 449 2633 520 generis
2662 448 2921 518 humani,
2961 451 3292 507 salutaribus
3337 452 3497 508 undis
3524 455 3743 511 exube-

2129 549 2244 609 rat;
2278 540 2660 597 transduxislis
2684 541 2751 596 ad
2779 542 3106 598 voluntatem
3132 554 3390 612 vestram,
3411 554 3466 600 et
3492 545 3745 602 solvistis

2128 633 2400 704 singulare
2430 633 2718 704 baptisma,
2751 650 2813 689 ex
2846 650 2951 706 quo
2995 634 3322 707 baptismate
3363 636 3679 693 hominibus
3711 649 3737 679 ε

2131 728 2272 782 muri
2312 726 2440 783 facti
2499 736 2625 783 sunt
2650 726 2717 782 ad
2751 729 3018 784 tutelam:
3049 740 3102 785 et
3156 729 3364 786 fecistis
3407 732 3566 802 quasi
3617 730 3742 804 (il)

2132 822 2334 878 alteros
2367 837 2572 890 muros,
2605 823 2809 878 nullum
2839 823 3037 878 bonum
3059 821 3086 861 ἀ
3105 823 3398 880 :rdilicium
3427 825 3700 881 iacientes
3729 844 3747 884 :

2135 934 2241 974 non
2275 919 2533 991 potuistis
2563 926 2905 985 construere,
2935 919 3035 974 nisi
3065 918 3377 974 diruerctis.
3411 921 3480 975 Et
3519 929 3544 957 ε
3586 921 3753 990 quale

2131 1019 2312 1082 potest
2340 1025 2462 1066 esse
2487 1009 2773 1065 aedificium
2797 1052 2812 1077 ,
2847 1010 2989 1081 quod
3036 1010 3148 1084 (22)
3183 1010 3251 1066 de
3279 1010 3434 1066 ruina
3469 1012 3752 1067 construi—

2135 1104 2264 1159 tur?
2290 1102 2441 1159 Hauc
2469 1119 2581 1159 rem
2611 1119 2709 1175 per
2743 1103 2957 1159 Esaiam
2986 1106 3305 1174 prepltetam
3331 1104 3480 1160 Deus
3509 1104 3667 1159 dolet
3696 1111 3755 1160 et

2136 1197 2261 1261 ﬂet,
2300 1212 2424 1252 cum
2475 1195 2642 1264 dicit,
2701 1197 2867 1268 ﬁliam
2912 1196 2993 1251 sui
3035 1195 3235 1268 generis
3295 1211 3404 1251 esse
3471 1195 3755 1251 contritam

2139 1291 2256 1368 (Is.
2288 1291 2385 1363 22)
2421 1311 2433 1345 :
2462 1292 2577 1364 (9.5)
2605 1307 2782 1364 genus
2815 1292 2910 1347 Dei
2944 1302 3156 1348 estnon
3203 1291 3400 1347 habere
3429 1305 3625 1364 genus,
3661 1291 3756 1362 qni

2138 1402 2204 1444 ex
2253 1401 2314 1442 se
2366 1393 2483 1455 est,
2537 1394 2593 1440 et
2651 1393 2836 1442 manet
2891 1385 2943 1440 in
2999 1393 3264 1440 aeternum
3310 1383 3354 1440 ί.
3385 1385 3511 1457 (24)
3543 1384 3758 1443 Similis

1639 1503 2024 1564 LECTIONES
2065 1505 2486 1563 VARIANTES.

495 1602 523 1632 ⁸
554 1601 713 1655 Deest
733 1602 781 1652 in
805 1616 925 1654 mss.
961 1602 1011 1653 S.
1034 1601 1093 1653 T.
1120 1609 1174 1653 et
1195 1599 1252 1651 P.
1273 1599 1328 1651 S.

494 1660 526 1703 ιι
559 1666 614 1716 In
638 1680 726 1716 ms.
746 1666 797 1716 S.
821 1666 879 1716 G.
906 1665 1231 1717 Nasmodeus.

497 1731 521 1760 ε
557 1729 615 1780 In
631 1743 722 1780 ms.
756 1730 809 1780 S.
837 1728 898 1780 G.
924 1726 1251 1780 credentibus.

492 1789 522 1832 ἀ
553 1791 610 1843 In
633 1805 751 1843 mss.
793 1793 846 1844 S.
883 1791 942 1843 T.
971 1799 1022 1842 et
1045 1791 1101 1841 P.
1143 1791 1196 1842 S.
1221 1786 1410 1842 nullum
1444 1801 1633 1842 novum.
1669 1787 1725 1839 In
1750 1803 1841 1842 ms.
1883 1790 1936 1842 S.
1971 1788 2030 1842 (ἓ.

2133 1597 2885 1695 ntrgltnnmnbgngthgnn‘troque
2908 1597 3230 1663 restituimus,
3255 1597 3445 1650 nullum
3467 1598 3668 1668 bonum.

2203 1667 2226 1695 ⁸
2265 1663 2318 1713 In
2337 1677 2426 1712 ms.
2450 1664 2503 1714 S.
2529 1663 2586 1713 G.
2609 1661 2732 1714 Sed.
2802 1661 2817 1664 ⁷
3216 1661 3223 1663 ’
3580 1661 3592 1668 ’

2201 1724 2223 1766 ἲ
2260 1726 2318 1777 In
2341 1739 2474 1790 mss._
2501 1726 2554 1776 S.
2581 1725 2640 1777 '1‘.
2665 1733 2718 1790 et
2741 1724 2796 1773 P.
2835 1725 2889 1776 S.
2924 1721 2976 1776 in
2998 1721 3333 1778 wterttitalem.
3370 1724 3426 1776 In
3455 1726 3757 1790 quibusdam

2137 1789 2282 1842 editis
2303 1789 2430 1840 male
2456 1787 2508 1839 in
2529 1787 2814 1841 teter-nitate.

1776 1898 2139 1958 VARIORUM
2178 1896 2411 1955 NOTAE.

435 1995 713 2054 videretur
757 1996 884 2053 illud
905 2039 920 2063 ,
968 1997 1112 2068 quod
1145 1996 1570 2069 patriarcharum
1607 1995 1759 2069 sitin
1784 2011 1846 2069 ea
1876 2009 2029 2050 men-
2058 2001 2106 2062 Β
2136 1995 2246 2069 ipsa
2273 2003 2378 2049 tam
2410 1994 2485 2069 s_it
2507 1992 2840 2050 conveniens
2871 2001 2984 2051 toto
3009 1991 3208 2066 Optato
3250 1994 3459 2051 nullum
3510 1997 3748 2068 reperiri

436 2069 532 2132 tio,
564 2070 726 2125 etiam
775 2067 1095 2139 patriarchae
1126 2067 1342 2135 nomen,
1398 2069 1512 2123 sive
1565 2067 2020 2139 patriarcharum,

437 2141 663 2211 integrae
717 2137 971 2205 sectioni,
1025 2142 1145 2197 sive
1195 2140 1355 2212 capiti
1406 2138 1820 2212 adluesitaNon
1867 2137 2030 2212 igitur

437 2210 583 2266 aliud
619 2212 721 2268 hoc
746 2213 864 2268 loco
890 2215 1006 2268 sive
1036 2210 1287 2283 Optatos,
1317 2214 1431 2268 sive
1457 2211 1634 2283 Optati
1667 2211 1838 2283 lector
1891 2216 1907 2278 (
1934 2210 2027 2281 qui

445 2283 500 2339 in
530 2297 625 2338 ora
657 2284 887 2341 fortasse
917 2285 1036 2340 libri
1085 2281 1167 2340 aui
1218 2281 1524 2350 notaverat,
1574 2281 1718 2353 quod
1751 2293 1932 2352 postea
1976 2283 2028 2337 in

442 2356 617 2430 ipsum
624 2366 960 2430 _contextum
994 2366 1269 2428 receptum
1309 2353 1434 2430 est)
1458 2355 1590 2430 vult,
1617 2355 1831 2430 opinor,
1868 2368 2028 2425 quam

445 2427 595 2482 illum
623 2427 806 2482 Tobiae
840 2429 1054 2483 titulum
1077 2471 1092 2495 ,
1124 2425 1238 2484 'seu
1279 2425 1573 2482 sectionem
1619 2425 1858 2482 indicare
1881 2467 1895 2490 ,
1925 2439 2030 2496 qua

443 2499 684 2572 narratio
712 2498 798 2554 Illa
829 2502 993 2571 piscis
1023 2502 1074 2556 in
1107 2499 1325 2572 Tigride
1360 2497 1870 2572 ﬂumine_prehensi
1901 2512 2032 2552 ceu-

441 2571 661 2642 tinetur,
685 2568 845 2642 quod
874 2587 974 2628 nos
1008 2568 1550 2636 hodie'diceremus,
1581 2568 1920 2642 TObitBVSPin
1948 2586 2034 2624 ca-

442 2643 572 2726 pile:
598 2641 753 2726 Quod
789 2647 1034 2716 sequitur
1063 2661 1076 2698 :
1109 2643 1363 2718 Ejusdem
1391 2641 1851 2726 piscispisceribns
1877 2683 1891 2708 ,
1917 2651 2028 2726 etc.

443 2712 574 2789 illud
601 2716 836 2789 ejusdem
859 2712 885 2784 ,'
904 2732 1008 2772 non
1043 2728 1125 2771 est
1150 2712 1277 2789 cum
1304 2712 1672 2789 superioribus
1701 2723 2034 2789 connecten-

441 2787 568 2860 d_um
596 2783 789 2860 {quasi
842 2783 1038 2843 novum
1087 2788 1214 2860 quid
1248 2787 1316 2842 de
1347 2783 1522 2860 eodem
1554 2786 1698 2860 pisce
1729 2783 1830 2838 hoc
1853 2795 2035 2853 poste-

441 2857 585 2912 riore
611 2859 856 2915 Incnibro
879 2857 1222 2923 narrareiur;
1257 2875 1376 2912 eum
1413 2858 1556 2912 enim
1589 2857 1778 2912 eadem
1810 2871 2033 2926 prorsus

441 2944 564 3002 qua:
595 2941 753 2985 antea
799 2942 1026 3002 repetat,
1075 2931 1409 2986 manifestam
1445 2928 1793 2998 tautologiam
1817 2928 2034 2982 commi-

443 3001 604 3055 sisset
631 3019 646 3066 ;
679 3002 771 3057 sed
799 3001 1028 3073 ejusdem
1072 3005 1213 3057 valet
1244 3003 1397 3056 unius
1435 3018 1496 3054 ac
1531 3004 1760 3068 ejusdem
1790 3016 1803 3053 :
1839 3002 2035 3073 repetit

442 3082 624 3144 autem
678 3072 893 3144 paulum
944 3077 1242 3130 immutatis
1292 3075 1498 3136 verbis,
1549 3086 1604 3126 ιιι
1657 3073 1706 3126 in
1742 3074 1816 3125 rei
1865 3072 2038 3144 admi-

441 3143 626 3198 rand:c
680 3143 1029 3202 meditatione
1086 3147 1342 3202 lectorem
1401 3152 1645 3200 moretur
1706 3143 2036 3214 aliquamdiu

441 3229 506 3290 ac
533 3216 770 3290 detineat
796 3237 809 3272 :
839 3234 1006 3290 quare
1049 3219 1243 3288 placet,
1272 3229 1327 3271 ut
1368 3217 1492 3272 hinc
1521 3230 1735 3287 quoque
1773 3231 1910 3290 190V?
1941 3231 2038 3290 PC-

444 3287 660 3362 riodns,
695 3287 898 3362 scripto
945 3287 1067 3361 post
1095 3291 1313 3346 videntis
1339 3290 1499 3361 pleno
1523 3298 1720 3358 puncto
1745 3330 1760 3357 ,
1791 3287 2032 3357 incipiat.

442 3357 972 3458 M'IS‘0A\S‘PEL-1_---
1038 3435 1147 3458 ll..-
1207 3448 1400 3458 “nm-..
1462 3442 1536 3458 ιιι..
1592 3431 1853 3458 Λημυιηηῗη
1897 3397 2110 3458 :n:....C

515 3432 629 3502 (18)
671 3433 993 3490 Asmodazus.
1037 3435 1149 3490 lloc
1207 3448 1401 3488 nomen
1459 3442 1543 3487 est
1591 3431 1855 3487 (immunis
1897 3431 2110 3486 illius“

445 3506 537 3578 qui
587 3505 963 3578 inter-ferccrat
1015 3518 1223 3578 septem
1279 3507 1490 3576 priores
1523 3506 1743 3578 maritos
1780 3502 2039 3578 Sortem

445 3575 673 3630 Hebraeo
693 3576 906 3632 Sebast.
940 3575 1198 3634 Mittisteri
1237 3575 1286 3633 c.
1319 3593 1403 3642 vt,
1436 3593 1488 3630 v.
1525 3576 1593 3631 M
1625 3594 1638 3629 :
1673 3575 1860 3630 Audivi
1885 3577 2038 3630 etiam

443 3647 580 3716 quod
626 3647 925 3704 Asmodteus
962 3653 1199 3722 princeps
1241 3651 1531 3704 dtemonum
1568 3648 1881 3722 interfecerit
1917 3662 2040 3722 eos;

442 3731 768 3792 quwpropter
791 3737 884 3792 ego
909 3719 1059 3778 timeo
1101 3719 1247 3778 valde
1287 3737 1349 3776 ne
1376 3726 1508 3792 forte
1537 3731 1581 3774 et
1607 3735 1688 3774 me
1714 3719 1913 3774 occidat
1940 3719 2038 3773 As~

447 3791 701 3845 modicus.
723 3793 798 3847 Du
828 3791 946 3848 Plu.

515 3860 634 3935 (l9)
679 3863 780 3918 Hic
824 3867 999 3936 piscis,
1050 3865 1139 3936 qui
1179 3865 1234 3919 in
1281 3865 1581 3934 baptismate
1623 3879 1718 3936 per
1756 3859 2037 3918 invocatio-

443 3951 576 4005 nem,
603 3946 708 3992 etc.
735 3935 1091 3992 Fr.Balduini
1115 3937 1279 3992 editio
1301 3938 1359 4003 ‘2,
1385 3955 1472 4005 per
1500 3935 1868 3990 invocationem
1896 3951 1914 3988 :
1945 3937 2039 3991 sed

448 4004 724 4062 Barthium
775 4026 873 4064 cur
929 4027 1036 4064 non
1091 4004 1406 4064 audiamus?
1427 4007 1806 4065 emendantem
1846 4022 1934 4077 per
1960 4008 2041 4062 in-

445 4079 741 4135 tinctionem
773 4098 836 4136 ex
871 4081 963 4136 lib.
997 4099 1050 4136 v.
1089 4082 1302 4138 lucem.

519 4148 633 4220 (‘20)
686 4151 909 4208 Turbam
965 4166 1258 4209 sanctorum
1306 4151 1573 4206 nominum
1614 4149 1859 4205 continet.
1905 4149 2039 4218 Quia

445 4221 656 4295 scilicet
706 4226 904 4295 singuli
951 4239 1258 4282 caractures
1309 4226 1457 4279 vocis
1499 4224 1654 4295 hujus
1689 4231 1884 4286 mers,
1917 4234 2044 4278 sunt

448 4291 703 4372 initiales“
743 4291 934 4351 liuenc
987 4301 1262 4372 nominum
1311 4291 1747 4372 Cltristi’lnaoﬁc
1794 4297 2038 4372 Χριρτςός,

448 4371 580 4447 ρξοτᾷ
627 4367 772 4447 ﬁde,
809 4375 1000 4447 ξωτήρ.
1046 4371 1245 4447 Eodem
1275 4369 1468 4447 alludit
1493 4366 1860 4447 Tet'tulliztttus
1886 4366 2042 4447 initio

447 4433 571 4490 libri
607 4437 675 4493 de
705 4433 970 4512 baptismo
1003 4459 1017 4496 :
1053 4443 1158 4496 Sed
1185 4457 1277 4495 nos
1309 4440 1546 4508 pisciculi
1574 4439 1856 4494 secundum
1887 4441 2043 4512 ἰχθῦν

450 4517 681 4582 nostrum
707 4507 886 4565 Iesum
926 4512 1186 4569 Christum
1210 4515 1263 4567 in
1289 4507 1424 4582 aqua
1463 4513 1746 4582 nascimur,
1777 4527 1868 4565 nec
1893 4507 2044 4566 aliter

448 4593 602 4655 quam
628 4581 679 4634 in
700 4600 831 4649 aqua
853 4587 1197 4655 permanendi)
1220 4581 1348 4639 salvi
1375 4601 1573 4639 sumus.
1597 4581 1688 4638 Sic
1709 4585 1872 4637 etiam
1897 4599 2041 4655 mys-

452 4651 827 4726 t_eriumiistuil
853 4651 1087 4725 expliCat
1117 4656 1448 4726 Augustinus
1473 4656 1507 4710 I.
1535 4670 1700 4710 xxvnl
1721 4655 1789 4710 de
1817 4651 2042 4710 Civitate

453 4720 550 4799 _Dt-i
579 4739 630 4779 c.
653 4723 726 4781 εδ
755 4720 1002 4795 :Horum
1024 4720 1500 4799 autern—gracornm
1524 4728 1742 4799 quinque
1759 4726 2040 4799 rvet-borum

2134 2067 2388 2122 arbitror.
2418 2066 2622 2122 ΒΑΜ-ιι.

2203 2139 2321 2211 (24)
2363 2138 2567 2212 Similis
2598 2148 2670 2194 est
2701 2147 2750 2194 et
2777 2155 2912 2209 aqua
2937 2154 3090 2210 quam
3115 2138 3352 2212 legimus.
3381 2137 3588 2210 Optato
3618 2157 3747 2210 pro-

2144 2213 2377 2280 positum
2413 2211 2498 2264 hic
2525 2217 2635 2272 est,
2699 2221 2756 2264 ut
2802 2213 2974 2266 Esaia:
3009 2211 3293 2281 Propheta:
3319 2213 3484 2267 verba
3527 2213 3602 2267 de
3634 2215 3744 2271 Deo

2133 2296 2298 2358 super
2329 2283 2638 2358 contritione
2664 2283 2790 2353 ﬁlice
2813 2283 3128 2358 suigeneris
3153 2293 3524 2358 conquerente
3544 2286 3567 2358 (
3589 2296 3740 2355 post.

2132 2368 2195 2428 ea
2230 2356 2497 2423 integrum
2546 2354 2723 2428 locum
2748 2354 2994 2428 prolixe
3045 2354 3176 2410 citat
3215 2358 3234 2426 )
3270 2354 3336 2411 ad
3375 2354 3744 2428 aquam’per-

2135 2425 2331 2499 tinere,
2364 2425 2706 2499 persuadeat.
2733 2425 2886 2499 Quod
2903 2436 2958 2480 ut
2980 2425 3319 2499 assequatur,
3347 2443 3411 2483 ex
3430 2425 3570 2499 ipsis
3609 2425 3742 2485 Pro—

2135 2496 2315 2568 pheta:
2355 2497 2548 2570 verbis
2607 2498 2762 2570 (cum
2811 2497 3008 2566 Optato
3061 2496 3275 2566 loquor,
3335 2496 3469 2554 nam'
3506 2501 3738 2557 Hebraea

2134 2568 2406 2639 quomodo
2437 2568 2691 2635 habeant,
2723 2581 2819 2624 aut
2855 2569 2942 2625 hic
2971 2579 3063 2625 aut
3091 2571 3255 2638 alibi,
3288 2587 3394 2627 non
3425 2573 3738 2629 monendus

2134 2650 2222 2715 est
2248 2641 2404 2715 nobis
2427 2640 2636 2713 lector)
2667 2643 2769 2697 hoc
2793 2642 2952 2715 ducit
2994 2653 3373 2712 argumentum
3412 2661 3426 2698 :
3460 2644 3738 2715 Propheta

2136 2712 2340 2786 inducit
2385 2713 2550 2768 Deum
2578 2712 2742 2784 super
2768 2714 2880 2784 ﬁlia
2919 2717 2999 2770 sui
3028 2719 3227 2786 generis
3269 2712 3730 2786 conquerentem.

2140 2783 2232 2838 Dei
2260 2794 2438 2858 autem
2468 2783 2776 2855 genus’cst,
2798 2803 2904 2842 non
2935 2783 3139 2842 habere
3161 2801 3351 2848 genus.
3374 2783 3738 2858 Consequens

2135 2869 2254 2911 erat
2285 2867 2343 2930 ut
2374 2855 2513 2930 idem
2549 2860 2649 2913 hoc
2681 2867 2736 2912 ct
2775 2875 2920 2930 aqute
2949 2861 3248 2916 convenire
3271 2861 3550 2930 probaret.
3579 2855 3737 2930 Quod

2137 2941 2266 2983 sane
2285 2929 2352 2982 ab
2367 2926 2562 2998 Optato
2589 2946 2694 2986 non
2719 2926 3141 2998 praitcrmissum
3163 2926 3289 2994 est;
3314 2945 3487 2998 neque
3508 2926 3738 2988 omnino

2140 3002 2334 3069 potuit.
2384 3002 2541 3071 Quali
2595 3014 2769 3057 tamen
2803 3013 3121 3074 argumento
3152 3017 3283 3059 usus
3323 3001 3506 3066 fuerit,
3537 3007 3633 3058 vix
3675 3018 3740 3060 ac

2141 3089 2209 3129 ne
2233 3075 2315 3128 vix
2351 3075 2564 3145 quidem
2601 3090 2668 3130 ex
2702 3075 2802 3130 hac
2827 3076 3066 3130 editione
3106 3074 3450 3132 subolfacias.
3511 3076 3739 3132 Baldui-

2142 3161 2242 3220 nus
2278 3149 2427 3220 enim
2475 3145 2557 3219 (si
2592 3157 2768 3220 tamen
2818 3146 3164 3220 Balduinus)
3219 3147 3390 3220 malos
3446 3145 3738 3219 chirurgos

2141 3215 2230 3273 hic
2275 3215 2698 3281 imitatus,cum
2744 3219 2920 3274 locum
2963 3215 3202 3290 pessime
3246 3217 3498 3274 affectum
3543 3215 3740 3274 sanare

2142 3305 2251 3344 non
2276 3301 2480 3360 posset,
2511 3302 2688 3345 cutem
2723 3299 2904 3346 tamen
2935 3292 3007 3346 ita
3044 3291 3292 3354 induxit',
3326 3301 3383 3344 ut
3415 3291 3613 3346 leviter
3662 3294 3740 3348 in-

2143 3363 2538 3432 spectantibus,
2560 3363 2704 3417 nulla
2732 3363 2800 3418 de
2820 3361 3034 3418 interno
3053 3364 3272 3418 vulnere
3293 3363 3531 3431 suspicio
3561 3366 3739 3419 orire-

2147 3442 2254 3488 tur.
2273 3434 2487 3489 l’riorcs
2513 3445 2690 3490 autem
2717 3435 2982 3490 editiones
3013 3436 3081 3490 ita
3111 3445 3501 3503 repratsentant
3527 3453 3541 3488 :
3574 3435 3738 3489 Sinti-

2143 3506 2207 3560 lis
2233 3515 2305 3562 est
2326 3517 2372 3560 et
2396 3523 2530 3576 aqua
2576 3523 2874 3578 quamnon
2912 3509 3126 3578 legimus
3155 3507 3208 3560 in
3233 3509 3384 3578 cujus
3405 3523 3555 3574 aqua:
3601 3509 3740 3572 iniu-

2141 3579 2246 3642 ria,
2277 3587 2381 3633 etc.
2415 3594 2482 3634 ex
2509 3580 2703 3648 quibus
2733 3577 2891 3634 facile
2930 3577 3016 3634 est
3056 3577 3364 3642 restituere,
3394 3579 3539 3647 quod
3569 3590 3624 3633 et
3658 3594 3739 3634 re-

2142 3651 2309 3720 quirit.
2361 3652 2652 3718 sententia,
2698 3659 2753 3704 et
2795 3651 2863 3705 ab
2899 3650 3097 3721 Optato
3139 3650 3396 3717 scriptum
3439 3649 3609 3704 luisse
3655 3666 3737 3706 res

2145 3723 2260 3795 ipsa
2307 3724 2505 3777 clamat
2532 3741 2544 3772 :
2574 3723 2766 3795 similis
2785 3739 2952 3793 aqua,
2991 3725 3141 3795 cujus
3170 3737 3273 3776 non
3303 3721 3522 3788 legimus
3537 3739 3736 3791 genus;

2143 3794 2196 3848 in
2240 3799 2390 3863 cujus
2419 3811 2566 3864 aqua:
2602 3794 2825 3860 incuria,
2855 3807 2960 3849 etc.
2990 3793 3237 3848 Alfiuitas
3275 3801 3365 3850 τοῦ
3395 3808 3570 3864 genus
3615 3809 3735 3848 cum

2141 3867 2347 3939 ultimis
2377 3867 2732 3939 przecedoutis
2762 3865 2909 3921 vocis
2935 3865 3157 3939 syllabis
3183 3907 3196 3930 ,
3241 3879 3407 3920 eausa
3429 3909 3444 3931 ,
3474 3875 3537 3919 ut
3575 3868 3733 3939 solet,

2143 3938 2262 4009 ejus
2301 3938 2580 3993 omittendi
2631 3939 2756 4004 fuit;
2807 3954 2916 4007 quo
2969 3938 3134 3994 semel
3181 3939 3425 4002 omiSso,
3457 3948 3518 4009 ut
3559 3938 3736 4006 aliqua

2145 4019 2323 4065 tamen
2348 4011 2639 4072 sententia,
2665 4019 2777 4075 aut,
2794 4011 2838 4064 si
2863 4024 2969 4064 non
2984 4011 3275 4073 sententia,
3292 4009 3480 4062 saltem
3499 4008 3737 4063 latinitas

2143 4082 2559 4152 exprimeretur,
2591 4099 2688 4152 pro
2728 4085 2897 4152 cujus,
2947 4085 3142 4136 iactum
3180 4096 3364 4152 quam;
3399 4093 3584 4152 postea
3616 4095 3738 4135 cum

2142 4152 2276 4208 illud
2310 4169 2410 4207 non
2443 4157 2724 4210 sementim
2755 4152 2947 4209 obesse
2991 4153 3283 4214 videretur,
3316 4164 3372 4208 et
3400 4153 3734 4220 qualiscum-

2185 4242 2248 4281 ue
2280 4228 2542 4281 sententia
2566 4269 2581 4294 ,
2612 4242 2770 4295 quam
2817 4225 2960 4279 nulla
2992 4227 3272 4296 placeret,
3303 4226 3464 4280 etiam
3505 4234 3563 4279 et
3584 4223 3739 4296 illud

2183 4314 2212 4352 e
2251 4298 2382 4354 sede
2429 4313 2524 4353 sua
2570 4294 2913 4354 deturbatum
2964 4294 3018 4351 et
3061 4299 3346 4365 expulsum
3385 4305 3487 4352 est.
3515 4294 3600 4351 Ad
3626 4313 3739 4350 rem

2145 4370 2316 4439 ipsam
2341 4370 2486 4440 quod
2503 4372 2714 4436 attinet,
2731 4369 2910 4425 nescio
2926 4384 2992 4423 an
3025 4370 3098 4424 sit
3124 4368 3352 4439 alicujus
3377 4368 3636 4440 momenti
3659 4368 3740 4422 di-

2143 4456 2292 4521 cere,
2345 4439 2921 4521 aqttant_&pxrio_:raiv
2969 4444 3174 4521 πάντων
3243 4441 3383 4521 apud
3443 4439 3738 4521 Diogenem

2146 4511 2328 4585 liaert.
2371 4511 3044 4585 a'iThalet'e"philostipho
3082 4513 3359 4574 Constitui.
3390 4522 3483 4566 aut
3523 4511 3740 4585 [finitar-

2144 4584 2306 4640 cltum
2331 4585 2398 4639 de
2425 4584 2562 4640 Iside
2579 4596 2632 4641 et
2650 4583 2861 4641 Osiride
2881 4583 3328 4649 commemorare,
3353 4585 3514 4639 etiam
3543 4583 3742 4639 llome-

2145 4671 2263 4728 rum
2297 4656 2366 4711 ita
2397 4657 2693 4713 credidisse
2713 4668 2796 4723 ,et
2827 4669 3115 4728 utrumque
3135 4656 3407 4728 affirmare
3435 4669 3503 4711 ex
3533 4653 3741 4726 Egyp-

2153 4726 2347 4782 tiorum
2395 4728 2736 4796 philosoiihia
2784 4726 3046 4784 hausisse.
3113 4729 3185 4782 De
3232 4727 3458 4783 Thalete
3511 4737 3742 4782 testatur

449 4791 646 4877 Ἰησοξς
669 4794 911 4877 Χριστὸς)
945 4807 1076 4877 Θερῦ
1090 4791 1451 4877 Υἰὸςξζεωτὴρ,
1481 4791 1618 4877 quod
1644 4791 1715 4877 est
1746 4798 1924 4877 latine,
1951 4797 2037 4854 Je-

2150 4799 2312 4877 etiam
2359 4791 2700 4877 Atttbrosins,
2745 4801 2812 4877 ad
2863 4801 3142 4877 ridiculum
3188 4799 3323 4877 illud
3374 4814 3741 4877 aqtiantaquo

452 4880 543 4942 sus
573 4867 972 4937 Cunt's'rus,l)st
1002 4872 1200 4934 FILIUS,
1226 4867 1534 4936 Sauva'rou,
1561 4871 1603 4925 si
1624 4872 1819 4942 primas
1849 4870 2047 4924 litteras

441 4939 778 5014 jungas,erit
795 4945 982 5014 ἰχθὺς,
1014 4944 1068 4997 id
1097 4955 1170 4998 est
1195 4944 1378 5012 piscis,
1403 4944 1457 4998 in
1477 4960 1578 5012 quo
1607 4939 1809 4996 nomine
1837 4944 2049 5012 mystice

451 5011 756 5086 intelligitur
801 5011 1071 5082 Christus,
1123 5032 1180 5070 eo
1245 5017 1382 5086 quod
1425 5011 1672 5086 in’liujus
1717 5011 2047 5071 mortalitatis

451 5081 659 5156 abysso,
699 5087 832 5138 velut
881 5087 936 5141 in
975 5081 1226 5154 aquarum
1257 5081 1605 5156 profonditate
1626 5085 1790 5152 vivus,
1825 5087 1920 5140 hoc
1945 5098 2043 5152 est,

453 5155 566 5230 sine
615 5167 822 5230 peccato
867 5173 977 5230 esse
1005 5159 1229 5230 potuerit
1265 5176 1278 5213 :
1314 5155 1384 5213 ita
1432 5158 1634 5227 placuit
1677 5156 1946 5213 Africanis
1993 5160 2044 5214 in

458 5229 626 5280 verbo
658 5227 761 5282 isto
791 5227 1106 5284 ludet-alio
1142 5229 1255 5285 Puv.

531 5296 649 5370 (21)
690 5298 892 5356 Alteros
923 5317 1115 5357 muros.
1155 5299 1450 5356 Christiani
1497 5307 1626 5355 sunt
1670 5299 1870 5371 templa
1913 5301 2044 5368 Dei;

455 5384 553 5426 vos
582 5371 757 5442 facitis
786 5373 889 5429 alia
920 5375 1140 5442 templa.
1172 5377 1398 5428 ALBASP.

533 5442 650 5516 (22)
691 5441 770 5500 De
789 5446 937 5499 ruina
956 5441 1296 5501 construitur.
1319 5441 1550 5499 Tertull.
1569 5461 1598 5516 ι
1613 5441 1871 5516 Quoniam
1897 5452 1943 5498 et
1967 5445 2052 5515 ip-

460 5514 574 5570 sum
595 5514 726 5587 opus
748 5532 923 5571 eorum
954 5532 1057 5571 non
1080 5517 1144 5571 de
1163 5534 1253 5572 suo
1282 5516 1493 5587 praprio
1519 5514 1740 5586 aediﬁcio
1761 5516 1894 5569 venit
1919 5558 1933 5579 ,
1964 5514 2056 5573 sed

463 5587 528 5728 t’iie
546 5585 774 5714 retrititis
804 5588 1134 5645 distinctione
1171 5598 1351 5645 nostra
1379 5585 1667 5656 suﬁodiunt
1693 5596 1750 5642 ut
1783 5601 1903 5643 suos
1928 5588 2070 5644 tedi-

509 5673 597 5712 cen
629 5699 642 5712 .
725 5675 904 5716 LBASP.

509 5668 642 5712 cent.
675 5668 904 5716 ALBASP.

543 5727 659 5804 (25)
697 5729 874 5804 Genus
900 5729 1000 5786 Dei
1024 5743 1099 5804 est
1118 5749 1220 5787 non
1242 5732 1429 5788 habere
1446 5747 1628 5804 genus.
1656 5729 2060 5804 Elegantissimi

474 5802 738 5858 acuminis
758 5808 863 5872 est,
895 5803 1038 5876 quod
1069 5805 1278 5862 aeutius
1299 5802 1504 5862 dictum
1527 5802 1814 5876 ,quodque
1846 5817 1969 5860 cum
1998 5807 2059 5863 re

2151 4871 2344 4935 omnia,
2376 4882 2428 4924 ut
2461 4872 2692 4937 videtur,
2742 4872 2986 4927 alludens
3008 4873 3161 4927 initio
3188 4870 3436 4926 hexaem.
3490 4871 3594 4938 Qui
3626 4887 3739 4924 cum

2149 4959 2213 4998 ex
2251 4959 2385 5014 aqua
2430 4960 2615 4998 nomen
2659 4945 2926 5016 acceperit,
2972 4961 3074 4998 non
3125 4943 3318 5016 putavit
3358 4952 3525 4996 tamen
3559 4941 3740 5016 dicen-

2149 5016 2274 5069 dum
2297 5012 2322 5076 “,
2366 5016 2525 5086 quod
2569 5031 2632 5069 ex
2672 5012 2808 5086 aqua
2850 5012 3142 5070 constarent
3179 5015 3393 5086 omnin,
3446 5023 3502 5067 ut
3556 5012 3739 5086 Thales

2150 5087 2302 5141 dixit.
2354 5083 2488 5141 Illud
2537 5083 2726 5141 nostra
2757 5089 2925 5156 magis
2967 5088 3169 5154 refert,
3217 5098 3272 5140 ct
3310 5085 3530 5154 Optati,
3580 5083 3738 5139 fuisse

2149 5159 2321 5226 olim,
2353 5159 2444 5229 qui
2477 5157 2583 5213 tale
2609 5157 2735 5228 quid
2785 5160 2942 5227 quale
2987 5157 3200 5214 videtur
3251 5157 3339 5212 hic
3381 5157 3614 5228 Optatos
3664 5158 3739 5212 in-

2149 5245 2357 5296 nuere,
2409 5245 2476 5285 ex
2531 5230 2820 5284 creationis
2883 5229 3108 5285 historia
3171 5229 3526 5300 colligerent;
3575 5242 3738 5299 aquas

2155 5316 2392 5384 nempe,
2418 5301 2858 5384 "quoduearum‘
2891 5301 3180 5384 creatipnis
3226 5300 3520 5381 Scriptura:
3549 5300 3738 5384 .diser-

2158 5371 2371 5438 tis,'ut
2417 5371 2494 5427 illi
2540 5371 2903 5441 colligebant,
2951 5374 3128 5427 verbis
3157 5414 3171 5437 ,
3210 5387 3317 5426 non
3345 5371 3733 5435 meminissent,

2156 5455 2274 5500 ante
2299 5447 2504 5511 omnia;
2546 5444 2654 5499 imo
2702 5453 2955 5515 aeternas,
3002 5442 3110 5498 Deo
3137 5455 3413 5498 cowternas
3441 5443 3620 5515 fuisse.
3668 5443 3766 5498 De.

2158 5517 2331 5588 primo
2357 5527 2511 5572 vetus
2525 5523 2744 5588 auctor,
2770 5516 2861 5585 qui
2887 5514 3069 5588 Junilii
3100 5517 3316 5588 nomine
3342 5514 3734 5588 circumtertur,

2160 5583 2212 5644 in
2241 5587 2492 5644 Genesim
2524 5583 2846 5643 Parisiensis
2888 5587 3020 5643 edit.
3053 5587 3225 5655 l556,
3275 5586 3370 5643 fol.
3402 5587 3466 5641 41
3499 5602 3511 5638 :
3565 5583 3739 5656 Neque

2160 5662 2298 5716 enim
2328 5675 2488 5730 aquas
2510 5659 2577 5712 ad
2601 5660 2774 5730 omnia
2796 5659 2939 5730 (lege
2969 5668 3087 5714 ante
3113 5658 3316 5730 omnia)
3349 5659 3738 5730 factascrcdere

2161 5736 2244 5806 fas
2270 5729 2550 5806 estliQuod
2571 5734 2661 5785 etsi
2683 5729 2770 5785 hic
2799 5729 3073 5806 Scriptura
3098 5731 3273 5802 palam
3294 5745 3396 5784 non
3425 5729 3572 5795 dicit,
3595 5743 3738 5806 cie-af

2172 5799 2253 5861 ias
2284 5800 2495 5862 scilicet
2537 5815 2704 5876 aquas
2729 5815 2853 5864 esse
2874 5837 2892 5872 ,
2920 5799 3043 5860 cum
3069 5799 3124 5860 ei
3151 5805 3346 5860 Caetera
3374 5808 3555 5858 creata
3579 5799 3733 5862 attriti
