3974 6324
177 255 268 316 993

946 257 1037 317 DE
1075 257 1460 319 SCHISMATE
1502 258 2035 320 DONATISTARUM
2076 260 2280 320 LIBER
2317 262 2638 322 TERTIUS.

3357 261 3464 321 995

175 376 268 453 53
298 385 380 430 est
404 383 459 431 et
489 388 650 447 aqua,
681 389 840 448 quam
873 391 979 433 non
1030 377 1257 449 legimus
1282 378 1670 454 factam“(25).
1701 379 1759 436 lu
1786 387 1843 448 Α
1865 397 1946 436 mo
1976 381 2162 451 poterit
2191 379 2449 435 consolari
2475 396 2554 434 me
2573 380 2627 435 in
2653 377 2960 434 contritione
2983 377 3112 450 ﬁlice
3139 376 3339 450 generis
3367 377 3466 432 mei

174 471 315 537 cujus
367 484 525 540 aqum
588 469 780 539 injuria
809 513 823 537 ,
879 469 1086 528 indicat
1127 473 1268 529 Deus
1316 473 1586 545 lacrymas
1633 488 1760 529 snas

173 579 294 635 quas
321 579 418 620 vos
450 562 690 631 fecistis;
720 579 854 635 quas
880 574 1109 622 testatur
1136 566 1282 622 nulla
1323 581 1486 638 posse
1516 566 1764 622 consola-

173 659 308 714 tione
333 656 565 724 siccari,
595 674 716 714 cum
744 658 811 714 ad
840 675 938 714 vos
966 675 1062 730 per
1092 658 1306 715 Esaiam
1339 659 1656 731 pr0plietam
1685 659 1764 716 lo—

173 751 364 824 quitur,
393 749 621 807 dicens:
656 749 872 808 Missum
894 769 974 807 me
994 752 1169 824 facile,
1198 768 1374 807 amare
1389 752 1604 824 plorabo
1629 771 1642 806 :
1677 770 1766 809 ne-

1871 473 1972 546 (ls.
2005 490 2139 540 xxii,
2169 471 2248 548 4).
2286 475 2399 530 lfoc
2430 474 2548 529 loco
2577 473 2884 529 defenditur
2910 471 3216 527 innocentia
3251 480 3466 538 nostra,

1869 566 1995 623 dum
2013 565 2158 623 Deus
2177 581 2299 622 cum
2317 565 2507 622 dolore
2533 565 2865 622 iracundiam
2884 564 3038 622 vobis
3055 563 3260 620 indicat
3279 577 3467 628 suam;

1870 659 1999 716 dum
2029 670 2082 716 et
2121 674 2342 715 causam
2371 658 2570 730 prodit,
2597 668 2654 715 et
2682 657 2946 714 rationem
2977 656 3220 715 ostendit
3243 655 3294 711 ι’.
3347 653 3469 728 (26)

1873 752 2123 824 Denique
2152 767 2260 808 non
2295 752 2350 807 in
2381 759 2491 808 tota
2516 749 2646 808 Sion
2677 761 2723 820 ε,
2767 751 2862 807 sed
2910 751 2962 806 in
3011 765 3116 807 una
3161 750 3284 822 ejus
3331 748 3474 804 valle

1313 867 1697 925 LECTIONES
1741 867 2153 925 VARIANTES.

229 960 258 992 ⁸
291 959 432 1028 lianc
455 974 628 1028 vocum
642 961 993 1028 Lsupplevimus
1019 977 1083 1015 cx
1107 974 1208 1027 .ms.
1241 961 1296 1014 S.
1319 962 1380 1014 G.
1406 976 1519 1028 qua:
1550 963 1698 1015 deest
1719 964 1769 1014 in

175 1036 281 1075 mss.
307 1024 361 1075 S.
387 1023 448 1075 Τ.
475 1031 530 1076 et
551 1024 610 1075 P.
633 1025 688 1077 S.

1931 958 1963 1028 lt
1997 962 2053 1028 in
2075 976 2167 1013 ms.
2194 961 2246 1028 S.
2270 960 2328 1028 '_lf.
2352 974 2526 1014 causas
2548 961 2714 1028 prodit
2735 968 2780 1014 et
2802 959 3083 1028 traditiones
3105 959 3329 1028 ostendit.

1937 1027 1960 1058 ο
1997 1025 2054 1077 In
2076 1039 2166 1078 ms.
2190 1026 2246 1077 S.
2270 1025 2330 1078 Τ.
2357 1032 2411 1077 et
2434 1028 2487 1078 in
2513 1023 2676 1089 editis,
2698 1038 2793 1078 non
2814 1023 2883 1078 ait
2902 1026 2955 1078 in
2975 1023 3299 1079 Sionzminus
3322 1026 3473 1077 bene.

1523 1130 1887 1191 VARIORUM
1909 1129 2142 1188 ΝΟΤΕ.

177 1228 312 1286 unde
341 1239 529 1285 contra
557 1227 916 1286 sentientibus
951 1243 1014 1284 os
1048 1228 1284 1284 obturari
1334 1228 1503 1295 possit
1530 1246 1543 1283 :
1570 1227 1759 1282 Palam
1861 1227 1950 1282 da.
1982 1225 2095 1282 Etsi
2126 1226 2270 1282 enim
2293 1225 2580 1282 cum'Deus
2606 1244 2767 1296 genus
2795 1245 2896 1283 non
2931 1226 3118 1282 habere
3142 1226 3364 1291 dicitur,
3395 1243 3474 1282 ze-

180 1313 340 1356 tamen
377 1301 636 1374 signiﬁcat
661 1344 676 1365 ,
710 1299 943 1374 cumltas
984 1318 1016 1355 a
1041 1299 1762 1374 Deorillustratasatquead

173 1375 370 1444 jussum
390 1371 803 1447 ejus'ordinatas
825 1373 1085 1447 insinuot,
1129 1373 1338 1447 sicutet
1384 1371 1610 1447 psalmus
1639 1371 1764 1447 dicit

180 1442 346 1516 aperte
371 1487 386 1512 ,
409 1442 525 1500 etc.
572 1444 717 1500 ldem
730 1445 968 1516 _videtur
995 1443 1220 1514 Optatus
1249 1444 1431 1500 dicere
1481 1444 1574 1498 lib.
1603 1461 1650 1498 Vl
1679 1461 1692 1498 :
1720 1442 1766 1498 Ο

179 1513 303 1586 aqua
329 1533 446 1586 quin
469 1517 636 1570 dulcis
663 1533 695 1570 a
717 1513 828 1570 Deo
858 1527 1028 1570 creata
1050 1513 1101 1570 es
1132 1558 1148 1583 ,
1175 1533 1331 1584 super
1357 1532 1512 1583 quant
1537 1527 1657 1570 ante
1687 1517 1770 1582 ip-

182 1589 279 1642 sius
305 1589 530 1643 natalem
557 1588 736 1642 mundi
763 1599 967 1642 sanctus
981 1586 1208 1657 Spiritus
1231 1588 1507 1658 ferebatur,
1535 1599 1639 1643 cte.
1664 1587 1770 1644 Sed

183 1659 408 1715 fortasse
439 1674 544 1714 non
576 1658 718 1713 aliud
744 1675 811 1714 eo
840 1660 958 1714 loco
990 1660 1602 1729 voluitOptatus,quam
1629 1658 1769 1730 quod

182 1730 544 1786 Tcrtullianus
573 1730 642 1787 de
672 1732 938 1801 baptismo
966 1730 1059 1787 lib.
1092 1747 1147 1786 ιιι
1173 1773 1186 1792 ,
1221 1731 1308 1787 ubi
1355 1732 1498 1787 inter
1536 1741 1729 1787 caetera
1754 1769 1771 1796 ,

183 1817 294 1872 qum
323 1803 378 1857 in
425 1801 614 1857 laudes
644 1817 902 1871 aquarum
947 1804 1410 1868 comminiscitur,
1455 1803 1617 1858 etiam
1649 1802 1776 1859 inde

185 1874 460 1942 celebrat,
484 1873 626 1945 quod
646 1879 740 1945 τοῦ
769 1872 924 1928 chaos
953 1872 1100 1929 illius
1136 1873 1278 1930 unde
1322 1875 1508 1930 mundi
1549 1874 1776 1944 digestus

1865 1307 2055 1354 ternus
2083 1298 2436 1369 intelligitur;
2480 1300 2612 1355 satis
2659 1312 2837 1355 tamen
2882 1301 2949 1355 ad
2995 1299 3294 1356 institutam
3323 1315 3474 1356 com-

1871 1370 2207 1443 parationem
2239 1411 2254 1434 ,
2300 1371 2343 1443 si
2385 1386 2553 1440 aquas
2590 1386 2932 1443 quocumque
2975 1371 3136 1427 modo
3170 1389 3330 1442 genus
3373 1387 3477 1427 non

1873 1441 2058 1497 habere
2079 1443 2272 1513 probet
2295 1441 2543 1514 Optatos.
2563 1441 2703 1510 quod
2723 1441 2901 1514 vetita
2931 1451 3110 1514 potest
3133 1441 3384 1514 intelligi,
3418 1451 3477 1498 ut

1875 1513 2328 1586 quemadmodum
2371 1513 2770 1586 Melchisedech
2796 1513 2996 1570 Christi
3046 1526 3206 1586 typus
3249 1513 3414 1570 fuisse
3440 1530 3472 1570 a

1875 1585 2063 1664 (uultis
2088 1585 2354 1650 creditur,
2385 1585 2670 1664 uiniquod
2699 1603 2888 1664 revera
2930 1585 3151 1664 ἀπᾴτῴρ
3179 1598 3226 1642 el
3261 1589 3476 1664 ἀμήτωρ

1878 1657 2079 1728 fuerit,
2110 1667 2168 1713 ut
2195 1668 2361 1712 antea
2375 1656 2724 1724 dicebamus,
2753 1659 2847 1714 sed
2874 1661 3017 1730 quod
3044 1656 3162 1728 ejus
3189 1656 3478 1730 progenies

1879 1745 1986 1787 non
2014 1738 2264 1784 enarrata
2297 1730 2402 1796 sit;
2451 1731 2520 1784 ita
2551 1737 2608 1784 et
2633 1746 2786 1800 aqua;
2813 1730 2934 1786 ideo
2976 1748 3135 1802 genus
3160 1746 3261 1784 non
3294 1733 3478 1786 habere

1879 1803 2168 1863 dicantur,
2220 1801 2362 1871 quod
2409 1817 2593 1857 earum
2629 1804 2930 1857 ‘creationis
2976 1801 3168 1858 exerte
3207 1809 3263 1857 et
3306 1803 3480 1857 nomi-

1884 1872 2049 1929 natim
2078 1874 2354 1942 Scriptura
2383 1888 2489 1928 non
2531 1874 2880 1929 meminerit:
2921 1875 3003 1928 vel
3045 1876 3112 1928 ita
3150 1883 3211 1927 ut
3247 1873 3368 1928 ideo
3391 1891 3479 1944 ge-

185 1959 394 2016 poStea,
413 1943 539 2016 pars
569 1947 675 2001 illa:
706 1944 924 2013 fuerint,
961 1962 1060 2002 nec
1086 1961 1208 2016 pars
1241 1956 1444 2002 tantum
1466 1987 1482 2014 ,
1513 1943 1618 2001 sed
1642 1960 1779 2015 pra:-
1807 1955 1856 2016 B
1882 1963 1978 2000 nus
2000 1961 2102 1998 non
2122 1943 2308 1998 habere
2335 1945 2582 1999 dicantur
2609 1986 2624 2011 ,
2656 1945 2797 2016 quod
2844 1947 3030 2016 prima:
3060 1944 3208 2000 illius
3238 1943 3480 2002 materize

187 2019 516 2072 stantissima
565 2032 688 2087 pars
730 2028 787 2089 et
828 2019 940 2072 sola
984 2029 1355 2075 consummata
1401 2029 1454 2074 et
1497 2021 1775 2089 perfecta:

189 2099 383 2144 terram
402 2090 551 2161 enim
576 2088 874 2161 etctelum,
906 2099 961 2144 et
986 2090 1192 2161 reliqua
1215 2089 1391 2146 adhuc
1416 2088 1594 2145 onmia
1617 2089 1782 2145 infor-

187 2161 287 2216 niia
303 2173 360 2216 et
390 2160 591 2215 inculta
619 2159 786 2216 fuisse
806 2178 821 2226 ;
844 2161 998 2233 aquis
1023 2159 1206 2233 aut—em
1230 2161 1364 2216 nihil
1385 2162 1642 2226 defuisse,
1675 2175 1783 2232 quo

188 2233 354 2303 magis
400 2245 728 2288 ornarentur
765 2241 861 2287 aut
897 2232 1332 2302 perficerentur;
1373 2233 1469 2290 sed
1519 2235 1570 2288 in
1613 2233 1785 2303 primo

189 2303 484 2360 creationis
513 2315 656 2360 statu
681 2304 1068 2374 permansisse.
1116 2305 1192 2360 Ita
1225 2305 1466 2375 intelligo
1493 2305 1745 2374 Optatum
1765 2346 1781 2372 ,

190 2389 308 2430 cum
329 2375 410 2429 ait
426 2391 597 2448 aquas
619 2387 738 2430 ante
763 2376 925 2448 ipsius
957 2378 1178 2432 natalem
1199 2377 1383 2432 mundi
1410 2378 1705 2440 exstitisse,
1730 2385 1788 2431 ut

191 2448 414 2500 mundus
441 2446 533 2503 hic
562 2446 792 2522 proprii:
807 2448 996 2522 κόσμος
1036 2451 1126 2514 sit,
1151 2449 1266 2504 sive
1293 2450 1524 2522 mundus
1545 2449 1788 2518 digestus

191 2528 241 2574 et
259 2529 534 2594 ornatus.
570 2520 718 2594 quod
749 2519 1113 2594 Tertullianus
1150 2520 1331 2575 mundi
1368 2531 1660 2594 suggestum
1682 2535 1786 2594 rap-

193 2590 378 2659 pellat.
403 2587 547 2645 Ante
569 2587 710 2645 hunc
741 2591 922 2645 mundi
951 2603 1293 2663 suggestum,
1325 2587 1502 2663 neque
1531 2587 1785 2657 mundus,

189 2677 368 2734 neque
397 2663 595 2734 κόσμος
622 2663 838 2733 proprie
868 2680 882 2717 :
928 2664 1022 2718 sed
1055 2679 1262 2719 merum
1289 2663 1477 2730 cahos,
1507 2664 1676 2730 rudis,
1708 2664 1790 2718 in-

192 2731 512 2807 digestaque
545 2731 761 2802 .moles",
802 2743 861 2788 ut
888 2735 1054 2807 Poeta
1093 2735 1350 2806 loquitur.
1409 2735 1580 2807 Aqua:
1625 2737 1790 2806 igitur

193 2817 317 2879 ante
341 2805 604 2879 mundum
629 2821 649 2879 ;_
677 2821 779 2861 nec
803 2814 993 2879 tamen
1031 2805 1303 2862 increatze.
1345 2805 1633 2879 Aliquanto
1654 2805 1792 2876 plus

193 2875 527 2951 difficultatis
557 2876 612 2951 in
637 2877 740 2951 hoc
763 2877 936 2933 altero
962 2877 1140 2951 Optati
1174 2879 1314 2946 loco,
1344 2875 1625 2951 quodcum
1644 2895 1794 2934 com-

195 2950 535 3022 parationem
564 2949 658 3022 Dei
689 2959 753 3022 et
773 2965 949 3022 aquae,
972 2949 1036 3004 ad
1065 2965 1237 3021 genus
1249 2949 1473 3022 quidem
1501 2951 1640 3021 quod
1667 2951 1791 3006 atti-

193 3034 304 3083 net,
332 3021 606 3076 subtiliter
632 3021 887 3087 instituit,
913 3022 1212 3078 (eternitatis
1237 3021 1335 3077 Dei
1364 3023 1491 3078 dum
1523 3023 1790 3087 meminit,

193 3104 459 3163 aeternam
491 3107 706 3163 quoque
734 3092 854 3148 sive
882 3104 1188 3148 cowternam
1230 3110 1422 3163 aquam
1462 3095 1532 3149 ab
1576 3110 1640 3150 eo
1667 3109 1792 3148 con-

195 3162 372 3237 stitui,
386 3162 692 3237 ⁸ιπομυδίιειιξ
717 3164 1136 3237 comparationis
1154 3162 1592 3237 ratiorrequirere
1612 3165 1796 3221 videa-

197 3244 301 3307 t_ur.
354 3234 493 3290 Nam
538 3246 594 3307 et
628 3234 772 3307 illud
814 3234 881 3291 ex
913 3236 1026 3307 ipsa
1052 3236 1218 3292 Mosis
1256 3234 1478 3293 historia
1523 3237 1794 3307 quondam

194 3305 367 3362 fuisse
393 3307 486 3376 qui
515 3305 854 3377 colligerent,
873 3305 1004 3363 satis
1045 3309 1218 3363 innuit
1244 3305 1575 3378 Augustinus
1600 3326 1614 3374 ;
1640 3310 1796 3378 cujus

197 3381 360 3433 verba
378 3378 522 3448 quod
541 3391 777 3433 ii0$tram
793 3381 1183 3435 correctionem
1206 3383 1440 3436 maxime
1452 3380 1794 3441 confirment.

195 3445 518 3520 subjiciam,
545 3449 791 3506 Confess.
824 3450 916 3506 lib.
945 3467 1018 3506 xu
1043 3493 1058 3519 ,
1092 3467 1142 3506 c.
1171 3451 1242 3505 22
1267 3469 1281 3506 :
1341 3450 1493 3508 Unde
1521 3454 1563 3507 si
1599 3452 1799 3515 aliquid

200 3519 416 3576 Genesis
443 3525 604 3576 tacuit
637 3521 802 3576 Deum
825 3523 1025 3590 fecisse,
1056 3523 1192 3592 quod
1222 3534 1386 3578 tamen
1412 3522 1578 3578 Deum
1595 3527 1797 3594 fecisse,

199 3609 291 3647 nec
319 3610 453 3648 sana
479 3594 608 3666 ﬁdes
639 3609 732 3648 nec
774 3605 942 3650 certus
967 3595 1177 3666 ambigit
1208 3596 1534 3664 intellectusf;
1566 3612 1657 3650 nec
1685 3595 1800 3650 ideo

197 3665 313 3719 ulla
339 3666 516 3719 sobria
537 3663 774 3721 doctrina
800 3667 968 3721 dicere
1004 3663 1230 3735 audebit,
1253 3667 1378 3722 istas
1403 3663 1564 3736 aquas
1593 3679 1802 3722 coaeter-

200 3752 292 3790 nus
319 3736 432 3810 Deo
455 3777 470 3802 ,
517 3737 638 3810 quia
663 3739 718 3791 in
747 3739 836 3792 lib.
868 3736 1118 3793 Geneseos
1147 3751 1570 3794 contmemoratas
1596 3738 1802 3810 quidem

198 3809 522 3874 audiuimus,
553 3808 640 3862 ubi
667 3819 838 3864 autem
878 3813 1030 3881 facta
1054 3823 1170 3865 sunt
1201 3828 1302 3865 non
1336 3808 1625 3866 invenimus
1650 3827 1668 3865 :
1712 3827 1802 3865 cur

199 3895 302 3952 non
334 3881 612 3951 informem
633 3897 831 3952 quoque
857 3882 1002 3936 illam
1038 3884 1338 3946 materiam,
1366 3891 1472 3938 etc.
1517 3882 1632 3938 Hoc
1662 3883 1802 3938 idem

199 3950 510 4026 Eucherius
540 3950 916 4023 Lugdunensis
941 3954 1226 4024 episc0pus
1253 3953 1448 4026 (fidem
1475 3969 1674 4026 sequor
1701 3970 1802 4010 an-

199 4022 571 4098 tiquissimze,
612 4022 679 4079 ac
716 4022 1193 4098 omnium’priuite
1231 4022 1526 4098 editionis)
1555 4022 1806 4082 'difficill.

198 4105 399 4164 quiest.
455 4097 508 4150 in
533 4095 785 4151 Genesim
817 4113 871 4166 q.
903 4098 938 4153 ὅ
964 4139 980 4164 ,
1010 4095 1124 4152 sed
1171 4098 1350 4154 verbis
1392 4095 1804 4166 tam'expressis

198 4178 256 4240 et
281 4166 588 4238 appositis,
622 4178 676 4222 ut
703 4169 989 4224 clariorem
1014 4168 1234 4225 aliunde
1269 4169 1444 4225 lucem
1477 4170 1601 4225 huic
1627 4169 1808 4240 Optati

197 4239 328 4294 loco
361 4240 617 4295 [uenerari
642 4240 862 4296 minime
885 4255 1106 4296 necesse
1143 4243 1232 4295 sit.
1280 4240 1360 4296 Ita
1387 4241 1547 4311 igitur
1571 4239 1683 4307 ille,
1713 4257 1810 4296 an-

201 4311 533 4384 tiquissima:
561 4311 705 4367 illius
733 4311 987 4384 editionis
1010 4311 1047 4366 f.
1065 4311 1136 4367 25
1157 4311 1358 4384 :Aquas
1385 4313 1470 4367 ubi
1491 4313 1730 4384 legimus,
1751 4317 1810 4372 τὸ

201 4329 533 4379 tiquissuna:
561 4329 705 4367 unus
733 4329 987 4368 editionis
1010 4329 1047 4366 ι.
1065 4329 1136 4367 za
1157 4329 1231 4367 :A
1266 4329 1358 4368 uas
1385 4329 1470 4367 not
1491 4329 1730 4384 tegimus,
1751 4329 1810 4372 τό

198 4381 454 4454 legimus,
483 4393 537 4455 ut
568 4393 625 4440 et
654 4383 952 4455 proximum
977 4383 1208 4439 lectionis
1225 4329 1510 4455 giligenter
1530 4385 1810 4442 observari

198 4453 399 4522 velim,
435 4471 466 4508 α
486 4453 599 4508 Deo
627 4459 790 4538 [uctas
813 4455 839 4509 ?
867 4454 978 4538 Etsi
996 4459 1270 4538 (aetnaea!
1296 4453 1350 4509 in
1381 4455 1592 4510 exordio
1613 4466 1808 4538 creatu-

199 4542 390 4598 rarum
419 4543 523 4580 non
562 4525 818 4582 evidenter
844 4525 1031 4583 divina:
1057 4527 1290 4582 lectionis
1310 4536 1482 4598 textus
1519 4528 1808 4598 expressit,

199 4615 233 4651 a
264 4596 384 4653 Deo
405 4607 576 4653 tamen
603 4598 752 4669 {astte
780 4608 918 4662 sunt,
961 4609 1066 4654 etc.
1113 4599 1252 4667 Quid
1276 4597 1324 4654 si
1366 4596 1611 4670 igituret
1637 4596 1810 4670 Opta-4

203 4680 293 4724 tus
322 4671 610 4742 scripserit
630 4672 796 4741 (quod
821 4682 999 4727 tamen
1016 4687 1081 4726 eo
1108 4672 1266 4742 plane
1294 4669 1512 4742 redibit)
1537 4669 1813 4738 quamnon

1875 3247 2080 3291 contra
2108 3253 2233 3306 quas
2267 3243 2460 3301 portas,
2488 3249 2594 3290 etc.

1882 2033 1952 2074 ex
1979 2017 2148 2072 nihilo
2176 2024 2393 2082 creatae,
2420 2032 2484 2072 ex
2517 2033 2620 2086 qua
2647 2027 2843 2072 caetera
2865 2032 3218 2086 quiscumque
3248 2016 3476 2073 formata

1883 2099 2030 2153 sunt,
2066 2102 2188 2158 pars
2217 2087 2444 2154 fuerint;
2491 2097 2551 2143 ut
2579 2088 2739 2144 modo
2764 2105 2828 2142 ex
2860 2087 3197 2146 Tertulliano
3222 2098 3279 2146 et
3303 2091 3476 2146 altero

1882 2160 2062 2231 Optati
2087 2162 2202 2216 loco
2228 2161 2665 2225 disserebamus;
2708 2175 3062 2233 quaecumque
3089 2170 3269 2233 autem
3305 2177 3370 2217 ex
3401 2160 3482 2217 ni-

1886 2233 1998 2288 hilo
2026 2241 2209 2304 creata
2240 2241 2388 2304 sunt,
2429 2248 2590 2304 genus
2619 2248 2722 2287 non
2749 2231 2934 2287 habere
2961 2231 2987 2296 ζ
3018 2242 3165 2288 recte
3208 2231 3312 2288 dici
3357 2247 3484 2304 pos.-

1886 2317 2032 2360 sunt.
2090 2303 2266 2358 Etiam
2313 2303 2444 2376 illud
2493 2304 2724 2360 monebo
2781 2305 3041 2362 lectorem
3089 2303 3482 2376 elegantiarum

1887 2376 2063 2432 Latini
2094 2375 2362 2430 sermonis
2390 2390 2496 2429 non
2530 2376 2857 2432 incuriosum
2881 2417 2898 2445 ,
2935 2377 3078 2447 quod
3103 2375 3334 2445 Op’tatus
3362 2394 3486 2446 pro-

1889 2449 2049 2504 ximis
2080 2448 2260 2502 verbis
2288 2461 2436 2513 aquae
2467 2456 2713 2516 repetat,
2757 2463 2883 2504 cum
2909 2463 3206 2517 pronomen
3237 2449 3486 2504 sufficere

1889 2519 2126 2590 potuerit
2157 2518 2299 2588 (quae
2329 2517 2661 2590 Hieronymo
2685 2518 2904 2587 alicubi,
2949 2521 3042 2576 sed
3074 2520 3346 2576 immerito
3379 2521 3489 2575 llu—

1890 2589 2058 2648 linum
2107 2589 2412 2663 incessendi
2459 2589 2681 2663 materia
2714 2591 2891 2663 fuit):
2947 2591 2998 2646 id
3029 2592 3281 2662 Optatum
3335 2607 3488 2648 more

1891 2677 1990 2719 suo
2013 2663 2208 2726 facere,
2239 2661 2505 2716 ethabere
2530 2662 2611 2716 sui
2642 2664 2808 2717 moris
2830 2661 3138 2728 auctorem,
3164 2673 3219 2718 et
3246 2675 3488 2720 asserto-

1893 2750 2007 2790 rem
2050 2733 2563 2804 locupletissimum,
2615 2733 2964 2804 eloqucntiae,
3003 2747 3056 2790 et
3087 2736 3262 2790 omnis
3293 2734 3486 2790 huma-

1895 2807 2064 2861 nioris
2094 2803 2408 2860 litteratura:
2432 2846 2446 2868 ,
2482 2806 2624 2860 inter
2651 2803 2874 2860 Latinus
2905 2805 3060 2862 facile
3089 2807 3383 2877 principem
3415 2806 3486 2862 Μ.

1893 2878 1957 2954 Τ.
1988 2877 2432 2954 Ciceronem._lta
2457 2876 2620 2954 paulo
2645 2888 2800 2933 ante:
2832 2877 3070 2954 Solvistis
3086 2876 3348 2954 singulare
3365 2879 3494 2954 bap-

1898 2951 2163 3024 tismu,rex
2190 2965 2291 3018 quo
2328 2948 2632 3024 baptismate
2656 2990 2669 3012 ,
2698 2959 2803 3004 etc.
2835 2949 2927 3006 lib.
2960 2967 2996 3005 Il
3023 2966 3036 3006 :
3073 2948 3236 3020 Quéin
3260 2952 3494 3024 precibus

1895 3023 2115 3095 rogast
2145 3031 2204 3095 ut
2221 3023 2400 3095 reverti
2432 3022 2835 3095 possetis_:_quas
2857 3039 3069 3095 preces,_
3086 3033 3193 3079 etc.
3220 3022 3274 3079 et
3299 3026 3494 3079 eodem

1898 3091 1994 3148 lili.
2015 3091 2346 3147 :Pestileutia
2379 3093 2514 3146 enim
2536 3093 2723 3146 morbis
2743 3095 3020 3149 exstinctos
3048 3093 3280 3150 homines
3308 3097 3379 3151 ad
3407 3096 3492 3149 in-

1898 3166 2035 3236 feros
2063 3164 2238 3218 mittil.
2290 3163 2391 3232 Qui
2418 3165 2573 3234 inferi
2599 3175 2771 3236 portas
2805 3183 2925 3220 suas
2952 3168 3137 3221 habere
3176 3175 3457 3222 noscuntur
3477 3205 3496 3235 ,

2627 3235 2909 3309 Quomodo
2939 3239 3009 3293 ita
3047 3253 3192 3309 same
3218 3238 3495 3309 loquitur,

1900 3321 1960 3381 ut
1987 3309 2163 3381 potius
2193 3306 2490 3381 affectasse,
2511 3323 2672 3378 quam
2702 3307 2945 3381 imitatus
2961 3324 3081 3366 esse
3103 3306 3272 3366 videri
3294 3306 3495 3381 possit.

1901 3379 2078 3451 Atque
2111 3378 2213 3434 hoc
2258 3388 2317 3434 ut
2343 3379 2429 3451 hic
2475 3395 2774 3448 monerem,
2804 3396 2870 3436 eo
2915 3380 3167 3437 libentius
3202 3397 3232 3437 a
3262 3378 3349 3438 me
3389 3381 3501 3437 fac-

1903 3450 2038 3525 tum,
2069 3451 2212 3525 quod
2238 3465 2360 3525 cum
2388 3450 2490 3506 hoc
2521 3456 2638 3522 ipso
2663 3452 2779 3507 loco
2807 3452 3007 3523 aliquid
3036 3454 3288 3525 supplere
3312 3467 3502 3510 neces-

1900 3524 2103 3579 sarium
2137 3521 2334 3587 fuerit,
2367 3521 2645 3578 mininium
2681 3531 2856 3579 tamen
2887 3521 3008 3580 esse
3038 3521 3177 3594 quod
3210 3525 3418 3593 deerat,
3433 3539 3500 3581 ex

1902 3595 2016 3666 ipsa
2048 3596 2334 3650 verborum
2356 3597 2506 3669 serie
2539 3604 2593 3669 et
2621 3595 2948 3669 proprietate
2979 3597 3266 3653 locutionis
3289 3638 3305 3662 ,
3338 3612 3501 3669 quam

1902 3677 2049 3722 amat
2075 3669 2320 3741 OptatUs,
2355 3666 2525 3721 lector
2553 3666 2920 3741 intelligeret;
2959 3679 3122 3741 atque
3148 3685 3212 3725 ex
3246 3671 3338 3724 illo
3355 3666 3503 3741 'quo-

1941 3754 2011 3812 ue
2055 3737 2383 3812 conjectura;
2423 3748 2626 3812 nestrze
2672 3737 2887 3812 aliquod
2934 3740 3148 3811 pondus
3193 3737 3500 3812 accederet.

1945 3809 2011 3866 ed
2040 3825 2140 3866 nec
2171 3809 2301 3882 illud
2327 3809 2705 3874 dissimulabo,
2730 3811 2780 3864 in
2811 3809 2979 3882 prima
2999 3812 3241 3868 omnium
3266 3809 3505 3868 editione

1905 3883 2248 3946 Coclilaeana,
2282 3880 2424 3955 hunc
2453 3882 2628 3936 locum
2663 3883 2730 3936 ita
2760 3880 2944 3947 sc'rihi,
2974 3885 3155 3938 similis
3181 3893 3259 3938 est
3277 3895 3328 3940 et
3348 3901 3502 3955 aqua,

1905 3970 2059 4026 quam
2087 3955 2242 4026 modo
2270 3953 2485 4024 legimus
2508 3994 2522 4014 ,
2556 3963 2664 4008 etc.
2684 3995 2699 4020 ,
2746 3955 2888 4026 quod
2935 3967 3094 4010 erunt
3140 3955 3371 4012 fortasse
3394 3953 3507 4026 ’qui

1907 4027 2100 4081 malint
2125 4025 2380 4098 retinere,
2415 4033 2696 4098 ut‘neinpc
2717 4026 2775 4081 τὸ
2805 4025 3036 4098 legimus,
3063 4027 3251 4082 nonad
3278 4025 3510 4084 creatio-

1909 4099 1997 4153 nis
2038 4096 2318 4168 historiam
2341 4137 2356 4163 ,
2399 4094 2495 4152 sed
2523 4096 2590 4152 ad
2616 4094 2900 4168 Propheta:
2942 4099 3107 4154 verba
3145 4100 3306 4155 modo
3345 4101 3510 4156 citata

1911 4169 2196 4240 pertineat.
2225 4167 2530 4238 Utcumque
2579 4167 2747 4238 leges,
2779 4169 2919 4227 idem
2950 4179 3129 4226 tamen
3159 4171 3263 4226 erit
3292 4186 3509 4229 sensus.

1912 4241 2021 4296 Sed
2050 4242 2179 4296 mihi
2207 4240 2396 4296 durius
2423 4240 2526 4295 hoc
2569 4241 2784 4296 videtur
2811 4283 2826 4303 .
2877 4253 2935 4298 ut
2965 4242 3194 4312 Optatus
3242 4242 3416 4306 ἁπλῶς
3457 4251 3514 4300 et

1911 4313 2181 4386 absolute,
2213 4313 2552 4386 Deoaiterno
2578 4323 2630 4367 et
2660 4313 2896 4386 ingenito
2915 4356 2928 4376 .
2960 4329 3127 4385 aquas
3148 4329 3512 4386 comparave-

1912 4386 2001 4440 rit.
2029 4383 2106 4437 M.
2141 4382 2361 4439 Casaub.
2387 4382 2669 4438 Restitutus
2689 4382 2762 4438 est
2781 4383 2865 4438 hic
2885 4382 3027 4440 locus
3048 4401 3112 4440 ea:
3136 4383 3259 4443 MS.

1989 4453 2104 4530 (‘25)
2130 4455 2334 4530 Similis
2362 4465 2437 4530 est
2465 4463 2513 4508 et
2533 4471 2701 4530 aqua,
2732 4456 3264 4530 quanthnonglegimus
3298 4463 3512 4530 factum.

1913 4525 2030 4583 Non
2056 4525 2248 4592 legitur
2275 4527 2326 4582 in
2354 4525 2572 4592 Genesi,
2597 4542 2732 4597 aqua
2746 4525 2973 4583 condita
2997 4525 3138 4584 sicut
3165 4525 3385 4596 caetera,
3417 4531 3515 4588 sed

1915 4601 1984 4653 ab
2017 4599 2171 4654 initio
2196 4598 2488 4654 creationis
2509 4597 2746 4654 dicitur:
2779 4611 2828 4655 et
2863 4599 3094 4674 Spiritus
3124 4599 3222 4656 Dei
3259 4602 3517 4676 ferebatur

1916 4687 2081 4744 super;
2095 4687 2275 4744 aquas.
2305 4685 2372 4726 nu
2402 4685 2510 4724 PIN.

200 4741 433 4815 legimus
446 4739 488 4796 a
514 4740 624 4797 Deo
642 4739 885 4815 factum?
913 4742 1062 4797 llaud
1084 4739 1308 4798 dubium
1336 4739 1516 4815 autem
1544 4752 1816 4814 postrema
1841 4740 1895 4802 D
1959 4739 2110 4815 Α’(Ξϐ)
2131 4741 2382 4815 Denique,
2408 4757 2511 4795 non
2531 4741 2604 4815 ait
2629 4741 2683 4796 in
2706 4739 2858 4798 Sion.
2878 4741 3152 4800 Prollxum
3182 4743 3357 4800 Esaia:
3385 4743 3520 4800 Pro-

201 4813 395 4884 Optati
431 4815 594 4870 verba
625 4813 663 4881 ,'
687 4830 1039 4885 quaecumque
1067 4817 1266 4870 fuerint
1289 4854 1332 4880 ,.
1353 4814 1496 4884 quod
1544 4815 1814 4870 horridior

202 4902 408 4942 eorum
451 4886 718 4958 sententia
747 4885 1023 4958 videretur
1049 4886 1172 4958 ,_ab
1211 4887 1394 4958 aliquo
1437 4901 1590 4942 erasa
1637 4896 1692 4942 et
1720 4902 1815 4942 ex-

243 4968 417 5013 uneta
447 4974 587 5014 esse.
618 4957 772 5026 Quod
799 4973 946 5028 saepe
976 4958 1028 5012 in
1055 4956 1316 5014 Veterum
1342 4957 1559 5029 scriptis
1591 4959 1812 5015 accidit.

201 4972 325 5087 ἕω
353 5045 481 5085 cum
511 5031 650 5086 hanc
676 5045 792 5085 rem
821 5045 928 5085 non
957 5029 1045 5084 hic
1071 5044 1138 5086 ex
1181 5030 1457 5087 nronosito
1494 5038 1684 5086 tractet
1710 5028 1812 5087 On-

225 5031 325 5085 Sed
353 5045 481 5085 cum
511 5031 650 5086 hanc
676 5045 792 5085 rem
821 5045 928 5085 non
957 5029 1045 5084 hic
1071 5044 1138 5086 ex
1181 5028 1466 5100 proposito
1494 5038 1684 5086 tractet
1710 5028 1817 5100 0p-

204 5109 363 5156 tatus
390 5143 404 5167 ,
437 5101 851 5158 eondonandnm
881 5101 1000 5172 ipse
1027 5111 1111 5157 est
1131 5141 1148 5170 ,
1183 5099 1238 5156 ’si
1259 5099 1506 5158 δουλεύων
1536 5103 1777 5159 ὑποθέσει
1798 5142 1815 5170 ,

199 5173 402 5229 minus
449 5184 607 5230 eaute
648 5173 858 5229 locutus
899 5175 1012 5238 sit;
1057 5173 1512 5244 quemadmodum
1559 5186 1612 5228 et
1651 5176 1818 5229 multa

202 5244 350 5312 alia,
381 5245 467 5300 vel
487 5247 540 5301 in
560 5245 779 5316 optimis
805 5243 1194 5316 Scriptoribns,
1223 5244 1363 5300 haud
1391 5245 1608 5301 ferenda
1642 5255 1820 5301 tamen

204 5316 508 5386 alioquin,
558 5319 827 5373 interdum
883 5321 1179 5373 toleramus
1210 5327 1634 5372 etexcusamus.
1686 5316 1820 5372 Nam

202 5397 373 5445 recte
402 5389 575 5460 ipsum
602 5391 842 5445 sensisse
866 5431 882 5456 ,
923 5404 1050 5445 cum
1081 5403 1333 5460 nemoeo
1356 5392 1575 5445 nomine
1607 5389 1824 5445 hetero-

203 5459 524 5516 doxias'illi
549 5461 725 5516 dicam
755 5459 1292 5533 impegerit,‘notatis
1321 5471 1499 5533 tamen
1531 5459 1661 5533 illis,
1693 5462 1821 5516 etin

201 5548 452 5590 sensum
503 5530 1007 5589 liwreticoruin'ab
1049 5530 1352 5604 Augustino
1401 5531 1470 5588 de
1527 5532 1824 5589 lunresibus

202 5620 264 5660 c.
302 5606 417 5670 75,
463 5615 520 5661 et
547 5606 666 5660 aliis
707 5604 890 5660 relatis
929 5604 1020 5676 qui
1053 5605 1155 5676 hoc
1182 5605 1326 5660 idem
1356 5618 1524 5675 aquas
1561 5619 1767 5676 nempe
1793 5621 1825 5658 a

202 5676 337 5735 Deo
359 5694 464 5730 non
484 5693 592 5732 esse
612 5687 830 5743 creatas,
851 5673 959 5734 sed
976 5677 1076 5745 ipsi
1098 5673 1208 5731 Deo
1230 5673 1509 5731 cowternas
1526 5674 1654 5742 esse,
1676 5673 1823 5732 asse-

203 5753 446 5813 rebant,
475 5748 592 5820 quis
621 5751 841 5804 omnino
867 5757 1044 5818 potest
1069 5749 1354 5804 dubitare?
1377 5748 1483 5804 Sed
1511 5763 1688 5820 neque
1707 5765 1822 5802 om-

202 5823 314 5882 nia
338 5820 398 5878 in
419 5819 503 5879 his
517 5821 1010 5894 comparationibus
1035 5819 1197 5881 nimis
1217 5835 1434 5881 morose
1456 5831 1582 5881 sunt
1606 5819 1826 5894 exigen-

1923 4813 2302 4888 phetaaloeum
2334 4824 2525 4888 contra
2568 4813 2878 4888 Donatistas
2909 4815 3218 4886 prolaturus
3245 4815 3474 4888 Optatus
3497 4857 3514 4886 ,

1921 4883 1989 4943 ne
2020 4884 2150 4941 nihil
2181 4886 2362 4960 dicere
2385 4883 2683 4960 videretur,
2716 4883 2942 4960 probato
2971 4889 3203 4960 primum
3236 4883 3328 4960 per
3347 4883 3516 4958 ﬁliani

1920 4960 2002 5013 sui
2024 4959 2262 5031 generis,
2305 4971 2499 5031 aquam
2532 4957 2696 5031 aDeo
2727 4957 2992 5030 intelligi,
3041 4957 3422 5031 pergit'porro
3465 4969 3521 5018 et

1921 5027 2158 5086 ostendit
2185 5029 2339 5084 illum
2358 5027 2518 5102 Sion,
2544 5030 2634 5100 qui
2660 5027 3379 5102 utsubjeetum'prupon'itur
3399 5033 3524 5091 huic

1923 5101 2464 5176 prophetiae,»nouude
2487 5100 2758 5176 corporali
2785 5101 2869 5175 (ut
2893 5100 3128 5176 loquitur
3157 5100 3292 5176 ipse)
3316 5119 3520 5172 monte,

1923 5171 2180 5246 peculiari
2209 5174 2299 5248 illa
2333 5173 2487 5239 Sion,
2521 5189 2639 5248 quae
2665 5171 2842 5248 fuerat
2866 5189 2881 5240 ;
2914 5171 3008 5231 sed
3035 5174 3104 5232 de
3129 5171 3376 5247 spiriiali,
3402 5171 3523 5248 quae

1926 5245 2053 5301 tunc
2079 5253 2198 5301 erat
2226 5245 2379 5318 Sion,
2410 5252 2516 5300 tota
2547 5245 2800 5318 nimirum
2825 5257 2986 5318 atque
3025 5245 3310 5304 universali
3336 5245 3524 5304 Eccle-

1924 5318 2004 5372 sia
2029 5317 2402 5389 accipiendum
2429 5331 2573 5372 esse.
2623 5315 2814 5374 Versio
2854 5315 2959 5389 qua
2991 5333 3120 5374 usus
3145 5330 3229 5375 est
3255 5319 3480 5388 Optatus
3504 5361 3522 5386 ,

1924 5404 1990 5445 ex
2012 5388 2219 5446 Graecis
2240 5403 2501 5461 expressa
2527 5396 2664 5456 erat,
2693 5391 2784 5461 qui
2810 5388 2953 5460 quod
2985 5390 3036 5443 in
3065 5391 3228 5447 Hebr.
3258 5406 3386 5444 onus
3415 5391 3524 5447 val-

1926 5461 1998 5537 l_i_s‘
2020 5461 2247 5537 uisionis,
2280 5459 2633 5537 reddiderunt
2656 5459 3032 5537 adamantis
3077 5464 3337 5537 φάραγγφς
3362 5466 3482 5518 Σιὼν
3506 5504 3522 5537 ,_

1934 5532 2077 5588 Visio
2103 5534 2254 5588 uallis
2272 5532 2469 5588 Sionis.
2503 5530 2774 5588 Caeterum
2798 5530 3050 5587 celebrata
3070 5530 3300 5588 subaudi
3324 5537 3424 5588 ista
3447 5533 3523 5589 vel

1923 5605 2124 5676 judicia
2154 5614 2208 5659 ut
2248 5620 2386 5670 mox,
2417 5603 2503 5658 ubi
2533 5606 2673 5658 nulla
2710 5605 2775 5658 lis
2810 5607 2988 5658 audita
3021 5614 3116 5673 est,
3150 5622 3242 5676 nrc
3268 5605 3331 5660 ab
3351 5607 3533 5676 aliqua

1929 5677 2237 5731 celebratum
2257 5677 2536 5745 judicium,
2565 5685 2667 5730 etc.
2694 5684 2854 5746 atque
2887 5678 3080 5730 iterum
3127 5675 3219 5732 lib.
3247 5693 3321 5732 vn
3346 5693 3364 5731 :
3405 5675 3524 5732 nul-

1931 5749 2038 5820 lum
2059 5749 2319 5820 judicium
2341 5750 2646 5803 celebratum
2671 5757 2764 5813 est,
2787 5747 2877 5801 sed
2891 5749 3157 5820 sententia
3182 5759 3435 5820 operatus
3455 5758 3532 5807 est

1930 5818 2165 5891 eﬂ'ectus.
2195 5819 2310 5880 Nisi
2336 5820 2568 5881 fortasse
2586 5833 2686 5894 pro
2711 5827 2830 5877 sunt
2853 5819 3146 5894 scripserat
3163 5818 3394 5897 optatus
3413 5837 3532 5882 scn-
