3974 6324
444 271 553 333 999

1630 264 1879 326 SANCTI
1915 265 2167 325 OPTATI
2205 264 2517 325 EPISCOPI

3608 268 3741 328 1000

436 400 572 457 quas
589 384 827 439 Donatus
847 380 1189 451 Carthaginis
1219 379 1443 436 levitate
1467 394 1563 436 sua
1584 382 1887 449 constituit,
1904 380 2032 435 dum
2062 384 2117 445 Α
2142 396 2281 445 rum,
2312 396 2432 437 cuiu
2459 380 2591 436 dicit
2617 398 2630 434 :
2668 378 2819 448 Veni,
2850 396 3041 454 sponsa
3067 394 3199 446 mea,
3233 379 3440 435 iuuenta
3468 378 3535 434 de
3554 379 3743 439 Libano

439 492 696 548 magnum
748 491 807 531 se
843 475 1012 531 videri
1039 474 1338 531 contendit.
1365 475 1537 543 Quem
1567 475 1711 529 enim
1746 474 1877 529 latet
1906 492 2043 543 prce-

444 582 529 629 ter
559 581 633 635 te.
666 570 780 642 (56)
808 572 935 642 quia
964 568 1283 641 peregrinus
1307 583 1389 633 es,
1422 575 1479 623 et
1506 578 1797 639 potuerunt
1828 567 1925 623 tibi
1946 567 2043 622 l'al-

440 679 500 719 sa
550 662 794 717 narrari?
824 669 919 716 aut
961 662 1081 731 quis
1123 676 1324 732 negare
1354 667 1554 730 potest,
1605 675 1720 714 rem
1746 701 1761 727 ,
1809 658 1896 714 cui
1931 668 2042 714 tota

441 753 715 827 Carthago
746 754 1119 825 principaliter
1150 754 1308 810 testis
1357 762 1462 819 est,
1513 751 1629 825 (57)
1659 753 2041 822 imperatorem

439 848 819 915 Constantem,
854 848 1080 905 Paulum
1105 858 1160 904 et
1185 848 1473 903 Macarium
1507 847 1760 917 primitus
1811 863 1916 901 non
1972 846 2041 903 ad

442 942 749 999 faciendam
782 944 1047 997 unitatem
1083 941 1321 1007 misisse,
1348 940 1443 996 sed
1471 955 1595 995 cum
1627 939 1996 1011 eleemosyois
2028 954 2044 993 :

442 1038 642 1109 quibus
668 1035 945 1092 sublevata
979 1044 1005 1072 ι
1037 1050 1134 1106 per
1156 1033 1433 1092 Ecclesias
1461 1032 1703 1104 singulas
1733 1040 1915 1103 posset
1958 1046 2045 1087 re-

442 1131 674 1201 Spirare,
707 1129 934 1195 vestiri,
964 1130 1143 1200 pasci,
1172 1129 1409 1200 gaudere
1437 1126 1761 1198 paupertas?
1792 1127 1896 1195 Qui
1921 1142 2043 1181 cum

443 1224 511 1280 ad
536 1224 822 1290 Donatum,
844 1222 961 1295 (58)
996 1231 1204 1293 patrem
1247 1231 1419 1287 tuum,
1453 1222 1707 1277 venirent
1730 1263 1746 1287 ,
1777 1231 1831 1277 et
1880 1236 2049 1293 quare

445 1326 712 1373 venerant
738 1316 1062 1383 indicarent,
1098 1316 1187 1371 ille
1216 1315 1375 1370 solito
1404 1314 1583 1370 lurore
1608 1328 1903 1370 succensus
1929 1354 1943 1379 ,
1991 1312 2045 1368 in

447 1412 566 1468 lucc
614 1410 775 1467 verba
830 1410 1076 1480 prorupit
1106 1426 1119 1462 :
1151 1407 1270 1481 (59)
1301 1408 1441 1476 Quid
1488 1418 1560 1464 est
1602 1407 1902 1478 imperatori
1931 1423 2048 1460 cum

446 1505 712 1561 Ecclesia?
740 1514 792 1559 et
837 1503 903 1559 do
944 1502 1093 1559 l'oute
1119 1501 1357 1558 levitatis
1387 1516 1523 1567 suae,
1555 1502 1723 1556 multa
1754 1500 2049 1555 maledicm

448 1598 642 1658 effudit
670 1612 683 1657 :
718 1612 824 1654 non
869 1597 1050 1651 minus
1077 1611 1238 1666 quam
1270 1595 1323 1650 in
1356 1593 1682 1665 Gregorium
1712 1591 2009 1663 aliquando
2035 1632 2049 1658 ,

446 1693 514 1749 ad
542 1708 701 1765 quem
714 1692 793 1748 sic
818 1690 1058 1748 scribere
1087 1690 1309 1746 minime
1333 1688 1604 1745 dubitavit
1631 1706 1644 1741 :
1676 1686 1916 1759 Gregori,
1941 1703 2053 1741 ma-

2148 472 2319 545 (Cant.
2354 488 2423 538 tv,
2443 472 2523 544 8),
2554 472 2605 527 id
2628 481 2735 539 est,
2766 472 2835 528 de
2852 472 3081 542 imperio
3104 472 3353 527 Romano
3382 489 3396 525 :
3421 473 3512 528 ubi
3538 483 3591 527 ct
3622 474 3735 546 (42)

2144 564 2446 620 sacerdotia
2478 574 2663 620 sancta
2693 564 2811 637 (45)
2840 574 2986 631 sunt,
3016 574 3072 621 et
3109 564 3390 636 pudicitia,
3423 574 3483 621 et
3514 566 3734 637 virgini-

2147 666 2261 725 tas,
2310 672 2431 727 qute
2487 657 2539 711 in
2598 656 2843 712 barbaris
2870 658 3122 729 gentibus
3150 674 3256 713 non
3284 666 3430 723 sunt;
3464 657 3586 731 (44)
3614 668 3669 713 et
3698 659 3744 715 si

2144 758 2351 814 essent,
2376 758 2487 803 tuta
2522 764 2644 805 esse
2673 764 2779 806 non
2810 759 3055 819 possent.
3108 749 3304 806 Merito
3328 750 3534 806 Paulus
3562 750 3743 819 docet,

2146 841 2409 897 orandum
2450 857 2571 897 esse
2620 858 2717 913 pro
2741 843 2959 915 regibus
2989 853 3043 898 ct
3075 844 3437 915 potestatibus
3465 861 3479 898 :
3509 844 3677 900 etiam
3704 845 3745 901 si

2148 935 2271 991 talis
2317 937 2611 1007 imperator
2636 947 2804 1005 esset,
2831 939 2923 1009 qui
2961 937 3239 1009 gentiliter
3267 940 3477 994 viveret
3502 954 3516 991 :
3545 948 3748 1009 quanto

2147 1030 2290 1101 quod
2319 1029 2345 1069 ι’
2390 1030 2735 1087 Christianus
2766 1073 2783 1098 ,
2832 1044 3035 1103 quanto
3065 1033 3209 1105 quod
3241 1034 3408 1089 Deum
3445 1044 3469 1073 ο
3501 1033 3703 1090 timens
3734 1076 3748 1103 ,

2148 1134 2351 1196 quanto
2378 1125 2521 1197 quod
2548 1126 2862 1197 religiosus,
2887 1138 3091 1198 quanto
3119 1129 3259 1198 quod
3291 1129 3616 1185 misericors
3646 1170 3661 1195 ,
3696 1137 3750 1185 ut

2149 1218 2265 1288 ipsa
2298 1235 2385 1275 res
2416 1220 2627 1290 probat.
2680 1220 2902 1277 Miserat
2945 1224 3092 1277 enim
3145 1233 3464 1279 ornamenta
3498 1222 3749 1281 domibus

2152 1314 2269 1382 Dei,
2300 1315 2519 1371 miserat
2546 1317 2874 1387 pauperibus
2894 1317 3323 1391 eleemosynam,
3354 1320 3492 1376 nihil
3516 1320 3749 1377 Donato.

2151 1406 2260 1462 Cur
2285 1424 2412 1479 ergo
2443 1409 2721 1464 insanivit?
2752 1426 2851 1465 cur
2881 1411 3049 1467 iratus
3076 1413 3183 1467 est?
3209 1428 3308 1469 cur
3334 1413 3483 1485 quod
3528 1414 3750 1469 missum

2153 1502 2345 1568 luerat,
2377 1502 2701 1573 repudiavit?
2734 1503 2943 1559 Etcum
2975 1505 3049 1559 illi
3082 1506 3173 1577 qui
3197 1507 3348 1562 missi
3381 1507 3602 1562 fuerant
3624 1549 3639 1573 ,
3671 1507 3752 1562 di-

2154 1604 2363 1661 cerent,
2394 1612 2453 1651 se
2483 1596 2565 1650 ire
2588 1612 2686 1667 per
2718 1599 3022 1667 provincias
3046 1599 3309 1670 singulas,
3344 1610 3399 1655 et
3435 1599 3753 1656 volentibus

2159 1688 2412 1758 accipere
2439 1704 2498 1744 se
2543 1688 2806 1746 daturos:
2844 1692 2934 1746 ille
2963 1692 3133 1760 dixit,
3179 1693 3378 1765 ubique
3431 1709 3495 1750 se
3547 1693 3757 1750 litteras

447 1787 565 1842 cula
588 1792 813 1850 senatus,
848 1797 895 1840 et
924 1783 1143 1839 dedecus
1167 1785 1547 1856 prafectorum,
1581 1791 1637 1837 et
1656 1790 1855 1837 czetera
1887 1781 2042 1847 talia;
2079 1789 2124 1851 Β
2152 1782 2479 1852 praemisisse
2503 1824 2518 1849 ,
2553 1799 2621 1839 ne
2653 1784 2703 1839 id
2736 1785 2879 1854 quod
2908 1786 3130 1840 allatum
3164 1786 3337 1842 luerat
3358 1827 3375 1853 ,
3424 1788 3757 1858 pauperibus

446 1883 533 1938 cui
564 1878 1047 1952 Donatolirazl‘atus
1068 1878 1178 1953 56
1206 1878 1465 1948 patientia
1496 1875 1790 1948 episcopali
1816 1875 2053 1946 rescrip-

448 1976 540 2033 sit.
592 1975 797 2031 Harum
839 1974 1194 2045 epistolarum
1223 1973 1553 2043 exemplaria
1609 1972 1899 2027 multorum
1952 1986 2050 2026 ore

449 2071 647 2143 ubique
669 2080 979 2127 cantantur.
1007 2069 1127 2126 lam
1154 2080 1278 2125 tunc
1302 2068 1683 2135 meditabatur,
1710 2078 1898 2125 contra
1915 2083 2053 2139 prac-

448 2176 607 2238 cepta
634 2162 867 2237 apostoli
890 2166 1066 2232 Pauli,
1096 2164 1455 2236 potestatibus
1476 2173 1533 2221 et
1560 2164 1777 2235 regibus
1798 2163 2049 2235 iniuriam

449 2258 654 2326 facere,
688 2274 787 2331 pro
812 2258 1031 2329 quibus,
1059 2258 1105 2313 si
1158 2258 1479 2327 Apostoluni
1536 2256 1775 2321 audiret,
1808 2256 2054 2327 quotidie

450 2369 647 2426 rogare
694 2353 979 2411 debuerat.
1014 2353 1107 2411 Sic
1128 2354 1273 2409 enim
1300 2352 1463 2408 docet
1511 2352 1704 2408 beatus
1752 2352 2050 2423 Apostolus

450 2446 647 2504 Paulus
674 2464 687 2502 :
722 2446 920 2519 Ragate
947 2463 1043 2519 pro
1060 2446 1264 2519 regibus
1292 2456 1339 2501 et
1367 2446 1723 2517 potestatibus,
1749 2455 1803 2500 ut
1824 2447 2048 2517 quietam

448 2550 496 2596 et
526 2539 857 2610 tranquillam
884 2542 1038 2595 vitam
1061 2556 1177 2595 cum
1204 2539 1332 2609 ipsis
1377 2555 1590 2610 agamus
1631 2539 1689 2612 (Ι
1714 2538 1846 2593 Tim.
1882 2555 1941 2607 ti,
1963 2537 2045 2610 ἓ).

452 2631 569 2706 (40)
600 2632 715 2688 Non
744 2634 887 2689 enim
905 2632 1215 2703 respublica
1236 2641 1321 2688 est
1348 2630 1401 2686 in
1434 2631 1699 2697 Ecclesia,
1731 2631 1827 2687 sed
1857 2631 2049 2687 Eccle-

450 2727 530 2783 sia
558 2726 611 2782 iu
635 2726 913 2796 republica
942 2724 1058 2800 (bl)
1083 2734 1188 2789 est,
1220 2724 1271 2781 id
1297 2736 1401 2792 est,
1436 2724 1489 2779 in
1518 2724 1749 2795 imperio
1770 2723 2047 2779 Romano:

447 2818 596 2892 quod
622 2818 887 2877 Libanum
914 2819 1150 2891 appellat
1178 2817 1429 2875 Christus
1457 2818 1510 2873 in
1539 2817 1778 2875 Canticis
1799 2816 2053 2872 Cantico—

2156 1876 2353 1933 alicubi
2382 1877 2810 1948 dispensaretur.
2857 1878 2975 1951 (45)
3003 1879 3363 1936 Oconsulere
3415 1880 3679 1936 miseris!
3726 1894 3759 1936 ο

2157 1973 2450 2047 providere
2476 1972 2503 2011 ά
2536 1976 2900 2045 pauperibus!
2949 1990 2984 2030 ο
3027 1976 3403 2045 peccatoribus
3428 1975 3755 2031 subvenire!

2158 2070 2358 2124 clamat
2374 2070 2517 2124 Deus
2539 2070 2763 2125 dicens:
2794 2069 2905 2142 Ego
2929 2087 3041 2125 sum
3063 2071 3149 2141 qui
3175 2069 3274 2141 feci
3301 2087 3587 2142 pauperem
3612 2080 3661 2126 et
3684 2071 3760 2124 di-

2158 2163 2309 2217 vitem
2342 2180 2356 2217 :
2391 2178 2499 2217 non
2524 2162 2649 2233 quia
2682 2178 2787 2218 non
2823 2162 2996 2234 potuit
3025 2173 3082 2219 et
3113 2165 3437 2234 pauperibus
3465 2163 3640 2230 dare,
3667 2163 3759 2219 sed

2160 2257 2205 2311 si
2233 2257 2497 2313 ambobus
2518 2257 2691 2322 daret,
2727 2267 2977 2329 peccator
3004 2273 3107 2329 qua
3145 2257 3249 2313 sibi
3277 2268 3658 2327 succurreret,
3684 2260 3759 2315 in-

2152 2350 2338 2405 venire
2362 2365 2469 2405 non
2491 2349 2950 2422 posset.Denique
2972 2349 3324 2421 sicscriptum
3348 2358 3435 2407 est
3450 2367 3481 2405 ε’
3498 2350 3762 2418 Quemad-

2152 2445 2360 2499 modum
2385 2460 2518 2514 aqua
2544 2445 2821 2516 exstinguit
2848 2445 3038 2518 ignem,
3055 2445 3129 2499 sic
3152 2444 3475 2517 eleemosyna
3486 2446 3763 2517 exstinguit

2155 2546 2416 2609 peccatum
2445 2536 2614 2609 (Eccl.
2646 2553 2725 2605 tn,
2759 2538 2873 2609 55).
2900 2538 3060 2593 Certe
3102 2538 3212 2607 jam
3244 2538 3385 2608 apttd
3421 2539 3603 2595 Deum
3645 2550 3764 2594 sunt

2153 2632 2337 2696 ambo,
2363 2643 2415 2687 et
2448 2632 2541 2702 qui
2569 2631 2700 2687 dare
2729 2632 2920 2699 voluit,
2950 2640 3006 2688 et
3030 2633 3122 2703 qui
3144 2632 3377 2700 obstitit,
3412 2650 3480 2689 ne
3513 2634 3760 2690 daretur.

2154 2722 2294 2791 Quid
2323 2726 2369 2778 si
2396 2723 2507 2793 jam
2538 2722 2683 2779 dicat
2706 2723 2850 2779 Deus
2881 2723 3093 2779 Donato
3123 2740 3137 2778 :
3164 2725 3430 2796 Episcope
3453 2766 3469 2791 ,
3498 2726 3637 2797 quid
3686 2727 3763 2782 vis

2156 2816 2323 2872 luisse
2348 2814 2746 2872 Constantem?
2774 2815 2823 2872 si
2869 2815 3216 2873 innocentem
3242 2858 3257 2883 ,
3296 2832 3469 2887 quare
3497 2817 3568 2874 ab
3615 2818 3765 2873 iuue-

1696 2932 2082 2992 LECTIONES
2124 2932 2535 2990 VARIANTES.

513 3035 542 3101 f
572 3033 678 3101 ῌοο
700 3033 904 3101 verbum
929 3031 1202 3082 addidimus
1228 3044 1292 3101 ex
1316 3044 1406 3080 ms.
1513 3028 1573 3083 G.

513 3097 543 3139 ιι
578 3097 633 3149 In
658 3110 747 3147 ms.
773 3098 828 3149 S.
854 3095 914 3149 G.
938 3101 1114 3163 quanto
1134 3092 1289 3160 magis
1311 3092 1461 3159 quod.

2222 3030 2244 3058 ε
2283 3026 2338 3077 In
2361 3042 2455 3079 ms.
2482 3028 2534 3075 S.
2562 3027 2621 3077 G.
2647 3025 2923 3079 Dominum.

2217 3088 2246 3130 ἀ
2279 3090 2335 3141 In
2360 3104 2476 3142 mss.
2503 3092 2554 3143 S.
2579 3090 2637 3142 Τ.
2665 3098 2719 3141 et
2745 3091 2797 3142 ι’.
2824 3091 2876 3141 S.
2904 3103 2932 3142 ο
2956 3087 3212 3154 providere
3236 3087 3413 3155 fuerat.

1764 3202 2129 3262 VARIORUM
2168 3203 2405 3261 ΝΟΤᾸΕ.

524 3326 640 3399 (56)
673 3325 809 3395 Quia
832 3324 1128 3399 peregrinus
1150 3341 1220 3380 es.
1252 3323 1389 3393 Quia
1417 3339 1523 3378 non
1546 3335 1605 3378 es
1632 3332 1788 3376 natus
1822 3318 2049 3376 Cartba-
2076 3322 2122 3387 C

451 3398 585 3470 gini,
616 3400 714 3470 cui,
733 3414 922 3468 prices.
953 3398 1183 3470 ALBAS_P.

529 3472 643 3544 (57)
695 3463 1067 3544 Imperatorem
1096 3465 1781 3544 Constantem._Conciliuni
1816 3463 2047 3544 Cartha:

490 3536 678 3600 inense
719 3536 949 3613 primum
1006 3541 1106 3596 ltoc
1163 3556 1268 3596 non
1322 3540 1422 3613 sub
1447 3536 1775 3613 Constante,
1951 3536 2053 3613 sub

538 3609 811 3669 nstantino
839 3612 1037 3669 factum
1074 3623 1257 3668 narrat
1290 3630 1304 3665 :
1340 3612 1442 3677 Qui
1464 3612 1731 3680 imperavit
1759 3609 2045 3681 religiosis-

457 3688 585 3741 sima
606 3682 942 3741 Constantino
985 3685 1285 3755 imperatori
1309 3694 1479 3738 votum
1506 3692 1696 3755 gereret
1728 3682 1938 3755 unitatis
1965 3721 1982 3748 ,
2006 3690 2055 3736 et

458 3759 677 3813 mitteret
706 3758 964 3811 ministros
990 3752 1154 3811 sancti
1182 3756 1349 3827 operis
1384 3752 1607 3826 [amulos
1632 3754 1728 3809 Dei
1755 3752 1982 3808 Paulum
2008 3761 2056 3807 et

459 3828 773 3885 Macarium.
803 3829 1029 3884 Awasp.

529 3901 647 3973 (58)
682 3899 889 3955 Patrem
913 3898 1181 3965 tuum.Qui
1205 3907 1257 3953 te
1275 3898 1337 3973 in
1362 3898 1450 3973 illa
1473 3896 1727 3973 cathedra
1749 3896 2054 3973 generavit,

460 3970 548 4029 cui
572 3970 881 4029 successisti
923 3988 937 4024 :
968 3985 1157 4026 omnes
1202 3970 1439 4040 episcopi
1462 3970 1714 4025 dicuntur
1741 3970 1834 4023 lilii
1864 3984 2053 4024 eorum

457 4046 654 4114 quibus
697 4043 1033 4110 succedunt,
1072 4052 1164 4097 aut
1211 4040 1242 4095 ὸ
1284 4043 1479 4111 quibus
1521 4042 1864 4096 ordinantur.
1939 4040 2051 4096 At.-

461 4133 651 4261 BAabii)
676 4188 813 4255 Quid
840 4197 911 4243 est
938 4186 1237 4258 imperatori
1254 4202 1377 4261 cum
1409 4182 1674 4261 Ecclesia?
1692 4185 1733 4239 A
1761 4183 2057 4239 Donatistis

463 4258 696 4332 primum
730 4268 1078 4331 provocatum
1096 4269 1177 4314 eSt
1200 4258 1265 4332 ad
1280 4258 1715 4332 Constantinum,
1746 4272 1904 4332 quem
1933 4271 2056 4332 cuin

462 4327 576 4387 suis
605 4327 766 4388 rebus
793 4333 969 4386 minus
999 4332 1179 4386 lavere
1207 4328 1732 4401 deprelteudisseut,
1764 4327 1849 4383 bis
1876 4336 1932 4384 et
1972 4328 2049 4382 si-

465 4404 686 4460 milibus
709 4405 1016 4459 utebantur.
1044 4407 1271 4458 ALBASP.

535 4475 649 4548 (40)
683 4475 808 4531 Non
836 4478 970 4531 enim
998 4476 1285 4544 respublica
1312 4473 1455 4548 estin
1485 4472 1735 4548 Ecclesia.
1762 4471 1913 4548 Hanc
1934 4487 2058 4527 seu-
2086 4516 2097 4527 .

461 4545 684 4604 tentiam
718 4549 943 4604 mirifice
960 4549 1227 4603 extollunt
1255 4546 1503 4601 homines
1535 4545 1614 4599 illi
1638 4545 1725 4615 qui
1757 4545 1917 4599 rebus
1946 4554 2060 4599 stu-

462 4619 809 4691 dent_novis:
840 4629 1137 4691 putantque
1167 4619 1325 4689 hujus
1369 4618 1654 4691 sententite
1681 4631 1900 4691 sensum
1934 4631 2055 4691 esse

465 4687 821 4765 imperatores
842 4687 954 4765 non
978 4687 1271 4765 Ecclesiae}
1303 4689 1400 4765 sed
1435 4690 1730 4765 Ecclesiam
1761 4688 1841 4743 eis
1871 4687 2058 4765 sub_di-

464 4758 572 4820 ιιιιὴ
603 4779 748 4830 esse,
776 4770 869 4818 aut
896 4763 1012 4817 sine
1049 4763 1287 4817 Ecclesia
1328 4761 1737 4831 Rempublicam
1768 4774 1889 4815 esse
1904 4775 1925 4831 7;
1953 4758 2056 4813 Ec—

463 4837 684 4894 clesiam
712 4850 841 4892 vero
871 4836 988 4889 sine
1043 4833 1333 4903 Republica
1364 4830 1487 4888 esse
1528 4849 1633 4887 non
1668 4845 1847 4901 posse.
1883 4830 1944 4885 Et
1978 4842 2055 4884 ta-

464 4924 590 4965 men
618 4910 663 4964 si
700 4910 821 4979 quis
852 4905 1092 4979 auimum
1116 4906 1182 4979 ad
1210 4905 1353 4960 hunc
1384 4908 1558 4979 locum
1590 4904 1862 4979 advertat,
1892 4903 2055 4979 longe

466 4980 624 5035 aliter
648 4974 771 5035 eum
795 4976 1107 5047 explicabit.
1140 4975 1365 5047 Optatos
1395 4976 1539 5033 enim
1564 4975 1733 5030 voluit
1752 4974 1936 5030 dicere
1955 4975 2057 5028 im-

470 5051 812 5119 peratoribus
831 5048 1093 5106 Romanis
1125 5064 1229 5103 non
1268 5064 1388 5103 esse
1435 5047 1867 5103 maledicendum
1894 5087 1909 5110 ,
1957 5047 2053 5101 sed

467 5137 567 5192 pro
593 5123 673 5178 eis
688 5122 948 5192 orandum
977 5120 1273 5176 secundum
1303 5120 1646 5189 Apostolum,
1670 5120 1791 5189 quia
1815 5120 2052 5188 quietam

468 5195 639 5265 magis
669 5193 837 5265 vitam
878 5191 1169 5265 Christiani
1200 5207 1321 5247 cum
1370 5193 1449 5248 eis
1488 5200 1713 5265 agerent
1741 5205 1903 5265 quam
1932 5205 2053 5246 cum

469 5261 591 5322 aliis
620 5264 928 5334 nationibus
948 5306 963 5332 ,
1007 5263 1149 5334 apud
1172 5279 1305 5334 quas
1327 5303 1343 5329 ,
1390 5261 1542 5333 quod
1560 5270 1748 5334 essent
1776 5261 2023 5334 barbarie
2054 5303 2068 5327 ,

466 5352 573 5392 non
628 5337 827 5392 licebat
872 5332 1209 5391 Christianos
1265 5345 1370 5389 tam
1412 5332 1598 5403 quiete
1640 5332 1863 5388 vivere:
1909 5333 2071 5404 igitur

465 5408 775 5480 Respublica
802 5425 902 5463 non
929 5417 1009 5480 est,
1033 5409 1087 5462 iu
1118 5406 1347 5462 Ecclesia
1366 5448 1381 5472 ,
1414 5416 1495 5461 est
1531 5404 1821 5480 Ecclesiam
1854 5418 1958 5480 non
1986 5404 2066 5480 Afa-

464 5475 591 5556 cere
632 5482 808 5547 bella,
850 5496 959 5536 non
999 5479 1147 5551 leges
1189 5480 1384 5556 ﬁgere,
1427 5492 1533 5532 non
1576 5475 1806 5556 populos
1844 5477 2061 5556 sub__le-

502 5552 621 5609 ibus
648 5568 901 5610 coercere
919 5596 933 5618 ,
970 5548 1076 5607 non
1108 5566 1195 5607 res
1221 5548 1410 5606 civiles
1434 5564 1688 5618 exercere
1708 5587 1724 5613 ,
1752 5555 1807 5601 et
1831 5548 2061 5603 similia:

516 5626 753 5681 cclesiam
801 5636 979 5680 autem
1012 5641 1120 5679 esse
1158 5625 1211 5678 in
1248 5620 1563 5695 Republica,
1596 5617 1942 5695 Christianos
1962 5619 2064 5674 sub

462 5696 670 5773 legibus
700 5698 1082 5768 imperatorum
1116 5699 1292 5751 vivere
1313 5692 1562 5773 ,;pr01£gi
1587 5734 1601 5758 ,
1634 5692 2059 5773 quiemmjitam

463 5771 563 5895 gub
602 5772 684 5824 eis
719 5763 866 5827 et'cx
894 5786 1079 5828 eorum
1112 5763 1453 5840 preteetioue
1471 5763 1712 5833 'duccrc,
1744 5773 1799 5820 et
1838 5763 2055 5819 similia.

512 5854 696 5895 uase.

2086 4727 2133 4788 Ι)

2228 3320 2341 3393 (bl)
2378 3321 2499 3377 Non
2527 3324 2667 3378 enim
2700 3323 3013 3393 Respublica
3038 3334 3113 3380 est
3142 3326 3196 3380 in
3227 3322 3461 3381 Ecclesia
3484 3368 3499 3393 ,
3534 3330 3634 3382 sed
3664 3327 3761 3383 Ec-

2158 3394 2313 3448 clesia
2335 3396 2388 3449 in
2414 3395 2714 3465 Republica.
2739 3395 3028 3465 Imperium
3049 3398 3350 3452 Romanum
3374 3410 3492 3454 erat
3518 3409 3652 3455 ante
3676 3402 3763 3456 Ec-

2158 3465 2377 3540 clesium
2399 3470 2743 3522 constitutam
2762 3509 2777 3535 ,
2804 3468 3043 3525 Ecclesia
3070 3471 3119 3523 in
3146 3470 3264 3540 ipso
3283 3471 3579 3525 cnnstituta
3614 3482 3697 3527 cst
3716 3480 3765 3526 et

2158 3538 2415 3593 aediﬁcata
2437 3581 2449 3601 ,
2484 3555 2588 3592 non
2618 3548 2797 3595 autem
2831 3541 3114 3609 imperium
3149 3538 3203 3596 in
3236 3542 3501 3598 Ecclesia.
3536 3543 3621 3597 Du
3656 3545 3760 3599 Pus.

2230 3610 2346 3679 (42)
2385 3610 2710 3665 Sacerdotia.
2745 3612 3067 3681 Ambiguum
3108 3629 3174 3667 an
3216 3615 3282 3668 de
3322 3614 3758 3671 Christianorum

2158 3690 2252 3756 aut
2290 3682 2583 3756 Gentilium
2624 3684 2945 3738 sacerdotiis
2986 3687 3252 3755 loquatur,
3295 3685 3360 3740 ad
3408 3686 3631 3742 illorum
3671 3704 3761 3756 ego

2159 3754 2501 3808 referendum
2533 3770 2761 3820 censeo;
2807 3772 2927 3809 nam
2972 3756 3031 3813 in
3060 3754 3342 3813 nonnullis
3380 3757 3672 3815 codicibus
3699 3754 3759 3815 ita

2159 3827 2375 3900 legitur,
2430 3826 2719 3900 sacerdotia
2768 3837 2985 3893 sancta;
3037 3842 3229 3883 sensus
3282 3830 3447 3900 igitur
3499 3842 3620 3898 est,
3673 3831 3765 3887 sub

2161 3898 2578 3965 imperatoribus
2617 3898 2877 3971 Romanis
2908 3900 3073 3954 tutius
3116 3916 3274 3971 quam
3307 3898 3461 3970 apud
3510 3901 3763 3957 barbaras

2160 3981 2350 4045 gentes
2375 3970 3403 4045 sacerdoxia_Christianorumexerceri
3423 4015 3436 4029 .
3464 3974 3609 4042 apud
3639 3989 3764 4045 quas

2162 4042 2441 4125 virginitas
2481 4052 2536 4097 et
2568 4041 2832 4125 pudicitia
2861 4043 3279 4125 cltristianaruhm
3313 4041 3579 4113 virginum
3616 4041 3765 4100 num-

2160 4129 2321 4183 quam
2367 4124 2450 4169 est
2501 4113 2632 4169 satis
2686 4123 2833 4174 tuta.
2881 4113 2978 4170 sed
3023 4116 3162 4182 apud
3215 4116 3485 4171 Romanos
3529 4127 3617 4173 est
3658 4128 3762 4171 tota

2160 4186 2541 4259 quamvisnon
2586 4186 2695 4259 sint
2734 4185 3066 4259 Christiani,
3107 4186 3233 4258 quia
3272 4202 3462 4244 eorum
3508 4188 3657 4259 leges
3699 4188 3764 4244 ad

2162 4257 2527 4314 innocentiam
2557 4257 2943 4327 perducebant.
2976 4256 3206 4315 Amase.

2238 4328 2353 4403 (45)
2386 4329 2599 4385 Sancta.
2632 4329 2689 4403 ld
2718 4339 2801 4385 est
2822 4372 2835 4395 ,
2866 4346 3017 4385 sacra
3048 4343 3101 4403 et
3133 4330 3436 4387 veneranda
3469 4332 3559 4388 ubi
3591 4342 3650 4387 ct
3684 4348 3767 4386 sa-

2163 4402 2404 4457 cerdotia
2426 4441 2443 4467 ,
2478 4408 2532 4456 et
2563 4402 2817 4471 pudicitia
2843 4443 2857 4466 ,
2884 4409 2940 4456 et
2970 4402 3247 4474 virginitas
3278 4403 3330 4457 in
3364 4403 3573 4459 honore
3603 4415 3763 4459 sunt:

2163 4474 2303 4547 quod
2334 4475 2630 4547 generatim
2665 4473 3073 4547 intelligendum
3105 4475 3172 4529 de
3202 4476 3526 4531 sacerdotiis
3547 4518 3563 4541 ,
3611 4476 3763 4547 pudi-

2163 4546 2289 4601 citia
2330 4544 2385 4600 et
2414 4544 2764 4616 virginitate,
2809 4544 2915 4600 tam
2959 4544 3252 4602 Gentilium
3291 4562 3455 4617 quam
3495 4544 3764 4604 Christia-

2166 4632 2380 4672 norum.
2421 4620 2493 4673 Ilu
2526 4618 2641 4673 PIN.

2236 4688 2354 4763 (44)
2387 4687 2454 4743 Et
2502 4690 2545 4743 si
2593 4700 2789 4757 essent,
2839 4697 2944 4744 tota
2982 4706 3233 4763 esse_non
3278 4700 3506 4763 possent.
3546 4691 3764 4748 Rectius

2160 4759 2427 4834 lor'tassis‘.
2453 4770 2561 4815 tuta
2588 4778 2695 4816 esse
2720 4779 2823 4817 non
2850 4771 3072 4834 possent.
3102 4759 3319 4817 lncenr.
3346 4762 3433 4815 Ita
3454 4766 3762 4818 restitutum.

2231 4832 2346 4907 (45)
2454 4834 2718 4907 consulere
2744 4832 2984 4907 miseris!
3010 4850 3039 4887 ο
3067 4834 3353 4907 providere,
3380 4845 3489 4891 etc.
3523 4835 3580 4891 Si
3612 4835 3764 4890 abes-

2161 4905 2249 4961 set
2285 4906 2414 4961 illud
2457 4906 2656 4975 fuerat,
2695 4905 2823 4960 nihil
2858 4914 3141 4960 mutarent.
3175 4905 3281 4961 Sed
3308 4915 3368 4960 ut
3394 4922 3541 4961 nunc
3569 4907 3764 4961 habent

2161 4976 2325 5033 verba
2347 5019 2362 5041 ,
2400 4978 2578 5045 potius
2616 4993 2777 5047 quam
2820 4976 3111 5047 quidquam
3145 4977 3479 5043 eliminatur,
3511 4980 3763 5033 restitue-

2164 5048 2299 5102 riin:
2333 5048 2428 5104 hoc
2456 5050 2724 5104 consulere
2752 5050 2950 5103 miseris
2969 5048 2989 5102 !
3017 5048 3114 5102 Itoc
3145 5066 3269 5116 pro.
3303 5058 3409 5106 etc.
3463 5048 3545 5104 llo
3564 5093 3576 5108 .
3608 5065 3705 5120 pro
3733 5066 3761 5104 ο

2161 5135 2308 5191 Stepe
2337 5121 2594 5189 scriptum
2628 5123 2862 5183 scimus,
2908 5122 3071 5175 etiam
3113 5121 3312 5177 alicubi
3354 5121 3443 5177 hic
3470 5136 3759 5187 excusum,

2174 5194 2275 5248 nisi
2318 5192 2494 5261 fallor,
2539 5191 2683 5247 unde
2726 5194 2882 5248 facile
2924 5193 3098 5261 potuit
3138 5192 3419 5256 accidere,
3464 5203 3521 5246 ut
3562 5194 3625 5247 Ito
3668 5208 3761 5263 pro

2172 5265 2268 5319 hoc
2298 5266 2648 5331 scriberetur,
2681 5280 2744 5319 ac
2776 5264 2990 5319 tandem
3021 5264 3222 5318 omissa
3252 5265 3579 5334 aspiratione
3608 5266 3762 5319 lieret

2172 5353 2202 5390 ο
2232 5351 2331 5407 pro
2360 5340 2475 5391 hoc.
2508 5336 2624 5391 Mox
2655 5337 2798 5405 apud
2827 5334 3029 5399 Deum,
3062 5350 3167 5391 non
3196 5334 3265 5393 de
3304 5337 3581 5392 beatorum
3619 5337 3762 5391 sedi-

2173 5407 2272 5462 bus
2300 5408 2469 5476 dixit,
2501 5408 2653 5479 quasi
2694 5416 2751 5463 et
2789 5408 2892 5462 illic
2924 5407 3304 5463 schismaticos
3325 5450 3341 5472 .
3372 5409 3559 5478 quales
3589 5407 3762 5461 Dona-

2172 5488 2257 5535 tus
2299 5480 2424 5546 ille,
2468 5478 2809 5549 reciperent,
2855 5478 2949 5535 sed
2990 5479 3058 5535 de
3096 5480 3272 5534 altero
3310 5480 3513 5535 mundo
3538 5495 3631 5534 seu
3662 5496 3763 5533 sa:-

2170 5553 2329 5617 culo,
2376 5569 2431 5623 q.
2476 5553 2530 5607 d.
2577 5563 2806 5623 uterque
2844 5550 2956 5621 jam
3002 5551 3271 5617 decessit,
3316 5561 3373 5623 et
3414 5556 3520 5607 vita
3549 5550 3761 5607 fimetus

2170 5634 2289 5687 est;
2324 5621 2481 5693 paulo
2508 5633 2663 5695 post,
2690 5621 2818 5694 puto
2844 5623 3188 5695 scribendum
3210 5664 3226 5689 ,
3249 5621 3419 5694 qualis
3434 5626 3641 5695 futurus
3662 5634 3758 5687 est,

2168 5696 2257 5765 qui
2287 5696 2351 5749 de
2381 5694 2581 5750 levitate
2618 5706 2667 5750 et
2705 5699 2885 5765 furore
2922 5694 3171 5748 laboravit
3223 5696 3377 5748 tantis
3422 5694 3509 5766 (id
3539 5704 3619 5749 cst
3649 5705 3756 5761 tot,

2168 5777 2227 5840 ut
2272 5772 2466 5840 passim
2514 5786 2526 5821 :
2574 5770 2668 5824 sed
2715 5770 2837 5823 fort.
2870 5766 3050 5823 dantes
3095 5765 3451 5840 )pauperibus
3489 5766 3754 5838 impedire.

2164 5838 2236 5897 M.
2266 5838 2496 5900 Caseus.
