3974 6324
172 289 316 356 σθω
954 288 1045 354 DE
1088 285 1481 357 BOHISMATE
1514 289 1741 358 εοωρτ

1913 290 2063 355 Mil
2094 292 2304 358 ιιειε
2339 292 2659 357 TERTIUS.
2846 283 2853 289 ’
3341 296 3482 360 ωε

168 408 392 458 natore‘s
440 398 515 457 tui
542 441 561 470 ,
602 415 835 474 quorum
868 404 1129 473 nomine,
1169 404 1338 463 frater
1382 406 1775 476 Parmeniane,
1801 405 2070 470 ADaniel
2118 416 2347 467 sanctus
2385 409 2611 481 sapiens
2654 406 2673 448 ί
2717 408 2973 466 inventus
3008 416 3125 479 est,
3167 418 3226 466 ut
3258 424 3485 468 munera

166 494 310 552 bene
337 496 516 563 nosti,
549 504 607 552 et
631 494 958 568 ubifuerint
993 512 1102 555 non
1135 498 1387 570 ignoras,
1427 508 1483 556 et
1517 500 1610 572 qui
1642 510 1668 577 tt
1696 499 1782 557 Vel
1886 502 2067 558 oblata
2094 501 2186 558 illa
2226 502 2314 558 die
2348 518 2459 559 non
2485 502 2778 574 acciperet.
2808 502 2944 559 lllud
2972 504 3120 560 enim
3154 502 3299 575 quod
3321 504 3395 560 sb
3420 520 3489 562 eo

166 604 199 645 a
230 604 337 660 quo
367 588 675 658 petiverint.
701 590 995 662 etqualem
1019 592 1336 664 rogaverint
1362 603 1423 649 ut
1443 593 1703 660 redirent,
1730 601 1787 649 et
1887 594 2193 665 petebatur,
2234 596 2413 653 adhuc
2449 598 2504 652 in
2542 598 2685 654 ctelo
2724 606 2881 665 erat;
2923 606 2982 655 et
3016 598 3278 670 insipiens
3315 609 3489 667 esset,

171 676 352 740 tecum
396 685 578 742 redire
622 687 959 758 potuissent,
1001 697 1059 743 et
1097 703 1199 744 nos
1243 688 1536 745 didicimus
1574 689 1603 729 δ
1655 704 1780 746 cum
1889 690 2053 762 hujus
2084 690 2161 747 rei
2189 692 2343 763 quasi
2366 692 2669 749 mercedem
2691 693 2941 763 accipere
2972 694 3020 763 i,
3064 710 3229 766 quam
3249 694 3494 752 nondum

170 778 398 836 easdem
444 793 636 850 preces
681 795 814 850 quas
845 780 1112 838 dederam
1147 792 1169 821 ο
1211 780 1352 855 (ΒΞ),
1394 782 1537 855 apud
1566 779 1595 820 ιι
1635 780 1783 838 Afri-
1890 783 2081 839 habuit
2102 783 2156 839 in
2185 792 2483 854 potestate:
2522 784 2727 841 idcirco
2759 800 2985 843 munera
3014 786 3197 843 oblata
3229 788 3321 844 illa
3350 787 3440 844 die
3460 786 3491 826 ιι

171 886 343 929 canos
370 872 585 941 judiccs
612 874 944 945 aliegarent,
980 875 1032 929 in
1075 874 1271 945 quibus
1304 876 1565 946 scriptum
1603 885 1689 932 est
1722 885 1784 930 ες
1892 875 1959 931 ad
2007 887 2222 947 tempus
2271 876 2519 948 accipere
2569 877 2767 933 noluit.
2818 878 3060 946 Denique
3094 894 3217 935 cum
3258 880 3308 936 ei
3351 878 3493 937 Deus

177 964 333 1021 Data:
369 965 435 1021 ab
461 966 716 1041 episcopis
737 968 902 1040 partis
924 967 1259 1024 DenatiJlic
1274 969 1386 1041 jam
1405 969 1534 1041 quid
1559 984 1787 1041 respon-
1892 967 2227 1035 ostenderet,
2270 967 2415 1038 quod
2451 968 2569 1040 regi
2603 968 2917 1041 supradicto
2956 970 3241 1035 indicaret.
3284 972 3496 1029 Baltas-

172 1061 289 1115 Silii
315 1069 448 1115 sunt
473 1059 525 1115 in
556 1059 652 1115 illo
681 1060 982 1117 imminenti
1011 1060 1198 1117 divino
1221 1061 1446 1133 judicio,
1478 1063 1568 1132 qui
1601 1062 1656 1118 in
1687 1061 1791 1118 hoc
1894 1058 2002 1115 sari
2030 1060 2250 1127 retulit;
2277 1068 2333 1115 et
2357 1059 2505 1130 quod
2527 1060 2849 1130 jamdudum
2870 1062 3191 1133 repudiasse
3220 1064 3369 1120 visus
3392 1075 3498 1131 est,

173 1153 384 1210 Siccqu
410 1153 516 1210 alio
542 1154 705 1212 modo
732 1155 968 1212 confessi
993 1164 1143 1224 sunt,
1165 1172 1271 1212 non
1293 1171 1417 1213 esse
1444 1157 1516 1213 de
1543 1154 1791 1213 Ecclesia
1895 1162 2083 1223 pestes
2115 1151 2350 1208 libenter
2379 1153 2608 1223 accepit.
2639 1152 2833 1210 Merito
2861 1157 3107 1225 increpat
3127 1156 3268 1212 Deus
3291 1157 3499 1227 princi-

173 1246 425 1312 Christi;
457 1248 551 1319 qui
579 1246 814 1304 libenter
844 1248 1072 1319 professi
1103 1257 1233 1306 sunt
1259 1248 1328 1305 de
1356 1259 1507 1321 parte
1532 1249 1701 1307 fuisse
1733 1265 1791 1306 se
1896 1263 2021 1319 pem
2044 1246 2197 1321 Tyri,
2224 1247 2512 1316 Donatum,
2535 1263 2659 1303 cum
2681 1248 2841 1304 dicit:
2867 1250 3122 1321 numquid
3144 1260 3197 1305 tu
3218 1251 3502 1320 sapientior

176 1338 417 1406 Donati,
443 1355 569 1398 cum
595 1343 650 1396 in
683 1341 980 1413 Evangelia
1008 1343 1271 1414 scriptum
1304 1352 1389 1399 est
1409 1383 1427 1410 ,
1464 1342 1682 1400 Christo
1712 1342 1793 1398 di-
1896 1357 2051 1412 quam
2080 1341 2274 1396 Daniel
2304 1340 2524 1414 (Ezeclt.
2553 1357 2747 1406 xxvm,
2775 1343 2810 1396 5
2831 1342 2897 1414 )?
2939 1342 3048 1400 Sed
3086 1359 3123 1398 ο
3148 1358 3313 1415 quam
3344 1344 3503 1415 longe

175 1440 344 1490 conte
373 1450 390 1487 :
420 1434 508 1505 qui
539 1449 619 1487 me
642 1438 910 1507 confessus
936 1434 1095 1506 fuerit
1122 1450 1300 1493 coram
1329 1434 1641 1503 hominibus,
1674 1450 1797 1489 con-
1898 1442 1986 1493 est
2030 1435 2381 1505 praesumptio
2426 1433 2617 1490 Donati
2662 1450 2692 1490 a
2742 1449 2981 1505 persona
3027 1436 3301 1493 Danieiisl
3349 1436 3507 1506 Quod

178 1528 371 1599 [itebor
397 1544 511 1583 eum
537 1544 712 1583 coram
739 1537 885 1600 patre
913 1545 1031 1585 meo
1056 1525 1237 1604 (Joan.
1270 1544 1366 1593 xu,
1396 1528 1473 1601 8)
1507 1546 1522 1584 :
1555 1528 1649 1585 isti
1686 1528 1794 1583 Do-
1900 1529 2046 1584 enim
2068 1527 2342 1584 Baltassar
2360 1528 2544 1597 dabat,
2566 1544 2677 1585 non
2693 1530 3053 1601 pauperibus;
3072 1531 3217 1602 quod
3238 1529 3511 1588 Constans

178 1631 375 1678 natum
402 1620 641 1679 confessi
666 1630 814 1689 sunt,
847 1636 959 1678 non
985 1620 1284 1680 Christum.
1324 1621 1393 1677 Et
1428 1637 1496 1678 ne
1529 1636 1692 1692 parva
1728 1620 1801 1677 sit
1903 1620 2229 1679 cbristianus
2259 1623 2552 1695 imperator
2573 1632 2703 1681 tunc
2720 1624 2967 1692 miserat,
2986 1624 3313 1697 pauperibus
3331 1635 3517 1682 trans-

183 1716 293 1775 ista
347 1718 623 1789 probatio,
662 1732 823 1788 quam
854 1716 921 1773 ad
968 1717 1145 1789 ipsius
1190 1731 1479 1789 personam
1524 1716 1801 1787 pertinere
1905 1712 2162 1781 miserat,
2212 1731 2319 1769 non
2369 1715 2601 1771 Donato.
2647 1716 2892 1787 Denique
2941 1715 2961 1755 1
3008 1718 3125 1772 ait:
3169 1718 3427 1789 sapientes
3463 1728 3512 1773 te

181 1811 601 1869 manifestatum
623 1820 743 1879 est,
777 1811 989 1868 accedit
1012 1820 1070 1868 et
1098 1811 1232 1867 illud
1263 1811 1637 1869 testimonium
1652 1852 1667 1875 ,
1697 1825 1806 1881 quo
1835 1815 1886 1875 Β
1913 1823 2017 1862 non
2042 1808 2323 1864 docuerunt
2342 1811 2653 1882 sapientiam
2671 1827 2841 1878 suam,
2863 1812 2987 1883 quia
3011 1811 3145 1867 illud
3165 1827 3196 1865 a
3217 1812 3513 1868 Solomone

183 1922 356 1979 supra
403 1914 703 1963 memorata
747 1907 1048 1978 increpatio
1101 1907 1284 1963 clausa
1331 1915 1416 1962 est
1464 1906 1602 1978 (65),
1660 1904 1805 1977 quod
1911 1899 2127 1956 discere
2156 1900 2375 1957 noluESti
2398 1944 2412 1970 ,
2444 1902 2587 1973 quod
2617 1903 2729 1959 ait:
2759 1903 3029 1960 Absconde
3055 1920 3238 1975 partem
3270 1906 3326 1960 in
3361 1904 3515 1960 corde

184 2002 333 2059 dixit
373 2003 531 2058 illurn
568 2003 712 2059 Deus
749 2017 856 2058 non
897 2001 955 2058 in
987 2011 1133 2059 terra
1178 2000 1197 2040 ί
1244 2003 1612 2068 moriturum;
1652 2011 1708 2057 et
1734 2000 1806 2056 ita
1914 1992 2177 2066 pauperis,
2201 1995 2381 2065 elipso
2405 2010 2500 2066 pro
2530 1994 3347 2069 teregabit(.Eccli.n1x;i$).
3374 1996 3513 2064 Quia

188 2094 400 2151 factum
433 2110 554 2151 esse
586 2096 836 2151 manibus
874 2104 1063 2151 notum
1096 2105 1203 2152 est.
1247 2094 1533 2151 llabitabat
1560 2094 1613 2150 in
1646 2093 1810 2149 domo
1915 2089 2085 2145 etiam
2110 2088 2242 2144 illud
2273 2089 2341 2145 ab
2362 2088 2485 2160 ipso
2508 2090 2728 2146 Daniele
2756 2090 2969 2147 discere
2999 2089 3174 2146 noluit
3198 2089 3342 2161 quod
3366 2089 3519 2147 dedit

188 2187 318 2252 Dei.
365 2197 422 2245 et
454 2190 653 2245 eratin
686 2188 851 2244 corde
892 2189 1096 2244 maris:
1137 2188 1338 2258 ubique
1369 2202 1519 2244 mare
1549 2188 1810 2244 sacculum
1916 2180 2424 2238 Nabuchodonosor
2467 2183 2756 2239 consilium
2787 2227 2802 2249 ,
2851 2184 3129 2256 quomodo
3182 2185 3524 2242 satisfaceret

189 2282 453 2352 legimus,
469 2296 590 2337 cum
606 2290 751 2336 esset
765 2284 878 2352 ipse
892 2297 999 2337 non
1014 2288 1220 2336 tantum
1238 2282 1290 2336 in
1305 2296 1488 2338 amore
1503 2278 1811 2354 aliquorum
1918 2276 2008 2348 qui
2031 2273 2332 2333 oii'enderat
2355 2278 2542 2334 Deum.
2560 2276 2628 2333 Et
2651 2287 2705 2333 tu
2718 2277 2939 2350 (inquit)
2952 2279 3095 2348 audi,
3110 2295 3225 2344 rex,
3247 2279 3522 2335 aemilium

191 2374 309 2448 59
339 2372 767 2430 Christianorum
789 2415 803 2440 ,
830 2373 926 2430 sed
950 2383 1169 2445 propter
1194 2373 1476 2430 scientiam
1508 2372 1778 2429 mundana
1795 2400 1813 2413 -
1921 2391 2111 2444 meum,
2143 2384 2190 2430 et
2215 2377 2415 2448 placeat
2441 2377 2570 2432 tibi:
2596 2385 2811 2450 peccata
2831 2385 2925 2431 tu
2945 2378 3287 2450 elsenmgnis
3305 2376 3521 2445 redime,

193 2486 327 2526 rum
363 2469 846 2533 litterarum,erat
867 2468 1108 2524 etiamin
1130 2466 1295 2524 corde
1314 2468 1595 2537 maris,id
1618 2468 1817 2535 est,in
1922 2481 1970 2527 et
2032 2472 2316 2544 injttstitias
2379 2482 2495 2527 tuas
2555 2473 2608 2526 in
2664 2472 3079 2529 miserationibus
3128 2480 3171 2511 ιιι
3241 2491 3530 2546 pauperum

197 2579 395 2619 antore
412 2561 1066 2618 saeculiszetdescientia
1087 2576 1180 2617 sua
1197 2560 1811 2633 sapienssibivisusest.
1925 2560 2088 2633 (Dan.
2130 2578 2208 2630 tv,
2241 2562 2379 2633 24).
2418 2563 2629 2633 Daniel,
2674 2564 2790 2635 regi
2839 2565 3115 2634 peccaleri
3162 2573 3221 2621 es
3257 2564 3526 2637 sacriiego

201 2657 316 2714 Sed
347 2657 488 2711 hanc
510 2657 831 2727 sapientiam
855 2657 975 2726 ejus
997 2656 1281 2713 cvacuavit
1305 2657 1467 2722 Deus,
1496 2654 1623 2710 dum
1647 2655 1816 2710 dicit:
1924 2652 2202 2710 faciendas
2240 2654 2620 2728 eleemosynas
2646 2654 2839 2712 suadet
2866 2673 2879 2708 :
2911 2655 3153 2711 Donatus
3175 2698 3190 2723 ,
3223 2658 3315 2727 qui
3347 2657 3527 2713 incre-

201 2751 468 2824 numquid
488 2752 770 2825 sapientior
792 2759 847 2806 tu
867 2767 1021 2822 quam
1040 2748 1228 2805 Daniel
1253 2749 1470 2823 (Ezech.
1493 2765 1687 2815 xxvru,
1725 2746 1824 2820 5)?
1928 2750 2045 2819 pari
2080 2748 2313 2814 meruit,
2360 2748 2644 2805 Constanti
2699 2749 3017 2821 imperatori
3056 2749 3396 2819 christiano,
3462 2765 3535 2808 ne

204 2846 390 2915 Quam
428 2851 486 2899 et
521 2843 662 2899 bene
699 2839 727 2880 ιι
765 2843 883 2913 ejus
923 2842 1187 2912 sapientia
1231 2841 1509 2896 humiliata
1548 2848 1629 2897 est
1653 2882 1671 2908 ,
1720 2856 1823 2911 qua
1929 2842 2246 2897 misericors
2269 2850 2440 2908 esset,
2472 2841 2699 2898 obstitit.
2724 2840 2853 2899 Ideo
2884 2842 3217 2914 increpatur,
3242 2845 3386 2915 quod
3409 2854 3539 2899 eum

205 2940 431 3012 putavit
458 2951 518 2993 se
543 2933 763 2993 Daniele
793 2950 915 2992 esse
941 2936 1327 3006 sapientiorem
1352 2974 1367 2999 ,
1399 2934 1451 2989 in
1479 2931 1826 3003 repudiandis
1929 2936 2207 3007 sapientes
2240 2952 2348 2992 non
2371 2936 2675 2993 docuerunt
2704 2937 3030 3010 sapientiam
3061 2948 3214 2994 suam
3240 2956 3253 2993 :
3279 2936 3543 3011 quidquid

207 3029 534 3088 nmneribus
572 3030 738 3102 regis,
780 3028 908 3086 dum
931 3030 1181 3101 accipere
1206 3029 1381 3084 noluit
1404 3028 1544 3100 quod
1568 3027 1637 3083 ab
1660 3028 1830 3098 impe-
1932 3044 1964 3085 a
2004 3044 2134 3101 rege
2165 3029 2393 3085 missum
2428 3027 2608 3085 fuerat
2631 3071 2644 3093 ,
2690 3046 2788 3101 per
2816 3046 2878 3087 se
2917 3030 3039 3088 dari
3074 3046 3268 3101 passus
3292 3044 3403 3088 non
3433 3043 3540 3089 est.

205 3138 403 3185 ratem
436 3126 741 3182 christiano
778 3127 1003 3183 missum
1041 3141 1164 3182 esse
1201 3125 1524 3182 videbatur!
1567 3124 1637 3180 Et
1680 3125 1831 3181 visus
1934 3121 2094 3179 Unde
2119 3130 2356 3191 constat,
2389 3123 2655 3178 Donatum
2688 3124 2952 3179 malarum
2983 3122 3185 3180 fontem
3214 3122 3382 3182 fuisse
3410 3139 3542 3181 cau-

206 3230 299 3278 est
326 3216 443 3276 sibi
461 3228 554 3274 aut
574 3217 760 3275 Daniel
793 3234 970 3275 novus
990 3261 1004 3285 ,
1032 3228 1123 3274 aut
1154 3218 1419 3289 sapientia
1452 3217 1658 3273 Danieli
1689 3234 1827 3288 prte-
1852 3216 1898 3280 C
1932 3232 2118 3276 sarum
2162 3227 2213 3272 ιι.
2268 3226 2273 3229 ‘

209 3315 405 3381 latus;
456 3314 578 3385 quia
626 3323 679 3368 et
725 3312 841 3383 ipse
893 3314 1078 3369 Daniel
1128 3311 1417 3384 aliquando
1452 3326 1479 3365 a
1522 3309 1826 3367 Baltassare
2011 3306 2360 3368 lV.Narratio
2381 3327 2682 3385 eorumque:
2702 3329 2791 3385 per
2809 3312 3547 3385 uimgestasuntaDonatistis

212 3424 374 3479 rege,
403 3422 527 3463 cum
566 3418 854 3478 cogeretur
883 3405 1130 3477 accipere
1162 3421 1410 3473 munera,
1435 3403 1488 3460 id
1517 3414 1623 3471 cst,
1656 3419 1829 3459 annu—
1938 3417 1987 3462 et
2012 3415 2193 3461 contra
2212 3403 2533 3461 Donatistas.
2566 3432 2639 3447 -ο
2658 3404 2926 3476 Quidquid
2950 3405 3131 3477 itaque
3160 3405 3215 3461 in
3237 3407 3443 3462 unitate
3470 3405 3548 3461 fa.

212 3500 332 3557 iam
351 3541 369 3564 ,
396 3508 642 3571 torquem
666 3508 721 3555 et
740 3508 967 3566 caetera,
995 3498 1201 3555 dixisse
1225 3499 1457 3569 legitur:
1490 3499 1631 3553 dona
1648 3509 1738 3553 tua
1757 3507 1833 3555 εε-
1943 3497 2135 3555 eiendn
2176 3511 2366 3568 aspere
2389 3497 2560 3568 potuit
2588 3497 2699 3568 geri
2723 3539 2736 3561 ,
2765 3496 2936 3567 vides,
2981 3496 3145 3552 frater
3168 3496 3549 3566 Parmeniane,

217 3611 343 3650 eam
373 3593 498 3660 sint,
528 3608 622 3651 rex
649 3591 813 3664 (Dan.
854 3609 911 3659 v,
959 3593 1027 3648 l7
1051 3592 1071 3664 )
1096 3611 1110 3648 :
1143 3601 1197 3648 et
1226 3593 1500 3664 sapienter
1531 3593 1832 3663 reSpondit,
1944 3591 2031 3645 cui
2054 3589 2636 3658 debeatimputari.An
2654 3588 2811 3644 nobis
2831 3585 3123 3643 Catholicis
3144 3595 3169 3624 ο
3198 3591 3421 3658 petitum
3449 3589 3549 3644 mi-

219 3693 278 3742 et
317 3684 560 3743 convitia
602 3686 716 3756 regi
750 3700 856 3740 non
892 3684 1051 3753 fecit,
1094 3694 1149 3741 et
1187 3685 1330 3756 quod
1361 3683 1694 3740 oiiercbatur
1724 3699 1833 3740 non
1946 3682 2094 3738 litem
2119 3697 2241 3739 esse
2266 3681 2442 3737 dicitis
2479 3699 2491 3735 :
2522 3683 2567 3737 si
2592 3683 2662 3736 ita
2692 3690 2813 3749 est,
2845 3680 2999 3754 (δι)
3030 3682 3081 3736 iu
3114 3683 3392 3753 provincia
3421 3698 3557 3755 ρων

220 3779 507 3834 datnnavit
528 3819 545 3843 ,
575 3778 671 3835 sed
692 3778 938 3835 distulit:
973 3793 1079 3833 non
1102 3794 1210 3850 quo
1241 3778 1402 3833 modo
1435 3778 1694 3845 Donatus,
1718 3778 1832 3848 qui,
1947 3776 2219 3831 consulari
2249 3784 2377 3830 tunc
2422 3775 2609 3831 nullus
2632 3783 2898 3831 armatum
2939 3776 3167 3832 militem
3210 3776 3387 3833 vidit?
3435 3777 3551 3850 (65)

222 3883 281 3930 et
308 3871 559 3929 convitia
585 3870 894 3941 Constanti,
924 3881 1125 3944 quanta
1164 3873 1359 3942 potuit,
1411 3871 1570 3939 dixit,
1613 3872 1843 3944 etquod
1949 3867 2251 3924 Vcniebant
2300 3867 2497 3924 Paulus
2543 3878 2600 3924 et
2640 3868 2942 3937 Macarius,
2994 3868 3112 3942 (66)
3144 3870 3236 3942 qui
3288 3886 3553 3943 pauperes

224 3964 417 4035 abeo
465 3964 791 4037 pauperibus
838 3967 1065 4022 missum
1110 3964 1311 4033 fuerat,
1354 3964 1682 4037 repudiavit.
1730 3962 1840 4022 Sed
1950 3960 2150 4030 ubique
2175 3960 2600 4033 dispungerent,
2632 3972 2693 4019 et
2713 3962 2781 4018 ad
2810 3963 3067 4020 unitatem
3098 3964 3338 4037 singtdos
3362 3966 3552 4022 horta-

979 4082 983 4088 ‘
1485 4058 1879 4117 LECTIONES
1917 4052 2343 4119 VARIAN’I‘ES.

289 4153 323 4255 ἰ
359 4152 416 4202 In
442 4164 530 4228 eis.
557 4153 610 4204 S.
637 4150 694 4204 θ.
721 4151 859 4266 girl.
1368 4218 1378 4234 ι
1514 4215 1527 4227 _

363 4215 437 4265 Ita
458 4229 621 4266 ili-ms.
645 4217 699 4266 S.
774 4254 783 4263 .
812 4216 868 4265 in
891 4229 1009 4266 mss.
1034 4217 1087 4267 S.
1112 4215 1171 4268 ὓ.
1196 4216 1323 4267 ειΡ.
1347 4218 1397 4268 δ.
1426 4215 1647 4269 dicimus

295 4281 321 4310 ε
362 4277 425 4325 In
444 4292 537 4325 ms.
563 4280 616 4325 S.
643 4278 703 4325 '1‘.
729 4279 989 4325 dederunt.

2016 4145 2036 4187 1
2074 4146 2130 4197 In
2147 4160 2238 4199 ms.
2264 4149 2318 4198 S.
2346 4147 2406 4199 G.
2430 4148 2549 4201 satis
2567 4153 2745 4201 etvere
2766 4147 3025 4216 sapienter.

1456 4215 1647 4269 θείω·
2012 4210 2677 4325 ἑαῦηρῒέῗ·ίὲ·ιιῗέ.ῗέῗί¹ἕ⁸”⁸·

295 4281 321 4310 ε
362 4277 425 4329 In
444 4292 537 4329 ms.
563 4280 616 4330 S.
643 4278 703 4329 Τ.
729 4279 989 4330 dederunt.

293 4338 321 4379 ἀ
357 4338 418 4390 In
442 4353 557 4391 mss.
584 4343 637 4391 S.
665 4340 723 4391 '1‘.
753 4350 805 4392 et
820 4341 878 4391 P.
902 4342 955 4391 S.
976 4347 1028 4395 ut
1050 4341 1133 4392 ad.

2012 4277 2232 4324 k'Deest
2259 4277 2309 4323 in
2333 4287 2423 4323 ms.
2446 4277 2497 4324 S.
2520 4277 2579 4327 G.

1050 4341 1133 4392 ad.
2021 4335 2043 4377 l
2082 4336 2138 4386 In
2162 4350 2229 4385 m.
2256 4337 2308 4387 S.
2332 4337 2389 4387 G.
2418 4336 2613 4388 deinde.

298 4407 331 4477 ἦ
362 4402 437 4477 Ita
462 4404 625 4477 inuis.
732 4404 800 4476 G._
816 4403 869 4454 In
891 4418 1003 4454 mss.
1029 4406 1082 4457 S.
1118 4404 1259 4477 'l‘_.-ct
1375 4402 1441 4475 S._
1466 4418 1495 4454 e
1529 4405 1753 4474 margine
1790 4404 1838 4452 in
2449 4398 2500 4450 ίη
2519 4397 2873 4477 malst
2897 4401 3211 4467 addtquur.
3241 4411 3289 4457 ει
3319 4405 3561 4461 ενίιῦθιιε

229 4468 372 4535 serie
398 4467 632 4535 orationis
658 4467 763 4535 haec
790 4467 1040 4535 irrepsere
1060 4481 1073 4517 :
1095 4466 1380 4535 addendum
1423 4466 1474 4517 in
1505 4466 1843 4535 episcormrum
1950 4466 2190 4535 propitius
2214 4466 2417 4535 peccati.
2448 4523 2460 4535 .
2544 4525 2554 4535 .

229 4528 378 4599 actis,
405 4525 801 4599 dequibnsinfra
823 4523 993 4598 ,‘q'uod
1016 4529 1276 4582 manifeste
1299 4536 1461 4580 notam
1484 4523 1607 4593 sa'pit
1630 4523 1692 4578 ad
1713 4541 1844 4578 mar-
2016 4524 2047 4599 ξ
2080 4523 2329 4597 Posthch
2360 4523 2508 4599 verba
2525 4525 2713 4599 lin‘mns.
2742 4524 2795 4575 S.
2920 4538 2947 4576 s
2968 4531 3182 4599 quentia
3215 4533 3553 4599 reperiuntur,

231 4586 409 4664 giqeip
424 4586 747 4664 apt-30320321.:
806 4586 837 4664 _'
879 4586 895 4593 '
1541 4586 1555 4593 '
1873 4652 1925 4664 ᾳ
1943 4586 2041 4664 sed
2059 4589 2220 4664 minus
2241 4588 2495 4664 apposita:
2520 4586 2619 4638 Sed
2634 4588 2891 4664 Δάίιηελειθιεε
2914 4586 3190 4664 considero,
3214 4586 3381 4664 vereor
3412 4607 3473 4646 ne
3488 4586 3556 4649 ad

301 4652 326 4693 ι
366 4651 425 4703 In
448 4647 539 4701 nis.
564 4653 618 4704 S.
643 4650 703 4705 G.
728 4651 783 4705 in
800 4659 936 4705 terra
956 4666 1061 4704 sua.
1873 4652 1931 4713 1)
1954 4655 1999 4701 te
2021 4647 2234 4699 secimda
2254 4647 2396 4700 lectio
2420 4655 2715 4710 permaneat.
2745 4649 2993 4715 Quidquid
3015 4647 3197 4720 itaque,
3224 4662 3322 4709 etc.

299 4718 331 4760 Β
364 4714 424 4766 In
444 4727 535 4766 ms.
558 4716 611 4766 S.
632 4714 693 4768 G.
715 4712 1045 4769 muhrrium.
2025 4712 2056 4742 °
2077 4711 2245 4764 Deest
2268 4712 2317 4762 in
2342 4725 2436 4762 ms.
2460 4712 2513 4762 S.
2534 4711 2591 4763 ϐ.
2795 4763 2799 4768 ,

298 4778 331 4819 h
367 4777 427 4829 In
450 4790 541 4830 ms.
562 4779 615 4831 S.
644 4778 705 4832 G.
722 4777 780 4832 ob
801 4791 947 4845 quam
967 4778 1155 4833 merito.
1182 4777 1239 4831 In
1265 4779 1429 4844 editis,
1450 4777 1622 4831 merita
1643 4784 1690 4829 et
1711 4776 1848 4829 bene.

1605 4862 1973 4925 VARIORUM
2018 4857 2251 4917 ΝΟΉΕ.

237 4960 672 5041 putabant,_sed
700 4960 1225 5041 hocipsivideriut.
1259 4963 1383 5021 Mox
1418 4980 1514 5041 pro
1538 4965 1644 5019 alio
1666 4964 1843 5030 modo,
1992 4950 2453 5041 .(64)_Pt:ottincia
2501 4954 2879 5026 proconsulari.
2913 4957 2967 5012 lu
3016 4959 3288 5029 provincia
3336 4961 3566 5021 Cartha-

239 5026 450 5108 scribo,
496 5032 670 5108 aliqua
714 5026 909 5108 modo._
929 5033 1018 5089 Ait
1057 5049 1153 5091 eos
1190 5036 1319 5091 dum
1364 5026 1429 5092 se
1456 5036 1687 5092 libenter
1721 5026 1846 5105 pro?
1956 5026 2456 5108 magnast-ntulisti.

241 5105 377 5183 fessi
421 5095 547 5158 sunt
573 5095 658 5183 Ide
689 5116 846 5183 parte
872 5105 1097 5183 Donati,
1140 5109 1240 5183 etsi
1280 5122 1387 5162 non
1423 5119 1629 5172 exerte,
1659 5095 1849 5183 aliqua
1959 5095 1981 5099 ⁷
2004 5097 2148 5183 ,(65)
2209 5095 2488 5183 Yeniebant
2539 5095 2815 5183 Paulusnet
2843 5096 3106 5158 Macarius
3128 5146 3143 5170 ,
3178 5106 3287 5176 .qni
3317 5125 3573 5183 pauperes

243 5177 445 5232 saltem
463 5175 648 5241 modo,
672 5169 745 5232 de
762 5176 1009 5232 Ecclesia
1025 5176 1225 5233 Christi
1248 5192 1354 5233 non
1378 5193 1520 5243 esse,
1545 5169 1848 5234 confessos.
1959 5169 2151 5241 ubique
2188 5169 2574 5243 dispungerent.
2603 5171 2671 5225 Τὸ
2709 5170 3076 5242 dispungerent
3127 5169 3457 5236 tantumdem
3485 5190 3578 5238 est

240 5247 367 5305 Non
405 5240 911 5321 displicebitetiam
931 5291 945 5312 ,
984 5250 1028 5305 si
1056 5251 1177 5320 quis
1203 5249 1276 5304 ita
1306 5240 1568 5320 accipiat,
1600 5250 1724 5321 quid
1779 5265 1852 5303 re-
1961 5257 2024 5299 ac
2042 5240 2431 5321 consolarentur
2449 5257 2467 5307 ;
2498 5256 2623 5321 qua;
2641 5242 2777 5321 mira
2795 5240 3029 5321 phrasis.
3059 5247 3274 5321 incsnr.

252 5310 580 5395 madeﬁent
606 5320 658 5371 in
684 5319 779 5395 illo
805 5310 1091 5395 imminenti
1104 5322 1308 5395 judicio
1330 5310 1524 5395 diuino,
1554 5310 1643 5395 qui
1668 5322 1720 5376 iu
1755 5321 1859 5375 hoc
2040 5310 2156 5383 (66)
2179 5313 2277 5395 Qui
2297 5310 2546 5395 pauperes
2570 5314 2751 5395 ubitu
2778 5310 3161 5395 dispungereut.
3190 5319 3575 5395 Dispungerent

247 5384 477 5453 saeculo,
510 5390 619 5444 alio
652 5391 814 5446 modo
835 5391 1071 5448 confessi
1096 5384 1243 5459 sunt,
1268 5401 1373 5449 etc.
1397 5393 1427 5447 τ
1446 5384 1519 5449 Μ’.
1546 5384 1778 5449 CASAUB.
1968 5384 2422 5459 tantumdemest
2445 5398 2509 5438 ac
2537 5386 2929 5459 consolarentur
2955 5384 2983 5452 ,⁷
3000 5388 3172 5459 inquit
3199 5384 3298 5445 hic
3317 5384 3417 5446 vir'
3437 5393 3572 5449 doc-

330 5480 447 5556 (βε)
473 5479 668 5556 Preces
688 5496 815 5552 quas
843 5482 1105 5556 dederant.
1152 5455 1417 5541 Libellum
1453 5485 1775 5556 supplicem,
1806 5495 1866 5539 ut

2007 5472 2062 5556 us
2089 5498 2102 5521 ,
2132 5465 2186 5510 et
2221 5455 2381 5556 Ιεςμὶι
2407 5458 2731 5556 essemiram
2760 5457 2993 5526 phrasim
3021 5500 3037 5523 ,
3069 5455 3163 5516 sed
3193 5462 3325 5517 mira
3356 5474 3439 5521 est
3457 5467 3576 5536 ejus

253 5526 1789 5624 animiam"Jidiiiieﬁi'baiiién'iiﬁf’ﬁmi.
1974 5526 3579 5624 iglgtptetglip;,9_tjia,21t11i5221_gugqege._995-_raroin:

1565 5598 1642 5613 ..υ
1674 5598 1697 5612 .
1978 5615 2161 5684 πται,
2190 5608 2281 5687 φη
2310 5613 2544 5682 angere,
2572 5598 2696 5687 ἰὰ,εο
2709 5598 3022 5687 μὶερξιηςετε
3047 5602 3113 5657 sit
3132 5606 3436 5687 consolari.
3468 5598 3578 5666 Sed

336 5665 461 5746 (ϐω
477 5666 593 5732 Quo
614 5678 1081 5746 supremorum
1101 5671 1386 5746 increpatio
1408 5672 1587 5728 clausa
1606 5678 1699 5746 est.
1737 5671 1872 5746 Dro-
1981 5671 2160 5728 virum
2188 5665 2407 5746 doctum
2435 5672 2575 5746 ratio
2616 5671 2749 5740 fugit
2772 5665 2946 5746 {dum
2977 5684 3083 5729 non
3130 5675 3433 5746 intellexit,
3487 5665 3587 5738 aut

260 5738 452 5821 pinetis
479 5739 820 5821 erstat
848 5741 992 5821 apud
1021 5741 1221 5821 Bacch.
1330 5758 1607 5821 πίννῃ-ν.
1640 5745 1712 5821 t2:
1751 5742 1873 5798 Ho-
1988 5759 2097 5798 non
2116 5742 2377 5821 cogitavit
2401 5742 2593 5821 saltem
2617 5784 2631 5808 ,
2664 5738 2695 5797 εἱ
2718 5743 3019 5821 rationibus
3052 5756 3175 5804 esse
3207 5749 3311 5821 hoc
3338 5738 3584 5821 verbum,

263 5810 421 5868 riuis
436 5811 492 5866 in
519 5811 732 5866 interitu
750 5810 1034 5869 occisorum
1056 5814 1110 5869 in
1136 5814 1287 5871 corde
1316 5817 1493 5872 maris.
1537 5817 1619 5874 Du
1646 5815 1766 5873 an.
1990 5829 2097 5887 quo
2137 5810 2447 5887 frequenter
2493 5812 2681 5872 eadem
2711 5824 2803 5871 aut
2840 5812 3037 5889 simili,
3070 5832 3177 5890 qua
3206 5818 3293 5880 hic
3314 5821 3544 5897 Optatos
