3974 6324
465 263 490 318 l
501 261 606 318 007

1634 249 1881 310 SANCTI
1915 247 2170 307 OPTATI
2211 247 2519 307 EPISCOPI

3582 255 3690 316 1008

460 384 648 432 rentur
673 392 686 427 :
714 379 768 429 et
798 385 918 428 cum
957 368 1028 425 ad
1071 366 1424 440 Bagaiensem
1447 375 1475 404 ι
1497 365 1764 422 civitatem
1793 363 1909 437 (67)
1941 377 2067 434 pro-
2096 369 2148 429 Α
2173 361 2352 418 subito
2377 361 2664 418 multitudo
2686 361 2872 419 insana
2897 405 2912 431 ,
2940 372 2992 420 et
3025 363 3352 436 praecedente
3381 374 3563 425 terrore
3602 387 3695 427 cre-

460 467 734 522 ximarent
759 507 772 532 ,
807 474 932 519 tunc
954 463 1090 517 alter
1119 462 1356 516 Donatus
1383 461 1400 530 (
1427 461 1564 516 sicut
1589 459 1759 530 prima
1789 458 2022 512 diximus
2047 460 2064 528 )

463 559 706 630 ejusdem
728 556 960 613 civitatis
989 556 1275 627 episcopus
1303 597 1318 623 ,
1370 553 1818 625 impedimentum
1869 551 2063 606 unitati

457 659 514 709 et
565 652 776 707 obicem
823 649 1159 705 venientibus
1207 663 1369 719 supra
1414 646 1734 703 memoratis
1788 658 2066 716 opponere

458 745 684 816 cupiens
709 787 724 812 ,
752 758 1034 815 praecones
1061 757 1155 812 per
1176 741 1349 796 vicina
1384 740 1500 796 loca
1523 749 1578 796 et
1601 738 1720 810 (68)
1751 754 1846 810 per
1873 751 2065 793 omnes

458 839 728 896 nundinas
759 837 945 905 misit,
1001 836 1119 908 (69)
1149 835 1627 892 Circumcelliones
1657 833 1772 907 (70)
1830 831 2064 904 Agonis-

458 931 595 987 ticos
624 932 740 1004 (71)
785 944 1098 1000 nuneupans
1124 945 1139 994 ;
1169 929 1237 983 ad
1268 927 1585 999 praedictum
1617 926 1792 982 locum
1822 933 1882 979 ut
1925 939 2064 980 con-

457 1031 761 1088 currerent,
783 1024 1058 1078 invitavit:
1074 1023 1186 1094 60
1198 1032 1251 1076 et
1263 1037 1452 1077 eorum
1468 1022 1558 1076 illo
1579 1033 1824 1092 tempore
1838 1033 2066 1075 concur-

457 1130 552 1172 sus
573 1125 657 1172 est
680 1115 947 1188 ﬂagitatus
969 1157 984 1181 ,
1007 1130 1234 1186 quorum
1261 1112 1377 1186 (72)
1422 1112 1693 1170 dementia
1739 1112 1898 1182 paulo
1937 1120 2065 1166 ante

452 1209 522 1264 ab
550 1209 680 1276 ipsis
709 1208 978 1279 episcopis
1028 1208 1192 1278 impie
1215 1206 1498 1263 videbatur
1547 1221 1669 1264 esse
1716 1219 1978 1262 succensa
2008 1203 2060 1259 ι).

449 1299 588 1356 Nam
612 1316 736 1355 cum
759 1299 1068 1371 hujusmodi
1095 1300 1375 1355 hominum
1422 1315 1593 1371 genus
1619 1310 1744 1356 ante
1795 1299 2059 1354 unitatem

455 1392 570 1467 (75)
603 1409 701 1465 per
731 1393 850 1448 loca
879 1393 1088 1464 singula
1111 1401 1434 1464 vagarentur
1463 1410 1476 1446 :
1502 1408 1628 1448 cum
1659 1392 1837 1448 Axido
1868 1400 1924 1448 et
1955 1392 2060 1448 Fa-

453 1488 532 1544 sir
560 1487 676 1560 (74)
700 1528 717 1556 ,
749 1488 817 1544 ab
846 1487 977 1559 ipsis
1006 1487 1398 1543 insanientibus
1425 1499 1740 1542 sanctorum
1768 1487 1935 1543 duces
1970 1503 2066 1558 ap-

452 1584 787 1653 pellareutur
815 1601 829 1638 :
855 1582 989 1637 nulli
1025 1583 1177 1638 licuit
1201 1597 1452 1638 securum
1481 1598 1604 1639 esse
1630 1583 1683 1638 in
1703 1583 2062 1653 possessioni-

453 1676 556 1732 bus
600 1677 750 1732 suis:
779 1675 1085 1732 debitorum
1116 1676 1479 1748 chirographa
1534 1677 1832 1732 amiserant
1875 1677 2060 1732 vires:

2168 456 2374 514 ditores
2396 458 2646 528 periculis
2675 455 3012 514 vallabantur
3040 477 3053 513 :
3087 467 3144 514 ut
3168 469 3190 496 ε
3217 460 3302 531 qui
3339 460 3444 532 (75)
3481 479 3565 533 pro
3589 480 3695 533 prm-

2171 549 2313 605 stitis
2339 549 2452 604 suis
2495 551 2673 621 rogari
2706 550 2999 606 debuerant
3034 549 3078 617 ί,
3104 562 3248 607 metu
3291 554 3465 607 mortis
3512 553 3698 611 humiles

2170 644 2574 714 impellerentur
2601 644 2654 699 iu
2681 660 2887 714 preces.
2941 644 3254 701 Festinabat
3274 646 3606 717 unusquisque
3623 647 3698 704 de-

2170 735 2278 791 bita
2300 737 2461 793 etiam
2487 737 2719 792 maxima
2752 737 2999 806 perdere,
3026 748 3081 793 et
3121 737 3321 793 lucrum
3349 738 3703 808 computabatur

2169 833 2409 888 evasisse
2456 832 2525 887 ab
2562 847 2750 888 eorum
2797 832 3029 902 injuriis.
3064 833 3234 888 Etiam
3259 833 3438 888 itinera
3466 849 3558 888 non
3584 845 3704 904 pote-

2171 933 2292 979 rant
2320 939 2443 979 esse
2475 925 2742 980 tutissima
2762 967 2778 992 ,
2807 925 2950 996 quod
2981 925 3184 980 domini
3213 924 3278 980 de
3301 925 3545 981 vehiculis
3569 927 3660 981 suis
3685 936 3704 974 ε

2168 1015 2386 1072 excussi
2413 1025 2536 1072 ante
2569 1016 2860 1085 municipia
2888 1033 2981 1072 sua
3004 1059 3018 1084 ,
3041 1017 3377 1073 dominorum
3398 1017 3520 1073 locis
3551 1017 3706 1074 seden-

2173 1111 2244 1166 tia
2273 1107 2303 1147 ιι
2323 1150 2340 1178 ,
2391 1110 2662 1166 serviliter
2692 1119 3064 1167 cucurrerunt.
3108 1111 3325 1166 Illorum
3348 1109 3537 1181 judicio
3561 1121 3607 1166 et
3632 1111 3708 1166 itu-

2168 1203 2486 1275 periointer
2515 1203 2764 1259 dominos
2815 1214 2872 1260 et
2895 1219 3082 1260 servos
3143 1201 3378 1258 conditio
3425 1201 3704 1257 mutabatur.

2169 1299 2324 1356 Unde
2344 1314 2465 1355 cum
2496 1307 2692 1355 vestrae
2708 1299 2876 1369 partis
2913 1297 3184 1368 episcopis
3205 1295 3525 1352 tuucinvidia
3547 1295 3674 1351 ﬁeret
3697 1313 3708 1350 :

2169 1397 2408 1452 Taurino
2440 1407 2567 1453 tunc
2594 1396 2780 1452 comiti
2819 1395 3105 1466 scripsisse
3133 1389 3383 1448 dicuntur
3405 1433 3420 1460 ,
3455 1388 3709 1461 huiusmodi

2170 1491 2419 1547 homines
2446 1490 2643 1561 corrigi
2677 1489 2728 1544 in
2756 1487 3009 1544 Ecclesia
3062 1501 3170 1542 non
3229 1500 3385 1558 posse
3421 1501 3433 1538 :
3463 1483 3710 1539 mandave-

2168 1594 2325 1649 runt,
2360 1593 2466 1639 uta
2497 1598 2660 1652 supra
2685 1582 2831 1637 dicto
2852 1581 3050 1636 comite
3067 1579 3375 1649 acciperent
3399 1576 3708 1646 disciplinam.

2169 1679 2322 1735 Tunc
2345 1678 2614 1733 Tauriuus
2644 1676 2711 1732 ad
2742 1691 2932 1732 eorum
2964 1675 3202 1739 litteras,
3232 1673 3312 1728 ire
3347 1671 3551 1727 militem
3582 1668 3714 1740 jussit

449 1771 634 1826 nullus
654 1771 896 1827 creditor
922 1771 1014 1826 illo
1039 1779 1284 1842 tempore
1307 1772 1560 1844 exigendi
1585 1772 1773 1827 habuit
1832 1771 2057 1828 liberta-
2091 1773 2136 1834 Β
2164 1783 2432 1829 armatum
2459 1788 2557 1844 per
2601 1771 2870 1827 nundinas
2889 1811 2905 1834 ,
2940 1768 3031 1824 ubi
3057 1766 3555 1824 Circumcellionum
3595 1762 3713 1816 furor

450 1873 562 1920 tem
597 1875 642 1916 ο.
695 1863 1063 1920 Terrebantur
1105 1878 1296 1919 omnes
1346 1863 1544 1919 litteris
1591 1869 1815 1931 eorum‘,
1856 1864 1947 1935 qui
1995 1879 2059 1921 se

452 1965 766 2014 sanctorum
794 1954 1003 2012 ducesd
1023 1955 1478 2025 fuissejactabant
1505 1975 1518 2010 :
1547 1965 1602 2012 et
1623 1957 1668 2012 si
1700 1957 1750 2012 in
1775 1957 2058 2028 obtempe-

451 2051 624 2107 rando
683 2064 870 2107 eorum
937 2050 1276 2121 jussionibus
1349 2049 1691 2119 tardaretur,
1770 2051 2061 2108 advolabat

2166 1868 2348 1939 vagari
2400 1875 2782 1922 consueverat.
2817 1864 2871 1919 lu
2901 1863 3022 1918 loco
3066 1859 3351 1916 Octavensi
3408 1856 3423 1894 ί
3455 1853 3558 1929 (76)
3585 1851 3713 1909 occisi

2166 1968 2294 2016 sunt
2316 1957 2573 2030 plurimii
2608 1999 2622 2023 ,
2653 1955 2957 2012 detruncati
2997 1962 3123 2009 suut
3145 1951 3299 2007 multi
3320 1965 3338 2017 ',
3373 1963 3579 2020 quorum
3617 1959 3714 1999 cor-

2167 2067 2299 2124 pora
2327 2039 2500 2123 usque
2528 2051 2581 2106 in
2628 2049 2950 2106 hodiernum
2976 2089 2990 2116 ,
3018 2045 3133 2120 (77)
3177 2059 3276 2116 per
3323 2041 3581 2098 dealbatas
3619 2051 3713 2093 aras

1695 2166 2076 2227 LECTIONES
2112 2166 2535 2226 VARIANTES.

575 2261 633 2325 in
653 2273 770 2311 mss.
792 2261 845 2325 S.
865 2258 926 2325 'I_'.
951 2267 1005 2310 et
1025 2260 1078 2309 S.
1102 2258 1160 2310 G.
1186 2258 1528 2325 Vagaiensem.

578 2323 634 2388 in
657 2337 774 2374 mss.
801 2324 854 2388 S.
877 2322 940 2388 εἰ.
963 2333 1239 2388 compressa
1254 2322 1283 2383 ;’
1300 2323 1389 2374 sed
1412 2334 1699 2387 perperam.

577 2386 635 2436 In
656 2399 775 2437 mss.
799 2387 852 2436 S.
876 2384 936 2436 G.
957 2384 1259 2444 potestatem.

573 2449 735 2499 Deest
758 2450 807 2497 in
831 2461 923 2496 ms.
947 2448 1000 2498 S.
1029 2447 1088 2499 G.

579 2511 655 2563 Ita
679 2512 730 2562 in
752 2523 846 2562 ms.
869 2511 923 2562 S.
951 2509 1014 2561 G.

513 2261 543 2291 ιι

512 2319 544 2360 b

515 2389 540 2418 c

513 2447 542 2490 d

520 2514 545 2543 e

2234 2259 2256 2300 ι
2294 2262 2351 2312 In
2379 2276 2469 2313 ms.
2497 2264 2550 2312 S.
2575 2261 2635 2312 T.
2662 2265 2959 2312 meruerant.

2231 2327 2258 2366 Β
2293 2325 2454 2376 Deest
2473 2327 2524 2374 in
2547 2339 2636 2375 ms.
2664 2325 2716 2375 S.
2744 2324 2803 2374 G.

2230 2387 2263 2427 h
2296 2386 2455 2438 Deest
2480 2390 2527 2436 in
2552 2400 2643 2438 ms.
2667 2387 2719 2437 S.
2747 2385 2807 2437 (ἓ.

2235 2450 2254 2490 ι
2292 2449 2350 2498 In
2375 2463 2465 2500 ms.
2491 2451 2546 2500 S.
2571 2450 2632 2500 G.
2661 2446 2948 2501 Octauiensi.

2237 2515 2252 2564 i
2295 2514 2549 2577 Sequitur,
2573 2517 2637 2574 et,
2663 2514 2714 2562 iu
2731 2525 2848 2562 mss.
2873 2511 2926 2562 S.
2950 2508 3012 2561 Τ.
3039 2513 3093 2560 et
3114 2507 3172 2560 P.
3191 2509 3248 2558 S.

1796 2617 2163 2678 VARIORUM
2200 2619 2434 2675 ΝΟΤᾸΞ.

449 2712 844 2784 signiﬁcatione
878 2709 1243 2784 Tertullianus
1264 2709 1433 2784 utitur
1454 2719 1574 2784 ,Aut
1597 2723 1728 2784 cum
1759 2707 1952 2766 honore
2005 2721 2053 2766 et

450 2781 624 2870 oﬂigio
648 2827 663 2852 ,
690 2785 774 2870 vel
806 2784 909 2870 vita
939 2782 1270 2870 disp‘unctum
1291 2781 1446 2870 dicit.
1472 2781 1610 2870 Quid
1641 2784 2050 2870 trtirtmrautem

450 2853 774 2913 sidicantur
818 2853 1090 2924 dispuncti
1137 2867 1434 2923 pauperes,
1465 2853 1662 2923 quibus
1706 2862 1864 2909 antea
1919 2853 2056 2909 dixit

450 2930 826 2998 eleemosynas
873 2923 1306 2998 a’Coustantiuo
1353 2925 1577 2998 missas,
1619 2924 1818 2998 quibus
1865 2924 2049 2998 suble-

451 3001 562 3054 vati
622 2994 844 3069 possent
901 2997 1200 3065 respirare,
1249 2994 1468 3069 vestiri,
1529 2997 1712 3065 pasci,
1767 2996 2054 3069 gaudere?

448 3066 637 3138 Neque
664 3069 808 3124 enim
836 3081 1094 3133 necesse,
1128 3073 1189 3120 ut
1234 3066 1301 3121 de
1330 3067 1570 3138 ipsorum
1608 3083 1717 3123 asre
1764 3067 1942 3123 alieno
1973 3070 2055 3123 in-

451 3125 791 3213 telligamus,
823 3125 1147 3213 quamquam
1180 3146 1234 3192 et
1259 3125 1396 3213 ιιιυά
1425 3153 1640 3208 quoque
1695 3139 1924 3194 fortasse
1962 3156 2056 3196 ve-
2081 3125 2128 3188 Ο

451 3210 621 3268 rum':
644 3210 738 3266 sed
789 3211 1088 3280 elegantius
1114 3251 1128 3274 ,
1170 3218 1229 3263 ut
1258 3210 1373 3278 ipsa
1399 3217 1690 3279 paupertas
1715 3252 1730 3275 ,
1783 3226 1904 3280 quas
1934 3228 2062 3280 gra-

451 3285 755 3346 vissimum,
774 3283 860 3337 vel
875 3279 989 3336 sola
1004 3296 1162 3344 onus,
1176 3280 1456 3350 dispuncta
1480 3280 1708 3336 dicatur.
1733 3279 2058 3339 M.Citssun.

524 3356 659 3412 Ibid.
695 3354 1100 3425 Dispungerent.
1133 3351 1213 3406 De
1240 3367 1439 3407 corona
1491 3353 1677 3425 militis
1702 3395 1715 3418 ,
1750 3352 1840 3408 ubi
1867 3353 1938 3408 de
1961 3355 2062 3409 im-

452 3437 768 3499 peratorum
797 3424 802 3425 ⁷
829 3424 1084 3499 donativo
1137 3426 1316 3494 agitur
1346 3441 1366 3499 :_
1402 3424 1825 3497 expungebantur
1869 3426 2064 3482 milites

458 3495 676 3554 laureati
702 3516 714 3551 :
743 3497 1168 3552 recensebantur
1189 3537 1204 3560 ,
1224 3495 1831 3562 notabautttrfALBASP,

529 3570 642 3641 (67)
689 3567 955 3623 Civitatem
1003 3568 1378 3640 proximareut.
1425 3566 1554 3623 Afra
1600 3568 1789 3624 itidem
1833 3568 2058 3626 locutio.

451 3641 674 3698 lucem.

529 3713 641 3785 (68)
675 3709 781 3785 ἕξεθ’
803 3727 977 3785 omnes
1009 3711 1267 3785 nundinas
1289 3710 1429 3764 misit
1454 3708 1922 3785 Circumcelliones.
1952 3713 2062 3768 Loo

454 3782 553 3840 cus
576 3782 646 3838 ita
691 3782 1098 3854 distinguendus
1136 3791 1222 3837 est
1255 3799 1271 3854 ξ
1299 3797 1554 3854 prtecoues
1585 3798 1677 3853 per
1700 3784 1866 3836 uicina
1894 3783 2009 3838 loca
2040 3825 2055 3850 ,

454 3866 503 3910 et
537 3873 624 3922 per
654 3872 825 3928 omnes
862 3850 1121 3928 nundinas
1159 3850 1331 3928 misit,
1365 3850 1812 3928 Circumcelliones
1842 3854 2062 3928 Agonis-

454 3928 584 3984 ticos
640 3927 910 3983 nominans
939 3926 1006 3980 ad
1039 3924 1343 3994 priedictum
1362 3967 1377 3992 ,
1426 3932 1530 3979 etc.
1549 3932 1619 4049 huit
1726 3924 2060 3983 Cuchleana.

1605 4036 1617 4050 .
1693 4010 1877 4050 assus.

1605 4036 1617 4050 .
1652 4010 1877 4052 UASAUB.

527 4068 643 4195 (69)
669 4069 1136 4125 Circumcelliones.
1175 4067 1254 4123 De
1299 4065 1416 4121 istis
1465 4065 1719 4136 frequens
1743 4077 1827 4122 est
1857 4070 2062 4127 mentio

557 4156 641 4195 ioc
662 4141 972 4195 schismate.
1007 4142 1234 4194 ALBASP.

461 4142 514 4197 iu
537 4141 641 4195 hoc
662 4141 972 4195 schismate.
1007 4142 1234 4194 ALBASP.

534 4210 649 4284 (70)
680 4210 1146 4284 Circumcelliones.
1170 4209 1348 4284 AHujus
1367 4208 1520 4284 vocis
1541 4209 1920 4284 etymologiam
1949 4220 2060 4268 tra-

459 4280 896 4353 dit'Augusnuus
922 4281 999 4336 sic
1016 4297 1112 4337 eos
1151 4280 1466 4353 describens
1509 4281 1546 4334 l.
1581 4280 1609 4335 ι
1643 4280 1834 4337 contra
1891 4283 2060 4340 Cres-

457 4352 674 4411 conium
701 4368 749 4407 c.
799 4355 893 4417 28,
928 4354 1010 4407 his
1033 4353 1209 4408 verbis
1242 4370 1256 4404 :
1292 4352 1418 4424 Quis
1437 4353 1572 4406 enim
1600 4354 1757 4407 nescit
1779 4354 1873 4408 hoc
1901 4372 2063 4424 genus

459 4426 722 4482 hominum
742 4425 797 4478 in
824 4425 1092 4479 horrendis
1121 4423 1431 4495 facinoribus
1461 4425 1744 4494 inquietum
1769 4466 1784 4491 ,
1827 4427 1891 4480 ab
1906 4423 2062 4481 iutili-

459 4497 553 4552 bus
605 4497 840 4567 aperibus
896 4497 1155 4561 otiosum,
1218 4495 1628 4550 crudelissimum
1699 4497 1753 4550 in
1814 4499 2061 4553 mortibus

459 4570 675 4636 alienis,
709 4569 1004 4622 vilissimum
1053 4571 1106 4621 in
1133 4567 1236 4622 suis
1264 4609 1277 4632 ,
1307 4567 1527 4622 maxime
1554 4568 1606 4621 in
1657 4569 1793 4638 agris
1822 4572 2061 4624 territans

459 4651 506 4696 et
537 4642 696 4695 victus
724 4640 803 4692 sui
827 4657 983 4693 causa
1006 4638 1164 4694 cellas
1204 4639 1505 4693 circumiens
1549 4642 1835 4694 rusticanos
1860 4683 1874 4706 ,
1930 4640 2068 4695 unde

461 4723 510 4767 et
555 4710 1022 4767 circumcellionum
1076 4727 1262 4764 nomen
1315 4711 1542 4779 accepit,
1587 4713 1819 4766 universo
1872 4714 2066 4766 mundo

458 4800 588 4855 pene
631 4781 1066 4855 famosissimum,
1112 4780 1345 4851 Africani
1387 4783 1575 4835 erroris
1622 4783 1995 4906 Bppt‘pobrium?

1671 4869 1703 4906 υ
1781 4871 1851 4906 IN.

1671 4869 1703 4908 υ
1734 4854 1851 4908 PIN.

531 4925 650 4998 (.71)
685 4921 1208 4998 Agoiiisticos._Quod
1234 4933 1532 4993 pugnarent
1561 4923 1824 4981 adversus
1853 4941 1947 4982 eos
1976 4929 2067 4997 qui

461 4995 558 5052 sua
587 4995 896 5052 tuebantur.
930 4997 1010 5050 Du
1039 4995 1157 5049 PIN.

535 5087 651 5157 (72)
689 5088 973 5142 Dementia.
1035 5086 1168 5152 Quia
1202 5086 1452 5140 immania
1507 5087 1673 5142 multa
1718 5097 1773 5144 et
1820 5090 2056 5146 inaudita

459 5165 844 5232 perpetrarunt
883 5159 969 5211 isti
1014 5157 1525 5232 Circumcelliones,
1574 5160 1840 5232 multique
1869 5177 2055 5217 eorum

459 5245 582 5286 sese
629 5229 1100 5305 prmcitntaverutit
1146 5236 1204 5282 ut
1244 5229 1485 5299 martyrii
1534 5229 1768 5299 gloriaui
1803 5248 2059 5305 asseque-

457 5309 666 5357 rentur.
701 5301 770 5355 Μ.
799 5298 1034 5356 Casum.
1391 5298 1394 5299 ⁷
1461 5346 1464 5349 .

534 5371 648 5444 (75)
675 5373 804 5427 Ante
828 5373 1092 5444 unitatem.
1125 5371 1726 5444 Aliteqttam_Macat-itts
1754 5375 1818 5429 ad
1873 5377 2056 5429 unita—

457 5442 567 5516 tem
592 5455 815 5516 cogeret
842 5443 1185 5516 Donatistas;
1209 5443 1320 5512 jam
1351 5459 1391 5516 _a
1424 5442 1765 5500 Constantini
1797 5447 2057 5516 tempori-

454 5514 556 5569 bus
587 5513 795 5569 fuerant
817 5514 1316 5569 Circumcelliones.
1351 5513 1430 5569 Du
1460 5516 1572 5569 Pin.

529 5585 644 5656 (74)
676 5585 844 5640 Axido
883 5598 929 5639 et
971 5583 1145 5640 Fasir.
1204 5585 1379 5642 Duces
1422 5585 1931 5644 Circumcellionum
1981 5588 2052 5644 ita

456 5656 739 5709 nominati.
771 5660 844 5711 Du
869 5657 986 5711 PtN.
1265 5673 1272 5680 ‘

526 5723 643 5804 (75)
671 5726 734 5780 Et
757 5727 843 5808 qui
873 5744 966 5808 pro
987 5729 1226 5798 priestitis
1263 5729 1390 5808 _suis
1434 5730 1609 5808 rogari
1630 5771 1647 5799 ,
1677 5740 1784 5808 etc.
1816 5730 1924 5808 δἐι
1954 5745 2053 5802 pro

453 5803 502 5851 et
539 5798 625 5866 qui
648 5837 665 5866 ,
719 5798 1064 5856 scribendum
1091 5808 1147 5856 ut
1185 5799 1311 5871 qui,
1363 5801 1450 5860 vel
1488 5798 1637 5862 mox
1669 5798 2053 5874 impellerentur

2155 2713 2388 2783 positum
2412 2755 2426 2780 ,
2461 2727 2560 2783 pro
2586 2711 2998 2784 impellebantur.
3030 2708 3099 2764 Μ.
3125 2708 3356 2764 CASAUB.
3381 2705 3450 2760 ita
3477 2705 3716 2759 restitutum

2156 2801 2222 2840 ea:
2244 2801 2370 2839 ηιδε.

2231 2856 2347 2928 (76)
2379 2855 2516 2910 Loco
2565 2851 3138 2928 0ctavenai._Numidae
3192 2850 3414 2928 oppido.
3457 2847 3592 2928 Inter
3629 2849 3720 2928 epi:

2157 2919 2352 3000 scopas
2377 2928 2463 2995 qui
2492 2925 3085 3000 seintentianidictiiitjn
3110 2919 3719 3000 conéilioCartbagineusi

2157 2992 2552 3070 sub-Cypriane
2569 3040 2582 3063 ,
2610 3009 2692 3053 est
2725 2996 2897 3070 V_iclor
2917 2998 2978 3051 ab
3004 2995 3213 3070 Octavo.
3260 2995 3317 3049 In
3341 2992 3518 3070 notitia
3535 2992 3718 3070 episco-

2161 3063 2351 3142 porum
2364 3063 2626 3126 Numidia:
2638 3080 2718 3126 est
2736 3068 3031 3125 Octobensis
3043 3083 3135 3124 seu
3153 3065 3449 3122 Octavensis
3461 3063 3715 3190 ὅρὶδιξοριιδ.

3503 3150 3532 3190 υ
3589 3149 3649 3188 is.

3503 3150 3532 3190 υ
3552 3149 3649 3188 1³13.

2242 3213 2361 3288 (77)
2396 3213 2500 3268 Per
2528 3213 2790 3268 dealbatas
2821 3229 2958 3268 aras.
2996 3211 3102 3266 Per
3128 3209 3409 3265 dealbatos
3437 3207 3641 3262 tumulos
3679 3204 3719 3259 in

2167 3285 2279 3341 arte
2330 3285 2559 3341 formam
2599 3293 2981 3340 construetos:
3025 3297 3188 3352 super
3251 3289 3539 3351 martyrum
3569 3292 3719 3332 monu-

2168 3359 2366 3413 mentis
2395 3364 2451 3412 et
2477 3357 2754 3412 memoriis
2785 3371 2936 3411 sacra
2958 3354 3088 3410 olim
3120 3352 3328 3408 ﬁebant
3351 3366 3496 3421 ,qua:
3520 3359 3572 3421 ut
3599 3363 3719 3403 cum-

2167 3431 2328 3485 mode
2376 3437 2604 3499 possent
2632 3428 2781 3494 ﬁeri,
2823 3433 3171 3499 monumenta
3207 3426 3263 3499 in
3305 3420 3718 3499 altaris__t'ormam

2167 3492 2546 3570 erigebantur:
2575 3492 2865 3570 Donatista:
2887 3497 3051 3570 igitur
3075 3497 3180 3570 illis
3199 3492 3720 3570 Circumcelliuuibus,

2167 3567 2273 3641 qui
2308 3579 2363 3626 et
2393 3572 2444 3624 iu
2479 3571 2570 3626 illa
2601 3569 2815 3625 Macarii
2864 3567 3210 3645 eipeditione
3241 3568 3551 3622 iuterierant
3577 3606 3591 3631 ,
3626 3573 3722 3645 aras

2166 3639 2462 3712 posuerant
2505 3652 2559 3697 et
2587 3649 2936 3697 monumenta
2956 3655 3034 3712 ex
3066 3639 3266 3712 quibus
3296 3651 3516 3712 corpora
3548 3639 3718 3689 occiso-

2166 3708 2284 3769 rum
2324 3722 2578 3784 poterant
2610 3713 2905 3769 numerari.
2941 3708 3150 3784 Concil.
3184 3708 3444 3778 Carthag.
3475 3724 3530 3774 ι,
3558 3716 3723 3784 canone

2165 3777 2418 3842 εθοιιιιῖΙΟ·
2440 3803 2452 3839 :
2504 3795 2592 3838 aut
2617 3785 2818 3839 insania
2845 3783 3189 3856 prwcipitatos
3209 3823 3226 3848 ,
3257 3777 3535 3856 martyrum
3562 3777 3724 3856 nomine

2165 3858 2407 3928 appellet.
2436 3856 2740 3930 Concilium
2775 3850 3020 3930 quintum
3047 3872 3059 3906 :
3087 3854 3204 3907 item
3231 3850 3428 3922 placuit
3473 3861 3524 3904 ut
3542 3921 3551 3930 ο
3572 3850 3723 3902 altaria

2164 3944 2282 3999 quae
2311 3929 2501 4000 passim
2523 3945 2613 3998 per
2637 3944 2790 3997 agros
2810 3936 2899 3980 aut
2925 3927 3034 4000 uias
3065 3935 3329 4000 tamquam
3353 3927 3594 4000 meritoria:
3618 3932 3727 4000 inar-

2166 3995 2337 4072 ξυνειιή
2367 3995 2765 4056 εοηδιῐεαιιηῐιιν.
2794 3997 3128 4072 Augustinus
3161 3996 3257 4072 ιιι),
3289 4011 3348 4050 ιιι
3373 3995 3552 4072 inﬂue
3575 3998 3728 4072 contra

2167 4064 2582 4126 Parmenianum
2609 4113 2622 4134 ,
2676 4064 2979 4137 tempordlia
3026 4067 3292 4137 supplicia
3339 4064 3612 4120 schismatis
3661 4064 3728 4114 sui

2167 4143 2400 4213 conferre
2415 4143 2605 4196 audent
2626 4142 2948 4211 passionibus
2974 4150 3264 4210 martyrum
3285 4181 3298 4202 ,
3327 4147 3382 4192 ut
3411 4138 3480 4192 eis
3509 4145 3729 4213 plenarum

2166 4207 2375 4269 suarum
2418 4207 2652 4268 natalitia
2680 4213 2995 4268 celebrentur
3023 4207 3210 4284 magno
3241 4219 3489 4264 conventu
3507 4207 3729 4261 hominum

2165 4286 2507 4356 furiosorum.
2526 4284 2766 4340 ALBASP.

2237 4377 2369 4432 Ibid.
2406 4377 2512 4432 Per
2540 4377 2814 4433 Dealbalas
2843 4393 2962 4431 aras
2989 4385 3077 4431 aut
3123 4392 3330 4431 mensas
3351 4417 3367 4440 ,
3417 4384 3517 4431 etc.
3559 4371 3729 4427 Seneca

2168 4450 2330 4512 epist.
2367 4450 2464 4505 86:
2495 4447 2560 4503 In
2590 4450 2704 4521 ipsa
2727 4449 2990 4521 Scipionis
3029 4447 3268 4519 Africani
3293 4448 3417 4503 uilla
3433 4450 3616 4519 jacens,
3645 4440 3729 4521 Ιιαξσ

2087 4525 2138 4586 D
2165 4510 2253 4575 tibi
2283 4521 2450 4574 scribo
2475 4562 2490 4586 ,
2515 4510 2743 4575 adoratis
2790 4510 3021 4574 manibus
3051 4510 3163 4590 eius
3189 4529 3236 4573 et
3251 4537 3382 4590 _arn,
3409 4510 3555 4590 (fuam
3583 4510 3730 4590 ξᾷρηι·

2173 4609 2317 4646 crum
2347 4584 2484 4646 tanti
2517 4609 2623 4646 esse
2665 4593 2762 4646 uiri
2797 4591 3030 4662 suspicor
3051 4584 3204 4658 [εις.
3235 4588 3319 4644 De
3347 4584 3515 4643 mensa
3537 4628 3552 4653 ,
3576 4584 3729 4661 Cicero

2172 4663 2240 4718 de
2260 4662 2493 4734 Legibus
2518 4663 2614 4717 lib.
2641 4679 2710 4729 ιι,
2743 4661 2893 4718 circa
2923 4661 3115 4729 linem,
3146 4663 3399 4731 sepulcris
3425 4670 3589 4734 autem
3615 4666 3729 4734 norit

2174 4721 2588 4802 ﬁnivitvmodum.
2633 4721 2773 4788 Nam
2793 4751 2944 4804 super
2974 4721 3123 4788 terni:
3169 4721 3432 4787 tumulum
3460 4729 3608 4785 noluit
3632 4721 3730 4804 φιὶᾴ

2170 4801 2327 4860 statui
2349 4847 2366 4872 ,
2394 4807 2491 4860 nisi
2522 4801 3028 4860 coluntellam'tribus
3056 4805 3230 4876 digitis
3254 4821 3359 4858 non
3382 4804 3604 4876 altiorem
3627 4837 3639 4862 ,
3662 4801 3733 4876 an!

2174 4862 2400 4931 mensain
2425 4920 2438 4941 ,
2466 4887 2554 4931 aut
2585 4877 2866 4942 labellum,
2908 4884 3014 4932 etc.
3048 4862 3165 4931 [hic
3189 4877 3354 4930 etiam
3377 4873 3599 4944 pertinet
3617 4862 3732 4944 ριξοά

2171 4949 2324 5002 locus
2375 4939 2462 5022 ubi
2514 4946 2814 5022 Cyprianus
2855 4939 3062 5022 passus
3102 4958 3220 5022 est,
3254 4939 3430 5002 dictus
3481 4954 3557 5000 est
3604 4939 3735 5022 vulgo

2163 5035 2338 5074 mensa
2367 5008 2634 5091 Cypriani.
2667 5020 2780 5074 Etsi
2805 5008 2947 5074 enim
2974 5019 3082 5074 alio
3107 5008 3226 5074 locu
3241 5031 3458 5088 passum
3484 5028 3618 5075 esse.
3647 5008 3733 5091 ἤιξε)

2163 5103 2344 5147 autem
2389 5079 2658 5161 sepultum
2682 5091 2899 5146 beatum
2928 5091 3079 5146 illum
3109 5079 3405 5163 martyrem
3425 5097 3522 5163 ζ,ει-ι
3559 5079 3731 5163 utrobi-

2162 5178 2268 5234 que
2308 5149 2504 5216 cultam
2559 5163 2677 5234 ejus
2712 5163 3047 5234 memoriam
3095 5177 3125 5234 a
3158 5149 3380 5216 Vic'tore
3425 5153 3645 5234 Uticensi
3668 5149 3732 5234 fle

2163 5222 2443 5290 Persecut.
2476 5222 2616 5290 lib.'t
2641 5274 2657 5302 ,
2691 5233 2949 5290 discimus
2981 5251 2994 5286 :
3027 5233 3262 5304 priorem
3283 5243 3466 5304 tamen
3511 5226 3645 5284 illum
3668 5222 3731 5304 l9:

2162 5321 2284 5359 cum
2317 5307 2383 5359 ab
2413 5320 2503 5360 ara
2529 5346 2545 5374 ,
2577 5291 2674 5361 seu
2721 5320 2904 5362 mensa
2931 5346 2946 5370 ,
2997 5291 3116 5376 q'uaa
3144 5320 3252 5359 ara:
3279 5302 3454 5376 instar
3479 5291 3729 5376 esset,_

2162 5384 2459 5440 exstructa,
2485 5365 2556 5431 ita
2589 5365 3074 5446 indigilatum'es'se
3103 5376 3261 5431 docet
3291 5374 3518 5445 August.
3546 5369 3605 5423 de
3630 5365 3724 5446 Djy.

2161 5463 2326 5501 serm.
2360 5432 2509 5502 cxiii.
2537 5432 2998 5516 Quodudealbatas
3045 5448 3164 5504 illas
3190 5464 3310 5503 aras
3355 5432 3408 5500 εἴ
3426 5457 3613 5516 mensas
3655 5432 3726 5488 hic

2161 5518 2412 5588 Optatus,
2436 5521 2480 5573 si
2511 5515 2635 5575 vere
2663 5535 2726 5574 ac
2752 5519 2967 5589 proprie
2980 5520 3264 5582 dealbatas,
3292 5534 3362 5572 ex
3392 5515 3635 5589 religione
3651 5519 3727 5560 co-

2160 5580 2694 5663 le'ntiumitamquam
2728 5580 3010 5658 mariyres,
3054 5580 3354 5661 proiectum
3379 5580 3523 5663 puto'.
3554 5580 3721 5663 Albtult

2157 5663 2300 5732 enim
2331 5650 2568 5717 coloreni
2589 5664 2815 5718 mortuis
2834 5704 2849 5729 ,
2869 5650 3009 5717 item
3036 5650 3181 5732 puris
3200 5668 3362 5731 atque
3379 5650 3724 5732 innocentibus

2156 5731 2528 5788 deiunCtorum
2557 5734 2750 5788 animis
2781 5726 2984 5802 optime
3027 5726 3323 5789 convenire
3349 5732 3508 5785 etiam
3538 5726 3727 5781 Plutar-

2155 5803 2290 5863 ChUS
2317 5805 2476 5865 docet
2493 5807 2546 5864 ill
2572 5801 2858 5880 ῥωμαῐχοῗς
2871 5829 2981 5883 nep.
3006 5805 3088 5868 διὰ
3110 5809 3160 5864 τί
3175 5807 3329 5862 λιι)κά
3341 5808 3579 5880 φοροῦσι,
3610 5801 3702 5853 etc.
