3974 6324
232 365 394 429 ,1009

1063 363 1152 422 DE
1190 357 1581 421 SCHISMATE
1619 353 2161 417 DONATISTARUM
2202 355 2412 415 LIBER
2451 357 2777 416 TERTIUS.

3423 357 3564 414 1010

248 493 344 539 aut
377 495 595 541 mensas
623 481 740 555 (78)
790 491 1084 554 potuerunt
1111 491 1137 518 ἰ
1168 480 1465 536 numerari.
1517 477 1597 534 Ex
1627 491 1856 549 quorum
1886 479 1937 540 Α
1963 475 2294 532 conduceret
2337 476 2570 532 turbam.
2605 479 2683 534 Ex
2707 479 2824 549 ipso
2850 493 3049 551 genere
3070 479 3285 537 fuerant
3331 478 3422 550 qui
3467 477 3570 533 sibi

249 591 481 632 numero
510 593 630 632 cum
660 577 821 648 aliqui
853 577 968 647 (79)
1004 577 1057 631 in
1092 574 1334 630 Basilicis
1379 572 1597 644 sepeliri
1653 572 1852 644 coepis-

249 677 411 737 sent,
435 671 625 726 Clarus
649 672 934 742 presbyter
970 672 1022 724 in
1087 671 1204 724 loco
1236 666 1586 733 Subbulensi,
1633 665 1701 721 ab
1741 665 1858 737 epi-

254 778 426 836 scopo
451 765 560 838 61
592 781 692 820 suo
715 776 937 820 coaetus
966 775 1070 831 est,
1093 773 1145 818 ut
1165 762 1282 835 (80)
1303 762 1622 834 insepultam
1659 762 1861 818 faceret

251 859 583 928 sepulturam
608 857 746 929 (8t).
775 858 888 930 (82)
921 857 1075 914 Unde
1103 856 1371 928 proditum
1401 864 1518 922 est,
1543 853 1856 910 mandatum

249 950 417 1006 fuisse
444 949 559 1005 fieri
589 992 605 1017 ,
638 951 781 1021 quod
812 950 1008 1006 factum
1057 959 1138 1006 est
1173 949 1287 1022 (85)
1317 969 1328 1004 :
1358 949 1574 1017 quando
1621 964 1722 1005 nec
1769 964 1856 1006 se-

255 1042 472 1112 pultura
513 1043 565 1098 in
595 1043 759 1098 domo
777 1043 870 1099 Dei
894 1043 1137 1098 exhiberi
1166 1058 1425 1098 concessa
1457 1052 1538 1098 est
1567 1042 1705 1115 (84).
1741 1042 1858 1113 (85)

251 1135 450 1191 Eorum
507 1144 690 1206 postea
719 1137 996 1192 convaluit
1022 1135 1334 1191 multitudo.
1373 1134 1462 1192 Sic
1514 1137 1720 1191 invenit
1752 1135 1856 1190 Do-

252 1237 410 1286 natus
449 1228 792 1301 Bagaieusis,
843 1229 984 1286 unde
1011 1238 1204 1286 contra
1253 1228 1544 1285 Macarium
1598 1227 1855 1285 furiosam

1955 584 2307 642 percussores
2365 571 2466 627 sub
2519 572 2808 644 cupiditate
2851 573 2970 630 falsi
3027 574 3268 648 martyrii
3315 575 3369 629 in
3417 587 3571 629 suam

1960 664 2256 735 perniciem
2312 665 2709 722 conducebant.
2772 668 2901 724 Inde
2964 669 3124 724 etiam
3181 669 3296 737 illi,
3353 669 3446 740 qui
3500 683 3569 725 ex

1958 757 2190 813 altorum
2221 757 2482 812 montium
2533 759 2906 815 cacuminibus
2955 760 3092 815 viles
3137 761 3345 815 animas
3394 759 3568 831 proji-

1960 850 2168 907 cientes
2191 893 2205 918 ,
2238 865 2297 906 se
2327 852 2633 922 praecipites
2661 851 2882 908 dabant.
2912 855 3052 910 Ecce
3083 847 3150 910 ex
3177 854 3319 925 quali
3339 868 3568 908 numero

1964 943 2067 999 sibi
2117 944 2404 1015 episcopus
2453 945 2592 1000 alter
2643 945 2882 1001 Donatus
2927 945 3179 1002 cohortes
3218 945 3246 985 ι)
3291 945 3568 1002 effecerat.

1969 1039 2082 1096 Hoc
2106 1051 2253 1094 metu
2303 1039 2545 1095 deterriti
2593 1039 2706 1107 illi,
2738 1040 2830 1112 qui
2878 1040 3164 1096 therausos
3212 1039 3455 1096 ferebant
3483 1049 3506 1078 ο
3552 1081 3568 1103 ,

1970 1149 2106 1206 quos
2131 1133 2455 1205 pauperibus
2505 1142 2795 1204 erogarent
2817 1174 2832 1201 ,
2865 1133 3189 1190 invenerunt
3215 1135 3266 1190 in
3297 1143 3442 1188 tanta
3473 1148 3571 1190 ne—

1971 1229 2226 1286 cessitate
2248 1229 2531 1284 consilium
2550 1271 2564 1298 ,
2595 1239 2652 1284 ut
2682 1243 2712 1284 a
2739 1228 3020 1301 Sylvestro
3041 1227 3252 1287 Comite
3295 1239 3562 1286 armatum

1501 1323 1887 1382 LECTIONES
1927 1323 2344 1381 VARIANTES.

312 1419 344 1523 2
376 1418 525 1533 {ha
540 1419 1332 1536 ognim‘ﬁ..n£éegal:ditis,
1358 1425 1600 1484 poterunt.

2029 1423 2050 1451 ο
2077 1419 2134 1470 In
2155 1433 2247 1471 ms.
2273 1419 2326 1470 S.
2354 1418 2412 1470 T.
2433 1421 2518 1484 qui
2543 1433 2695 1485 prope
2713 1420 2964 1474 thesauros
2984 1420 3186 1487 ferrent.

1148 1615 1153 1620 .
1604 1567 1968 1629 VARIORUM
2004 1571 2236 1629 NOTAE.

246 1671 399 1718 tomo
444 1680 522 1738 xy,
551 1678 652 1738 pag
677 1664 749 1738 82
770 1664 944 1738 ,dSS.
978 1664 1130 1734 Quod
1162 1663 1229 1738 si
1265 1662 1528 1738 dealbatas
1569 1677 1670 1738 pro
1721 1664 1859 1719 albis
1927 1704 1929 1706 -
1965 1666 2219 1738 iidemque
2260 1666 2464 1721 bustum
2510 1667 2563 1720 in
2596 1670 2710 1737 foro
2750 1671 2996 1737 facerent,
3025 1668 3112 1736 qui
3151 1667 3292 1722 illam
3324 1667 3564 1738 insepul—

239 1744 340 1794 aut
367 1734 970 1808 candidisaccipiamus
992 1779 1007 1801 ,
1052 1747 1174 1808 tum
1206 1734 1368 1791 fuerit
1398 1734 1508 1789 illis
1531 1735 1684 1789 color
1724 1750 1859 1808 pro-

245 1809 399 1876 prius
428 1807 546 1878 ejus
581 1806 782 1870 terras,
817 1809 930 1864 sive
961 1807 1101 1873 loci,
1128 1808 1218 1862 ubi
1248 1807 1510 1876 sepulturi
1545 1815 1693 1861 sunt.
1722 1806 1855 1862 Nam

241 1880 411 1933 etiam
435 1887 711 1952 trecentos
745 1881 864 1934 illos
897 1888 1198 1952 martyres,
1221 1894 1448 1952 quorum
1499 1879 1859 1952 memoriaii
1890 1883 1938 1944 B

241 1951 475 2020 Augusti
507 1951 705 2006 colitur
729 1993 743 2018 ,
795 1968 824 2005 a
849 1949 1069 2007 fomaee
1099 1949 1327 2005 calcaria
1353 1993 1367 2015 ,
1397 1949 1449 2006 in
1480 1965 1582 2019 qua
1635 1951 1777 2021 passi
1803 1960 1860 2006 et

242 2025 554 2091 consumpti
610 2035 765 2084 sunt,
818 2040 1044 2077 massam
1100 2022 1410 2085 candidam,
1459 2021 1634 2076 dictos
1683 2037 1805 2078 esse
1838 2062 1854 2088 ,

244 2094 427 2148 sciunt
459 2110 670 2150 omnes.
703 2096 876 2150 Etiam
922 2095 1043 2149 illos
1073 2094 1493 2148 innumerabiles
1542 2104 1809 2164 martyres
1839 2134 1854 2159 ,

245 2166 338 2235 qui
385 2165 487 2221 sub
519 2165 752 2221 Daeiauo
793 2166 1170 2235 Hispaniarum
1217 2165 1450 2235 prteside
1494 2165 1636 2233 passi
1683 2175 1852 2234 sunt,

244 2251 588 2309 quorumque
616 2237 875 2309 memoria
923 2239 958 2295 3
1003 2237 1324 2293 Novembris
1364 2236 1416 2292 in
1439 2236 1661 2309 Calend.
1694 2237 1852 2294 Rom.

245 2307 557 2366 celebratur
583 2352 596 2373 ,
631 2324 736 2366 non
765 2307 835 2366 ab
859 2311 959 2364 alia
991 2323 1184 2373 causa,
1218 2323 1378 2378 quam
1443 2308 1546 2362 loci
1601 2318 1854 2373 terrzevc,

246 2385 364 2436 sive
392 2381 624 2436 calcaria
647 2422 661 2443 .
694 2382 810 2437 sive
860 2381 964 2436 alia
997 2381 1184 2451 quavis
1215 2382 1428 2448 propria
1459 2379 1710 2435 albedine
1735 2423 1749 2445 ,
1800 2390 1858 2438 et

249 2453 399 2522 ipsos
427 2470 648 2507 massam
675 2453 951 2507 candidam
991 2467 1113 2508 esse
1140 2461 1479 2516 nuncupatos
1504 2451 1851 2518 crediderim,

244 2525 493 2594 quamvis
547 2526 704 2579 aliam
737 2525 804 2580 ab
850 2525 1104 2595 aliisiejus
1155 2522 1531 2595 appellationis
1587 2525 1853 2581 rationem

247 2596 399 2650 reddi
431 2611 538 2650 non
569 2597 827 2666 ignorem.
861 2596 929 2650 Μ.
958 2594 1190 2651 Ολειυιι.

318 2669 440 2737 (78)
485 2665 875 2722 Per’dealbatas
903 2684 1022 2721 aras
1047 2679 1137 2720 aut
1175 2683 1397 2722 mensas.
1443 2665 1547 2722 Per
1573 2665 1854 2723 dealbatos

249 2740 487 2794 tumulos
518 2740 570 2792 in
600 2755 708 2794 arte
735 2741 962 2794 formam
993 2747 1354 2794 constructus.
1385 2737 1520 2794 Cum
1559 2739 1853 2795 Donatisue

246 2810 730 2866 Circumcelliones
757 2811 880 2866 illos
927 2810 1136 2865 occisos
1161 2825 1258 2876 pro
1288 2810 1615 2882 martyribus
1672 2809 1854 2866 habe-

247 2891 406 2949 rent,
440 2897 602 2952 super
631 2898 818 2938 eorum
847 2882 1093 2951 sepulcra
1118 2896 1242 2936 aras
1268 2891 1648 2936 exstruxerant
1672 2898 1687 2947 ;
1727 2899 1848 2936 nam

247 2969 415 3026 super
440 2955 678 3026 tumulos
711 2967 1012 3026 martyrum
1040 2968 1164 3026 aras
1185 2952 1675 3026 erigereisolebant
1694 2954 1852 3023 primi

242 3024 580 3092 Christiani,
634 3035 689 3081 et
736 3026 806 3080 ibi
845 3023 999 3081 sacra
1037 3025 1333 3080 celebrare.
1379 3023 1699 3094 Huiusmodi
1739 3041 1851 3080 arte

243 3099 411 3151 etiam
439 3113 638 3153 mensa:
666 3097 1003 3154 dicebantur.
1034 3096 1263 3166 Insignis
1289 3106 1369 3150 est
1401 3111 1462 3152 ea
1510 3095 1576 3150 de
1617 3111 1676 3150 re
1702 3097 1851 3152 locus

243 3169 386 3232 apud
442 3181 686 3225 sanctum
736 3170 1132 3239 Augustinum,
1179 3183 1434 3222 sermone
1463 3166 1531 3222 de
1577 3167 1845 3236 diversis,

241 3241 374 3294 olim
398 3257 529 3296 cxnt
555 3283 569 3306 ,
601 3256 742 3296 nunc
786 3256 950 3306 cccx,
983 3240 1036 3294 in
1080 3241 1240 3294 natali
1266 3240 1520 3311 Cypriani
1553 3239 1844 3311 martyris:

241 3311 480 3380 Denique
499 3354 517 3379 ,
546 3313 753 3382 inquit,
778 3314 908 3366 sicut
938 3312 1098 3366 nostis
1133 3308 1434 3382 quicumque
1480 3308 1844 3382 Carthaginem

240 3386 439 3445 nostis,
466 3385 517 3438 in
543 3386 718 3439 eodem
753 3385 868 3439 loco
916 3399 1090 3438 mensa
1146 3381 1255 3436 Deo
1301 3393 1592 3436 constructa
1640 3381 1742 3446 est,
1799 3393 1846 3438 et

242 3468 412 3527 tamen
440 3473 612 3510 mensa
642 3457 829 3510 dicitur
851 3455 1132 3527 Cypriani:
1155 3471 1256 3508 non
1279 3456 1398 3523 quia
1422 3453 1489 3506 ibi
1513 3464 1585 3507 est
1608 3471 1846 3524 umquam

241 3525 534 3598 Cyprianus
563 3529 832 3596 epulatus;
860 3525 950 3582 sed
968 3527 1086 3597 quia
1113 3527 1180 3579 ibi
1199 3535 1272 3580 est
1302 3527 1594 3579 immolatus
1618 3566 1632 3588 ,
1659 3538 1704 3579 et
1725 3527 1846 3596 quia

238 3597 362 3668 ipsa
389 3600 737 3654 immolatione
763 3616 858 3653 sua
877 3601 1074 3670 paravit
1097 3597 1228 3650 hanc
1250 3613 1473 3670 mensam
1504 3613 1522 3650 :
1543 3613 1643 3670 non
1668 3598 1723 3651 in
1745 3615 1846 3668 qua

239 3666 422 3742 pascat
447 3673 552 3743 sive
600 3680 842 3743 pascatur
865 3666 886 3724 ἑ
909 3669 998 3743 sed
1023 3669 1075 3724 in
1106 3686 1208 3738 qua
1230 3669 1564 3743 “sacriﬁcium
1592 3666 1700 3724 Deo
1719 3712 1735 3735 ,
1757 3666 1847 3723 cui

237 3739 289 3796 et
348 3743 459 3814 ipse
500 3739 700 3797 oblatus
754 3752 862 3806 est,
913 3739 1181 3808 offeratur.
1223 3739 1539 3814 Hujusmodi
1597 3754 1720 3814 aras
1750 3757 1845 3796 seu

236 3811 462 3868 mensas
487 3829 652 3882 super
698 3815 930 3868 tumulos
957 3823 1252 3881 martyrum
1283 3813 1482 3882 passim
1516 3811 1568 3864 in
1597 3813 1740 3880 agris
1792 3821 1848 3868 et

237 3885 348 3940 viis
380 3881 631 3940 :rdilicari
663 3884 852 3940 solitas
880 3886 1172 3954 prmscrtim
1223 3882 1276 3937 in
1313 3881 1485 3937 Africa
1514 3882 1672 3938 docet
1711 3899 1845 3940 eon-

234 3958 353 4011 cilii
398 3955 838 4026 Carthaginensis
864 3971 1088 4011 vcanon
1123 3954 1234 4024 jam
1288 3955 1532 4009 laudatus
1587 3969 1616 4007 a
1649 3955 1842 4012 nobis:

241 4027 454 4083 Placuit
484 4039 540 4082 ut
561 4031 746 4082 altaria
786 4044 900 4096 qua:
923 4029 1112 4097 passim
1143 4043 1232 4093 per
1255 4043 1406 4098 agros
1453 4036 1539 4078 aut
1575 4027 1684 4089 vias
1711 4039 1840 4080 tam-

233 4117 394 4171 quam
422 4101 682 4154 memoria:
703 4109 986 4171 martyrum
1006 4102 1383 4171 constituuntur
1399 4139 1413 4161 ,
1438 4106 1540 4152 etc.
1570 4098 1716 4152 Alias
1739 4115 1844 4154 non

236 4170 443 4226 desunt
487 4172 731 4238 exempla
775 4170 968 4242 quibus
1021 4170 1365 4242 ostendatur
1393 4184 1557 4238 super
1612 4172 1848 4226 tumulos

237 4254 583 4298 mortuorum
615 4257 733 4297 aras
772 4241 825 4297 et
848 4258 1061 4296 mensas
1088 4242 1191 4296 dici
1226 4241 1484 4310 potuisse.
1519 4241 1671 4308 Apud
1721 4243 1847 4297 Ovi-

239 4315 397 4369 dium
429 4331 643 4369 ararum
692 4315 1072 4384 sepulcralium
1107 4316 1162 4366 lit
1217 4315 1455 4384 mentio.
1498 4311 1702 4366 Seneca
1755 4330 1844 4380 ep.

237 4403 439 4442 ικκηι
475 4405 488 4442 :
533 4384 598 4439 In
644 4383 765 4453 ipsa
787 4385 1045 4457 Scipionis
1085 4385 1321 4456 Africani
1369 4383 1491 4436 villa
1530 4385 1712 4453 jacens
1740 4385 1848 4439 [nec

236 4459 332 4512 tibi
364 4459 526 4512 scribo
575 4458 802 4511 adoratis
827 4458 1057 4511 manibus
1081 4459 1190 4529 ejus
1211 4500 1224 4522 ,
1255 4466 1302 4510 et
1345 4471 1459 4529 ara_
1479 4471 1633 4529 quam
1676 4458 1849 4529 sepul-

235 4547 388 4583 crum
419 4531 547 4584 tanti
566 4530 660 4582 viri
690 4547 797 4584 esse
825 4530 1077 4594 suspicor.
1100 4525 1299 4581 ’(licero
1342 4526 1409 4579 de
1441 4525 1670 4594 Legibus
1703 4525 1739 4580 l.
1767 4543 1848 4594 tt;

238 4548 388 4583 crum
419 4548 545 4584 tanta
566 4548 658 4582 νυνι
690 4548 797 4584 esse
825 4548 909 4583 sus
953 4548 1077 4582 θεον.
1109 4548 1299 4581 (Λαετο
1342 4548 1409 4579 ue
1441 4548 1670 4594 Legibus
1703 4548 1736 4580 ι.
1767 4548 1848 4594 u;

238 4603 513 4672 Sepulcris
537 4611 702 4655 antem
730 4603 870 4655 nouis
895 4548 1059 4670 ﬁnivit
1086 4599 1294 4672 modum
1317 4614 1334 4661 ;
1364 4614 1483 4672 nam
1510 4613 1662 4672 super
1701 4608 1850 4672 terra:

1967 1746 2075 1792 tam
2107 1741 2437 1811 sepulturam
2469 1741 2710 1809 fecerant.
2739 1738 2820 1794 Ad
2847 1755 3008 1811 quem
3041 1740 3216 1795 locum
3246 1739 3367 1794 vide
3395 1742 3562 1795 inter-

1965 1819 2168 1880 pretes.
2198 1810 2485 1866 CLentcus.

2037 1881 2157 1954 (8‘2)
2203 1881 2872 1954 Ηηάείρτοάὶιιιηιμυηᾶο
2931 1882 3203 1954 proditum
3254 1881 3562 1936 Donatistas

1965 1955 2048 2007 vel
2082 1954 2196 2008 suis
2222 1953 2552 2024 sepulturam
2596 1957 2646 2007 in
2671 1953 2834 2008 domo
2862 1955 2954 2008 Dei
2982 1953 3296 2024 denegasse.
3325 1957 3554 2008 ALBASP.

2034 2023 2169 2079 ibid.
2228 2023 2377 2078 Unde
2435 2026 2694 2094 proditum
2743 2036 2815 2080 est
2865 2023 3163 2079 mandatum
3208 2025 3398 2094 fuisse,
3447 2033 3554 2080 etc.

1963 2096 2134 2158 Hanc,
2168 2096 2361 2166 inquit,
2407 2097 2748 2152 occasionem
2777 2096 3084 2152 Catholicos
3129 2095 3441 2151 traducendi
3469 2111 3559 2150 ar—

1961 2169 2245 2236 ripuerunt
2295 2169 2610 2232 Donatistte,
2657 2169 2806 2236 quasi
2852 2168 3014 2223 ca-dis
3062 2167 3203 2222 illius
3247 2183 3311 2221 ac
3359 2168 3554 2237 stragis

1960 2238 2473 2294 Circumcelliunum
2523 2239 2754 2294 fuissent
2812 2241 3135 2308 itupnlsores
3185 2248 3238 2292 et
3284 2249 3554 2300 auctores,

1961 2312 2082 2380 quia
2133 2325 2304 2366 caesos
2334 2311 2386 2365 in
2415 2311 2682 2376 Basilicis,
2729 2311 2946 2382 sepeliri
2982 2319 3163 2378 postea
3194 2325 3310 2382 non
3357 2310 3555 2379 permio
3595 2355 3598 2358 .

1959 2393 2172 2448 serunt,
2198 2384 2349 2451 quasi
2377 2382 2520 2436 idem
2550 2393 2714 2449 esset,
2747 2384 3076 2452 sepulturam
3108 2384 3159 2437 in
3189 2381 3432 2437 Ecclesia
3462 2397 3557 2436 ne-

1957 2467 2086 2522 gare
2117 2462 2174 2508 et
2199 2455 2302 2507 vita
2335 2454 2568 2525 privare.
2617 2453 2918 2509 Observare
2965 2468 3063 2508 nos
3094 2454 3197 2525 ihic
3236 2454 3389 2522 jubet
3434 2453 3557 2507 Bal-

1958 2526 2188 2590 duinus,
2229 2524 2449 2579 vetitam
2491 2534 2601 2579 tum
2634 2525 2686 2578 in
2713 2525 2936 2593 templo,
2971 2525 3056 2580 vel
3086 2524 3330 2580 Ecclesia
3373 2527 3554 2593 sepul-

1959 2606 2157 2651 turam.
2187 2596 2294 2653 Sed
2321 2597 2368 2653 si
2396 2610 2469 2651 ea‘
2490 2611 2643 2650 mens
2669 2595 2847 2666 Optati
2880 2605 2985 2661 est,
3017 2597 3158 2665 quod
3190 2597 3272 2651 his
3295 2606 3548 2665 negatum

1957 2677 2060 2732 est,
2108 2669 2162 2724 id
2195 2667 2403 2737 publica
2437 2668 2552 2736 lege
2579 2682 2641 2721 ac
2669 2683 2819 2722 more
2851 2675 3100 2738 negatum
3130 2682 3283 2732 esse;
3339 2682 3446 2722 non
3475 2670 3553 2722 vi-

1957 2740 2059 2795 deo
2104 2742 2194 2810 qui
2223 2739 2348 2795 hinc
2372 2749 2746 2810 argumentum
2777 2739 2861 2794 vel
2891 2737 3245 2804 levissimum,
3283 2740 3549 2794 mandata:

1957 2826 1988 2865 a
2017 2809 2298 2866 catholicis
2324 2810 2520 2880 stragis
2552 2809 2847 2864 Donatista:
2863 2810 3060 2866 ducere
3086 2811 3378 2880 potuerint,
3402 2811 3548 2880 quod

1957 2891 2134 2938 tamen
2189 2884 2435 2947 innuere,
2467 2895 2793 2954 causamque
2842 2883 2980 2937 hanc
3012 2882 3334 2954 suspicionis
3359 2892 3415 2938 et
3457 2898 3549 2938 ca-

1955 2954 2173 3010 lumnia:
2223 2955 2449 3010 reddere
2482 2953 2693 3009 videtur
2735 2952 2983 3024 Optatus.
3036 2952 3164 3011 Scio
3203 2966 3419 3010 exstare
3449 2956 3548 3009 ali-

1953 3036 2084 3096 quot
2114 3025 2361 3082 Canones
2387 3027 2477 3096 qui
2509 3035 2715 3092 vetant,
2747 3027 2975 3082 fortasse
3019 3037 3073 3082 et
3123 3028 3330 3096 aliquot
3380 3028 3549 3097 impeo

1955 3111 2190 3154 ratorum
2224 3099 2391 3168 leges.
2429 3099 2479 3153 ld
2514 3109 2690 3153 tamen
2737 3099 2790 3153 in
2818 3098 3084 3154 Africanis
3113 3098 3395 3163 Ecclesiis,
3438 3114 3544 3154 non

1955 3171 2092 3224 ultra
2121 3170 2421 3226 obtinuisse
2449 3171 2719 3240 suspicor,
2743 3187 2902 3238 quam
2934 3180 2992 3225 ut
3021 3173 3136 3226 sine
3183 3171 3548 3240 pertuissionc

1952 3241 2193 3312 episcopi
2244 3259 2349 3298 non
2385 3245 2592 3298 liceret.
2621 3243 2774 3310 Quod
2823 3251 2932 3297 tum
2982 3243 3071 3297 hic
3113 3241 3376 3312 Optatus,
3430 3251 3541 3296 tum

1951 3313 2284 3383 Augustinus
2313 3315 2376 3368 de
2402 3312 2539 3368 Cura
2577 3330 2668 3381 pro
2699 3315 2936 3376 mortuis,
2965 3331 3072 3368 non
3120 3315 3370 3378 obscure,
3419 3329 3543 3370 meo

1949 3387 2164 3455 quidem
2192 3386 2419 3456 judicio,
2449 3385 2810 3440 subiudicant.
2854 3386 3202 3455 Armogastes
3229 3387 3372 3454 apud
3399 3385 3541 3441 Vict.

1950 3456 2091 3512 Utic.
2125 3455 2216 3512 lib.
2250 3474 2290 3523 ι,
2331 3473 2451 3512 cum
2495 3455 2728 3512 Felicem
2761 3469 2976 3527 rogaret
3024 3458 3335 3523 moriturus,
3384 3465 3440 3510 ut
3484 3473 3545 3514 se

1950 3530 2051 3582 sub
2108 3528 2316 3597 siliqua:
2361 3531 2555 3584 arbore
2603 3527 2836 3597 sepelire
2884 3528 3214 3597 dignaretur,
3263 3529 3541 3596 respondit

1950 3599 2100 3654 Felix
2133 3617 2146 3652 :
2176 3597 2307 3655 absit
2337 3618 2369 3654 a
2396 3599 2559 3661 vobis,
2583 3597 2858 3670 Confessor
2897 3599 3221 3667 venerabilis;
3266 3599 3357 3655 sed
3398 3617 3543 3667 sepe-

1950 3671 2074 3725 liam
2103 3681 2150 3725 te
2191 3673 2244 3724 in
2281 3688 2387 3724 una
2424 3669 2788 3743 Basilicarum,
2834 3687 2953 3743 cum,
2995 3671 3256 3743 triumpho
3299 3681 3345 3724 et
3373 3673 3544 3743 gratia

1986 3759 2104 3795 nam
2153 3745 2380 3796 mereris.
2431 3742 2486 3796 In
2535 3743 2670 3796 urbe
2717 3752 2894 3798 autem
2931 3741 3085 3797 intra
3134 3739 3339 3808 muros,
3375 3739 3542 3798 'ncfas

1975 3813 2136 3875 uisse.
2191 3824 2384 3883 praeter
2435 3829 2655 3883 paucos,
2684 3828 2823 3884 quos
2870 3830 3009 3869 nexu
3057 3817 3360 3869 communis
3406 3815 3541 3885 legis

1949 3885 2185 3955 speciale
2218 3885 2550 3956 privilegium
2594 3893 2891 3950 exemerat,
2940 3900 3264 3955 quemquam
3309 3886 3541 3949 sepelire

1950 3972 2047 4026 per
2069 3956 2340 4011 Romanas
2370 3955 2539 4027 leges,
2576 3956 2661 4012 vel
2697 3971 2818 4026 qua:
2861 3965 3072 4011 exstant
3116 3955 3278 4011 hodie
3324 3956 3540 4011 abunde

1951 4029 2108 4082 fidem
2158 4027 2380 4084 faciunt.
2437 4027 2593 4094 Quod
2644 4028 2744 4082 etsi
2792 4029 2973 4082 statim
3032 4039 3154 4098 post
3202 4028 3541 4082 Constantini

1952 4112 2191 4170 tempora
2220 4101 2382 4167 C(Bpit
2413 4101 2745 4166 exolescere,
2793 4099 3115 4166 tandemque
3149 4100 3359 4168 penitus
3401 4100 3540 4170 legi-

1952 4171 2050 4225 bus
2084 4172 2453 4240 imperialibus
2476 4172 2789 4242 abrogatum
2810 4171 3130 4235 est,diutius
3161 4182 3337 4226 tamen
3369 4173 3539 4226 multo

1950 4243 2070 4298 aliis
2097 4244 2147 4296 in
2178 4243 2332 4307 locis,
2361 4253 2418 4297 ut
2445 4245 2496 4298 in
2528 4243 2716 4299 Gallia:
2741 4242 3070 4307 civitatibus,
3116 4242 3276 4296 etiam
3324 4252 3378 4296 et
3421 4241 3538 4298 An-

1949 4315 2071 4382 glia:
2119 4325 2392 4369 servatum
2441 4323 2545 4371 est.
2595 4314 2702 4370 Sed
2752 4315 2869 4369 haec
2913 4314 3109 4368 obiter.
3158 4313 3312 4380 Quod
3358 4325 3540 4370 autem

1952 4385 2212 4440 Baronius
2239 4403 2330 4440 an.
2360 4384 2460 4440 Ch.
2493 4387 2618 4450 509,
2646 4385 2703 4449 4,
2733 4403 2799 4440 ex
2826 4385 2919 4439 lib.
2951 4385 3018 4439 de
3046 4384 3202 4440 Rom.
3235 4385 3538 4441 Pontilicib.

1952 4457 2120 4521 elicit,
2153 4457 2409 4512 Ecclesia).
2441 4457 2597 4511 Rern.
2644 4472 2672 4509 a
2704 4457 2991 4515 Maxentio.
3026 4456 3329 4511 Maximiani
3379 4457 3540 4524 Filio,

1947 4528 2057 4597 jam
2106 4539 2217 4582 tum
2263 4543 2580 4584 concessum
2631 4527 2816 4591 fuisse,
2865 4536 2921 4580 ut
2951 4541 3177 4596 Corpora
3205 4529 3542 4584 Christiano—

1952 4616 2070 4672 rum
2123 4612 2416 4672 martyrum
2461 4603 2597 4654 intra
2643 4600 2830 4654 urbem
2879 4598 3109 4672 sepelire
3156 4600 3284 4672 ipsis
3333 4600 3543 4668 liceret,

237 4668 503 4728 tumulum
533 4673 698 4726 noluit
719 4673 842 4742 quid
871 4668 1060 4737 statui,
1094 4672 1192 4724 nisi
1216 4671 1541 4742 columellam
1568 4668 1727 4742 tribus
1765 4671 1846 4724 di-
1872 4672 1923 4732 D
1950 4671 2124 4726 donec
2152 4668 2366 4726 aliunde.
2405 4674 2774 4734 confirmetur,
2813 4668 3090 4742 probabile
3134 4671 3265 4724 mihi
3314 4687 3420 4726 non
3466 4673 3546 4726 vi-

236 4747 363 4817 gilis
394 4763 496 4799 non
525 4740 794 4810 altiorem,
825 4755 913 4797 aut
949 4759 1176 4797 mensam
1201 4752 1289 4795 aut
1321 4740 1580 4817 labellum.
1616 4741 1843 4796 Suorum

237 4812 462 4878 autem,
513 4825 570 4871 ut
616 4817 910 4886 putabant,
962 4828 1257 4886 martyrum
1307 4812 1569 4886 sepulcris
1617 4828 1739 4886 aras
1793 4824 1850 4870 et

239 4903 462 4944 mensas
491 4884 766 4958 impositas
788 4884 1178 4941 dealbaverant
1194 4885 1504 4958 Donatistte,
1525 4892 1583 4936 ut
1609 4884 1846 4941 notiores

239 4972 295 5017 et
314 4955 640 5031 insigniores
663 4968 848 5015 essent
865 4999 879 5025 ,
908 4967 1112 5029 utquea
1132 4958 1346 5012 cmteris
1365 4955 1842 5080 disﬁiuguereutur.

1476 5042 1508 5080 υ
1536 5042 1640 5080 pm.

1476 5042 1508 5082 υ
1536 5042 1640 5082 PIN.

313 5103 437 5176 (79)
466 5101 530 5156 In
553 5101 812 5176 Basilicis.
845 5100 1107 5176 Loquitur
1134 5099 1200 5154 de
1222 5098 1784 5176 Circumcellionibus
1815 5106 1846 5156 a

239 5171 484 5232 Taurino
537 5175 732 5230 occisis
751 5215 765 5239 ,
812 5187 918 5228 non
948 5171 989 5226 'a
1018 5173 1248 5226 Macario
1277 5189 1290 5224 :
1332 5185 1468 5240 quos
1497 5180 1556 5222 ut
1596 5171 1846 5227 ostendat

242 5249 483 5301 furiosos
513 5246 678 5302 fuisse
703 5257 753 5299 'et
791 5246 1048 5308 insanos,
1102 5245 1177 5297 ait
1217 5240 1536 5298 Sabulensis
1583 5243 1684 5296 loci
1731 5243 1850 5310 cpi--

241 5335 469 5388 Sropum
509 5319 840 5372 Donatislam
868 5315 1201 5386 sepulturam
1229 5313 1309 5369 eis
1336 5314 1386 5368 in
1415 5312 1653 5368 Ecclesia
1683 5313 1852 5370 dene-

241 5405 423 5462 gasse.
455 5392 682 5462 A_I.BASP.

316 5461 436 5534 (80)
476 5460 797 5534 Insepultam
833 5456 1384 5534 faceret‘sepulluram.
1419 5455 1490 5514 Ut
1517 5456 1584 5511 ab
1613 5457 1852 5514 Ecclesia

243 5529 559 5604 sepulturas
588 5534 708 5587 illas
734 5529 975 5600 ejiceret.
1009 5529 1237 5604 ALBASP.

321 5597 439 5679 (81)
481 5597 802 5679 Insepultam
835 5607 1024 5679 faceret
1046 5603 1382 5679 sepulturam.
1411 5597 1482 5655 Ut
1524 5599 1852 5679 corpusbu-

246 5673 454 5736 malum
487 5686 578 5730 aut
619 5693 742 5729 mox
781 5673 1113 5728 humandum
1147 5675 1467 5726 exhutnarct
1516 5682 1604 5724 aut
1653 5673 1856 5741 ahjice-

246 5762 353 5807 ret.
409 5749 484 5802 Du
518 5749 635 5802 PIN.
663 5747 759 5801 Est
786 5747 1012 5802 imitatio
1044 5742 1325 5804 Ciceronis,
1369 5743 1456 5810 qui
1521 5743 1571 5797 in
1604 5743 1622 5797 1
1653 5742 1858 5813 Philip-

249 5825 374 5893 pica
423 5820 490 5893 de
527 5817 719 5893 funere
761 5817 891 5893 Julii
919 5814 1165 5893 Catsaris,
1202 5831 1248 5868 c.
1279 5817 1351 5868 2:
1396 5813 1526 5893 Cum
1557 5829 1776 5893 serperet
1806 5818 1858 5871 in

258 5887 404 5950 Urbe
446 5892 702 5960 inﬁnitum
750 5891 968 5956 malum,
999 5887 1152 5955 idque
1176 5895 1406 5941 manaret
1452 5887 1503 5940 in
1546 5887 1653 5941 dies
1680 5888 1857 5958 latius,

1952 4743 2145 4808 detur;
2186 4753 2292 4796 tam
2325 4753 2542 4798 recente
2568 4742 2742 4795 adhuc
2775 4741 3090 4795 Diocletiani
3137 4752 3191 4796 et
3235 4743 3544 4798 Maximiani

1953 4815 2088 4884 lege,
2140 4831 2260 4884 qum
2292 4824 2398 4868 tam
2432 4814 2552 4868 aliis
2583 4815 2835 4869 omnibus
2860 4827 3042 4884 quam
3093 4810 3414 4869 Christianis
3462 4817 3548 4869 in-

1951 4882 2268 4942 terdicebat.
2304 4887 2372 4941 M.
2403 4884 2633 4942 Casum.
2859 4882 2874 4896 ’

2025 4956 2142 5028 (85)
2185 4956 2334 5013 Unde
2359 4959 2619 5028 proditum
2647 4968 2717 5012 est
2748 4956 3046 5011 mandatum
3073 4956 3234 5027 fuisse
3270 4957 3383 5028 ﬁeri
3410 4959 3549 5024 quod

1953 5031 2144 5099 factum
2183 5039 2274 5084 est.
2311 5031 2446 5084 Hinc
2469 5031 2811 5085 occasionem
2843 5030 3187 5097 arripuerunt
3232 5029 3550 5086 traducendi

1952 5099 2264 5155 Catholicos
2293 5111 2564 5172 tamquam
2611 5102 2772 5157 caedis
2817 5099 3326 5156 Circumcelliouum
3357 5113 3549 5158 aucto-

1953 5186 2060 5226 res.
2097 5173 2173 5227 De
2198 5189 2302 5228 rm.
2425 5223 2430 5228 .

2033 5243 2147 5315 (84)
2187 5244 2407 5312 Quando
2424 5261 2521 5316 nec
2543 5243 2808 5316 sepultura
2835 5245 2887 5298 in
2906 5243 3057 5298 domo
3075 5243 3172 5299 Dei
3189 5245 3416 5300 exhiberi
3430 5262 3553 5299 con-

1959 5331 2102 5370 cessa
2127 5327 2221 5371 est.
2269 5315 2436 5383 Quasi
2466 5315 2710 5371 diceret:
2747 5318 3023 5370 immerito
3067 5317 3290 5370 omnino
3319 5317 3373 5371 id
3420 5318 3554 5370 vitio

1957 5397 2235 5442 verterunt
2265 5387 2555 5442 Catholicis
2582 5387 2901 5452 Douatistm,
2925 5385 3067 5452 quod
3099 5402 3238 5440 unus
3266 5402 3331 5442 ex
3363 5403 3556 5443 eorum

1958 5457 2301 5530 Presbyteris
2327 5459 2804 5515 Circumcelliones
2846 5457 2899 5512 in
2947 5458 3191 5512 Basilicis
3218 5459 3433 5526 sepeliri
3466 5475 3559 5515 re-

1960 5531 2146 5596 tuerit,
2184 5546 2306 5588 cum
2357 5532 2635 5601 sepultura
2686 5533 2737 5585 in
2783 5531 2944 5585 domo
2974 5530 3064 5582 Dei
3095 5547 3197 5582 non
3239 5531 3413 5584 soleat
3439 5547 3561 5599 pas-

1959 5604 2061 5658 sim
2105 5604 2324 5659 concedi
2378 5602 2652 5665 omnibus,
2707 5603 2882 5673 inulto
2918 5602 3096 5655 minus
3145 5601 3421 5657 sceleratis
3467 5603 3561 5673 qui

1961 5675 2156 5729 merito
2182 5674 2461 5730 interfecti
2485 5673 2717 5728 fuerant.
2750 5674 2826 5728 Du
2856 5672 2971 5726 PIN.

2035 5746 2150 5813 (85)
2180 5745 2377 5801 Eorum
2412 5754 2604 5813 postea.
2631 5744 2705 5798 Ex
2741 5745 2825 5799 his
2872 5744 3073 5798 insanis
3099 5741 3293 5814 quibus
3323 5745 3566 5815 scpultu-
3649 5781 3656 5786 -

1962 5833 2076 5872 ram
2128 5818 2434 5888 denegastis
2480 5817 2718 5888 Donatus
2765 5816 3074 5887 Bagaiensis
3103 5817 3308 5870 turbam
3337 5826 3391 5872 et
3417 5819 3562 5874 mili-

1969 5898 2048 5942 tcs
2079 5889 2181 5943 sibi
2209 5887 2461 5943 eunduxit
2493 5887 2750 5944 adversus
2783 5888 3096 5943 Macarinm.
3133 5888 3363 5944 ALBASP'.
