3974 6324
253 316 392 379 tots
1048 310 1139 373 ne
1177 307 1560 373 BCHISMA'I'E
1603 308 2141 377 communem
2179 310 2385 375 Linea
2423 288 2755 375 manus.
3416 317 3557 378 tott

251 445 372 488 nam
394 436 454 487 et
480 427 665 487 vinum
688 442 720 484 a
747 425 1122 500 peccatoribus
1156 425 1421 498 operariis
1450 435 1505 483 et
1541 425 1783 489 calcatur
1807 438 1863 489 et
1888 431 1937 495 Α
1967 438 2051 487 ret
2079 446 2093 484 :
2119 429 2164 487 si
2191 444 2297 489 non
2332 429 2445 504 ω
2468 438 2469 445 ‘
2492 430 2678 490 feriret
2702 474 2717 501 ,
2745 431 3103 507 delinqueret.
3132 434 3324 509 Elegit
3364 438 3561 497 melius

251 522 544 596 premitur;
566 532 623 578 et
646 520 729 577 sic
749 520 875 577 inde
889 519 1002 577 Deo
1026 518 1351 577 sacriﬁcium
1377 516 1604 577 offertur
1635 538 1648 574 :
1678 519 1856 581 oleum
1964 532 2268 596 peccatum,
2297 534 2356 580 ut
2378 533 2685 599 percuteret
2708 543 2722 594 ;
2749 536 2804 584 et
2829 525 2968 584 forte
2993 544 3101 589 non
3132 529 3434 598 defuerant,
3466 532 3557 599 qui

249 632 466 690 quoque
509 632 542 674 a
594 614 832 672 sordidis
860 622 917 671 et
947 613 1221 673 nonnullis
1278 612 1420 670 male
1463 612 1765 671 viventibus
1805 624 1862 677 et
1961 614 2123 687 hujus
2150 616 2228 673 rei
2252 616 2521 675 vindicem
2562 619 2717 690 quasi
2757 619 3080 679 homicidam
3114 632 3305 681 notare
3350 622 3557 681 volnis~

247 708 527 767 immunda
580 706 925 779 loquentibus
969 706 1294 775 coniicitur;
1326 714 1382 761 et
1424 714 1603 765 tamen
1648 706 1764 779 (92)
1802 706 1857 764 in

244 816 464 875 sapore,
505 802 559 857 in
589 799 814 869 lumine,
854 800 1016 857 etiam
1070 799 1123 857 in
1157 807 1347 859 sancto
1371 797 1710 857 cbrismatea
1738 800 1854 875 (95)

242 896 565 969 simpliciter
590 904 864 967 erogatur.

316 990 382 1049 V.
408 990 743 1047 Excusantur
760 989 985 1062 operarii
1026 988 1259 1055 unitatis,
1291 986 1429 1059 quod
1465 987 1702 1059 asperius
1735 1001 1852 1058 ege-

243 1085 373 1141 rint.
405 1115 477 1126 —
499 1083 790 1156 Operarios
816 1082 1039 1139 unitatis
1064 1083 1239 1139 malos
1269 1081 1435 1140 fuisse
1462 1081 1680 1142 dicitis:
1716 1081 1853 1137 forte

239 1193 366 1237 cum
409 1178 691 1239 voluntate
733 1175 852 1244 Dei,
884 1175 973 1233 cui
1004 1190 1408 1247 nonnumquam
1430 1174 1459 1214 ι)
1488 1175 1663 1247 placet
1687 1174 1851 1233 etiam

237 1272 386 1346 quod
427 1272 498 1328 ab
545 1271 666 1342 ipso
705 1272 879 1343 potuit
919 1270 1217 1342 prohiberi.
1266 1270 1397 1327 Nam
1426 1270 1677 1344 quaedam
1709 1268 1851 1333 male

236 1368 383 1425 male
421 1366 555 1425 ﬁunt
583 1383 597 1421 :
626 1364 875 1438 quaedam
922 1366 1064 1422 mala
1105 1365 1249 1422 bene
1275 1365 1429 1421 ﬁunt.
1481 1365 1679 1421 Malum
1708 1364 1851 1423 male

236 1463 383 1520 latro
408 1461 582 1519 facit:
628 1461 832 1518 malum
872 1459 1012 1516 bene
1037 1459 1202 1531 judex
1250 1459 1399 1529 facit,
1446 1459 1576 1517 dum
1607 1458 1850 1516 vindicat

231 1553 380 1626 quod
426 1554 569 1611 latro
595 1553 858 1625 peccavit.
906 1552 1040 1607 Nam
1069 1552 1188 1608 haec
1215 1552 1308 1608 Dei
1340 1568 1446 1609 vox
1471 1562 1555 1609 est
1585 1569 1597 1605 :
1631 1568 1732 1607 non
1758 1566 1843 1606 oc.

227 1644 599 1720 cities(Ezod.
631 1661 724 1711 xx,
754 1642 887 1717 15):
921 1652 979 1701 et
1006 1644 1177 1715 ipsius
1221 1659 1322 1699 vox
1362 1654 1447 1701 est
1477 1654 1500 1683 ο
1542 1644 1631 1705 :si
1669 1645 1848 1699 inven-

232 1750 319 1796 tus
349 1741 510 1813 fuerit
533 1738 708 1804 homo,
740 1738 1001 1793 dormiens
1030 1753 1148 1794 cum
1174 1736 1392 1793 muliere
1431 1737 1650 1793 habente
1685 1737 1847 1792 mari-

1959 719 2106 769 sent.
2125 710 2234 767 Sed
2257 711 2651 770 utostenderet
2677 713 2842 781 Deus,
2871 714 3051 787 aliqua
3082 716 3224 775 mala
3243 716 3384 775 bene
3415 717 3554 785 ﬁeri.

1958 803 2174 861 locutus
2219 812 2303 861 est
2345 804 2530 865 dicens
2579 822 2593 860 :
2644 804 2877 864 Phineas
2916 809 3166 883 mitigavit
3213 812 3348 869 iram
3388 828 3555 875 meam
3622 812 3625 823 '

1957 894 2146 970 (Num.
2185 913 2310 965 xxv,
2339 893 2474 969 ll):
2521 906 2577 955 et
2620 898 2821 969 placuit
2868 900 2979 957 Deo
3025 901 3397 974 homicidium,
3428 906 3553 977 quia

1955 988 2285 1046 vindicatum
2328 999 2415 1046 est
2452 990 2799 1048 adulterium.
2847 992 2987 1061 Quid
3032 996 3079 1053 si
3134 1005 3190 1055 et
3227 997 3389 1055 modo
3441 999 3552 1056 Deo

1954 1081 2179 1155 placuit,
2225 1082 2370 1155 quod
2396 1097 2587 1155 passos
2615 1098 2713 1140 vos
2735 1099 2856 1143 esse
2898 1086 3100 1157 dicitis,
3151 1091 3240 1161 qui
3287 1091 3546 1157 unitatem

1953 1189 2075 1231 cum
2106 1182 2222 1231 toto
2251 1175 2383 1233 orbe
2412 1185 2677 1239 terrarum
2706 1188 2760 1235 et
2788 1178 2902 1253 (95)
2942 1186 3063 1239 cum
3105 1185 3381 1241 memoriis
3421 1200 3551 1256 apo-

1953 1269 2237 1338 stolorum,
2267 1286 2387 1343 quae
2416 1272 2524 1328 Deo
2553 1274 2750 1345 placita
2779 1283 2862 1331 est
2892 1285 2938 1344 ε,
2975 1275 3178 1334 habere
3205 1280 3471 1336 noluistis.
3519 1256 3527 1263 ’

2023 1361 2112 1418 VI.
2154 1363 2413 1420 Adversus
2439 1364 2830 1422 Donatistarum
2856 1366 3337 1443 Pseudomartgres.
3365 1404 3436 1414 —
3463 1372 3548 1429 In-

1950 1454 2092 1511 vitus
2119 1470 2284 1527 cogor
2315 1457 2417 1513 hoc
2454 1457 2573 1513 loco
2604 1459 2765 1514 etiam
2818 1460 3030 1521 illorum
3055 1503 3071 1532 ,
3119 1479 3351 1535 quorum
3392 1466 3546 1534 nolo,

1951 1549 2228 1606 hominum
2261 1548 2440 1606 lacere
2467 1552 2829 1621 mentionem,
2876 1569 3011 1626 quos
3044 1571 3142 1611 vos
3170 1556 3311 1615 inter
3336 1571 3543 1627 marty-

1950 1657 2038 1698 res
2066 1642 2262 1712 ponitis
2290 1660 2302 1697 :
2350 1658 2450 1713 per
2477 1658 2612 1714 quos
2641 1652 2912 1715 tamquam
2944 1645 3061 1719 (96)
3094 1662 3190 1719 per
3216 1648 3429 1709 unicam
3462 1666 3547 1708 re-

1949 1738 2227 1810 ligionem,
2253 1746 2449 1794 vestra:
2469 1739 2863 1795 communionis
2890 1740 3137 1799 homines
3158 1743 3367 1815 jurant.
3397 1746 3545 1813 Quos

228 1844 363 1902 tum,
391 1832 643 1889 occideris
668 1841 928 1904 utrosque
954 1829 1140 1904 (Deut.
1169 1847 1305 1899 uti,
1331 1829 1450 1905 22).
1487 1828 1514 1868 ἀ
1544 1830 1664 1906 (94)
1692 1831 1845 1889 Unus
1874 1831 1923 1893 B
1949 1829 2169 1902 Quidem
2199 1830 2396 1887 vellem
2427 1830 2642 1888 silentio
2672 1832 2969 1903 praeterire,
3002 1834 3102 1891 sed
3130 1836 3270 1891 ratio
3297 1839 3545 1895 veritatis

227 1928 403 1995 Deus,
437 1935 494 1984 et
519 1926 641 1982 duae
666 1926 901 1983 diversae
934 1939 1116 1982 voces.
1146 1925 1384 1997 Denique
1412 1940 1534 1981 cum
1584 1924 1841 1993 Phineas,

225 2021 380 2078 ﬁlius
408 2018 734 2086 sacerdotis,
765 2019 1072 2075 adulterum
1116 2033 1237 2075 cum
1277 2018 1526 2075 adultera
1548 2017 1841 2087 inveniret,

230 2114 441 2173 levavit
467 2128 590 2171 cum
634 2111 813 2184 gladio
855 2127 1099 2178 manum,
1128 2119 1183 2168 et
1206 2112 1346 2169 inter
1387 2111 1523 2168 duas
1554 2126 1717 2168 voces
1745 2111 1841 2169 Dei

223 2205 429 2263 dubius
469 2204 660 2265 stetit:
707 2204 836 2261 hinc
878 2203 946 2259 ad
972 2204 1122 2261 illum
1154 2203 1407 2273 sonabat,
1434 2220 1538 2260 non
1585 2201 1789 2277 occides
1820 2216 1841 2257 :

223 2298 360 2358 inde
400 2298 654 2367 sonabat,
684 2297 929 2353 oecidctis
970 2305 1210 2369 utrosque
1243 2337 1257 2352 .
1291 2295 1347 2353 Si
1379 2295 1590 2368 feriret,
1644 2312 1837 2373 pecca-

1947 1939 2007 1979 se
2052 1922 2197 1979 sileri
2250 1938 2357 1979 non
2408 1924 2643 1994 patitur:
2696 1932 2751 1981 et
2797 1940 2864 1981 ex
2910 1926 3043 1996 ipsis
3079 1926 3196 2000 (97)
3234 1928 3544 1985 nominibus

1944 2028 2134 2073 contra
2181 2015 2445 2072 unitatem
2493 2016 2890 2075 inconsiderate
2927 2019 3112 2077 rabida
3147 2018 3166 2059 ί
3215 2021 3375 2077 latrat
3407 2021 3545 2078 invi-

1944 2108 2064 2178 dia,
2101 2118 2156 2165 et
2194 2108 2696 2182 (98).aspernantes
2737 2109 2903 2182 aliqui
2946 2112 3308 2173 accusandam
3337 2123 3430 2170 aut
3460 2115 3543 2171 lu.

1943 2200 2190 2272 giendam
2222 2200 2491 2257 aestimant
2523 2200 2785 2261 unitatem
2811 2243 2828 2271 ,
2879 2202 3024 2275 quod
3052 2202 3319 2267 Marculus
3344 2215 3400 2261 et
3431 2206 3538 2261 Do-

1942 2303 2099 2351 natus
2128 2292 2243 2367 (99)
2269 2292 2517 2353 dicantur
2545 2294 2709 2353 occisi
2738 2302 2795 2352 et
2836 2297 3055 2359 mortui.
3104 2297 3271 2373 Quasi
3317 2302 3539 2361 omnino

1459 2428 1843 2507 LECTIDNES
1871 2426 2289 2488 VARIANTES.

287 2550 317 2580 ⁸
357 2547 416 2601 In
434 2547 599 2612 mars.
621 2545 680 2599 Τ.
705 2543 760 2612 in
791 2529 957 2598 sancto
978 2542 1272 2612 chrismatis,
1300 2546 1351 2596 in
1392 2557 1484 2598 ms.
1509 2543 1566 2596 S.
1583 2543 1643 2595 Ρ.
1688 2544 1739 2596 in
1757 2559 1840 2597 sa-

218 2618 477 2665 crmnento
492 2608 787 2662 chrismatis.

279 2677 312 2717 ιι
341 2675 398 2727 In
421 2688 515 2727 ms.
537 2674 591 2725 S.
619 2673 679 2725 'l'.
699 2680 751 2725 et
772 2672 830 2723 P.
856 2672 911 2723 S.
935 2684 1216 2737 numquam,
1235 2670 1323 2722 sed
1350 2681 1631 2737 perperam.

290 2741 317 2771 ε
345 2735 619 2787 Additurin
639 2748 732 2786 ms.
757 2734 808 2786 S.
833 2734 892 2786 G.
909 2732 963 2786 in
987 2732 1109 2786 libro
1128 2728 1351 2785 Leuitico.

283 2800 316 2843 ει
346 2800 439 2850 Hic
462 2798 591 2850 male
613 2800 899 2850 inseruntur
917 2798 968 2848 in
988 2812 1082 2849 ms.
1107 2797 1162 2847 S.
1187 2796 1246 2848 Τ.
1274 2798 1381 2848 hac
1414 2796 1570 2848 verba
1589 2795 1620 2847 Ι
1624 2808 1658 2848 tt
1678 2790 1840 2860 primo

1946 2541 2073 2617 libro
2093 2552 2377 2617 regnorum,
2401 2556 2514 2605 quae
2536 2554 2645 2617 non
2663 2550 2926 2617 occurrunt
2947 2546 2999 2597 in
3036 2560 3154 2599 mss.
3179 2549 3232 2602 S.
3258 2551 3315 2603 G.
3340 2558 3391 2603 et
3410 2552 3467 2601 P.
3489 2551 3542 2602 S.

1945 2613 2234 2717 “eam
2245 2607 2869 2733 e°r°era“§”;"ta.
2883 2678 2993 2725 ,ηηι

2011 2682 2035 2699 υ
2064 2682 2115 2716 tn
2134 2682 2250 2717 mss.
2276 2682 2329 2716 δ.
2358 2682 2415 2718 ι.
2442 2682 2495 2719 et
2513 2682 2569 2718 ι’.
2596 2682 2647 2719 δ.
2674 2682 2869 2733 ptacua:
2883 2682 3010 2725 sunt.

2011 2728 2031 2769 ῐ
2057 2724 2163 2780 Hoc
2182 2728 2459 2793 epithetum
2477 2731 2748 2793 adjecimus
2769 2745 2834 2783 ex
2855 2746 2951 2784 ms.
2976 2732 3027 2786 S.
3055 2734 3113 2786 ϐ.
3182 2751 3187 2757 '

1554 2899 1923 2985 VABIORUM
1952 2898 2184 2957 nam.

291 2999 419 3077 (92)
446 3000 516 3059 Et
539 3009 709 3058 tamen
750 2999 806 3056 in
847 3016 1054 3077 sapore,
1096 3001 1152 3077 in
1198 3000 1436 3077 luntin3,_
1461 3005 1571 3077 etc.
1617 2994 1836 3077 Priorcs

216 3068 498 3133 editiones
530 3091 545 3129 :
569 3082 621 3129 et
646 3082 817 3128 tamen
840 3068 1012 3142 liquor
1035 3074 1092 3129 in
1116 3072 1331 3137 lumine,
1366 3071 1526 3127 etiam
1548 3068 1605 3124 in
1631 3076 1831 3142 saneto,

217 3159 334 3205 etc.
386 3146 520 3205 Cum
564 3148 684 3202 sine
729 3138 926 3200 sensus
971 3143 1275 3215 dispendio,
1330 3152 1617 3215 utrumque
1665 3138 1834 3215 possit

1942 2995 2124 3072 cilius,
2173 3001 2232 3049 et
2270 2992 2661 3072 lnjusta_sede
2699 2996 3014 3072 deturbare,
3060 3013 3222 3072 quam
3272 3002 3539 3070 divinare,

1943 3066 2086 3143 unde
2134 3075 2228 3143 aut
2274 3081 2378 3136 qua
2429 3067 2659 3143 primum
2701 3066 3007 3143 occasione
3035 3066 3379 3143 irrcjtserint.
3411 3066 3542 3133 Mihi

1942 3138 2134 3221 saltem
2151 3135 2268 3221 hoc
2294 3135 2634 3221 occurrebat,
2665 3142 2796 3221 quia
2821 3142 3052 3201 Pltinees
3079 3135 3205 3203 mox
3229 3147 3536 3221 tumentia,

219 3202 388 3302 ferri,
423 3202 676 3302 conjungi
704 3230 836 3271 vero
859 3224 917 3299 et
940 3202 1151 3299 .vari'ari
1208 3202 1312 3270 non
1343 3230 1450 3302 uno
1482 3202 1833 3302 modo-[vaccinia
1861 3202 1905 3271 C
1940 3209 2083 3302 quod
2113 3207 2276 3290 etiam
2306 3224 2503 3302 nomen
2540 3202 2713 3280 primo
2730 3210 2962 3302 “liegum
3006 3230 3111 3302 non
3143 3202 3539 3287 semélﬂbfcﬁii}:

214 3280 460 3364 possint,
491 3280 952 3364 eine'opescripti
1002 3301 1166 3341 manu
1214 3285 1563 3364 exemplaris,
1586 3280 1828 3364 difficile

220 3355 362 3434 puto
390 3355 457 3434 de
476 3374 614 3434 vera
642 3355 1169 3434 lectione‘statuere,
1220 3357 1539 3434 nec_minnns
1584 3355 1825 3434 ineptum

215 3426 390 3491 valde
416 3432 690 3506 laborare.
738 3429 845 3506 Sed
876 3445 999 3489 cum
1025 3429 1093 3486 de
1120 3429 1245 3485 vino
1272 3428 1446 3506 prius,
1491 3426 1716 3506 Optatus
1735 3438 1827 3506 sa-

214 3521 378 3562 crum
426 3503 707 3558 dumtaxat
749 3501 866 3571 ejus
918 3516 1094 3568 usum,
1145 3496 1305 3572 quem
1357 3496 1619 3572 habetin
1668 3496 1829 3566 Spiri-

217 3577 359 3634 tuali
388 3573 744 3631 Eucharisdze
773 3570 1038 3627 sacriﬁcio
1066 3570 1526 3634 commemorarit,
1557 3583 1664 3623 non
1698 3577 1825 3636 puto

214 3665 348 3706 eum
382 3649 487 3703 o‘ei
518 3663 673 3703 usum
702 3655 860 3705 extra
891 3658 1068 3710 sacra,
1103 3644 1268 3698 ullum
1311 3644 1579 3712 attingere
1624 3637 1827 3712 voluis-

213 3736 295 3777 se.
337 3720 471 3786 Quis
494 3729 679 3773 autem
726 3715 832 3771 olei
882 3714 949 3769 sit
996 3706 1172 3782 sacer,
1220 3728 1407 3786 sapor,
1434 3706 1639 3786 ignoro,
1690 3706 1823 3786 ﬁam

215 3802 274 3847 ut
315 3780 482 3865 sapor
526 3790 606 3865 sil
634 3789 725 3865 llic
752 3788 1085 3865 Erraooptuov
1115 3780 1376 3865 qttztsi'sii
1393 3780 1560 3865 ὀᾳξιήν
1588 3780 1821 3847 εὐωδίας,

215 3807 274 3847 nl
315 3807 482 3863 sapor
526 3807 599 3845 Sll
639 3807 725 3843 tttc
752 3807 1085 3865 μεταφορικον
1115 3807 1269 3869 (ιψιει
1300 3807 1370 3851 τις
1393 3807 1560 3909 οσΓην
1588 3807 1821 3847 ευωοιας,

214 3864 301 3920 vel
362 3863 474 3918 tale
518 3860 647 3932 quid
696 3859 877 3927 vellet,
911 3876 979 3915 tte
1010 3856 1309 3932 idgqntdem
1350 3855 1506 3932 faeie
1536 3868 1823 3909 concesso.

211 3938 346 3991 rim.
379 3933 435 3989 ln
465 3927 659 3987 lumine
684 3942 861 3986 autem
894 3942 947 3985 et
978 3927 1274 3997 chrismate,
1298 3927 1387 3999 qui
1415 3928 1547 3983 olim
1579 3934 1635 3980 et
1663 3939 1825 3999 quam

211 4005 507 4075 multiplex
540 4018 667 4060 usus
698 4002 827 4068 olei,
855 4002 987 4075 satis
1014 4010 1204 4075 notum
1233 3996 1336 4059 est}
1366 3998 1471 4073 Sed
1493 4013 1618 4075 _non_
1632 3996 1822 4075 eadem

212 4065 439 4147 semper
500 4077 553 4131 in
603 4065 855 4147 omnibus
900 4072 1160 4147 Ecclesiis
1209 4068 1544 4147 consuetudo
1594 4068 1710 4147 fuit.
1765 4065 1821 4121 ln

212 4140 404 4205 Alrica
438 4156 618 4203 autem
662 4144 853 4201 Victor
900 4142 1169 4200 Uticensis
1216 4143 1308 4197 lib.
1354 4158 1412 4207 tt,
1464 4140 1728 4208 lampades
1774 4147 1824 4193 et

214 4236 418 4288 cereos,
465 4227 525 4276 ut
568 4218 790 4274 solitum
838 4215 1192 4288 ecclesiarum
1238 4222 1487 4288 ornatum
1537 4214 1683 4288 inter
1719 4211 1822 4288 alia

212 4281 489 4358 meminit;
537 4290 581 4346 si
628 4290 747 4361 quis
779 4287 1190 4361 subtilior__esse
1222 4285 1371 4350 velit,
1407 4299 1502 4355 per
1528 4281 1825 4361 lumen_ba-

213 4352 669 4436 ptisminm'gquem
698 4367 802 4436 φῶς
841 4370 987 4436 [θριο
1010 4357 1120 4436 dici
1153 4357 1310 4412 docet
1349 4352 1567 4436 sanctus
1689 4352 1823 4409 Gre-

212 4425 339 4505 gor.
374 4425 630 4491 Nazianz.
661 4425 733 4494 si}
753 4431 811 4506 τῤ
830 4430 977 4506 (ἅγιον
998 4429 1271 4506 βάπτισμα
1296 4428 1464 4506 possit
1496 4425 1818 4506 intelligere.

213 4496 355 4578 Ejus
384 4507 564 4561 varios
595 4505 732 4578 ritus
777 4496 1009 4578 Dionysi
1051 4496 1275 4578 Are_oj_t.,
1299 4496 1533 4578 Cyrillus
1564 4496 1817 4551 Hieroso-

213 4570 355 4652 lfm.
400 4584 599 4652 praeter
627 4570 1084 4652 alios_cx_plicant.
1137 4570 1309 4652 Aliter
1341 4577 1517 4623 tamen
1540 4584 1650 4652 ego
1690 4582 1818 4622 cen-

213 4639 337 4707 s'eo.
391 4639 499 4706 Sed
542 4639 1051 4719 nequexbrcbrisma
1077 4642 1219 4719 quod
1250 4642 1337 4719 hic
1371 4639 1683 4719 preprieode
1730 4654 1822 4719 un-

211 4722 424 4787 ctione,
453 4735 575 4795 quze
613 4709 727 4795 ,ἕατ’
766 4718 954 4795 ἔξοχήν
995 4709 1218 4795 χρίσμα,
1256 4713 1322 4768 de
1348 4709 1452 4783 qua
1475 4709 1741 4795 (lyrinus
1767 4709 1821 4793 in

216 4783 606 4866 mystagogicis
650 4783 911 4866 singulari
953 4783 1150 4857 capite,
1186 4802 1280 4843 seu
1312 4789 1618 4866 κατηχήσει,
1650 4783 1743 4838 sed
1769 4783 1821 4837 in

213 4860 429 4936 genere
455 4863 523 4921 de
546 4861 737 4934 quavis
768 4860 1222 4936 unctionesacra,
1258 4873 1378 4928 quae
1418 4862 1544 4912 olim
1572 4874 1603 4913 a
1634 4865 1823 4919 vetere

218 4932 469 4993 Ecclesia
502 4932 753 5002 usurpata
784 4941 887 4988 est.
913 4932 983 4987 Μ.
1015 4933 1246 4987 Casus.

294 5007 417 5089 (9?)
439 5003 509 5089 η
538 5022 742 5089 δαρονε,
784 5004 839 5057 in
862 5003 1062 5089 Lumine
1087 5005 1241 5058 etiam
1264 5003 1315 5089 in
1338 5014 1512 5089 sancto
1551 5003 1823 5087 chrismate

216 5075 528 5152 simpliciter
552 5075 819 5152 erogatur.
862 5075 938 5130 Eo
969 5075 1462 5152 innocue_utuntur
1495 5078 1739 5152 ltou‘tines
1757 5079 1822 5152 _in

217 5147 732 5278 gondimentisfin
788 5147 1059 5217 lucernis,
1112 5148 1162 5203 in
1216 5147 1348 5218 ipsis
1402 5147 1699 5220 mysteriis.
1755 5148 1833 5204 Du

266 5239 347 5278 ut.

266 5239 347 5279 ιδ.

300 5292 422 5366 (94)
456 5290 523 5349 In
548 5292 715 5366 primo
738 5291 875 5366 libro
906 5289 1199 5366 Regnorum
1227 5288 1550 5366 unusDeus,
1580 5299 1686 5348 etc.
1716 5290 1835 5366 Non

224 5362 452 5433 possunt
499 5362 631 5421 satis
686 5362 943 5418 admirari
983 5362 1284 5433 'doctortnn
1338 5364 1578 5419 virorum
1628 5363 1835 5433 patien-

223 5430 383 5501 iiam,
426 5437 516 5504 qui
567 5436 985 5505 ineptissimam,
1018 5434 1062 5491 si
1108 5430 1235 5503 quid
1284 5449 1385 5505 ego
1417 5435 1595 5501 video,
1630 5430 1835 5491 'Icctio-

224 5523 378 5570 nem.
428 5516 485 5563 et
532 5508 725 5578 quovis
769 5505 1047 5562 ainandari
1079 5506 1294 5576 dignam
1341 5506 1546 5561 tamdiu
1595 5505 1832 5562 retinere

225 5577 631 5635 sustinuerunt.
682 5577 854 5648 Quem
898 5581 1039 5637 enim
1069 5593 1133 5633 ex
1168 5580 1252 5633 bis
1292 5592 1514 5633 sensum
1540 5578 1834 5635 eruanms?

226 5666 403 5722 quem
429 5653 510 5705 vel
561 5649 982 5722 snbodoretnur,
1020 5659 1077 5703 ut
1124 5665 1267 5704 nunc
1311 5648 1545 5722 habent?
1592 5648 1744 5722 Quod
1789 5650 1834 5706 si

230 5719 638 5788 ineptissimum
671 5721 799 5776 illud
832 5721 1127 5791 glossema,
1159 5722 1213 5775 in
1261 5721 1423 5789 primo
1449 5719 1576 5775 libro
1630 5721 1834 5792 Regno-

232 5809 355 5857 rum
404 5792 743 5865 abjiciamus,
793 5793 941 5865 nulla
993 5794 1044 5847 in
1097 5792 1276 5851 verbis
1302 5794 1643 5865 Aobscurttas,
1688 5792 1832 5865 nulla

234 5862 485 5943 suspicio
521 5863 866 5931 remanserit.
909 5863 1041 5943 Quae
1071 5874 1250 5923 tamen
1294 5862 1467 5923 fateor
1491 5862 1726 5939 abjicere
1753 5864 1835 5922 fa-

1936 3282 2027 3347 rit,
2072 3281 2392 3335 oscitantem
2426 3282 2683 3337 lectorem
2730 3281 2990 3340 Phineetn
3030 3285 3162 3342 Elia:
3211 3305 3334 3343 cum
3364 3282 3539 3347 altero

1931 3354 2026 3410 illo
2057 3351 2303 3407 Eleazari
2342 3352 2452 3413 tilio
2497 3353 2827 3419 conludisse,
2876 3364 2933 3411 et
2971 3373 3094 3415 eum
3145 3358 3405 3415 Numeros
3444 3362 3540 3418 de-

1933 3425 2158 3505 buisset,
2182 3422 2404 3505 Regum,
2436 3425 2553 3505 sive
2569 3424 3110 3505 Regnorum_(nt_olitn
3144 3431 3531 3505 loquebantur)

1931 3497 2167 3566 primum
2202 3495 2254 3547 in
2284 3493 2529 3565 margine
2560 3493 2823 3565 posuisse.
2858 3493 2927 3553 Μ.
2954 3499 3188 3556 (lassus.
3218 3493 3351 3557 Hcce
3381 3493 3530 3560 verba

1929 3566 2251 3631 sustulimus,
2283 3581 2374 3621 nec
2399 3574 2600 3620 exstant
2628 3568 2683 3620 in
2708 3583 2835 3623 mss.

2007 3637 2132 3713 (95)
2172 3635 2239 3690 Et
2263 3652 2398 3713 'cn_m
2427 3639 2683 3691 memoriis
2712 3639 3096 3713 Apostolorum.
3145 3643 3280 3700 Nota
3310 3647 3530 3705 modum

1929 3708 2081 3764 illum
2119 3708 2375 3778 loquendi
2403 3724 2520 3762 cum
2548 3718 2653 3763 toto
2679 3708 2801 3765 orbe
2830 3720 3081 3767 terrarum
3116 3724 3165 3769 et
3188 3732 3306 3770 cum
3332 3735 3531 3774 memo-

1928 3783 2023 3858 riis
2048 3780 2421 3858 apostolorum.
2453 3779 2777 3858 (imminutio
2802 3785 2869 3839 ab
2895 3786 3133 3858 antiquis
3157 3788 3393 3858 perfecta
3421 3807 3527 3857 non

1932 3852 2250 3915 habebatur,
2280 3852 2529 3929 quamvis
2558 3867 2677 3929 eam
2706 3870 2825 3929 cum
2853 3863 2965 3917 toto
2986 3852 3117 3915 orbe
3146 3852 3393 3929 haberes,
3427 3852 3529 3918 nisi

1929 3939 2051 3979 cum
2082 3924 2361 3977 memoriis
2386 3926 2778 3992 apostolorum,
2806 3926 2908 3982 hoc
2934 3940 3017 3985 est
3043 3943 3167 3985 cum
3192 3931 3349 3993 beato
3373 3924 3533 3990 Ρριιηι

1928 3996 2394 4050 communicares:
2452 3995 2714 4063 perfectio
2761 3999 3163 4056 communionis
3204 4001 3529 4061 Christianae

1930 4066 2127 4137 pendet
2152 4080 2221 4120 ex
2246 4068 2629 4123 communione
2651 4083 2811 4138 quam
2842 4070 3102 4127 habemus
3129 4088 3251 4127 cum
3278 4076 3337 4128 D.
3366 4076 3530 4131 Petro

1927 4144 2131 4193 etcum
2159 4140 2276 4207 ejus
2304 4140 2747 4218 successoribus;
2804 4142 3039 4212 alioquin
3073 4143 3185 4199 Deo
3213 4160 3319 4201 non
3352 4158 3531 4218 potest

1928 4225 2049 4264 esse
2075 4218 2246 4267 grata.
2287 4207 2517 4267 Awasr.

2006 4276 2121 4356 (96)
2153 4276 2261 4334 Per
2291 4281 2498 4356 unicam
2526 4281 2843 4356 religionem.
2885 4281 3051 4350 Quasi
3099 4286 3219 4342 aliis
3256 4289 3310 4345 in
3356 4289 3523 4350 rebus

1928 4352 2073 4434 nulla
2101 4360 2254 4434 esset
2272 4352 2481 4422 religio,
2515 4352 2689 4434 neque
2713 4354 3042 4434 credendum
3068 4367 3233 4434 esset,
3268 4371 3323 4416 et
3349 4362 3523 4434 jusju-

1928 4422 2155 4548 Randut:
2184 4422 2655 4495 interponendum,
2689 4425 2793 4480 nisi
2822 4441 2917 4498 per
2937 4428 3204 4499 ejusmodi
3224 4422 3520 4507 mar'tyres.

1978 4509 2105 4548 LBAS
2145 4534 2157 4547 .

1978 4508 2157 4548 LBASP.

2001 4565 2116 4648 (ιη)
2161 4562 2507 4650 Νοηιὶηἰινιω.Δ
2540 4569 2675 4637 Quia
2712 4584 2900 4650 eorum
2946 4572 3163 4650 nomina
3189 4616 3203 4641 ,
3251 4586 3521 4650 tamquam

1934 4642 2328 4712 praecipuorum
2376 4646 2670 4712 martyrum
2709 4656 2738 4695 a
2773 4642 3063 4701 Donatistis
3105 4645 3248 4703 inter
3293 4642 3446 4705 sae-ra
3475 4661 3531 4712 et

1930 4705 1995 4765 ex
2029 4705 2296 4779 diptycbis
2326 4705 2710 4767 recitabantur.
2759 4715 2989 4770 ALBASP.
3226 4712 3233 4719 ’
3476 4708 3481 4713 ’

2004 4781 2121 4854 (98)
2153 4779 2521 4850 Aspernnntes.
2556 4787 2613 4844 Si
2644 4785 2733 4857 qui
2766 4799 2795 4838 a
2824 4784 3059 4844 Macario
3089 4799 3216 4846 sunt
3244 4794 3429 4855 occisi,
3468 4804 3527 4851 ιιι

1931 4860 2206 4937 Marculus
2228 4868 2282 4913 et
2315 4859 2552 4916 Donatus
2575 4902 2592 4928 ,
2634 4862 2810 4915 unitas
2839 4867 2923 4915 est
2952 4858 3199 4933 fugienda
3227 4879 3346 4937 qua:
3379 4881 3525 4921 mar-

1934 4943 2086 5006 tyres
2107 4931 2255 5006 facit.
2292 4937 2521 4989 ALBLSP.

2007 5003 2433 5080 (99)}!arculus
2480 5015 2530 5060 et
2570 5003 2825 5080 Donatus.
2872 5004 3114 5080 Donatus
3148 5006 3260 5080 ille
3303 5016 3386 5065 est
3432 5010 3533 5067 Ba-

1942 5076 2197 5148 gaicn'sis,
2221 5087 2277 5132 ut
2302 5093 2367 5132 ex
2387 5076 2998 5148 Augustinodiscereest
3015 5078 3203 5135 homil.
3222 5096 3257 5136 ll
3296 5081 3526 5139 inJoan-

1944 5146 2102 5223 nem:
2151 5148 2281 5223 Ege
2308 5148 2574 5223 Marcolica
2602 5146 2665 5202 de
2701 5158 2846 5219 petra
2884 5154 3231 5223 prwcipitatus
3264 5164 3373 5209 est:
3420 5170 3537 5210 ecce

1943 5219 2177 5294 Donatus
2201 5218 2501 5294 Bagaiensis
2531 5222 2585 5274 in
2614 5218 3151 5294 puteummissns'est.
3186 5228 3415 5280 Aiebaut
3438 5225 3534 5281 Ca-

1945 5292 2129 5348 tholici
2154 5291 2446 5368 ipsossese
2475 5294 2776 5368 pratcipites
2805 5292 3020 5368 dedisse
3045 5311 3059 5361 ;
3093 5298 3234 5368 quod
3263 5298 3526 5368 incertum

1945 5374 2124 5420 tamen
2150 5378 2272 5419 esse
2298 5365 2492 5419 fatetur
2518 5364 2847 5433 Augustinus
2880 5364 2914 5418 Ι.
2972 5381 3008 5421 ιι
3052 5364 3227 5423 contr.
3268 5366 3371 5423 litt.
3409 5368 3525 5424 Pet.

1940 5436 2110 5509 c.20.
2151 5433 2295 5490 Idem
2330 5435 2467 5489 libro
2498 5451 2551 5491 ιιι
2590 5446 2775 5509 contra
2828 5434 3019 5509 Qresc.
3049 5453 3167 5509 cap.
3192 5438 3293 5502 49,
3327 5439 3382 5493 id
3419 5457 3530 5494 cre-

1942 5505 2152 5562 dibilius
2178 5523 2292 5581 esse
2308 5515 2513 5581 censet,
2547 5508 2669 5581 quia
2702 5505 2980 5581 insolitum
3010 5505 3129 5563 erat
3154 5509 3294 5581 istud
3326 5512 3531 5581 suppli-

1939 5581 2006 5633 cii
2027 5593 2215 5652 genus.
2247 5577 2471 5652 blarculi
2496 5577 2724 5652 passion
2749 5577 2979 5647 quodam
3008 5580 3303 5636 Donatiano
3330 5577 3530 5652 scripta

1941 5650 2340 5721 prodiitAnalei
2363 5659 2403 5703 t.
2429 5648 2719 5721 Mabillonij
2740 5661 2868 5721 ton}.
2900 5664 2978 5711 tv,
3009 5664 3337 5720 prmnotamr
3357 5670 3413 5708 ιιι
3441 5648 3528 5715 ’vel

1942 5717 2034 5776 vni
2062 5720 2277 5796 kalend.
2306 5720 2639 5796 Decembris.
2688 5717 2766 5773 lbi
2799 5717 3068 5796 Martulus
3098 5724 3378 5796 presbyter
3405 5736 3528 5781 tan-

1942 5803 2050 5867 tum
2093 5793 2309 5867 dicitur,
2336 5808 2439 5867 non
2480 5792 3123 5867 episcopuszgibictiam
3156 5792 3349 5867 legiiur
3374 5799 3530 5866 jussu

1942 5862 2162 5924 Macarii
2194 5879 2352 5936 quem
2379 5864 2647 5920 Constans
2677 5876 2799 5919 cum
2821 5862 2986 5924 Paulo
3021 5866 3075 5924 in
3100 5862 3337 5926 Africam
3366 5862 3527 5941 mise-
