3974 6324
460 339 601 395 1315

1627 338 1871 397 SANCTI
1909 338 2160 396 ΟΡΤΑΤΙ
2204 337 2508 396 EPISCOPI

3608 347 3730 402 1016

458 437 511 491 in
545 435 833 493 vindictam
863 437 958 493 Dei
1003 436 1180 493 nullus
1226 443 1500 494 mereatur
1529 435 1723 493 occidi.
1771 436 1852 506 (1)
1881 435 2052 492 Nemo
2080 439 2132 498 Α
2157 437 2253 491 cisi
2281 450 2403 492 esse
2424 435 2696 492 dicuntur.
2729 435 2810 494 Sit
2839 437 3099 493 Macarius
3126 453 3272 513 rcus,
3307 438 3360 494 in
3393 453 3461 495 eo
3487 441 3624 510 quod
3655 458 3733 498 so-

457 541 574 585 erat
622 529 902 586 [radendus
947 529 1016 586 ab
1063 530 1327 600 operariis
1375 530 1634 598 unitatis,
1693 529 1788 584 sed
1839 544 1938 585 nec
1982 528 2050 584 ab

457 623 724 693 episcopis
752 622 1002 678 mandata
1033 623 1212 679 divina
1243 624 1518 679 contemni
1548 623 1846 679 debuerant
1889 641 1902 676 :
1936 623 2051 694 qui-

458 713 559 769 bus
607 725 934 787 praeceptum
981 725 1102 772 est:
1157 717 1341 785 Quaere
1380 733 1596 790 pacem,
1641 727 1690 772 et
1730 718 2053 788 consequeris

458 825 570 862 eam
607 807 723 880 (Ps.
767 826 935 865 χχχιιι
959 853 973 877 ,
1010 811 1158 883 ⁸1ε));
1212 821 1267 867 et
1311 811 1508 868 iterum
1552 828 1747 882 :quam
1789 811 1977 865 bonum
2005 822 2054 866 et

459 919 613 971 quam
651 905 943 974 jucundum
983 903 1216 959 habitare
1245 905 1434 971 fratres
1455 906 1506 959 in
1530 903 1823 977 unum(Ps.
1848 919 2053 969 cxxxu,

459 994 548 1066 1);
581 1005 635 1052 et
663 997 856 1052 iterum
884 1039 900 1065 ,
951 999 1123 1068 felices
1151 1000 1356 1069 paciﬁci
1381 1040 1396 1066 ,
1428 1000 1548 1070 quia
1579 1000 1680 1068 ipsi
1710 1000 1806 1069 [alii
1834 997 1932 1052 Dei
1964 1014 2053 1052 vo-

460 1091 716 1144 cabuntur
743 1091 959 1164 (Matth.
988 1109 1038 1158 v,
1059 1091 1136 1164 9).
1158 1093 1271 1149 Hoc
1299 1093 1389 1164 qui
1421 1108 1519 1148 nec
1549 1092 1779 1148 libenter
1809 1091 2056 1148 volebant

458 1183 645 1238 audire
673 1225 687 1250 ,
727 1201 826 1239 nec
855 1185 1048 1240 devote
1080 1186 1260 1242 facere
1291 1187 1614 1252 voluerunt;
1662 1185 1922 1257 quidquid
1957 1201 2052 1256 po-

460 1283 677 1330 luerunt
711 1279 818 1346 pati
846 1295 856 1329 :
889 1279 932 1332 si
965 1278 1138 1333 occidi
1170 1280 1368 1334 malum
1402 1290 1506 1348 est,
1537 1281 1665 1334 mali
1695 1281 1775 1336 sui
1807 1280 1906 1351 ipsi
1934 1288 2058 1336 sunt

457 1382 640 1424 causa.

532 1461 646 1517 VII.
693 1460 958 1518 Macarius
1003 1483 1034 1518 a
1066 1464 1452 1520 Donatistarum
1497 1469 1769 1522 calumniis
1818 1469 2054 1538 defendi-

461 1565 566 1608 tur.
589 1586 660 1596 —
683 1557 788 1612 Sed
833 1560 1135 1629 arguendus
1166 1563 1246 1631 (ιιι
1284 1561 1487 1634 dicitis)
1515 1563 1669 1618 vobis
1701 1563 1913 1619 videtur
1937 1579 2058 1620 esse

462 1649 728 1706 Macarius
748 1693 762 1716 ,
795 1668 915 1708 cum
949 1654 1222 1710 voluntate
1254 1656 1348 1711 Dei
1381 1657 1658 1712 aestimatis
1689 1673 1812 1714 eum
1844 1659 1946 1713 hoc
1974 1657 2057 1713 fa-

459 1757 585 1798 cere
615 1760 723 1798 non
756 1747 992 1815 potuisse
1021 1747 1068 1801 ⁸.
1128 1747 1349 1804 Habetis
1392 1750 1700 1821 hujusmodi
1748 1767 1869 1808 reos
1914 1753 2054 1807 anti-

2155 529 2238 585 lus
2260 531 2415 586 nobis
2442 531 2826 600 nescientibus,
2853 533 2946 587 sed
2974 532 3123 611 vobis
3155 533 3572 604 provocantibus
3599 535 3732 592 fecit.

2152 624 2332 692 Quare
2358 625 2514 679 uobis
2546 623 2604 678 ﬁt
2632 624 2852 690 invidia,
2882 641 3002 680 cum
3030 626 3202 682 aliena
3230 635 3357 681 sunt
3385 628 3522 682 facta
3550 627 3572 680 ἲ
3607 637 3661 684 et
3687 630 3731 684 in

2155 717 2309 773 vobis
2338 727 2422 773 est
2460 732 2620 772 causa
2646 733 2661 783 ;
2711 717 2833 788 quia
2866 728 3086 788 propter
3110 734 3204 774 vos
3224 762 3240 787 ,
3267 720 3358 790 qui
3392 719 3523 774 foris
3551 718 3733 789 fuistis,

2156 827 2479 883 quamquam
2509 821 2563 868 et
2585 827 2728 868 nunc
2758 811 2888 868 foris
2911 827 3031 868 esse
3061 813 3374 876 videamini.
3405 814 3651 869 evenisse
3669 814 3738 870 di-

2157 907 2337 971 citur;
2390 921 2496 961 non
2529 916 2751 976 propter
2780 921 2878 961 nos
2905 949 2918 970 ,
2970 907 3059 976 qui
3109 907 3251 961 intus
3303 905 3608 962 habitamus
3635 949 3649 971 ,
3693 917 3739 962 et

2158 1015 2448 1070 nmnquam
2479 1001 2546 1054 de
2577 999 2756 1054 radice
2779 1000 3122 1054 recessimus.
3157 999 3262 1056 Sed
3292 1000 3416 1070 quia
3448 1015 3611 1070 supra
3643 1016 3739 1055 me-

2159 1104 2493 1148 moratarum
2537 1107 2795 1163 personas
2837 1108 2931 1162 per
2960 1092 3201 1147 ordinem
3245 1092 3518 1160 diximus,
3572 1093 3740 1148 videa-

2159 1205 2278 1244 mus
2303 1204 2471 1259 quare
2498 1187 2710 1261 Moyses
2739 1189 2841 1242 tria
2872 1187 3035 1242 millia
3068 1186 3347 1242 hominum
3386 1188 3550 1256 jussit
3579 1187 3740 1243 occidi

2160 1281 2358 1353 (Exod.
2412 1279 2624 1352 xxxu);
2676 1295 2845 1351 quare
2892 1279 3136 1336 Phinees.
3179 1280 3289 1336 duo
3337 1279 3527 1352 (Num.
3574 1281 3739 1352 xxv);

2157 1383 2212 1430 et
2233 1389 2398 1444 quare
2422 1373 2569 1428 Elias
2589 1373 3010 1444 quadringentos
3033 1384 3086 1429 et
3106 1374 3491 1445 quinquaginta
3511 1373 3603 1447 (111
3622 1373 3739 1446 Reg.

2160 1467 2317 1536 xvm)
2343 1482 2356 1530 ;
2419 1481 2585 1536 quare
2612 1465 2872 1520 Macarius
2899 1466 3036 1521 duos
3063 1508 3078 1531 ,
3107 1482 3337 1535 quorum
3365 1467 3584 1522 nomina
3615 1481 3742 1535 quo-

2162 1559 2292 1634 tidie
2318 1560 2398 1630 (ut
2426 1574 2586 1628 supra
2615 1557 2753 1629 dixi)
2788 1557 3004 1614 ﬂabello
3035 1558 3249 1614 invidize
3281 1559 3575 1613 ventilatis.
3608 1557 3744 1613 Con-

2161 1663 2267 1707 stat
2298 1653 2349 1707 in
2379 1666 2473 1707 eos
2521 1651 2823 1708 vindicasse
2847 1692 2862 1719 ,
2913 1666 2942 1705 a
2980 1652 3176 1722 quibus
3218 1651 3393 1722 jussio
3420 1651 3603 1706 divina
3631 1665 3746 1706 con-

2163 1753 2361 1816 tempta
2383 1757 2486 1801 eSt.
2519 1744 2674 1811 Nam,
2709 1743 2832 1800 Non
2855 1745 2944 1798 tibi
2969 1744 3126 1814 [acies
3150 1745 3390 1814 sculptile
3415 1742 3614 1813 (Exod.
3641 1743 3741 1814 xx),

458 1851 594 1908 quos
622 1855 634 1892 :
667 1850 917 1894 accusata
948 1842 1122 1912 primo
1153 1841 1413 1914 Moysem,
1450 1845 1621 1914 ipsum
1654 1845 2050 1916 legislatorem;
2084 1833 2132 1893 B
2160 1840 2255 1895 Dei
2283 1857 2383 1894 vox
2413 1848 2533 1895 est:
2567 1848 2656 1906 et,
2690 1856 2790 1894 non
2823 1840 2983 1910 facies
3008 1839 3353 1905 adulterium,
3385 1840 3631 1909 ejusdem
3661 1839 3746 1894 Dei

459 1932 548 2002 qui
581 1947 702 1987 cum
733 1933 800 1988 de
831 1933 961 1990 Sina
990 1944 1174 1991 monte
1205 1935 1592 2002 descenderet,
1627 1952 1794 2007 prope
1825 1940 2055 1994 necdum

457 2026 800 2097 propositisb
834 2028 1030 2084 tabulis
1075 2030 1208 2100 legis
1232 2072 1247 2095 ,
1296 2032 1347 2085 in
1379 2031 1574 2101 quibus
1614 2033 1871 2104 scriptum
1903 2045 2055 2103 erat,

458 2135 561 2173 non
588 2121 821 2175 occides:
848 2122 946 2176 tria
973 2121 1138 2177 millia
1167 2123 1444 2178 hominum
1467 2140 1577 2180 uno
1600 2137 1875 2182 momento
1899 2127 2060 2198 jussit

462 2213 658 2268 occidi.
704 2213 998 2269 Macarium
1030 2215 1245 2272 differte
1276 2218 1570 2288 paulisper,
1606 2219 1861 2276 Phineem
1892 2221 2058 2278 lilium

460 2306 785 2374 sacerdotis,
815 2323 975 2378 quem
1008 2309 1168 2380 paulo
1193 2319 1319 2366 ante
1345 2311 1662 2378 memoravi,
1692 2313 1868 2383 primo
1896 2313 1974 2386 (2)
2006 2316 2061 2371 in

455 2398 719 2469 judicium
752 2401 1259 2475 provocate(Num.
1290 2404 1463 2476 xxv):
1513 2405 1560 2461 si
1612 2413 1790 2462 tamen
1842 2408 2063 2464 invene-

461 2494 581 2548 ritis
612 2502 808 2562 przeter
837 2495 1004 2551 Deum
1035 2496 1301 2567 aliquemc
1346 2497 1606 2568 judicem.
1640 2498 1776 2555 Nam
1805 2500 1947 2572 quod
1974 2516 2065 2558 ac-

461 2589 662 2644 cuSatis
693 2589 746 2644 in
778 2605 1004 2660 persona
1039 2591 1207 2661 ipsius
1231 2634 1248 2660 ,
1297 2609 1328 2647 a
1359 2593 1472 2649 Deo
1501 2595 1774 2649 laudatum
1804 2605 1888 2650 est
1919 2597 2063 2666 quod

464 2681 517 2737 in
548 2683 666 2738 zelo
695 2683 789 2740 Dei
821 2683 1021 2740 factum
1053 2696 1155 2741 est.
1185 2684 1265 2760 (5)
1295 2685 1625 2759 Supprimite
1653 2689 1871 2744 interim
1904 2706 2064 2748 voces

461 2791 596 2847 quas
627 2778 681 2832 in
708 2777 997 2834 Macarium
1028 2779 1196 2836 dictat
1231 2781 1452 2837 invidia.
1502 2782 1786 2840 Recurrite
1815 2781 1842 2822 ἀ
1889 2785 2064 2856 primo

465 2873 531 2927 ad
561 2873 733 2929 Etiam
763 2884 785 2911 ο
813 2875 1154 2946 prephetam,
1183 2878 1275 2948 qui
1308 2878 1360 2933 in
1391 2879 1506 2934 rivo
1531 2878 1716 2949 Cison,
1748 2895 1871 2936 cum
1905 2897 2055 2950 pare-

463 2975 548 3022 ret
571 2967 830 3021 voluntati
859 2968 952 3022 Dei
975 2966 1021 3035 ί,
1041 2971 1550 3045 quinquaginta“
1571 2982 1624 3028 et
1640 2972 2066 3045 quadringentos

463 3060 682 3116 occidit.
729 3060 835 3116 Sed
863 3061 1002 3118 forte
1029 3062 1220 3119 dicatis
1244 3107 1259 3131 ,
1294 3065 1416 3120 illos
1442 3067 1634 3121 merito
1661 3066 1872 3122 occisos
1889 3110 1904 3134 ,
1931 3067 2065 3123 istos

465 3153 684 3225 indigne
707 3164 754 3208 Β.
789 3153 1091 3227 Numquam
1122 3160 1365 3230 sequitur
1395 3158 1653 3226 vindicta,
1683 3159 1789 3215 nisi
1813 3160 1930 3230 ejus
1958 3176 2059 3217 an-

2160 1951 2265 1991 vox
2290 1942 2376 1992 est
2399 1954 2411 1990 :
2442 1952 2546 1990 non
2576 1934 2893 2004 sacriﬁcabis
2920 1934 3072 1988 idolis
3097 1932 3214 2005 (Ps.
3242 1948 3439 2000 xxxul,
3467 1933 3580 2002 15),
3618 1932 3746 1988 idem

2163 2031 2304 2086 Deus
2332 2031 2542 2086 locutus
2571 2041 2653 2086 est
2684 2049 2696 2085 :
2749 2040 2802 2084 et
2836 2043 2941 2083 non
2975 2028 3139 2084 facies
3179 2028 3412 2081 schisma
3442 2043 3456 2091 ;
3504 2035 3561 2080 et
3595 2041 3748 2098 quttre

2165 2139 2340 2193 pacem
2369 2133 2415 2177 et
2438 2123 2760 2194 consequeris
2787 2137 2937 2188 eam,
2988 2120 3234 2192 ejusdem
3280 2129 3615 2190 prarceptum
3657 2128 3747 2173 est.

2165 2219 2525 2289 Temporibus
2545 2217 2714 2290 Moysi
2747 2217 2979 2290 populus
3009 2215 3172 2270 Israel
3203 2222 3364 2284 caput
3391 2212 3544 2268 vituli
3573 2213 3746 2278 coluit,

2164 2311 2307 2382 quod
2339 2311 2446 2367 illis
2470 2311 2732 2382 sacrilega
2765 2310 2981 2366 ﬂamma
3003 2309 3278 2373 conﬂavit;
3311 2308 3434 2364 ideo
3464 2307 3567 2362 tria
3601 2308 3750 2362 millia

2164 2405 2448 2460 hominum
2475 2403 2647 2459 occidi
2681 2411 2998 2459 meruerunt
3019 2443 3032 2467 ,
3077 2401 3198 2472 quia
3228 2401 3323 2456 Dei
3350 2415 3456 2455 vox
3483 2400 3750 2456 videbatur

2165 2514 2287 2557 esse
2317 2507 2650 2568 contempta.
2694 2495 2929 2552 Phinees
2957 2495 3233 2550 adulteros
3266 2511 3375 2550 uno
3406 2495 3514 2550 ictu
3548 2508 3752 2564 percus-

2166 2595 2274 2651 sit:
2311 2593 2516 2649 laudari
2545 2608 2574 2647 a
2602 2593 2712 2648 Deo
2743 2591 2972 2647 meruit:
3005 2591 3258 2661 quoniam
3290 2591 3602 2646 divinorum
3632 2605 3751 2660 prte-

2165 2697 2446 2760 ceptorum
2471 2687 2500 2726 ιι
2525 2696 2929 2756 contemptores
2955 2686 3172 2742 occidit.
3205 2685 3271 2740 Et
3297 2684 3678 2756 quadringenti
3705 2693 3752 2740 et

2167 2782 2559 2855 quinquaginta
2579 2796 2716 2852 quos
2737 2781 2882 2836 Elias
2903 2780 3169 2836 occidisse
3201 2780 3414 2851 legitur,
3447 2778 3573 2834 ideo
3603 2779 3751 2835 occisi

2166 2888 2311 2946 sunt,
2338 2877 2461 2949 quia
2487 2883 2674 2932 contra
2699 2875 2999 2947 jussionem
3023 2875 3140 2943 Dei,
3175 2890 3269 2946 per
3291 2875 3433 2945 quod
3469 2875 3594 2930 falsi
3619 2885 3750 2930 vates

2167 2982 2342 3035 erant,
2374 2971 2468 3026 Dei
2500 2980 2767 3042 praecepta
2795 2977 3257 3038 contempserant.
3303 2969 3371 3024 Et
3400 2969 3502 3034 illi,
3533 2983 3750 3040 quorum

2169 3045 2480 3122 nominibus
2507 3064 2799 3120 Macarium
2828 3062 3153 3130 criminatis,
3184 3078 3287 3118 nec
3313 3077 3344 3116 a
3373 3063 3524 3118 falsis
3553 3063 3752 3117 vatibus

2168 3159 2328 3230 longe
2354 3168 2518 3224 sunt;
2565 3157 2688 3228 quia
2723 3171 2820 3211 vos
2846 3155 2988 3211 Deus
3017 3155 3154 3210 dixit
3199 3155 3409 3210 futuros
3435 3169 3560 3210 esse
3605 3156 3752 3210 falsos

467 3224 748 3304 lecesserit
793 3224 978 3305 causa.
1025 3224 1332 3307 Vindicavit
1376 3251 1470 3324 (ut
1521 3224 1780 3326 diximus)
1827 3224 2062 3328 Moyses,
2093 3224 2139 3290 Ο
2170 3224 2342 3318 vates,
2373 3251 2516 3322 quod
2547 3224 2796 3321 proximo
2830 3250 2950 3304 loco
2980 3249 3252 3320 probaturi
3280 3263 3506 3303 sumus:
3555 3258 3614 3305 et
3641 3249 3753 3304 dum

461 3341 757 3397 vindicavit
785 3342 954 3410 Elius,
988 3344 1280 3400 vindicavit
1306 3344 1574 3412 Phinees;
1606 3357 1659 3402 et
1691 3364 1796 3404 non
1823 3349 1986 3404 vultis
2010 3359 2067 3404 ut

461 3435 824 3494 vindicaverit
901 3437 1181 3494 Macarius.
1247 3436 1389 3494 Nihil
1443 3438 1781 3496 oﬂ'enderant
1835 3446 1926 3510 qui
1975 3456 2066 3498 oc—

2174 3361 2360 3417 pacem
2395 3345 2685 3400 noluerunt
2715 3341 3010 3412 respicere.
3045 3356 3112 3397 ne
3140 3341 3192 3396 in
3225 3355 3332 3397 uno
3355 3355 3479 3396 cum
3510 3341 3752 3397 fratribus

2173 3439 2518 3504 habitarent,
2567 3446 2752 3494 contra
2805 3445 3070 3508 praecepta
3120 3445 3175 3492 et
3215 3446 3404 3493 contra
3433 3438 3752 3494 voluntatem

1695 3575 2078 3633 LECTIONES
2111 3572 2525 3630 VARIANTES.

527 3700 554 3729 α
579 3693 648 3743 ιω
671 3695 718 3742 in
737 3707 827 3744 ms.
854 3693 910 3743 Ρ.
929 3693 980 3742 S.
1004 3693 1059 3742 In
1079 3707 1172 3744 ms.
1198 3693 1252 3742 S.
1272 3693 1330 3743 G.
1353 3691 1396 3744 si
1416 3692 1520 3744 sine
1564 3689 1800 3744 voluntate
1822 3691 1914 3741 Dei
1935 3687 2060 3742 msti-

461 3759 606 3812 matis
629 3769 738 3807 eum
753 3756 841 3805 hoc
858 3754 1044 3818 fecisse.
1069 3756 1120 3804 In
1147 3771 1236 3818 ms.
1263 3758 1316 3806 S.
1337 3757 1394 3806 Τ.
1423 3753 1527 3806 sine
1550 3753 1788 3806 voluntate
1822 3753 1912 3805 Dei
1933 3752 2061 3804 testi-

461 3822 602 3876 matis
618 3833 728 3870 eum
752 3818 842 3869 hoc
858 3817 1022 3882 facere
1051 3817 1275 3882 potuisse.
1315 3819 1522 3869 Primam
1548 3817 1811 3870 lectionem
1832 3826 1884 3868 ut
1907 3818 2064 3879 magis

463 3889 652 3951 planam
673 3891 726 3931 et
743 3880 968 3951 apertam.
990 3880 1307 3951 prietulimus.

459 3943 505 4014 ᾖ
527 3951 553 3990 b
579 3949 634 4014 in
651 3959 744 3996 ms.
769 3943 821 4014 ξ.
849 3945 907 4014 (ξ.
935 3943 1179 4014 depositis.

524 4016 547 4044 ο
576 4012 630 4062 1ιι
651 4023 744 4060 ms.
768 4007 820 4059 S.
847 4007 907 4058 G.
925 4004 1148 4058 alterum.

467 4105 492 4112 .-

2231 3693 2257 3728 ά
2280 3688 2337 3739 1ιι
2360 3702 2476 3738 mss.
2500 3688 2554 3738 S.
2570 3686 2632 3738 Τ.
2655 3695 2706 3738 et
2728 3686 2787 3740 P.
2809 3688 2860 3738 S.
2879 3685 3050 3752 quibus
3066 3688 3117 3739 in
3142 3685 3416 3741 Macarium
3434 3687 3566 3741 dicta
3585 3687 3754 3742 invidia

2167 3753 2397 3813 recurrit,
2421 3759 2469 3802 et
2494 3765 2511 3803 :
2535 3765 2646 3815 quae
2669 3755 2917 3815 sententia
2943 3764 3113 3801 manca
3140 3759 3234 3802 est.

2237 3819 2259 3846 ε
2287 3812 2412 3866 Male
2439 3816 2487 3864 in
2509 3812 2599 3863 ms.
2620 3815 2674 3864 S.
2693 3813 2751 3864 Τ.
2777 3812 2944 3864 alium.

2238 3878 2258 3918 f
2289 3878 2343 3928 1ιι
2359 3892 2452 3929 ms.
2475 3877 2529 3927 S.
2549 3877 2607 3927 G.
2630 3891 2726 3928 una
2744 3876 2864 3926 hora
2885 3890 2995 3928 cum
3013 3873 3248 3928 voluntate
3265 3875 3374 3928 Dei.

2235 3944 2261 3982 8
2290 3942 2546 3991 Desuntin
2570 3955 2658 3990 ms.
2685 3941 2737 3990 S.
2766 3939 2827 3990 G.

2235 4004 2265 4044 ιι
2289 4004 2345 4054 In
2366 4018 2456 4055 ms.
2480 4005 2533 4054 S.
2560 4003 2619 4054 G.
2639 4003 3018 4054 mandatorumﬁ
3383 4028 3412 4036 ρ

1794 4123 2153 4183 VARIORUM
2192 4123 2422 4181 NOTAE.

465 4257 588 4312 rat,
617 4247 834 4300 vinctus
864 4242 1040 4313 primo
1071 4241 1122 4296 in
1157 4241 1507 4314 possessione
1539 4241 1843 4312 Vegeselze,
1876 4241 1927 4295 in
1957 4257 2061 4312 qua

467 4319 702 4375 Macario
729 4357 743 4378 ,
776 4330 897 4369 cum
927 4315 1196 4384 episcopis
1225 4315 1549 4384 quibusdam
1584 4314 1894 4368 Donatiauis
1919 4355 1933 4376 ,
1965 4327 2058 4367 oc-

463 4392 674 4453 currit,
729 4387 934 4441 funium
961 4386 1156 4441 ictibus
1183 4402 1359 4442 cmsus
1389 4403 1512 4440 cum
1552 4386 1752 4445 sociis.
1805 4384 1928 4439 inde
1967 4399 2062 4453 per

464 4464 672 4530 aliquas
719 4457 983 4514 Numidia:
1034 4459 1280 4513 civitates
1331 4459 1433 4513 8th
1482 4459 1785 4512 arctissima
1831 4455 2059 4530 militum

464 4527 726 4590 custodia.
749 4545 920 4598 uSque
953 4530 1004 4583 in
1035 4531 1316 4586 castellum
1359 4545 1512 4583 novae
1542 4530 1715 4584 Petra‘.
1749 4527 2061 4595 perductus,

465 4615 522 4661 et
562 4604 778 4659 tandem
812 4603 996 4670 elapso
1022 4601 1307 4671 quatriduo
1335 4603 1402 4657 de
1439 4614 1604 4668 petra:
1633 4599 1870 4654 culmine
1897 4613 1928 4653 a
1959 4600 2058 4671 mi-

2169 4239 2396 4294 Marculi
2439 4249 2700 4295 mutatum
2735 4240 2787 4294 in
2820 4253 3016 4294 nomen
3052 4235 3322 4304 Marcelli,
3370 4236 3664 4294 Constantis
3703 4239 3748 4293 in

2165 4312 2474 4376 Constantii,
2499 4322 2554 4365 et
2581 4313 2648 4365 ab
2670 4311 2876 4365 Arionis
2907 4325 3002 4378 pro
3027 4308 3342 4382 Macarianis
3372 4313 3444 4366 de
3469 4327 3596 4380 rupe
3626 4327 3752 4382 pra--

2167 4385 2420 4452 cipitatus
2470 4384 2688 4438 dicitur.
2744 4383 2996 4438 [tabanus
3044 4381 3339 4436 Mai-culum
3382 4384 3581 4451 pariter
3627 4381 3755 4437 inter

2172 4466 2440 4526 martyres
2471 4465 2736 4510 recenset.
2772 4454 2923 4509 Haud
2956 4452 3117 4526 dubie
3149 4470 3255 4508 non
3279 4454 3413 4510 alius
3439 4455 3485 4511 is
3508 4464 3637 4511 esta
3661 4455 3755 4508 Do-

2171 4525 2408 4584 uatiauo.
2441 4527 2507 4581 de
2535 4543 2642 4596 quo
2675 4526 2760 4580 hic
2791 4525 3039 4594 Optatus.
3093 4525 3172 4580 Du
3203 4526 3320 4580 PIN.

2245 4600 2324 4669 (l)
2371 4596 2534 4652 Nemo
2565 4607 2691 4651 erat.
2735 4598 2998 4652 Macarius
3028 4597 3302 4652 nemiuem
3336 4596 3565 4652 debebat
3595 4598 3754 4652 hede-

466 4659 560 4732 lite
589 4659 974 4747 praecipitatus.
1008 4659 1385 4747 lacullatione
1412 4659 1905 4747 Cartliagiiiensi,c.
1930 4669 2058 4747 187,
2089 4659 2142 4719 Ι)
2172 4659 2372 4734 ι-θξδειΙ
2404 4685 2577 4740 neque
2609 4685 2634 4722 a
2668 4669 2868 4724 vestris
2897 4669 3073 4722 unitas
3097 4679 3217 4724 erat
3247 4670 3612 4739 impedienda.
3657 4669 3755 4724 At.-

466 4741 690 4803 Dati'vus
732 4741 1018 4813 episcopus
1061 4745 1454 4800 Donatistarum
1501 4741 1919 4810 Novapetrensis
1963 4743 2059 4804 ait,

465 4817 860 4878 adversarium,
889 4815 992 4886 hoc
1019 4826 1131 4886 est,
1155 4817 1468 4886 episcopum
1494 4815 1830 4870 Catholicam
1863 4830 1920 4867 se
1955 4829 2059 4886 non

468 4892 689 4954 habere,
721 4889 842 4958 quia
870 4885 980 4940 illic
1008 4893 1078 4939 est
1112 4885 1355 4940 Do’mnus’
1377 4887 1641 4940 Marculus
1670 4889 1820 4957 cujus
1850 4885 2064 4958 sanguis

466 4981 581 5017 nem
606 4964 775 5032 exiget
808 4959 943 5012 Deus
977 4958 1029 5032 in
1059 4958 1141 5032 die
1163 4957 1374 5032 judicii.
1404 4958 1537 5032 Hinc
1564 4959 1749 5012 Donati
1773 4971 1821 5011 et
1847 4957 1976 5009 Mart
1991 4957 2062 5009 ιιΙί

467 5027 971 5088 nomina'translala
1005 5027 1172 5100 fuisse
1208 5027 1460 5100 videntur
1505 5029 1647 5083 inter
1679 5039 1946 5100 martyres
1975 5042 2066 5080 ca-

466 5105 701 5158 tholicos
727 5119 743 5165 ;
777 5101 964 5154 Donati
995 5098 1209 5167 quidem
1239 5099 1303 5151 ad
1333 5100 1474 5153 diem
1505 5100 1526 5152 1
1559 5100 1728 5153 Martii
1755 5098 1841 5152 nhi
1873 5113 2062 5167 passus

466 5175 665 5229 dicitur
693 5173 832 5240 apud
868 5169 1170 5240 Usuardum
1194 5168 1477 5240 :ADonatus
1505 5170 1807 5240 Carthagini
1836 5171 1928 5224 sub
1959 5169 2061 5223 Ur-

466 5247 612 5300 sacio
641 5238 769 5297 duce
799 5251 842 5295 et
871 5239 1177 5294 Marcellino
1206 5238 1435 5296 Tribuno
1459 5257 1476 5295 :
1507 5238 1791 5296 etMarculi
1823 5241 1888 5295 ad
1916 5239 2059 5295 diem

465 5318 540 5372 26
564 5314 935 5384 Novembris_;_
950 5326 1070 5364 nam
1103 5311 1170 5384 de
1194 5326 1260 5365 eo
1288 5311 1590 5384 luechabet
1619 5313 2058 5384 Martyrologium

468 5389 699 5446 Usuardi
727 5404 738 5440 :
784 5383 849 5438 In
884 5381 1189 5437 Nicomedia
1219 5385 1341 5454 (pro
1370 5383 1643 5452 Numidia)
1677 5381 1808 5436 beati
1838 5382 2062 5436 Murculi

465 5461 750 5514 sacerdotis
779 5468 824 5512 et
854 5455 1096 5526 martyris
1121 5455 1210 5520 qui
1241 5454 1552 5525 temporibus
1575 5454 1869 5526 constantis
1892 5464 2060 5526 tyran-

467 5534 521 5585 ni
565 5530 938 5601 persecutiones
959 5600 963 5601 ν
987 5525 1238 5580 maximas
1269 5526 1498 5601 pertulit
1523 5567 1537 5590 ,
1583 5525 1650 5578 ad
1682 5534 1966 5578 extremum
1995 5525 2058 5578 ab

466 5597 577 5657 alta
605 5620 731 5671 rupe
759 5600 1108 5671 prmcipitatus
1136 5608 1226 5651 est.
1260 5597 1602 5652 Conveniunt
1631 5611 1826 5671 nomen
1857 5604 2059 5671 martyf

468 5674 544 5726 ris
567 5715 581 5736 ,
612 5668 954 5739 imperatoris
979 5679 1034 5724 ct
1061 5685 1240 5739 genus
1259 5671 1447 5724 mortis
1473 5685 1488 5733 ;
1531 5683 1731 5722 nomen
1760 5669 1921 5722 etiam
1945 5668 2055 5739 loci

470 5759 576 5796 non
621 5738 842 5796 multum
876 5740 1169 5794 diversum.
1218 5738 1484 5812 Constans
1514 5740 1879 5812 ibityrannus
1922 5738 2054 5812 dici-

473 5822 557 5864 tur
583 5856 598 5874 ,
646 5829 751 5881 quo
789 5812 1026 5880 epitheto
1054 5825 1158 5864 non
1190 5811 1361 5879 potuit
1405 5812 1502 5865 nisi
1534 5829 1559 5864 a
1592 5811 1884 5865 Dunatisus
1916 5811 2053 5864 infa-

474 5883 608 5936 mari
638 5884 755 5952 pius
787 5883 1054 5951 princeps.
1086 5881 1142 5936 1ιι
1170 5883 1412 5938 ltomauo
1443 5883 1826 5954 Martyrologio
1857 5890 2052 5939 'nomcn

2167 4755 2314 4796 BASP.

2241 4813 2321 4884 (ὲ)
2369 4811 2433 4865 In
2465 4812 2724 4885 judicium
2751 4823 3060 4885 provectae;
3091 4812 3135 4885 si
3160 4822 3326 4866 tamen
3357 4814 3630 4880 inveneris,
3653 4823 3752 4869 etc.

2169 4883 2502 4938 Concinnius
2531 4884 2696 4938 editio
2723 4883 2758 4938 2
2787 4884 2876 4938 Fr.
2929 4883 3200 4945 Baldnini,
3223 4886 3535 4940 inveneritis.
3562 4887 3754 4953 Quam-

2171 4971 2330 5024 quam
2382 4955 2495 5009 lucc
2543 4964 2785 5023 tempora
2815 4971 2843 5009 a
2877 4955 3139 5026 theologis
3181 4956 3298 5024 ejus
3339 4959 3440 5026 navi
3469 4999 3483 5022 ,
3529 4959 3754 5012 maxime

2172 5029 2344 5099 Afris_.
2374 5037 2482 5099 tam
2513 5039 2762 5081 accurate
2791 5044 2894 5081 non
2929 5025 3308 5099 observentur.
3347 5025 3535 5084 Testes
3567 5030 3751 5099 prmci-

2174 5113 2277 5168 pne
2304 5097 2669 5153 Tertulliauus
2720 5109 2774 5153 et
2805 5098 3094 5153 Arnobius.
3125 5098 3342 5165 Noster,
3386 5100 3481 5154 lib.
3523 5097 3580 5155 ι.’
3627 5101 3752 5168 Quia

2168 5170 2400 5238 quamvis
2429 5170 2557 5239 foris
2586 5171 2673 5234 sit,
2709 5180 2872 5224 tamen
2905 5186 2965 5224 ea:
2996 5170 3138 5223 nobis
3167 5171 3366 5224 existis.
3411 5171 3623 5227 lucem.

2243 5243 2328 5309 ('5)
2372 5241 2692 5309 Supprimite
2733 5243 2935 5294 interim
2969 5257 3113 5294 voces
3143 5241 3328 5308 quibus
3371 5243 3427 5296 in
3453 5243 3749 5306 Macarium,

2167 5323 2264 5366 etc.
2313 5313 2592 5367 Editiones
2619 5313 2756 5375 aliae,
2787 5313 2972 5381 quibus
3003 5315 3054 5365 in
3088 5312 3380 5367 Macarium
3411 5315 3541 5368 dicta
3568 5316 3751 5369 invidia

2167 5385 2416 5446 recurrit,
2453 5393 2498 5436 et
2527 5385 2692 5452 primo
2729 5385 2796 5436 ad
2824 5386 2985 5437 alium
3013 5385 3312 5455 prophetam
3331 5427 3346 5448 ,
3375 5398 3478 5440 etc.
3509 5386 3748 5448 fortasse.

2166 5455 2346 5524 quibus
2391 5456 2444 5508 in
2475 5455 2758 5508 Macarium
2805 5456 2942 5509 dicta
2975 5457 3165 5509 invidia
3215 5459 3452 5511 recurrit.
3496 5458 3752 5512 Recurrite

2168 5527 2356 5594 primo,
2389 5537 2494 5580 etc.
2526 5528 2608 5580 vel
2641 5528 2686 5581 si
2719 5527 2910 5591 mavis,
2943 5544 3068 5596 quas
3095 5527 3149 5581 in
3182 5526 3470 5583 Macarium
3496 5531 3652 5582 dictat
3678 5535 3751 5582 in—

2165 5599 2321 5651 vidia.
2382 5598 2681 5662 Recurrite,
2713 5608 2808 5671 etc.
2857 5599 3126 5671 Carterum
3158 5601 3214 5654 τὸ
3254 5602 3424 5671 primo
3469 5616 3557 5670 pro
3587 5603 3743 5669 prius,

2162 5684 2285 5722 nam
2319 5677 2401 5723 ter
2424 5671 2704 5729 repetitur.
2749 5669 3021 5723 Recurrite
3047 5678 3228 5724 autem
3253 5669 3379 5740 quia
3409 5687 3517 5726 mox
3550 5673 3618 5725 ad
3645 5673 3750 5727 Ma-

2159 5742 2364 5793 rarium
2399 5740 2653 5794 redituris
2691 5784 2704 5804 ,
2760 5742 3010 5794 festinato
3054 5757 3192 5807 opus
3239 5754 3378 5797 erat.
3433 5743 3579 5798 Prius
3607 5745 3747 5798 enim

2157 5811 2402 5866 dixerat:
2440 5811 2727 5865 Macarium
2759 5811 2962 5878 ali/ferte
2985 5814 3268 5882 paulisper,
3297 5826 3404 5870 etc.
3438 5812 3743 5870 M.Csswv.

2162 5883 2264 5938 Hic
2294 5886 2436 5940 locus
2467 5902 2496 5938 a
2528 5885 2673 5940 nobis
2701 5885 2968 5940 restitutus
2997 5893 3091 5938 est.
